4052 6322
261 576 2714 614 η

1574 860 2714 1035 PB/EFATIO.

318 1624 370 1683 l.
408 1626 855 1702 Antequam
900 1612 1187 1694 Cyl-illi
1216 1613 1580 1679 doctrinam
1625 1625 1687 1680 et
1717 1637 1814 1679 res
1843 1624 2054 1697 gestas
2105 1620 2464 1682 accuratius
2516 1640 2883 1705 persequar,
2938 1626 3129 1689 officii
3176 1633 3298 1692 mei
3328 1651 3464 1694 esse
3496 1633 3658 1694 duco
3720 1633 3867 1697 bre-

216 1723 397 1785 viter
451 1724 543 1783 de
604 1725 890 1783 sancto
939 1713 1255 1794 prmsule
1283 1715 1566 1800 ejusque
1597 1720 1917 1798 operibus,
1984 1719 2063 1776 de.
2124 1721 2551 1797 superioribus
2595 1725 2977 1787 editionibus
3017 1747 3090 1789 ac
3142 1729 3333 1810 hujus
3393 1751 3572 1795 novae
3617 1734 3867 1797 ratione

223 1832 290 1885 et
327 1823 642 1885 consilio
679 1815 1066 1902 praefari.
1139 1818 1219 1873 Ac
1264 1813 1319 1873 in
1348 1819 1617 1900 Cyrilln
1675 1818 1926 1898 quidem
1985 1817 2282 1897 pluribus
2340 1821 2662 1884 laudando
2697 1844 2947 1887 necesse
3006 1848 3128 1889 non
3161 1837 3255 1890 est
3304 1832 3656 1893 immorari.
3696 1836 3869 1898 Satis

222 1944 381 1986 eum
448 1925 651 1985 sedis
711 1922 1131 1999 dignitas,
1190 1930 1278 1972 res
1327 1918 1673 1993 praeclare
1729 1925 1918 1995 gestas
1980 1921 2462 1980 commendant.
2528 1924 2860 2002 Presbyter
2896 1926 3188 2003 primum,
3253 1930 3481 1991 deinde
3540 1934 3869 2011 archiepi-

226 2044 481 2101 scapus
515 2014 1249 2100 Hierosolymitana:
1277 2019 1584 2077 omnium
1630 2018 1844 2075 matris
1903 2019 2204 2079 Ecclesiae
2238 2036 2252 2091 ;
2290 2019 2374 2078 ibi
2424 2023 2843 2083 catecheticas
2890 2027 3210 2087 orationes
3259 2029 3501 2104 habuit,
3541 2032 3645 2090 ubi
3712 2035 3865 2096 reli-

232 2124 458 2204 gionis
514 2118 1063 2185 incunabula,
1134 2111 1238 2172 ubi
1282 2113 1408 2176 fons
1442 2131 1667 2176 sacras
1719 2115 2096 2176 traditionis.
2138 2118 2285 2176 inde
2339 2118 2547 2192 operis
2599 2122 2892 2197 pretium.
2969 2125 3103 2183 Huc
3160 2129 3406 2187 accedit
3452 2132 3855 2207 antiquitas:

233 2232 391 2285 ante
449 2223 654 2284 enim
722 2212 1267 2301 pronuntiata;
1319 2214 1591 2274 luerunt
1623 2231 1814 2291 quam
1870 2214 2287 2287 Athanasius,
2351 2215 2645 2288 Hilarius,
2706 2220 2995 2292 Basilius,
3047 2224 3281 2302 aliique
3344 2229 3859 2303 praestantissimi

228 2326 499 2393 Patres,
534 2322 823 2402 quibus
862 2315 1136 2378 etiam
1194 2314 1498 2389 superfuit
1534 2311 1831 2390 Cyrillus,
1864 2311 2094 2390 stylum
2156 2313 2460 2373 adversus
2511 2315 2782 2376 Arianos
2842 2320 3178 2381 acuissent.
3232 2323 3483 2385 Variam
3522 2327 3849 2392 fortunam

231 2431 519 2483 sanctus
551 2418 844 2501 praesul
924 2417 1293 2490 expertus
1333 2419 1441 2479 est,
1509 2410 1663 2470 sede
1694 2427 1808 2469 sua
1859 2428 1984 2469 non
2042 2410 2234 2470 semel
2289 2413 2589 2490 dejeclus.
2649 2416 2767 2476 Sed
2806 2417 2939 2478 haec
2991 2438 3104 2498 pro
3165 2420 3288 2481 fide
3337 2423 3652 2485 catholica
3716 2431 3852 2507 pati

244 2523 443 2582 dulce
478 2523 541 2582 ei
609 2527 689 2580 et
725 2520 1135 2578 decorum
1197 2509 1335 2569 fuit.
1397 2508 1559 2569 lllud
1624 2508 1948 2568 molestius
2005 2509 2178 2586 quod
2209 2510 2707 2591 Catholicorum,
2754 2515 2883 2575 imo
2933 2527 3294 2580 sanctorum
3335 2524 3671 2585 maledicta
3723 2547 3852 2590 non

251 2621 510 2700 effugit.
552 2622 849 2681 Verum
912 2609 1351 2685 Hieronymi
1383 2608 1745 2668 rumoribus
1777 2606 2031 2666 incertis
2089 2608 2335 2684 decepti
2398 2610 2605 2672 minus
2661 2630 2915 2692 aequum
2974 2616 3281 2693 judicium
3340 2625 3568 2700 przecla
3608 2644 3640 2685 e
3674 2644 3856 2688 com-

237 2729 585 2797 pensatur
625 2726 795 2777 tum
840 2708 1141 2791 synodi
1176 2705 1925 2785 Constantinopolitanm,
1962 2723 2104 2783 quae
2166 2706 2380 2785 Cyrilli
2417 2709 2602 2769 ﬁdem
2659 2718 2722 2771 ιιι
2751 2713 3217 2776 ordinationem
3266 2721 3347 2781 ab
3380 2723 3604 2783 allictis
3636 2726 3854 2787 crimi-

233 2817 443 2877 nibus
509 2813 983 2879 vindicavit,
1068 2812 1229 2865 tum
1262 2804 1641 2882 scriptorum
1729 2803 2299 2863 ecclesiasticnrum
2382 2807 2759 2869 testimoniis
2835 2812 2945 2889 qui
3002 2814 3305 2893 Cyrillum
3386 2820 3854 2898 perhonorifica

229 2935 518 2995 semper
603 2910 1029 2993 appelant.
1114 2906 1283 2963 Eum
1367 2900 1976 3002 Theodoretusta)
2033 2902 2405 3002 dogmatum
2484 2907 2861 2968 acerrimum
2945 2922 3482 2992 propugnatorem
3543 2922 3853 3002 appellat,

229 3014 743 3093 Theophanes
770 3007 888 3087 (ὁ)
926 3002 1479 3065 sacratissimum
1537 3007 1597 3061 et
1629 2999 1708 3079 (c)
1742 3000 2115 3060 orthodoxa
2148 3000 2452 3063 doctrinm
2511 3004 2907 3066 defensoi‘em
2963 3011 3280 3079 :Photius
3335 3015 3426 3096 (Α)
3486 3019 3688 3077 virum
3745 2999 3857 3097 qui

222 3112 419 3190 apud
480 3126 772 3171 omnes
845 3108 1170 3163 sanctus
1228 3097 1505 3158 habetur
1548 3104 1607 3158 et
1656 3104 1769 3169 est,
1835 3097 2295 3175 Catechescsque
2344 3101 2592 3176 scripsit
2632 3103 2887 3163 sublimi
2951 3106 3274 3186 theologia
3334 3114 3596 3173 refertas
3660 3117 3855 3195 ;G|y-

221 3227 344 3272 cas
377 3208 475 3289 (e)
514 3221 907 3285 magnum
956 3204 1177 3258 vocat
1223 3216 1237 3269 ;
1277 3196 1670 3276 Nicephorus
1727 3195 1809 3274 (/)
1843 3214 2032 3256 unum
2093 3215 2125 3255 e
2165 3197 2461 3272 spectatis
2493 3199 2684 3274 viris;
2749 3200 2857 3278 qui
2913 3204 2976 3262 in
3028 3207 3309 3268 Ecclesia
3342 3212 3449 3270 Dei
3498 3214 3854 3275 eruditione

220 3318 290 3370 et
324 3306 798 3387 eloquentia
841 3300 1209 3366 enituere,
1249 3296 1453 3354 virum
1514 3292 1606 3375 (g)
1663 3293 1966 3370 singulari
1992 3294 2069 3352 ad
2106 3293 2350 3372 plebem
2412 3295 2760 3357 docendam
2818 3299 3121 3363 facultate
3182 3309 3541 3385 praeditum.
3582 3313 3845 3372 Demum

216 3409 375 3488 ejus
412 3425 712 3468 nomen
759 3402 869 3463 ab
913 3406 1233 3474 utraque
1280 3394 1561 3455 Ecclesia
1619 3394 1838 3454 Latina
1895 3399 1958 3453 et
2013 3395 2254 3467 Graeca,
2309 3412 2451 3454 cum
2511 3396 2717 3475 elogio
2776 3401 3175 3476 confessoris,
3240 3416 3606 3468 sanctorum
3666 3411 3844 3471 fastis

211 3509 670 3586 ascriptum.

304 3609 402 3669 II.
446 3605 655 3667 Laus
700 3593 1028 3681 Cyrilli
1063 3597 1467 3671 scriptorum.
1534 3625 1601 3636 -κ
1649 3591 1744 3652 Ad
1805 3609 1997 3670 opera
2046 3590 2215 3669 quod
2249 3591 2499 3663 attinet,
2561 3590 2732 3653 haud
2795 3596 3104 3660 dubitabo
3162 3602 3392 3677 dicere,
3430 3622 3505 3664 ex
3552 3607 3851 3670 omnibus

214 3702 715 3785 antiquitatis
762 3691 1281 3758 monumentis
1328 3690 1483 3751 nihil
1534 3691 1660 3751 fere
1691 3690 1767 3750 ad
1804 3709 1916 3749 nos
1949 3688 2207 3767 majoris
2264 3691 2449 3767 pretii
2500 3693 2880 3769 pervenisse.
2936 3698 3127 3773 Nam,
3163 3700 3214 3759 si
3276 3705 3601 3763 materiam
3650 3706 3850 3766 consi-

215 3806 452 3877 deres,
496 3802 796 3865 omnia
854 3790 1239 3868 religionis
1269 3793 1569 3869 dogmata
1628 3790 1889 3851 rudibus
1926 3790 2214 3850 Ecclesia:
2250 3789 2394 3849 ﬁliis
2452 3789 2730 3851 inculcat
2790 3796 3058 3864 ;decem
3111 3807 3172 3858 et
3219 3809 3361 3859 octo
3426 3800 3850 3866 Catechesibus

212 3908 663 3966 universam
713 3891 1095 3976 Symboli
1122 3889 1506 3962 doctrinam,
1558 3890 1837 3969 quinque
1869 3890 2007 3948 aliis
2039 3887 2161 3947 tria
2210 3888 2533 3964 baptismi,
2568 3890 3071 3954 conﬁrmationis
3102 3903 3161 3956 et
3198 3897 3608 3961 Eucharistiaa
3637 3921 3849 3964 sacra-

210 4011 457 4065 menta
492 3991 1099 4077 romplectitur
1136 4003 1150 4057 ;
1191 3990 1355 4064 quod
1389 4006 1550 4065 opus
1582 4007 1654 4048 eo
1690 3987 1945 4065 majoris
2004 3986 2329 4058 momenti,
2364 3987 2534 4064 quod
2586 4006 2728 4047 cum
2764 3990 3033 4051 aliorum
3069 3994 3448 4071 scriptorum
3485 3999 3848 4063 catecheses

206 4122 353 4162 una
386 4109 529 4162 aut
569 4104 855 4159 altera
896 4085 1249 4151 concione
1279 4087 1744 4159 contineantur,
1780 4085 2137 4162 Cyrillianas
2195 4085 2420 4145 seriem
2455 4085 2823 4162 hujusmodi
2856 4091 3232 4152 concinnum
3292 4094 3353 4154 in
3392 4116 3585 4156 unum
3648 4099 3845 4160 veluti

206 4218 478 4281 corpus
546 4195 992 4257 redactam
1062 4182 1374 4241 habeant.
1438 4181 1500 4243 Si
1531 4201 1735 4244 rerum
1795 4183 2351 4262 petractandarum
2410 4182 2722 4244 rationem
2780 4194 3049 4263 spectes,
3102 4189 3256 4249 nihil
3293 4192 3494 4270 magis
3548 4193 3839 4272 simplex,

207 4280 385 4360 nihil
459 4298 569 4358 ad
652 4288 887 4367 vulgi
954 4294 1248 4360 captum
1337 4281 1895 4341 accommodatius.
1958 4280 2242 4341 Dilucide
2321 4286 2381 4340 et
2464 4281 2718 4360 copiose
2794 4284 3046 4363 singula
3134 4286 3461 4366 dogmata,
3523 4294 3843 4354 rationum

212 4400 629 4461 momentis
705 4395 1007 4450 contra
1080 4396 1401 4457 paganos,
1463 4380 1801 4458 Scriptura
1856 4378 2184 4440 sententiis
2241 4390 2464 4440 contra
2519 4382 2777 4442 Judeeos
2843 4391 2907 4442 et
2981 4385 3317 4447 haereticos
3371 4390 3767 4453 demonstrat
3826 4410 3842 4466 ;

213 4516 294 4558 ac
356 4492 738 4576 sepositis
818 4476 1273 4576 tbeologicis
1334 4476 1615 4576 vocibus,
1674 4497 1772 4538 res
1855 4497 1889 4539 e
1975 4479 2179 4538 media
2246 4477 2571 4558 theologia
2657 4483 2984 4559 repetitas,
3076 4485 3422 4564 Scriptura;
3500 4490 3705 4550 Verbis
3784 4496 3848 4552 et

218 4574 494 4660 usitati,
573 4599 966 4652 s,q-mone
1036 4574 1333 4637 disserit.
1400 4574 1555 4634 Illud
1604 4577 1790 4636 etiam
1849 4577 1911 4637 in
1970 4576 2206 4655 Cyrillo
2259 4576 2520 4648 mireris,
2581 4580 2771 4657 quod,
2837 4597 2978 4639 cum
3043 4585 3465 4664 perantiquus
3525 4586 3627 4658 sit,
3685 4587 3849 4648 nihil

217 4698 363 4758 fere
402 4703 681 4756 ιεωεη
725 4688 809 4747 in
877 4699 977 4742 eo
1044 4672 1350 4752 reperias
1411 4672 1574 4749 quod
1606 4682 1885 4755 tempora
1918 4674 2029 4751 illa
2085 4675 2371 4736 redoleat
2426 4676 2657 4755 quibus
2706 4675 2979 4739 haereses
3038 4681 3319 4741 nondum
3372 4702 3588 4743 curam
3625 4686 3851 4745 attule-

222 4804 385 4858 rant
420 4789 746 4855 cautius
784 4770 1191 4858 loquendi.
1253 4771 1349 4830 Ita
1402 4770 1718 4833 enucleate
1777 4782 1838 4834 et
1895 4773 2187 4835 distincte
2240 4773 2544 4852 disputat,
2602 4781 2673 4835 ut
2732 4794 2855 4835 non
2912 4777 3115 4837 solum
3174 4788 3354 4840 natas
3415 4781 3707 4845 haereses.
3742 4783 3855 4841 sed

225 4898 517 4957 τοίω-εις
560 4889 812 4949 etiam
862 4871 1093 4956 quasi
1134 4868 1531 4948 prasagiens
1570 4878 1828 4933 evertat.
1866 4873 2157 4933 Nondum
2219 4872 2588 4951 prodierant
2645 4874 3108 4946 Macedoniani,
3143 4896 3284 4936 cum
3320 4882 3523 4939 sancti
3582 4878 3859 4953 Spiritus

224 4993 711 5056 divinitatem
773 4980 893 5040 sic
970 4969 1318 5045 defendit,
1388 4972 1458 5025 ut
1508 4966 1600 5027 vix
1661 4971 1912 5031 uberius
1965 4978 2249 5032 exortam
2306 4972 2591 5033 haeresim
2644 4972 3058 5047 Athanasius,
3119 4975 3391 5036 Basilius
3452 4996 3526 5035 ac
3588 4982 3859 5051 uterque

228 5091 639 5171 Gregorius
699 5068 1311 5171 proﬂigaverint.
1380 5064 1753 5137 Nestorium,
1817 5070 2163 5149 Eutychen,
2227 5070 2692 5143 Monothelitaa,
2742 5071 3235 5148 Adoptionarios
3288 5076 3639 5155 antlcipato
3700 5093 3858 5135 cou-

229 5163 529 5259 futavvit,
575 5191 1016 5266 personam
1059 5172 1137 5227 et
1171 5163 1501 5244 ﬁlietatem
1558 5182 1770 5239 unam,
1825 5169 2142 5248 duplicem
2200 5176 2492 5230 naturam
2543 5177 2605 5231 et
2663 5168 3100 5245 operationem
3135 5173 3365 5232 diserte
3396 5191 3705 5247 asserens,
3740 5193 3856 5235 nec

232 5299 481 5353 tamen
529 5292 903 5365 personae
944 5273 1087 5329 aut
1142 5269 1404 5321 natura:
1437 5277 1652 5321 nomen
1711 5284 2046 5346 usurpans.
2096 5268 2351 5328 Aerium
2412 5269 2520 5347 qui
2577 5266 2870 5348 precibus
2929 5285 3045 5344 pro
3106 5272 3393 5343 mortuis,
3436 5272 3850 5343 Vigilantiam

237 5390 357 5471 qui
400 5355 653 5447 sae-ris
708 5363 1078 5447 reliquiis
1144 5358 1398 5419 bellum
1461 5355 1701 5435 ίηάικίῑ,
1760 5372 2101 5445 antequam
2162 5372 2579 5444 emergerent,
2643 5361 2894 5423 refellit.
2931 5364 3081 5435 Qua;
3138 5375 3350 5429 autem
3406 5370 3467 5428 in
3500 5376 3859 5429 οοηιτυνθιι,

320 5573 405 5641 (α)
447 5566 613 5623 Lib.
648 5575 697 5615 ιι
737 5552 946 5641 Bisi;
965 5539 1219 5641 fﬁrlg,
1257 5548 1399 5603 cap.
1430 5530 1522 5585 26.

2272 5544 2346 5641 sit
2382 5545 2587 5641 ,τητταιο
2624 5545 2887 5641 ιῖανίηξνν
2927 5559 3059 5612 βεδε·

322 5609 409 5709 ἰῖὶ
448 5609 850 5695 Est-sam
908 5630 1074 5690 pas-
1116 5609 1210 5665 58-

327 5716 405 5762 (πὶ
441 5717 615 5762 Ρδίζ.
661 5702 775 5757 47-
940 5759 951 5762 _
1137 5755 1147 5762 .

2274 5609 2342 5688 (Ι)
2377 5618 2508 5671 Hist.
2541 5609 2732 5672 acules.
2767 5610 2846 5664 liti
2918 5609 3149 5691 ίιιίραρ.
3177 5619 3263 5674 14.

2272 5692 2356 5762 (gl
2387 5688 2513 5744 Lib.
2559 5705 2639 5758 ιχ,
2669 5699 2799 5754 cap.
2836 5683 2931 5742 46.

441 5716 815 5839 ἳῖιῗίεὲιέιῖτ
841 5805 857 5821 .
908 5759 992 5815 de
1024 5755 1279 5822 metrop.
2272 5716 2356 5762 ων
2387 5716 2513 5744 mu.
2560 5716 2639 5758 ιι,

588 5894 938 5956 Panos.
1001 5871 1130 5933 Ga.
1175 5861 1507 5932 mm»

3512 5875 3545 5935 1
