4052 6382
415 417 487 478 11
1893 404 2342 468 ΡΒΑΞΡΑΤΙΟ.
3755 408 3833 469 12

410 549 567 609 siam
603 546 683 606 ab
726 544 1047 606 hodiernis
1108 542 1418 604 bml'eticis
1478 552 1806 611 vocantur,
1842 546 1910 599 ut
1964 548 2503 601 sacramentorum
2538 541 2656 617 vis,
2713 542 3046 620 prasentia
3110 541 3319 615 realis,
3355 541 3837 602 transsubstan-

411 648 616 711 tiatio,
652 646 1025 704 saeuiticinm
1099 643 1612 715 eucha'isticum,
1676 658 1751 698 ea
1803 647 1928 698 tam
1984 640 2415 705 signiﬁcanter
2460 649 2803 719 asseverat,
2864 648 2988 700 tam
3023 641 3302 701 studiose
3372 641 3732 707 confirmat,
3769 645 3841 699 ut

419 746 950 803 heteroclnxm'um
1010 742 1112 799 alii
1168 740 1527 818 suppositas
1581 737 1814 813 Cyrillo
1876 736 2214 797 CatPc/zesrs
2271 746 2381 798 aut
2449 738 2859 815 interpolatae
2943 740 3203 815 ﬁngere.
3248 739 3354 798 alii
3431 740 3737 816 tiyriltum
3801 754 3841 797 a

414 842 741 902 catholiri-s
777 842 1059 918 pvurtibus
1091 850 1255 897 stare
1286 838 1486 897 coacti
1518 838 1971 902 sintcooliteri,
2010 836 2117 894 alii
2149 835 2423 914 denique
2481 837 2928 895 obstinatiores
2976 836 3363 895 stultissimis
3424 834 3840 911 subtetfugiis

413 939 668 998 eludere
700 938 907 996 t'ona‘i
940 938 1063 995 sint
1097 954 1111 1007 ;
1147 953 1312 1013 qua,
1346 935 1397 993 si
1436 933 1627 992 semel
1692 938 1921 1001 valent,
1985 933 2175 993 nulla
2218 933 2354 1011 jazn
2414 934 2714 995 humana
2772 933 3076 995 mulionis
3132 933 3324 1012 leges,
3375 934 3531 993 nihil
3564 930 3841 1012 supersit

418 1041 584 1115 apud
618 1043 913 1111 antiquos
941 1035 1017 1093 de
1049 1054 1174 1111 quo
1200 1034 1273 1092 Iis
1307 1032 1539 1091 moveri
1574 1050 1695 1089 non
1735 1029 1949 1107 possit.

501 1138 596 1194 ΙΙΙ.
639 1134 954 1208 Quantam
992 1137 1181 1193 pretio
1211 1129 1382 1208 apud
1437 1133 1674 1193 Grzrcos
1701 1138 1757 1187 et
1815 1127 2168 1190 Orientales.
2228 1163 2307 1174 —-
2368 1128 2619 1190 Minime
2675 1129 2928 1199 mirum,
2988 1147 3065 1190 ex
3123 1148 3314 1208 opere
3372 1130 3669 1190 Ecclesia
3702 1136 3833 1189 tam

423 1233 557 1292 utili
592 1236 897 1310 plurimas
928 1233 1273 1289 sententias
1320 1248 1355 1289 a
1388 1230 1620 1288 sanctis
1665 1228 1952 1287 Patribus
1982 1235 2044 1288 et
2090 1227 2505 1306 scriptoribus
2556 1228 2995 1289 ecclesiasticis
3051 1229 3361 1304 depromi,
3399 1238 3530 1288 tum
3564 1229 3625 1287 in
3661 1226 3840 1288 libris

420 1330 723 1391 adversus
758 1331 903 1389 han
929 1330 1105 1395 ticos.
1142 1333 1253 1388 aut
1282 1329 1358 1387 ad
1393 1326 1749 1386 Catholicos
1798 1325 2161 1386 educendos
2204 1327 2472 1403 scripti-,
2503 1334 2634 1387 tum
2669 1327 2729 1387 in
2766 1327 3095 1387 Pandectis
3127 1334 3183 1386 et
3221 1328 3564 1398 Parallelis,
3604 1333 3735 1387 tum
3773 1329 3837 1385 in

428 1429 676 1488 Catenis
707 1429 768 1487 in
792 1428 1207 1505 Seriptnram.
1244 1428 1377 1485 Non
1411 1426 1576 1483 enim
1611 1424 1686 1483 iis
1715 1424 2115 1501 assentimur,
2177 1424 2286 1502 qui
2342 1424 2644 1502 Cyrillum
2707 1425 2768 1483 in
2824 1424 3074 1484 silentio
3127 1431 3189 1484 et
3235 1424 3554 1484 oblivione
3587 1424 3845 1485 latuisse

426 1528 667 1587 volunt.
703 1528 845 1587 Tria
886 1537 1090 1585 tamen
1125 1524 1412 1603 cogimur
1441 1522 1769 1584 confiteri:
1808 1525 1869 1582 1°
1925 1522 2156 1599 sapius
2217 1522 2416 1582 multo
2473 1541 2663 1600 quam
2723 1523 3051 1601 Cyrillum,
3082 1523 3143 1581 in
3177 1542 3362 1600 supra
3397 1523 3581 1582 dictis
3614 1540 3845 1581 monu-

420 1627 648 1685 mentis
679 1638 940 1685 caeteros
992 1623 1353 1701 scriptores.
1390 1621 1752 1694 Eusebium,
1786 1618 2231 1692 Athanasium,
2293 1620 2615 1690 Basilium,
2654 1619 3170 1697 tlhrysostomum
3205 1621 3384 1679 citari
3423 1636 3437 1679 :
3472 1637 3845 1699 quanquam

418 1743 542 1783 non
583 1742 781 1803 pauca
815 1722 1047 1782 nemini
1097 1723 1400 1781 hactenus
1446 1720 1780 1780 observata
1815 1718 2042 1796 reperi,
2092 1736 2237 1797 qua
2285 1736 2358 1778 ex
2411 1718 2646 1796 Cyrillo
2689 1717 3030 1795 scriptores
3078 1725 3228 1777 natu
3267 1718 3541 1778 minores
3575 1718 3850 1778 mutuati

418 1832 609 1900 atque
682 1828 770 1881 usi
820 1840 934 1899 pro
966 1820 1094 1879 suis
1147 1822 1395 1879 fuerant
1429 1836 1443 1890 ;
1478 1820 1539 1877 2°
1572 1816 2203 1896 Cyrilliexemplaria
2234 1820 2293 1874 in
2331 1813 2727 1875 bibliothecis
2782 1814 2980 1874 multo
3033 1816 3333 1891 pauciora
3383 1834 3573 1892 quam
3610 1815 3846 1894 pradi-

422 1928 666 1981 ctorum
706 1923 959 1978 Patrum
1020 1937 1129 1977 exs
1159 1937 1290 1989 are,
1341 1917 1503 1977 adeo
1557 1925 1620 1975 ut
1652 1917 1965 1992 integrum
2021 1912 2407 1976 Caterlaesean
2453 1913 2749 1973 volumen
2785 1914 2983 1973 instar
3032 1914 3315 1973 thesauri
3364 1914 3443 1973 sit
3506 1914 3568 1973 in
3606 1914 3838 1973 Gallia.

420 2021 624 2080 Varia
676 2020 989 2077 interdum
1041 2024 1382 2076 occurrunt
1432 2014 1795 2077 catecheses
1836 2014 2000 2074 inter
2056 2013 2351 2073 homilias
2405 2015 2683 2082 Patrum,
2720 2012 2891 2071 velut
2939 2012 3285 2072 catechesis
3333 2011 3578 2072 decima
3627 2013 3842 2084 tertia,

425 2138 567 2192 qua
602 2122 660 2174 in
700 2115 1087 2176 Lectionario
1112 2114 1474 2174 Colbertino
1505 2113 1890 2182 inscribitur,
1929 2112 2169 2193 Cyrilli
2193 2111 2442 2170 homilia
2476 2115 2536 2168 in
2566 2112 2787 2185 festum
2850 2109 3203 2171 Parasceves
3234 2132 3241 2165 :
3294 2128 3370 2170 ex
3402 2129 3528 2187 quo
3578 2110 3847 2186 colligas

418 2218 633 2296 Cyrilli
686 2215 1017 2277 Cattae/ceses
1064 2214 1257 2274 lectas
1308 2214 1653 2292 aliquando
1702 2213 1764 2272 in
1811 2211 2102 2272 Ecclesia
2151 2210 2361 2270 ofﬁcio
2423 2209 2659 2280 fuisse;
2722 2212 2785 2267 3°
2842 2227 2966 2268 non
3022 2209 3293 2269 defuisse
3350 2214 3576 2269 octavo
3607 2208 3847 2268 saculo

420 2315 531 2393 qui
581 2315 836 2393 t.yri|lo,
898 2319 1157 2392 propter
1201 2310 1525 2370 laudatum
1587 2310 1648 2369 in
1699 2309 1969 2387 epistola
2015 2308 2454 2369 Constantium
2510 2313 2572 2367 et
2625 2307 3112 2386 praetermissum
3152 2308 3211 2365 in
3249 2306 3658 2371 Carechesibus
3686 2324 3848 2367 con-

413 2412 849 2472 substantialis
881 2429 1135 2481 nomen,
1170 2408 1501 2468 Arianisvni
1549 2414 1763 2467 notam
1822 2408 2144 2467 inurerent
2195 2425 2208 2466 :
2246 2423 2434 2483 quam
2484 2405 2783 2483 injuriam
2839 2409 2918 2465 ah
2951 2424 3024 2464 eo
3060 2406 3389 2484 propulsat
3422 2404 3852 2483 Theophanes

429 2511 770 2587 Chronogr.
833 2528 955 2586 pag
1032 2511 1131 2566 39.
1194 2508 1340 2566 Hac
1394 2514 1606 2566 tamen
1658 2505 1847 2564 insita
1909 2504 2227 2564 nonnullis
2291 2503 2507 2583 opinio
2558 2504 2635 2563 de
2701 2505 2837 2577 ejus
2870 2503 3123 2562 nomine
3166 2509 3229 2563 et
3284 2522 3546 2581 operum
3595 2500 3846 2580 judicio

423 2607 755 2668 detrahere
817 2606 1043 2684 potuit.
1087 2606 1239 2665 Hac
1264 2604 1343 2664 de
1390 2603 1606 2682 Cyrilli
1658 2603 1957 2681 operibus
2005 2611 2313 2681 quantum
2366 2606 2442 2661 ad
2495 2602 2840 2662 Ecclesiam
2886 2604 3197 2661 Gracam.
3248 2602 3430 2679 Apud
3486 2600 3846 2660 Orientales

424 2713 663 2776 autem,
700 2706 887 2765 etiam
919 2722 1028 2764 eos
1062 2704 1169 2781 qui
1197 2702 1277 2763 ab
1308 2701 1587 2762 Ecriesia
1619 2702 1856 2761 dudum
1891 2700 2215 2771 abstracti,
2251 2717 2483 2777 magno
2531 2699 2877 2761 etiamnum
2919 2699 2983 2758 in
3037 2698 3237 2777 pretio
3285 2697 3577 2777 (iyrillus,
3617 2714 3854 2774 magno

426 2805 563 2864 usui
623 2801 1002 2873 Catecheses,
1054 2820 1197 2881 qua
1244 2803 1306 2861 in
1361 2799 1701 2860 Arabicum
1767 2817 2121 2860 sermonem
2199 2815 2539 2870 conversa,
2614 2796 3025 2876 scriptoribus
3084 2797 3533 2868 Orientalibus,
3586 2796 3714 2856 sive
3762 2795 3851 2855 ad

423 2901 760 2981 Scriptura
802 2902 1416 2979 interpretationem,
1469 2899 1600 2959 sive
1648 2899 1729 2960 ad
1769 2898 2085 2976 dogmatis
2134 2896 2718 2976 pertractationem.
2775 2896 2904 2956 sive
2936 2897 3013 2955 ad
3062 2913 3309 2956 morum
3385 2895 3849 2956 institutionem

423 3001 765 3081 plurimum
794 3000 1087 3071 afferunt,
1127 3004 1194 3058 ut
1237 3014 1406 3074 sape
1456 2995 1671 3056 audivi
1701 3015 1780 3057 ex
1827 2995 2177 3058 clarissimo
2217 2994 2354 3056 viro
2399 2997 2472 3054 D.
2523 2993 2797 3054 Eusebio
2842 2992 3195 3064 Renaudot,
3252 2994 3506 3071 quicum
3558 2992 3619 3053 in
3669 2992 3852 3053 omni

421 3098 773 3159 eruditione
807 3115 1179 3175 perpaucos,
1210 3096 1524 3156 neminem
1546 3096 1608 3154 in
1633 3094 1754 3156 hoc
1792 3112 2022 3173 genere
2043 3094 2353 3155 conferas.

506 3196 612 3257 IV.
646 3195 833 3275 Apud
862 3197 1132 3255 Latinos.
1156 3229 1234 3240 ——
1259 3195 1440 3272 Apud
1472 3195 1725 3255 Latinos
1756 3210 1881 3252 non
1921 3192 2094 3253 valde
2127 3190 2396 3252 celebris
2420 3189 2690 3269 Cyrillus
2740 3209 2754 3263 ;
2793 3189 3046 3251 nomine
3075 3195 3317 3250 tantum
3351 3208 3429 3250 ex
3460 3188 3850 3268 Hieronymo

422 3298 487 3354 et
519 3292 801 3353 Historia
832 3293 1153 3373 tripartito
1181 3299 1390 3352 notus.
1425 3290 1606 3363 Quod
1646 3291 1699 3351 si
1729 3289 2023 3369 Ruﬁnus,
2076 3292 2230 3350 dum
2285 3289 2658 3349 Christiana
2709 3288 3013 3349 doctrina
3068 3306 3381 3348 summam
3445 3305 3524 3347 ex
3573 3286 3852 3365 probato

420 3391 636 3469 aliquo
688 3391 997 3469 scriptore
1074 3391 1152 3451 ad
1205 3390 1461 3451 Latinos
1522 3390 1862 3450 transferre
1909 3388 2204 3459 instituit,
2256 3406 2367 3466 pro
2444 3387 2829 3465 Origeniano
2891 3384 2979 3447 De
3029 3387 3352 3468 principiis
3394 3385 3580 3464 libro,
3631 3384 3859 3464 Cyrilli

426 3486 771 3552 Catec/zeses
808 3489 1059 3549 Latinas
1090 3488 1377 3562 fecisset;
1430 3507 1527 3550 na
1573 3488 1682 3549 ille
1733 3487 1956 3547 melius
1983 3494 2039 3548 et
2073 3486 2192 3547 sibi
2224 3493 2286 3547 et
2316 3485 2610 3547 Ecclesia
2659 3485 3104 3546 consuluisset.
3159 3487 3412 3548 Utinam
3469 3484 3692 3544 saltem
3739 3502 3857 3546 eas

424 3585 489 3645 in
540 3586 832 3647 Latinum
883 3606 1239 3649 sermonem
1287 3594 1680 3660 convertere,
1734 3604 1924 3665 quam
1981 3586 2327 3664 compilare
2375 3592 2438 3647 et
2467 3602 2597 3645 sua
2650 3581 2931 3663 Symboli
2978 3581 3383 3665 Εέιροείιίοηὶ
3429 3601 3686 3643 assuere
3722 3600 3855 3642 ma—

429 3683 694 3760 luisset;
729 3684 835 3745 sed
868 3688 1192 3747 enmforte
1235 3686 1316 3747 ad
1349 3686 1468 3746 hoc
1499 3684 1762 3746 consilio
1817 3686 2260 3746 deterruerunt
2304 3689 2612 3760 suscepta
2661 3700 2798 3742 cum
2844 3682 3079 3761 Cyrillo
3110 3682 3486 3743 simultates.
3538 3688 3635 3742 An
3685 3680 3855 3742 alius

425 3781 656 3860 aliquis
724 3785 933 3864 Cyrilli
1003 3784 1347 3847 Catecheses
1400 3785 1616 3846 Latine
1679 3785 1777 3845 vel
1824 3803 2069 3855 omnes,
2120 3783 2218 3842 vel
2271 3800 2489 3843 earum
2532 3787 2777 3859 partem
2837 3780 3207 3856 reddiderit,
3257 3798 3516 3859 prorsus
3564 3778 3787 3856 ignoro
3832 3799 3849 3843 :

428 3889 596 3941 certe
644 3884 880 3943 Latinis
920 3886 1016 3943 vel
1058 3903 1315 3962 prorsus
1344 3884 1704 3963 incognita,
1759 3884 1857 3943 vel
1903 3902 1982 3943 ex
2030 3879 2352 3942 codicibus
2399 3878 2799 3956 interpolatis
2850 3897 3070 3957 parum
3120 3886 3291 3939 certo
3341 3878 3634 3957 cognita.
3669 3874 3851 3937 Gela-

430 3978 578 4049 sius,
632 3997 739 4038 seu
818 3980 1021 4057 quivis
1074 3983 1236 4041 alius
1288 3988 1506 4042 auctor
1555 3981 1760 4042 Latini
1812 3980 1903 4043 De
1949 3975 2185 4039 duabus
2252 3979 2477 4037 Christi
2532 3978 2775 4037 naturis
2822 3976 2988 4049 libri,
3046 3976 3423 4038 sententiam
3470 3995 3546 4036 ex
3616 3981 3853 4054 quarta

428 4074 646 4153 Cyrilli
701 4077 1014 4137 catechesi
1067 4077 1511 4156 depromptam
1579 4079 1803 4147 citans,
1853 4078 2140 4155 Gregorii
2189 4076 2560 4137 Nazianzeni
2608 4076 2878 4135 orationi
2950 4077 3012 4134 in
3072 4074 3307 4137 Christi
3351 4072 3612 4136 natalem
3677 4091 3855 4134 acce-

430 4178 603 4250 ptam
641 4174 849 4235 refert.
882 4175 1189 4236 Adhibuit
1222 4182 1475 4236 sanctus
1502 4175 1788 4236 Thomas
1816 4175 1878 4234 in
1911 4177 2218 4254 opusculo
2250 4174 2553 4235 Adversus
2590 4177 2825 4237 Graecos
2858 4173 3165 4233 nonnulla
3194 4173 3412 4252 Cyrilli
3445 4171 3851 4244 testimonia;

429 4269 535 4328 sed
565 4288 708 4347 qua
774 4274 1000 4349 partim
1055 4273 1112 4334 ei
1150 4273 1499 4353 supposita,
1556 4273 1780 4352 partim
1835 4291 1912 4332 ex
1957 4272 2341 4351 interpolato
2390 4272 2605 4333 codice
2654 4273 3014 4350 desumpta.
3051 4278 3143 4331 An
3196 4270 3498 4350 Cyrillum
3540 4276 3857 4349 praterea

432 4366 693 4429 Latinus
739 4371 968 4449 aliquis
1017 4380 1167 4432 ante
1213 4372 1537 4432 inventam
1589 4370 2078 4451 typographiam
2129 4372 2437 4440 citaverit,
2490 4371 2694 4431 fateor
2743 4389 2841 4430 me
2888 4370 3150 4429 nescire.
3223 4370 3391 4430 Nihil
3462 4387 3674 4429 moror
3742 4385 3857 4429 eos

429 4466 768 4544 scriptores
800 4472 906 4547 qui
939 4473 1331 4549 suppositam
1386 4470 1618 4550 Cyrillo
1680 4471 1759 4531 ad
1811 4470 2228 4549 Augustinum
2273 4470 2607 4550 epistolam
2661 4468 2997 4541 bareticis,
3050 4467 3128 4528 ad
3184 4465 3622 4546 purgatorium
3675 4484 3855 4527 asse-

431 4564 720 4632 rendum,
748 4568 998 4628 indocte
1034 4588 1287 4648 prorsus
1309 4569 1698 4646 obiererunt.

517 4665 591 4724 V.
639 4663 831 4725 Varia
857 4665 1142 4727 editiones
1192 4684 1206 4727 :
1248 4666 1608 4731 Sclavonica
1657 4675 1716 4727 et
1758 4666 2071 4728 Bolonica.
2114 4701 2192 4713 -
2252 4665 2457 4727 Prima
2506 4662 2725 4741 Cyrilli
2772 4663 2966 4724 editio
3019 4662 3269 4723 videtur
3318 4681 3391 4724 ea
3423 4662 3615 4724 fuisse
3647 4680 3853 4740 quam

427 4764 700 4827 Jacobus
798 4764 1141 4836 Uchanski,
1235 4767 1748 4845 archiepiscopus
1797 4765 2196 4837 Gnesnensis,
2264 4763 2569 4842 regnique
2641 4762 2913 4822 Polonia
2993 4761 3253 4840 primas,
3314 4778 3456 4821 cum
3538 4761 3855 4823 Grodecio

429 4861 946 4924 communicavit.
1003 4863 1112 4923 .lle
1175 4864 1515 4928 Cattae/lese:
1598 4865 1979 4925 Sclavonum
2043 4863 2342 4924 idiomate
2430 4859 2820 4938 conscriptas
2877 4877 2951 4919 ex
3014 4859 3378 4920 Macedonia
3433 4865 3499 4920 et
3554 4858 3859 4939 Bulgaria

428 4965 653 5020 nactus
708 4961 932 5029 fuerat,
971 4966 1033 5019 et
1088 4961 1149 5020 in
1208 4962 1570 5024 Polonicam
1633 4962 1915 5041 linguam
1975 4965 2384 5022 transtulerat
2439 4944 2625 5019 annis
2676 4958 2964 5036 pluribus
3009 4965 3351 5037 antequam
3408 4957 3738 5026 Grodecio,
3773 4975 3859 5018 ex

427 5074 554 5134 quo
580 5056 713 5117 hac
748 5074 864 5118 acc
891 5059 1138 5136 -pimus,
1186 5079 1371 5120 suum
1406 5060 1564 5120 illud
1623 5059 2288 5122 Sclavono—Polonum
2345 5057 2675 5136 exemplar
2724 5055 3002 5116 traderet
3034 5075 3049 5130 ;
3086 5063 3419 5135 postquam
3452 5055 3860 5116 intellexerat

425 5173 566 5215 eum
628 5156 1139 5218 Graeco-Latinas
1219 5159 1436 5238 Cyrilli
1522 5158 2082 5239 Hierosolymitani
2165 5157 2538 5218 Catecheses
2595 5153 2854 5227 habere,
2918 5153 3293 5232 curavitque
3361 5154 3717 5231 diligenter,
3780 5159 3859 5214 ut

424 5251 756 5313 translatio
793 5261 1059 5333 utraque
1112 5273 1252 5316 cum
1314 5257 1558 5335 origine
1589 5258 1804 5318 Graca
1862 5261 2278 5317 conferretur.
2318 5276 2347 5312 tt
2397 5254 2531 5325 Quo
2560 5252 2797 5313 factum
2859 5260 2975 5323 est,
3040 5251 3249 5328 inquit
3278 5252 3647 5322 Grudecius,
3674 5255 3741 5308 ut
3771 5268 3858 5320 ex

424 5349 700 5409 mirabili
740 5356 1017 5429 quadam
1076 5354 1417 5415 concordia
1473 5354 1737 5417 diversa
1797 5355 2033 5432 lingua
2089 5360 2153 5414 et
2210 5351 2666 5422 translationis,
2728 5359 3025 5411 constans
3082 5350 3318 5409 veritas
3375 5348 3851 5410 institutionum

428 5448 825 5509 elucesceret.
857 5451 1154 5521 Quamvis
1185 5452 1350 5512 enim
1411 5454 1638 5513 menda
1698 5454 2005 5514 nonnulla
2057 5457 2117 5511 et
2175 5450 2407 5521 hiatus,
2467 5447 2577 5527 qui
2636 5448 2786 5508 vitio
2838 5447 3242 5508 librariorum
3275 5447 3588 5507 committi
3618 5447 3855 5521 solent,

423 5543 487 5604 in
522 5553 791 5623 utroque
845 5549 1194 5627 exemplari
1249 5567 1369 5612 non
1430 5553 1743 5623 deessent,
1799 5569 1877 5610 ex
1939 5556 2158 5610 mutua
2216 5554 2426 5607 tamen
2487 5545 2827 5605 collatione
2884 5544 3151 5605 sublatis
3204 5545 3349 5617 illis,
3412 5552 3475 5605 et
3517 5562 3660 5623 qua
3693 5542 3859 5605 desi-

426 5643 810 5706 derabantur
858 5650 918 5707 in
979 5649 1297 5727 integrum
1360 5649 1686 5726 restitutis,
1745 5653 1937 5709 series
1993 5646 2299 5709 orationis
2357 5651 2418 5705 et
2476 5644 2781 5705 doctrina
2867 5643 2953 5703 sic
3037 5643 3487 5721 concordabat,
3546 5650 3614 5703 ut
3674 5641 3860 5703 nulla.

433 5742 633 5822 possit
712 5764 1038 5825 superesse
1095 5747 1397 5829 suspicio,
1431 5748 1586 5829 quin
1643 5748 1785 5809 ista
1847 5749 2188 5812 Catecheses
2244 5743 2462 5825 Cyrilli
2518 5742 2645 5805 sint
2715 5741 3083 5804 verissima.
3144 5762 3178 5798 υ
3239 5740 3335 5805 Ita
3389 5740 3739 5804 Grodecius
3767 5740 3858 5801 de
