4052 6380
229 470 321 536 13

2251 465 2337 524 l0.
3772 474 3851 534 14

224 612 515 682 utraque
568 598 694 659 illa
739 580 1311 671 interpretatione
1379 584 1817 657 Sclavonica
1846 605 1905 658 et
1943 599 2266 659 Polonica.
2330 598 2640 659 Libenter
2670 589 2725 651 ei
2759 601 3168 672 assentimur,
3233 600 3336 679 qui
3369 607 3653 661 neutram
3691 603 3853 662 vidi-

246 722 415 778 mus,
446 719 517 760 ac
578 706 997 772 utramque
1062 692 1342 767 linguam
1416 685 1850 767 ignoramus.
1913 697 2223 758 Caeterum
2279 706 2485 758 utrum
2525 691 2818 776 primum
2858 698 3009 759 illud
3045 700 3486 761 Sclavonicum
3524 702 3853 778 exemplar

240 819 423 863 manu
453 804 855 858 exaratum
897 796 1103 852 esset
1139 807 1216 849 an
1243 799 1361 845 are
1403 804 1771 859 excusum.
1804 796 1866 854 in
1900 797 2200 874 ambiguo
2236 796 2486 875 reliquit
2517 794 2902 857 Grodecius.
3272 802 3277 807 ’

310 901 403 959 Vl.
437 896 674 956 Evls'tao
735 896 1048 958 νῖ-ηηω
1086 909 1198 951 an.
1230 884 1408 949 1560.
1465 923 1541 935 ο-
1605 891 1898 972 Quinque

2241 896 2425 973 igicas
2479 892 2704 976 Cyrilli
2762 896 3122 957 catecheses
3187 896 3455 958 Viennae
3490 895 3548 954 in
3586 895 3841 955 Austria

231 1000 445 1061 Graece
509 1004 581 1055 et
648 993 947 1056 Latine
1020 990 1252 1051 editas
1296 1004 1471 1048 anno
1512 990 1673 1052 1560
1734 992 1948 1065 fuisse,
2012 993 2197 1052 docet
2251 995 2582 1073 catalogus
2643 994 3007 1056 Graecorum
3083 995 3373 1055 codicum
3445 1000 3832 1071 Augustanee

219 1095 682 1159 bibliothecae.
732 1093 1008 1151 Meum
1085 1089 1177 1149 de
1208 1088 1317 1146 hac
1346 1086 1640 1147 editione
1694 1088 2011 1165 judicium
2072 1110 2198 1151 non
2254 1092 2684 1171 interponam,
2749 1092 2931 1172 cujus
2987 1091 3397 1170 inspiciendas
3423 1092 3672 1168 copiam
3708 1109 3834 1150 non

220 1193 444 1265 habui,
482 1189 855 1269 quamvis
932 1186 1079 1245 diu
1154 1185 1554 1265 multumque
1586 1186 1965 1264 qum~ierim.
2009 1189 2184 1249 Idem
2222 1208 2333 1250 usu
2365 1190 2533 1251 venit
2589 1191 2902 1259 Fabricio,
2939 1189 3429 1266 diligentissimo
3466 1187 3836 1265 hojusmodi

222 1310 439 1354 rerum
474 1287 954 1367 indigatori,
1004 1282 1141 1360 qui
1176 1281 1413 1342 nullum
1450 1301 1491 1343 a
1521 1302 1587 1344 se
1620 1283 1817 1363 hujus
1847 1286 2143 1347 editionis
2174 1289 2502 1368 exemplar
2529 1289 2591 1349 in
2628 1295 2764 1350 tota
2819 1289 3161 1349 Germania
3212 1288 3484 1347 inveniri
3544 1286 3826 1364 potuisse

219 1399 529 1454 testatur.

286 1491 422 1551 Vll.
476 1478 966 1549 Parisiensis
1016 1477 1624 1541 Guill.Morelz'z'e.c
1700 1481 2006 1542 Μενηιάηο
2037 1502 2146 1544 ms.
2202 1485 2415 1547 editio.
2469 1520 2548 1533 --
2599 1490 2785 1548 Anno
2844 1487 3001 1546 1564
3056 1484 3436 1547 Guillelmus
3495 1482 3827 1555 Morelius,

218 1589 432 1652 Caroli
490 1587 582 1648 IX
636 1573 1226 1662 typographus,
1289 1580 1640 1639 nonnullas
1696 1579 2268 1643 llluminandorum
2350 1584 2731 1660 catecbeses,
2786 1590 3106 1665 quartam,
3168 1589 3440 1649 sextam,
3497 1590 3829 1656 octavam,

214 1707 482 1758 nonam,
524 1683 974 1748 decimam,
1070 1672 1366 1736 decimam
1401 1678 1729 1756 quintam,
1792 1684 1853 1737 et
1910 1678 2227 1741 decimam
2286 1690 2598 1758 octavam,
2660 1704 2786 1744 una
2816 1703 2959 1744 cum
3024 1681 3481 1761 mystagogiuis
3542 1682 3834 1759 quinque

211 1789 482 1854 Parisiis
516 1782 753 1847 edidit
798 1778 921 1839 in-
952 1773 1113 1844 12°,
1173 1790 1243 1832 ex
1277 1776 1730 1855 manuscripto
1789 1775 2009 1837 codice
2068 1779 2184 1839 viri
2213 1780 2364 1841 clar.
2426 1782 2501 1842 de
2535 1784 2818 1855 Mesmes,
2880 1782 3246 1844 libellorum
3279 1779 3664 1859 supplicium
3706 1797 3834 1839 ma—

216 1890 429 1971 gistri.
459 1891 629 1950 Haec
659 1881 928 1946 editio
980 1875 1218 1971 Graeco
1248 1883 1576 1939 contextu
1634 1877 1824 1955 Vulgo
1882 1877 2303 1955 continetur;
2361 1881 2662 1961 adjuncta
2718 1890 2813 1943 est
2868 1889 3076 1943 tamen
3112 1881 3173 1942 in
3210 1879 3561 1958 exemplari
3590 1879 3840 1940 Biblio-

206 1969 415 2052 theca
468 1986 682 2065 regiae
721 1976 1057 2044 Latina
1116 1969 1599 2049 interpretatio,
1633 1992 1773 2052 quae
1828 1975 1905 2034 ad
1936 1975 2184 2037 calcem
2221 1978 2449 2055 rejecla
2506 1988 2569 2040 et
2602 1982 2813 2041 multis
2872 1981 3040 2040 foliis
3098 1981 3342 2049 mutila,
3400 1977 3607 2036 eidem
3661 1996 3836 2038 anno

210 2089 566 2168 eidemque
628 2068 1196 2163 typographiae
1248 2071 1618 2143 tribuitur;
1655 2090 1855 2149 neque
1907 2093 1983 2135 ex
2038 2076 2375 2146 Grodecio,
2439 2078 2544 2157 qui
2599 2098 2778 2139 suam
2836 2079 3053 2139 eodem
3096 2098 3263 2136 anno
3294 2076 3513 2146 edidit,
3549 2075 3840 2135 describi

216 2190 455 2269 potuit,
486 2187 612 2247 sed
648 2186 1050 2246 Graecum
1094 2168 1160 2229 id
1190 2172 1486 2232 omnibus
1522 2176 1890 2230 contextum
1951 2172 2292 2252 diligenter
2350 2183 2413 2236 et
2468 2184 2690 2237 ornate
2749 2177 2974 2236 reddit.
3032 2177 3162 2235 Hoc
3222 2192 3419 2235 unum
3456 2173 3838 2247 hujusmodi

224 2288 570 2367 exemplar
628 2285 700 2344 in
746 2289 1075 2341 manus
1129 2287 1296 2329 meas
1345 2269 1555 2341 venit,
1613 2286 1727 2328 nec
1759 2269 1837 2328 de
1918 2280 2181 2332 auctore
2228 2274 2769 2353 interpretationis
2830 2276 3032 2335 habeo
3103 2275 3274 2353 quod
3335 2272 3702 2348 conjiciam.
3742 2275 3838 2333 De

229 2395 547 2448 contextu
584 2388 883 2448 autem,
936 2375 1031 2433 in
1084 2367 1212 2427 hac
1234 2368 1534 2437 editione,
1595 2384 1737 2444 quae
1791 2367 1870 2426 ad
1930 2370 2119 2431 unius
2176 2371 2414 2432 codicis
2472 2373 2686 2446 fidem,
2749 2373 3161 2452 ejusdemque
3211 2371 3415 2430 mutili
3446 2377 3505 2429 et
3541 2370 3829 2432 mendosi

237 2487 577 2547 elaborata
614 2491 758 2551 est,
793 2477 1031 2537 idem
1080 2466 1346 2527 omnino
1372 2466 1599 2526 vitium
1634 2464 2074 2538 animadverti,
2125 2470 2295 2547 quod
2355 2470 2417 2530 in
2481 2474 2723 2532 caeteris
2777 2472 3094 2542 omnibus,
3156 2489 3299 2550 quae
3357 2472 3521 2530 datae
3577 2486 3655 2527 ex
3692 2489 3819 2531 uno

243 2586 467 2644 codice
498 2585 800 2642 fuerunt
845 2591 865 2634 :
918 2585 1113 2630 nam
1154 2571 1220 2624 et
1253 2564 1492 2626 lacunae
1523 2565 1899 2641 frequentes,
1965 2575 2028 2624 et
2058 2584 2242 2627 voces
2300 2569 2591 2647 plurimae
2649 2571 2952 2649 majorem
3015 2570 3076 2630 in
3133 2574 3390 2630 modum
3427 2570 3828 2630 deformata.

235 2682 395 2763 Ejus
429 2690 665 2743 tamen
724 2672 1195 2735 varietates,
1257 2682 1379 2723 non
1439 2680 1638 2743 parvo
1690 2663 1841 2722 mihi
1897 2662 1973 2721 ad
2034 2669 2500 2729 emendandum
2563 2678 2929 2732 contexmm
2993 2668 3134 2730 usui
3193 2669 3469 2731 fuerunt.
3530 2668 3825 2729 Codicem

224 2760 449 2860 ipsum
516 2781 577 2840 si
644 2773 1053 2853 inspicere
1125 2762 1438 2834 licuisset,
1493 2763 1636 2840 plus
1689 2760 1865 2821 forte
1907 2762 2197 2824 utilitatis
2256 2768 2701 2846 percepissem,
2757 2778 2865 2831 aut
2910 2771 3135 2829 saltem
3194 2770 3270 2829 de
3329 2770 3465 2847 ejus
3527 2774 3710 2828 aetate
3767 2773 3831 2828 et

235 2880 452 2960 pretio
479 2871 897 2957 judicandi
941 2862 1175 2941 copia
1234 2871 1420 2920 esset.
1454 2860 1576 2922 Sed
1636 2859 1688 2919 is
1722 2877 1980 2938 prorsus
2038 2864 2319 2935 evanuit,
2354 2884 2468 2925 nec
2501 2886 2768 2946 usquam
2805 2867 3066 2947 reperiri
3098 2868 3307 2946 potuit
3343 2886 3357 2939 ;
3394 2886 3536 2928 cum
3568 2871 3828 2926 senatus

228 2956 556 3058 princeps
594 2965 1206 3035 illustrissimus,
1241 2960 1322 3018 ad
1371 2977 1557 3037 quem
1593 2956 1796 3058 hujus
1821 2957 2243 3058 bibliothecas
2290 2963 2632 3026 hereditas
2683 2986 2722 3027 a
2780 2965 3134 3046 majoribus
3167 2966 3475 3046 pervenit,
3511 2965 3826 3045 prolixam

225 3054 353 3139 bac
387 3054 581 3137 iri—re
617 3069 1120 3132 voluntatem
1159 3058 1243 3117 de
1286 3075 1463 3116 more
1493 3075 1605 3116 suo
1636 3054 2074 3134 signiﬁcasset.

297 3177 477 3237 Vill.
556 3166 1062 3235 Grodeciana
1133 3152 1586 3234 interpretatio.
1680 3153 2012 3217 Cales/texis
2091 3160 2167 3218 22
2218 3160 2389 3220 edita
2444 3180 2482 3222 a
2558 3164 2879 3226 Slam'slao
2940 3164 3127 3226 [Iasio
3184 3184 3283 3224 an.
3342 3166 3519 3224 1562.
3587 3160 3830 3223 Gallica

211 3273 481 3356 Cyrilli
540 3261 1099 3348 interpretatio.
1179 3252 1485 3315 Iudicum
1546 3253 1613 3313 de
1675 3255 1963 3317 Grodecz'i
2014 3254 2296 3317 editione.
2331 3293 2404 3303 --
2463 3261 2600 3331 Quo
2658 3280 2826 3321 anno
2886 3263 3142 3323 Parisiis
3198 3266 3410 3323 Graece
3466 3262 3831 3321 cateclieses

210 3354 614 3440 nonnullae,
663 3364 961 3429 eodem
1045 3355 1287 3416 Latine
1318 3373 1538 3414 omnes
1597 3370 1736 3412 cum
1799 3354 2066 3432 epistola
2120 3355 2196 3414 ad
2242 3357 2681 3418 Constantium
2727 3362 3120 3437 prodierunt.
3158 3362 3393 3419 Auctor
3422 3358 3833 3437 hujusinter-

206 3471 659 3552 pretationis
687 3468 1054 3527 Joannes
1094 3452 1469 3516 Grodecius.
1501 3451 1780 3511 decanos
1809 3452 2267 3531 Glogoviensis,
2307 3456 2838 3518 Wratislaviensis
2868 3458 3409 3535 Warmiensisque
3457 3456 3823 3516 canonicus.

200 3550 372 3631 Cum
407 3577 592 3629 ante
631 3564 969 3635 aliquot
1005 3569 1231 3613 annos
1264 3551 1322 3609 in
1349 3550 1512 3611 Urbe
1568 3558 2091 3621 commoraretur,
2154 3558 2217 3611 et
2247 3554 2415 3629 apud
2447 3556 3016 3616 emzncntissimum
3057 3558 3124 3616 D.
3164 3556 3505 3617 Stanislum
3542 3553 3824 3625 Hosium,

196 3668 663 3731 cardinalem
752 3650 1327 3719 Warmiensem,
1390 3656 1735 3725 posteaque
1792 3648 1956 3708 sedis
2014 3649 2378 3727 apo-tolicw
2438 3652 2499 3710 in
2532 3653 2802 3713 concilio
2832 3655 3205 3715 Tridentino
3240 3672 3277 3712 a
3311 3658 3508 3711 latere
3544 3653 3822 3727 legatum

198 3766 819 3847 amplissimum,
865 3754 1145 3813 nactus
1204 3752 1367 3806 esset
1399 3748 1682 3808 Graecum
1742 3747 2067 3823 exemplar
2125 3748 2512 3812 Caleclzesem
2562 3751 2779 3830 Cyrilli
2815 3753 3340 3827 manuscriptum,
3378 3767 3581 3825 neque
3609 3754 3822 3820 antea,

197 3844 385 3951 quod
458 3867 740 3928 sciret,
827 3854 915 3913 in
998 3862 1394 3951 sermonemﬁ
1439 3844 1729 3951 batillum
1788 3846 2161 3905 translatum
2216 3854 2327 3907 aut
2382 3849 2647 3919 editum,
2708 3849 2770 3909 in
2827 3851 2984 3909 illud
3044 3848 3381 3908 Latinitate
3453 3844 3819 3904 donandum

196 3942 558 4030 ίξηυιηιίι,
606 3962 800 4033 Quo
838 3951 922 4012 in
1004 3961 1215 4021 opere
1248 3943 1629 4020 perﬁciendo
1687 3961 1828 4002 cum
1890 3950 2268 4018 versaretur,
2331 3949 2641 4026 planeque
2699 3947 2856 4007 illud
2925 3947 3318 4018 confecisset,
3357 3942 3829 4005 communicato

199 4068 327 4128 sibi
362 4086 406 4127 ει
447 4068 534 4125 D.
578 4052 916 4123 Jacobo
962 4041 1312 4107 Ucbanski
1342 4059 1417 4101 eo
1447 4041 1523 4101 de
1555 4060 1680 4119 quo
1712 4040 1986 4101 diximus
2031 4045 2362 4105 Sclavono-
2388 4045 2625 4106 Polono
2684 4045 3058 4125 exemplari,
3095 4044 3250 4105 illud
3283 4063 3426 4103 cum
3462 4046 3682 4103 Graeco
3714 4059 3831 4102 suo

198 4168 296 4227 ita
329 4160 686 4225 contulit
728 4159 817 4213 ut
860 4165 960 4208 ex
1010 4149 1296 4217 utroque
1331 4138 1803 4199 translationem
1834 4159 2013 4200 suam
2050 4141 2333 4201 Latinam
2362 4144 2714 4222 perfecerit,
2753 4145 3047 4221 quaedam
3078 4142 3418 4203 identidem
3455 4161 3525 4199 ex
3565 4150 3837 4217 utroque

208 4270 623 4327 mutuatus.
684 4248 966 4311 (Lodex
1010 4239 1130 4300 ille
1163 4240 1440 4308 Gracus,
1504 4256 1691 4316 quem
1726 4245 1978 4298 nactum
2039 4257 2105 4299 se
2135 4241 2224 4300 ait
2281 4242 2448 4321 apud
2509 4243 2895 4303 cardinalem
2957 4242 3342 4302 Stanislaum
3381 4240 3666 4307 Hosium,
3701 4241 3842 4295 erat

206 4361 585 4430 Guillelmi
673 4339 1112 4414 caralinalis
1144 4335 1382 4403 Strleti,
1446 4340 1575 4396 tam
1633 4337 1789 4397 bene
1846 4336 1923 4396 de
1968 4337 2194 4398 litteris
2250 4341 2690 4401 ecclesiasticis
2753 4342 3120 4410 meriti;ex
3181 4357 3384 4417 eoque
3445 4336 3835 4413 Hosiusjam

208 4469 296 4527 ab
332 4480 541 4525 anno
591 4453 806 4517 I562
852 4446 931 4504 in
1019 4436 1425 4512 Con/essione
1480 4433 1942 4495 Petromm'ensis
1982 4436 2215 4515 synodi,
2275 4457 2416 4517 cap.
2474 4442 2579 4511 40,
2642 4440 3142 4518 mystagogicam
3188 4446 3507 4515 quartam,
3570 4453 3704 4501 seu,
3774 4439 3847 4492 ut

202 4582 336 4644 ego
382 4571 759 4620 numero.
810 4536 1245 4601 vicesimam
1280 4530 1619 4591 Secundam
1678 4532 2084 4607 catechesim,
2144 4542 2207 4596 et
2261 4537 2322 4596 in
2380 4556 2519 4616 cap.
2555 4541 2634 4599 38
2684 4539 3110 4610 fragmentum
3150 4535 3605 4614 mystagugicm
3643 4531 3844 4591 tertiae

206 4629 326 4724 ,gu
368 4656 787 4720 vic..simm
859 4638 1135 4719 primae
1168 4634 1393 4690 Graece
1424 4629 1720 4692 ediderat.
1781 4641 1955 4709 Upus
2011 4652 2192 4694 suum
2227 4637 2501 4697 absolvit
2556 4638 2898 4697 Grodecius
2931 4637 3209 4695 nondum
3245 4634 3504 4693 dlmisso
3538 4629 3834 4701 concilio,

210 4781 290 4824 ac
328 4752 901 4839 prmfalinnem
972 4748 1181 4793 suam
1241 4726 1567 4804 insttripsit
1620 4730 1923 4800 Tridenti,
1986 4731 2086 4791 die
2122 4754 2288 4794 nona
2343 4735 2494 4796 Julii
2549 4756 2651 4797 an.
2721 4738 2896 4795 1563.
2962 4737 3112 4796 Haec
3170 4730 3611 4810 interpretatio
3673 4745 3845 4786 anno

213 4822 602 4941 seq'uente,
686 4848 1008 4908 Roma,
1082 4825 1407 4891 (ῖοΙυσιὶω.
1470 4826 1837 4906 Auluerpie,
1893 4831 2145 4891 Parisiis
2174 4851 2405 4894 excusa
2440 4852 2454 4907 ;
2490 4836 2656 4913 quod
2694 4833 3162 4894 Catholicorum
3202 4830 3390 4909 hujus
3425 4828 3565 4887 libri
3603 4822 3859 4899 legendi

526 4918 703 5012 deri
742 4946 931 5002 urat.
1015 4927 1200 5001 ΟυῘο
1235 4927 1448 5022 ﬂuant
1509 4923 1803 4996 Cyrillum
1866 4928 2028 4989 idem
2089 4949 2295 4994 annus
2353 4935 2587 4995 Gallice
2648 4935 3011 5011 loquentem
3075 4931 3248 4997 vidit,
3314 4945 3509 5005 Opera
3549 4918 3852 4979 Ludovici

218 5060 437 5123 Ganei
477 5055 632 5134 (ita
670 5043 895 5108 enim
940 5049 1026 5093 se
1062 5027 1213 5103 ipse
1243 5022 1311 5132 in
1346 5018 1769 5084 Allmont’ttone
1826 5026 1911 5086 ad
1966 5027 2271 5092 Lectorem
2333 5033 2568 5113 vocat),
2603 5033 2710 5110 qui
2763 5031 3137 5090 Grodecium
3200 5028 3260 5086 in
3296 5024 3594 5085 omnibus
3626 5020 3854 5091 ducem

222 5116 551 5222 “cum;
631 5160 820 5226 qua
886 5135 1061 5195 ista
1136 5122 1369 5226 Latin-8
1451 5132 1829 5226 peccaverat,
1900 5132 2120 5190 eadem
2178 5134 2512 5192 vernacula
2569 5129 2911 5193 commisit.
2972 5132 3054 5190 Ut
3112 5126 3329 5207 paucis
3387 5136 3706 5199 exponam
3773 5116 3852 5177 de

230 5215 711 5321 Grodeciana
750 5232 1111 5300 editione
1175 5217 1337 5298 quid
1368 5215 1656 5321 sentiam,
1713 5222 1851 5299 plus
1898 5244 1963 5287 se
1998 5229 2245 5290 veritati
2288 5230 2679 5291 consuluisse
2711 5228 2818 5291 ait.
2857 5245 3049 5304 quam
3096 5226 3450 5302 elegantia.
3487 5238 3598 5279 nec
3632 5225 3855 5275 tamen

226 5361 425 5420 caret
454 5337 902 5424 elegantia.
942 5321 1349 5424 Occurrit!“
1409 5313 1663 5424 Ιξουιιεε.
1724 5319 2267 5405 interpolationes,
2329 5329 2572 5390 vitiosas
2629 5325 2931 5387 lectiOnes
2996 5342 3010 5396 ;
3073 5324 3177 5383 sed
3239 5322 3551 5380 codicum.
3618 5315 3857 5391 quibus

230 5474 393 5517 usus
454 5409 872 5516 estivilin
946 5416 1372 5485 ῑνίῧυεηδω·
1436 5410 1590 5470 Dum
1648 5420 1904 5482 Verbum
1966 5431 2028 5483 et
2087 5426 2357 5487 litteram
2414 5429 2474 5487 in
2509 5423 2990 5501 interpretando
3051 5420 3359 5499 sequitur,
3419 5418 3725 5475 OiHCtll‘tlS
3783 5409 3861 5467 fit

229 5551 612 5616 interdum
686 5552 783 5599 ac
864 5519 1226 5586 barbaros
1263 5530 1277 5568 :
1310 5524 1430 5616 “ac
1487 5524 1647 5584 rape
1701 5534 1735 5574 a
1766 5538 1946 5581 sensu
2007 5525 2370 5584 Grmcarum
2403 5544 2626 5585 vocum
2658 5522 2936 5589 aberrvt,
2974 5522 3120 5578 dum
3161 5516 3358 5591 magis
3391 5512 3656 5572 attendit
3710 5505 3837 5581 ιυιά

496 5624 1083 5723 grammaticos
1152 5605 1574 5714 δίιεέηίίῖθθηίν⁸
1609 5626 1793 5686 quam
1829 5621 1978 5697 quid
2008 5621 2125 5680 sibi
2157 5626 2320 5701 apud
2355 5625 2656 5701 Cyrillum
2695 5616 2912 5677 velint.
2946 5619 3189 5679 Similia
3226 5611 3503 5689 peccavit
3539 5610 3595 5665 in
3658 5602 3844 5729 uno}:

232 5700 671 5814 egclesizsti-
702 5734 771 5793 is
814 5704 1641 5814 vocibus._quaf_mf."im
1692 5720 1755 5773 et
1783 5718 2159 5779 sententiam
2219 5722 2556 5800 ignoravit.
2616 5715 2932 5791 Exrmplo
2989 5718 3108 5775 erit
3167 5717 3339 5771 locus
3400 5713 3518 5766 cat.
3555 5706 3617 5777 5,
3654 5719 3712 5757 n.
3752 5700 3856 5805 1:2.

675 5832 847 5896 sive
887 5808 1298 5898 Symbolum
1336 5800 1612 5881 Cyrum“
1635 5808 1806 5876 aliud
1865 5816 1944 5890 ei,
2003 5819 2178 5896 quod
2231 5793 2370 5883 erat
2427 5823 2799 5883 traditurus,
2824 5812 3071 5875 addisci
3100 5817 3211 5874 aut
3240 5804 3447 5868 efferri
3481 5808 3720 5866 vetans,
3750 5793 3839 5852 sic
