4052 6398
481 529 556 591 15
1969 513 2081 575 PR.

2293 509 2418 574 .‘IO.
3823 511 3893 572 ω

471 663 748 742 loquitur
817 679 831 723 ζ
869 669 1055 724 Πίστιν
1090 664 1142 722 ἒν
1179 665 1410 737 μαθήσει
1441 660 1534 716 καὶ
1567 657 1866 735 ἐπαγγελίᾳ
1893 657 2062 728 tat-51:1;

2281 679 2308 710 ν
2342 657 2572 727 κτῆσαι,
2607 654 2756 720 etc.,
2819 646 3166 710 Grodecius
3234 647 3323 709 sic
3376 648 3877 728 interpretatur:

474 761 684 824 Fidem
739 763 796 821 si
840 759 1122 819 didiceris
1179 766 1235 816 et
1279 751 1733 834 promissionem
1790 749 2022 811 habebis
2084 767 2100 823 ;
2164 768 2286 809 non
2361 747 2586 808 melius
2641 747 3014 807 Prevotius:
3076 745 3276 806 Fidem
3334 743 3396 806 in
3454 745 3778 828 disciplina
3832 759 3892 812 et

467 859 887 944 promissione.
925 861 988 917 In
1026 854 1237 915 multis
1269 853 1408 914 aliis
1467 849 1832 920 Grodecius,
1887 867 2028 908 cum
2085 849 2162 906 de
2214 845 2433 926 Cyrilli
2484 846 2797 906 sententia
2865 844 3210 922 dubitaret,
3273 863 3396 904 non
3459 851 3584 905 tam
3639 846 3884 908 videtur

473 943 903 1021 considerasse
959 954 1109 1034 quid
1143 957 1690 1031 interpretaretur,
1724 965 1912 1027 quam
1969 946 2230 1006 sortitus
2287 963 2442 1005 esse.
2479 946 2803 1006 Notantur
2854 943 2936 1004 ad
2998 943 3344 1021 marginem
3403 943 3465 1003 in
3497 943 3714 1004 eadem
3747 944 3879 1006 edi-

474 1056 646 1117 tione
676 1074 772 1116 res
807 1054 1064 1130 majoris
1123 1049 1449 1122 momenti,
1509 1065 1756 1108 summa
1807 1045 2165 1125 Cyrilliana
2222 1042 2741 1103 ratiocinationis.
2801 1041 3143 1120 Scriptura
3201 1041 3562 1102 testimonia
3592 1061 3706 1103 nec
3736 1042 3885 1103 indi-

470 1161 715 1226 cantur,
774 1172 885 1212 nec
917 1151 1452 1228 distinguuntur;
1505 1164 1673 1224 saepe
1731 1143 1854 1223 ipsi
1907 1141 2238 1222 interpreti
2298 1141 2504 1201 minus
2561 1139 3028 1211 animadversa,
3058 1140 3120 1199 in
3183 1139 3392 1202 varios
3435 1158 3579 1200 eum
3641 1158 3880 1202 errores

469 1251 848 1314 abstrahunt
881 1269 895 1310 :
931 1249 1252 1309 interdum
1285 1244 1462 1306 nulla
1491 1244 1778 1322 Vulgata
1809 1240 2029 1302 habita
2071 1240 2314 1300 ratione
2345 1245 2677 1299 vertuntur
2709 1255 2722 1298 :
2759 1236 3074 1298 interdum
3107 1237 3186 1296 ad
3217 1255 3358 1298 eam
3384 1239 3886 1311 accommodata,

467 1369 504 1410 a
533 1349 748 1428 Cyrilli
781 1349 1064 1426 legenJa
1094 1345 1437 1424 Scriptura
1491 1343 1734 1404 ratione
1777 1358 2033 1420 prorsus
2083 1337 2419 1399 abludunt.
2453 1336 2665 1398 Brevis
2699 1335 2992 1396 Prafatio
3015 1335 3092 1396 de
3123 1335 3338 1414 Cyrilli
3369 1335 3494 1396 vita
3525 1343 3588 1398 et
3643 1336 3890 1416 scriptis

461 1448 686 1512 leviter
740 1448 1044 1525 disputat,
1119 1463 1245 1504 non
1279 1450 1493 1504 tamen
1555 1441 1834 1501 indocte.
1892 1437 2078 1500 Utilis
2132 1454 2284 1496 sane
2333 1434 2632 1496 Ecclesia
2666 1435 2786 1494 fuit
2809 1451 3006 1512 opera
3036 1433 3326 1494 Grodecii
3359 1453 3372 1495 :
3411 1433 3674 1514 ejusque
3698 1435 3893 1495 inter-

462 1547 733 1628 pretatio
763 1547 826 1605 in
858 1544 1088 1604 Latinis
1121 1545 1312 1603 Patru
1343 1563 1372 1586 γ·
1415 1537 1825 1602 Bibliotbeeis
1881 1554 2050 1613 sape
2107 1553 2339 1596 excusa
2377 1551 2390 1604 ;
2455 1540 2649 1612 atque
2705 1531 2770 1592 in
2833 1532 3238 1610 Lugdunensi
3267 1550 3372 1594 an.
3413 1534 3567 1595 1678
3625 1533 3790 1594 notis
3817 1531 3893 1592 ad

465 1647 821 1722 marginem
861 1642 1089 1722 partim
1117 1639 1494 1715 commodis,
1532 1637 1762 1717 partim
1795 1634 2126 1696 inutilibus
2157 1640 2345 1694 aucta
2377 1632 2586 1711 potius
2616 1649 2809 1712 quam
2842 1631 3183 1691 illustrata.
3359 1707 3369 1720 _

555 1742 654 1802 IX.
693 1741 908 1802 Editr’o
937 1739 1196 1819 prcvotii
1229 1757 1332 1798 an.
1366 1738 1546 1799 1508.
1579 1733 1867 1796 Parisiis.
1900 1767 1977 1778 —
2009 1731 2299 1794 Nondum
2333 1733 2544 1791 Grace
2578 1736 2778 1790 totum
2839 1747 2998 1807 opus
3054 1729 3374 1808 prodierat
3408 1747 3422 1789 :
3483 1729 3546 1790 id
3606 1729 3896 1791 Ecclesia

471 1840 726 1902 navavit
755 1841 1029 1901 Joannes
1091 1836 1435 1908 Prevotius,
1496 1830 2006 1912 Burdegalensis,
2041 1830 2240 1910 quiin
2297 1829 2686 1889 dedicatoria
2740 1827 2821 1888 ad
2877 1827 3149 1889 Paulum
3208 1827 3556 1908 Vepislola
3583 1835 3809 1892 narrat
3833 1845 3896 1889 se

475 1937 752 1999 melioris
810 1943 976 1996 nota
1032 1934 1278 1995 codices
1335 1940 1592 1994 nactum
1633 1931 1698 1990 in
1733 1929 2116 1990 bibliotheca
2147 1927 2476 1998 Vaticana,
2510 1943 2652 1984 cum
2687 1925 2890 1985 editas
2926 1945 2962 1985 a
2991 1924 3253 1986 Morelio
3285 1923 3628 1987 Calecheses
3657 1925 3894 1986 mendis

476 2053 861 2115 eXpurgasse
919 2031 1072 2093 etin
1129 2029 1372 2092 lacunis
1426 2027 1776 2090 innumeris
1845 2025 2219 2105 explevisse,
2281 2030 2412 2084 tum
2464 2022 2750 2084 nondum
2811 2023 3014 2083 editas
3044 2028 3338 2084 accurate
3370 2024 3800 2102 descripsisse,
3835 2029 3893 2084 et

473 2133 807 2211 diligenter
831 2147 976 2191 cum
1001 2129 1222 2190 Latina
1281 2126 1802 2206 interpretatione
1831 2124 2194 2186 contulisse.
2255 2122 2508 2181 Aditum
2541 2121 2599 2182 ei
2654 2121 2735 2180 ad
2791 2121 3166 2181 Vaticanum
3225 2120 3496 2182 confecit
3548 2121 3890 2182 cardinalis

467 2229 830 2304 Perronius,
869 2235 937 2290 ut
956 2227 1333 2306 intelligitur
1363 2244 1438 2287 ex
1475 2225 1570 2286 his
1599 2222 1884 2286 versibus
1912 2241 1951 2282 a
1978 2219 2313 2281 Frederico
2354 2217 2612 2280 Morello
2643 2217 2708 2278 in
2739 2217 2903 2279 hanc
2931 2219 3273 2280 editionem
3304 2217 3554 2298 scriptis
3588 2237 3605 2279 :

1113 2425 1179 2482 Te
1208 2424 1556 2496 Solymarum
1586 2425 1831 2489 antistes,
1861 2423 2108 2478 maxime
2135 2421 2334 2490 Paule,
2365 2422 2573 2480 salutat

1215 2517 1466 2588 Cyrillus
1493 2531 1592 2587 per
1622 2520 1673 2571 te
1699 2513 1802 2586 qui
1827 2513 2109 2570 redivivus
2132 2515 2262 2569 erit.

1145 2605 1390 2662 Contulit
1408 2615 1468 2660 ut
1501 2605 1690 2662 Romae
1717 2603 1940 2659 chartas
1971 2603 2258 2659 Preuou‘us
2287 2603 2505 2675 amplas

1238 2691 1476 2766 Gyrilli,
1509 2694 1774 2765 ostrigeri
1807 2691 2068 2748 Perrom'i
2095 2694 2362 2762 auspicio.

1150 2783 1283 2840 Inde
1311 2781 1458 2855 typis
1489 2785 1683 2856 lingua
1712 2781 1996 2854 regalibus
2014 2782 2164 2838 edita
2195 2787 2428 2854 utraque

1221 2871 1434 2930 [orelli
1454 2873 1666 2944 studio,
1695 2876 1902 2944 scripta
1929 2877 2142 2930 sacrata
2177 2871 2378 2928 Patris.

464 3076 678 3136 Fidem
713 3092 904 3154 quam
966 3076 1181 3134 Roma
1210 3091 1458 3134 summo
1517 3072 1802 3152 pontiﬁci
1860 3071 2308 3146 obstrinxerat,
2370 3073 2566 3133 redux
2619 3073 2683 3133 in
2741 3072 2980 3135 Gallias
3027 3073 3358 3148 liberavit;
3393 3073 3660 3154 ejusque
3692 3073 3887 3137 editio

465 3173 738 3241 Parisiis,
801 3190 1010 3232 mense
1067 3171 1446 3249 Septembri,
1482 3189 1651 3232 anno
1709 3171 1893 3238 1608,
1929 3169 2099 3248 apud
2129 3171 2282 3231 Clau
2307 3171 2460 3230 lium
2498 3171 2823 3233 \lorellum
2859 3173 3152 3249 prostitit,
3189 3179 3432 3234 textum
3465 3179 3527 3234 et
3555 3173 3872 3253 interpre-

464 3271 768 3333 tationem
800 3271 1058 3330 alternis
1087 3270 1252 3330 fnliis
1281 3269 1345 3330 in
1376 3272 1440 3330 4°
1471 3269 1826 3347 complexa,
1889 3267 2086 3328 titulis
2149 3268 2538 3332 Calecheseon
2595 3289 2633 3332 a
2681 3272 2988 3333 Grodecio
3019 3273 3265 3333 omis~is
3294 3282 3502 3333 aucta.
3533 3271 3890 3352 Epistolam

462 3367 548 3428 ad
580 3366 994 3426 Constantium
1045 3367 1260 3427 Graece
1316 3365 1602 3425 ediderat
1649 3368 1974 3426 Gretserus
2027 3364 2393 3442 lngolstadii
2437 3384 2543 3426 an.
2594 3367 2767 3432 1600.
2803 3365 3323 3444 interpretatione
3352 3369 3642 3430 Grodecii
3675 3371 3894 3449 paucis

461 3463 617 3524 locis
673 3466 1060 3536 emendata;
1126 3481 1262 3523 eam
1329 3463 1656 3524 Prevotius
1713 3480 1788 3522 ex
1849 3480 1995 3522 mss.
2049 3461 2373 3522 Vaticanis
2429 3461 2626 3535 dedit,
2689 3483 2848 3542 quos
2877 3484 3002 3526 non
3036 3466 3284 3527 videtur
3314 3485 3456 3528 cum
3487 3467 3893 3529 Gretseriana

463 3561 740 3622 editione
795 3563 1160 3622 contulisse.
1221 3561 1426 3622 Multa
1487 3579 1638 3620 sane
1694 3561 1755 3620 in
1819 3566 2117 3620 contextu
2176 3561 2330 3619 satis
2386 3562 2720 3622 commode
2783 3563 3052 3623 mutavit
3109 3564 3463 3635 Prevotius,
3513 3573 3893 3627 nontamen

463 3659 792 3720 admonito
854 3661 1107 3728 lectore,
1197 3677 1310 3720 nec
1341 3659 1630 3720 codicum
1692 3673 1978 3732 numero,
2014 3665 2225 3731 atate,
2287 3659 2477 3720 variis
2534 3660 2910 3721 lectionibus
2968 3665 3483 3724 commemoratis
3519 3684 3533 3723 :
3567 3682 3892 3744 perpauca

463 3765 672 3818 autem
697 3758 757 3818 in
792 3757 1334 3837 interpretatione,
1371 3775 1484 3816 nec
1511 3757 1677 3817 felici
1736 3775 1986 3834 semper
2041 3757 2235 3817 exitu.
2297 3759 2455 3817 Nam
2515 3758 2665 3818 dum
2730 3757 2868 3832 plus
2899 3761 3224 3821 codicibus
3254 3761 3381 3822 suis
3414 3761 3657 3833 tribuit,
3688 3782 3886 3842 quam

463 3857 540 3916 iis
567 3876 726 3934 quos
757 3858 1096 3916 Grodecius
1127 3855 1534 3925 adhibuerat,
1592 3873 1760 3934 sape
1817 3855 1953 3934 ejus
1983 3856 2568 3932 interpretationem
2625 3875 2701 3916 ex
2758 3857 2956 3918 nitida
3009 3866 3068 3918 et
3127 3868 3458 3920 accurrata
3514 3861 3802 3938 ineptam
3829 3868 3893 3923 et

457 3954 687 4014 absurd
715 3972 796 4012 am
835 3955 1080 4017 re:li.-it.
1119 3955 1291 4014 velut
1346 3959 1469 4014 cat.
1519 3957 1580 4024 ϐ,
1637 3973 1699 4014 n.
1738 3957 1833 4029 t7,
1887 3951 1992 4011 ubi
2027 3970 2140 4030 pro
2195 3953 2774 4015 Valentiuianorum
2823 3957 3036 4035 verbo,
3072 3960 3238 4036 quod
3271 3959 3611 4019 Grodecius
3640 3959 3891 4040 optime

453 4051 879 4122 intellexerat,
911 4053 1126 4111 Jmem
1161 4051 1490 4127 gentilium
1554 4069 1676 4109 non
1733 4050 2054 4110 irridicule
2116 4051 2420 4110 obtrudit.
2457 4051 2798 4130 Scriptura
2832 4056 3188 4116 testimonia
3223 4064 3398 4117 notat
3429 4065 3486 4117 et
3521 4057 3884 4137 distinguit,

447 4151 536 4209 sic
570 4159 777 4208 tamen
844 4161 910 4208 ut
961 4153 1162 4208 multa
1223 4149 1683 4225 praetermittat.
1745 4149 2033 4208 Grodecii
2081 4165 2260 4208 n-Ias
2321 4151 2550 4227 partim
2615 4152 2841 4212 retinet
2897 4153 2978 4214 ad
3038 4154 3413 4233 marginem,
3472 4155 3705 4233 partim
3790 4159 3884 4217 eis

451 4249 702 4324 rejectis
735 4247 890 4306 alias
921 4247 1163 4306 adcliuit
1192 4247 1270 4304 de
1299 4264 1434 4306 suo.
1483 4248 1629 4306 Hac
1683 4245 1898 4312 editio.
1963 4264 2105 4323 qua
2143 4247 2459 4326 perpetuis
2519 4249 2762 4308 mendis
2793 4251 2921 4311 sive
2954 4252 3501 4331 typographorum
3535 4253 3667 4313 sive
3701 4253 3883 4316 codi-

449 4365 590 4406 cum
630 4347 779 4406 vilio
833 4347 1190 4417 laborabat,
1246 4346 1474 4405 iterum
1522 4353 1583 4404 et
1645 4345 1830 4405 tertio
1871 4345 2128 4406 Parisiis
2157 4365 2260 4406 an.
2297 4349 2444 4409 1631
2481 4355 2544 4407 et
2574 4349 2754 4420 1640,
2789 4350 2897 4409 sed
2934 4355 3350 4424 restactatior,
3386 4353 3617 4430 prodiit
3663 4355 3730 4415 in
3768 4355 3881 4417 fol.

445 4453 679 4504 etcum
739 4446 1034 4522 Operlbus
1062 4443 1890 4522 Synesiiconiuncta;quo
1944 4451 2308 4514 accurante,
2369 4446 2600 4524 quibus
2659 4449 3094 4510 instrumentis
3151 4453 3482 4512 emendate
3543 4455 3880 4531 prodierit,

449 4543 626 4602 nullo
687 4543 950 4620 vestigio
1010 4543 1314 4619 indagare
1385 4542 1581 4619 potui.
1639 4543 1972 4603 Consulns
2020 4542 2209 4602 fuisse
2266 4543 2510 4604 codices
2562 4547 2861 4624 antiquus
2922 4547 3164 4607 lacuna
3220 4548 3536 4610 interdum
3595 4554 3880 4631 expleta

440 4641 793 4701 declarant.
831 4643 924 4702 Ad
957 4661 1031 4700 ea
1091 4659 1232 4716 qua
1292 4641 1616 4700 Prevotius
1671 4641 1733 4701 in
1791 4641 2317 4721 interpretatione
2373 4660 2558 4703 einen
2587 4652 2856 4716 laverat,
2892 4647 3202 4706 accedunt
3245 4665 3589 4729 perpauca,
3623 4651 3740 4712 sed
3770 4652 3874 4713 in-

441 4741 698 4798 terdum
739 4741 920 4797 valde
954 4739 1344 4816 nrgiigenter
1373 4741 1735 4798 emendata.

516 4837 593 4899 X.
666 4835 1017 4896 linrlz'ca'ur
1075 4835 1358 4897 Grodecii
1403 4845 1460 4896 et
1519 4835 1982 4916 Prevolliﬁdes.
2021 4869 2096 4880 —
2130 4839 2485 4914 Antequam
2545 4839 2920 4903 Grodecium
2982 4851 3045 4906 et
3099 4848 3460 4908 Prevotium
3521 4847 3879 4924 dimittam,

442 4933 822 4995 vindicanda
857 4939 1186 5012 utriusque
1233 4934 1514 5012 probitas
1543 4933 1624 4994 ab
1656 4934 1962 5014 improbis
1995 4935 2196 4995 Riveti
2225 4941 2290 4995 et
2332 4937 2640 4997 Albvrtini
2675 4943 3243 5008 criminationibus.
3287 4950 3574 5008 Andreas
3608 4949 3878 5009 Rivetus

431 5034 808 5112 Cyrillianas
831 5031 1170 5094 Catechescs
1225 5032 1528 5092 'l‘ridento
1586 5032 2032 5100 conciliabulo,
2093 5038 2163 5092 ut
2215 5035 2522 5112 appellat,
2584 5040 2792 5098 Roma
2849 5058 2882 5100 e
2940 5042 3268 5119 Vaticano,
3307 5045 3561 5106 Parisiis
3599 5065 3634 5106 e
3668 5048 3877 5110 domo

433 5131 772 5193 cardinalis
807 5129 1089 5190 Perronii
1119 5129 1430 5208 procliisse
1464 5131 1832 5207 pronuntiat
1867 5149 1881 5192 :
1920 5147 2036 5192 nec
2092 5131 2156 5190 in
2187 5131 2470 5192 animum
2527 5133 2826 5197 inducere
2885 5145 3093 5218 potest
3123 5161 3197 5203 ex
3251 5144 3505 5224 impuro
3534 5144 3646 5206 illo
3678 5163 3879 5209 coeno

433 5249 661 5310 purum
722 5229 960 5306 aliquid
993 5234 1056 5286 et
1111 5230 1424 5287 sincerum
1461 5227 1790 5306 prodiisse.
1841 5228 2204 5289 Arriserunt
2261 5230 2594 5292 Albertino
2653 5237 2952 5298 acumina
3014 5241 3234 5311 liiveti,
3287 5249 3349 5302 et
3378 5244 3704 5304 codicibus
3738 5249 3877 5310 Ro-

432 5327 635 5386 manis
663 5332 725 5386 et
759 5325 1048 5386 Prevotio
1079 5323 1331 5396 diﬂ‘idit,
1397 5325 1574 5386 timet
1629 5327 1880 5386 Danaos
1909 5333 1972 5387 et
2001 5326 2172 5386 dona
2227 5325 2520 5389 ferentes.
2578 5330 2778 5392 Velim
2832 5335 3345 5401 animadvertant
3377 5341 3688 5402 moderati
3721 5345 3882 5406 Pre-

428 5430 728 5486 testantes
759 5422 1072 5500 majorum
1103 5441 1363 5482 suorum
1396 5423 1825 5503 iniquitatem.
1883 5426 2038 5485 Erat
2071 5423 2367 5502 perfacile
2401 5427 2619 5489 ltiveto
2677 5437 2741 5491 et
2798 5433 3130 5498 Albertino
3178 5439 3553 5500 Grodecium
3611 5452 3670 5502 et
3708 5442 3878 5504 Pre-

423 5524 666 5584 votium
698 5521 844 5581 furti
876 5539 1142 5599 arguere
1176 5539 1190 5592 ;
1227 5530 1474 5580 tantum
1533 5521 1784 5583 codices
1833 5523 2136 5600 antiquos
2191 5523 2598 5588 consulerent
2629 5545 2643 5602 ;
2681 5531 2732 5589 si
2763 5531 2914 5609 quid
2961 5533 3203 5596 fraudis
3229 5539 3600 5609 admissum.
3633 5537 3696 5598 id
3733 5560 3872 5604 non

424 5624 621 5684 odore
670 5619 886 5698 aliquo
940 5625 1048 5679 aut
1104 5617 1470 5696 conjectura
1503 5619 1647 5693 levi,
1679 5620 1788 5680 sed
1837 5619 2037 5681 oculis
2067 5626 2132 5680 et
2176 5637 2366 5681 manu
2416 5627 3070 5705 comprehendissent.
3123 5636 3198 5694 At
3233 5655 3452 5697 verum
3485 5635 3878 5704 examinare

420 5719 592 5780 nolle
622 5737 764 5779 cum
795 5717 977 5777 facile
1011 5717 1208 5796 possis
1237 5731 1253 5788 ;
1287 5715 1456 5778 viros
1487 5718 1722 5796 probos
1751 5717 2010 5780 nefaria
2042 5715 2286 5778 fraudis
2315 5736 2640 5800 accusare,
2677 5743 2819 5787 cum
2871 5726 3068 5792 allata
3099 5732 3180 5792 ab
3211 5734 3300 5794 eis
3324 5733 3686 5798 testimonia
3719 5738 3872 5800 elu-

418 5818 570 5882 dere
599 5834 727 5880 non
757 5815 1002 5896 possis;
1067 5813 1396 5876 hominum
1453 5824 1546 5880 est
1589 5819 1895 5899 profecto,
1955 5835 2085 5880 non
2131 5815 2243 5898 qui
2275 5825 2606 5888 veritatem
2641 5834 2961 5908 quaerant,
3017 5831 3128 5894 sed
3160 5832 3272 5912 qui
3319 5833 3598 5916 suscepti
3627 5837 3885 5902 erroris
