4052 6392
267 270 345 333 ιτ
888 230 889 233 γ
1726 263 2182 328 PRIEF‘ATIO.
3609 262 3685 323 ts

254 403 363 465 sibi
430 400 663 464 conscii
730 401 882 473 sint,
925 406 987 463 et
1031 400 1385 479 equitatem
1418 419 1667 461 omnem
1706 420 1831 460 una
1853 418 1996 459 cum
2024 402 2289 463 veritate
2337 401 2746 481 projecerint.
2799 405 3114 461 Tenemus
3158 397 3279 457 hoc
3322 396 3463 456 loco
3497 396 3682 454 Riveo

255 512 377 562 tum
410 503 901 563 etAlbertinum
954 501 1018 562 in
1079 502 1479 578 improbitate
1538 501 1891 560 manifesta.
1947 502 2111 561 Nam
2168 520 2311 580 quae
2375 502 2451 559 de
2509 501 2843 578 pressentia
2909 501 3081 559 reali.
3126 494 3680 554 tra:»ssuh.~tantia-

256 604 418 663 tione
447 601 761 675 suffragiis
795 614 1191 674 sanctorum,
1234 620 1323 680 prt
1345 601 1520 660 cibus
1571 620 1682 679 pro
1744 600 2007 658 mortuis
2059 619 2096 660 a
2152 600 2465 662 Grodecio
2523 611 2584 661 et
2644 599 2930 661 Prevotio
2980 606 3194 656 assuta
3242 597 3673 674 pronuntiant,

260 722 330 764 ea
392 703 446 759 in
510 700 821 760 omnibus
897 700 1218 760 εοιιίιιὶὺυδ
1290 719 1430 759 mss.
1508 699 1568 757 in
1626 707 1907 759 veterum
1971 700 2167 772 libris,
2255 707 2323 760 ut
2396 701 2700 761 Euslratii
2778 701 2883 777 qui
2935 702 3167 758 saeculo
3245 696 3501 770 Sptimo.
3555 694 3675 755 Ni-

257 801 407 862 conis
447 799 555 877 qui
604 799 874 860 decimo
928 800 1198 878 scripsit,
1243 800 1303 859 in
1358 798 1567 860 libello
1618 801 1834 861 Graeco

2076 809 2141 860 ὧν
2175 804 2336 862 θείων
2372 805 2725 881 μυστηρίων,
2779 801 3037 859 totidem
3103 795 3305 853 vetliis
3379 810 3676 870 expressa

247 900 654 975 reperiuntur.
690 900 1064 959 Grudecius
1090 899 1168 959 ab
1197 900 1363 959 edito
1415 908 1553 976 post
1584 917 1726 958 eum
1762 906 2060 959 contextu
2127 900 2341 959 multis
2381 901 2487 962 ille
2520 901 2781 978 quidem
2820 900 2971 958 locis
3003 898 3319 970 discrepat
3355 912 3369 961 ;
3404 896 3506 950 sed
3542 892 3676 952 haec

239 999 655 1075 discrepantia
686 998 1040 1061 COdiClbllS
1096 1018 1251 1077 quos
1311 998 1619 1060 adhibuit.
1655 1017 1778 1059 non
1815 998 2018 1058 fraudi
2079 999 2438 1061 tribuenda.
2497 1002 2663 1061 Nam
2722 1016 3121 1077 quascunque
3153 996 3231 1054 ab
3289 1013 3359 1053 eo
3421 1002 3680 1071 praeter-

240 1097 437 1167 missa,
470 1097 535 1156 in
573 1096 930 1157 nonnullis
991 1116 1133 1157 mss.
1194 1098 1418 1157 desunt
1477 1115 1493 1169 ;
1553 1115 1694 1175 qua
1752 1116 1900 1157 vero
1959 1098 2199 1168 addita,
2258 1098 2550 1158 similiter
2612 1102 2672 1156 in
2728 1098 2945 1157 iisdem
3002 1103 3111 1154 aut
3163 1094 3301 1153 aliis
3365 1092 3684 1167 leguntur.

243 1196 501 1259 Prevotii
548 1196 967 1256 incredibilis
998 1196 1215 1275 religio
1252 1196 1315 1256 in
1372 1196 1798 1257 describendis
1856 1197 2201 1270 codicibus,
2240 1217 2275 1257 a
2308 1198 2544 1276 quibus
2600 1204 2671 1257 ut
2700 1197 3072 1265 discederet,
3138 1211 3250 1252 nec
3296 1189 3691 1251 Grodeciana

240 1294 697 1372 interpretatio,
737 1312 868 1355 nec
894 1294 1218 1373 Cyrilliani
1249 1295 1604 1372 argumenti
1631 1294 2051 1364 continuatio,
2087 1314 2201 1355 nec
2243 1314 2451 1359 rausm
2507 1294 2837 1357 catholicae
2886 1293 3163 1352 studium
3195 1288 3353 1348 tanti
3405 1287 3460 1348 ei
3491 1288 3688 1345 fuere.

245 1395 437 1456 Unum
472 1392 676 1471 hujus
730 1393 827 1452 rei
875 1392 1232 1471 exemplum
1284 1391 1714 1469 subjiciemus,
1787 1393 2079 1472 quamvis
2131 1395 2332 1454 multa
2384 1394 2721 1475 possimus.
2773 1390 3048 1470 Cyrillus
3096 1388 3338 1449 catecli.
3394 1388 3494 1457 “22,
3549 1402 3684 1463 my-

256 1499 402 1570 stag.
433 1496 492 1563 4,
531 1510 719 1551 num.
750 1494 815 1561 2,
855 1510 1084 1569 aquam
1112 1490 1414 1551 aChrtsto
1445 1491 1504 1550 in
1541 1491 1752 1552 vinum
1786 1492 2077 1570 sanguini
2124 1494 2314 1554 affine
2360 1511 2732 1554 conversam
2781 1492 3195 1551 demonstrat.
3245 1495 3307 1545 et
3356 1484 3568 1543 viuum
3621 1483 3685 1543 in

268 1590 617 1670 sanguinem
684 1590 967 1651 mutanti
1022 1591 1397 1651 credendum
1452 1609 1583 1651 esse
1642 1591 1984 1653 concludit.
2049 1594 2413 1654 Grodecius.
2466 1593 2592 1672 qui
2668 1592 2731 1651 in
2792 1610 2905 1650 suo
2964 1588 3181 1648 codice
3215 1587 3684 1663 legeratotxstov

272 1702 469 1769 αῖμπι,
502 1690 717 1754 vertit.
760 1700 829 1750 ut
855 1708 966 1769 par
985 1698 1140 1758 erat,
1168 1688 1337 1771 aﬁni
1363 1690 1650 1768 sanguini
1682 1708 1697 1763 ;
1728 1708 1871 1769 qum
1903 1690 2155 1769 legendi
2186 1693 2345 1753 ratio
2402 1670 2605 1770 magis
2656 1691 2734 1751 ad
2797 1688 3181 1749 catholicum
3243 1687 3477 1759 dogma
3529 1701 3683 1743 con-

278 1787 643 1849 ﬁrmandum
674 1788 990 1867 apposita.
1022 1792 1100 1848 At
1128 1790 1453 1849 Ptevotius
1485 1807 1624 1848 cum
1657 1788 1719 1848 in
1752 1791 1881 1849 suis
1908 1790 2231 1851 codicibus
2284 1791 2538 1870 legisset
2566 1793 2754 1868 οἰκείῳ
2783 1792 3040 1866 νεύματι.
3103 1786 3216 1844 etsi
3254 1790 3502 1860 poterat
3554 1798 3686 1839 me-

288 1889 492 1949 liorem
543 1887 879 1948 lectionem
948 1907 1022 1948 ex
1079 1887 1379 1949 Grodecio
1429 1894 1492 1948 et
1545 1888 1736 1948 Hosio
1798 1876 2123 1957 mutuari,
2159 1889 2383 1950 maluit
2436 1890 2838 1949 occasionem
2898 1886 3219 1964 dogmatis
3270 1877 3694 1942 conﬁrmandi

293 1986 783 2068 pmtermittere,
839 2005 1025 2065 quam
1086 1985 1165 2046 ab
1220 1986 1506 2046 instituta
1562 1986 1624 2046 in
1682 1988 2098 2049 describendo
2157 1988 2488 2066 diligentia
2532 1988 2851 2048 recedere.
2913 1984 3210 2047 Judicent
3278 1982 3475 2060 igitur
3528 1975 3697 2059 mqui

305 2086 699 2147 estimatores
725 2103 801 2144 an
836 2085 1098 2145 resideat
1122 2085 1182 2144 in
1214 2094 1385 2145 tanta
1417 2085 1752 2146 timiditate
1781 2087 2038 2148 nefarias
2073 2088 2310 2147 fraudis
2342 2086 2643 2165 suspicio.
2747 2082 2751 2086 ’

374 2186 466 2246 XI.
521 2183 716 2245 Rr'veri
762 2189 827 2242 in
874 2181 1174 2264 Cyrillum
1220 2185 1431 2261 ineptae
1482 2183 2054 2246 animadtersiones.
2131 2220 2199 2231 —
2259 2188 2574 2258 Quoniam
2627 2184 2690 2244 in
2738 2184 3027 2244 Rivetum
3082 2178 3440 2239 incidimus.
3503 2194 3698 2237 morm

305 2283 559 2362 pretium
592 2282 833 2343 videtur
887 2284 1127 2361 ineptas
1184 2282 1319 2363 ejus
1374 2283 1436 2342 in
1495 2283 1796 2362 Cyrillum
1848 2285 2434 2345 animadversiones
2494 2284 2748 2353 referre,
2810 2281 2890 2340 de
2948 2278 3180 2358 quibus
3239 2276 3489 2336 dicendi
3521 2274 3695 2335 aliud

311 2391 543 2459 tempus
573 2400 693 2443 non
716 2389 1018 2443 occurret.
1052 2385 1110 2444 Is
1136 2401 1300 2443 anno
1334 2383 1510 2449 1610.
1547 2402 1670 2443 non
1708 2383 1906 2445 multo
1967 2391 2107 2463 post
2166 2383 2507 2443 editionem
2570 2381 3043 2444 Prevotianam.
3102 2376 3399 2438 Crin'cam
3455 2392 3689 2434 sacram

314 2478 375 2539 in
400 2481 585 2541 lucem
615 2480 861 2552 emisit;
898 2499 1019 2557 quo
1049 2480 1108 2540 in
1140 2499 1325 2560 opere
1356 2497 1496 2540 cum
1522 2480 1735 2560 inepta
1781 2483 1858 2542 de
1912 2483 2158 2543 caeteris
2216 2481 2634 2560 scriptoribus
2686 2478 2950 2540 arbitria
2997 2476 3210 2543 faciat,
3250 2475 3415 2534 haud
3451 2472 3579 2532 scio
3609 2490 3690 2532 an

327 2576 398 2639 de
417 2579 617 2657 Cyrillo
647 2578 1301 2658 ineptissimejudicet.
1340 2580 1472 2640 Lib.
1508 2598 1597 2649 ιιι,
1635 2599 1774 2659 cap.
1831 2582 1928 2654 l8,
1990 2588 2267 2659 nugator
2298 2581 2403 2641 ille
2460 2581 2586 2640 duo
2644 2578 3044 2658 potissimum
3077 2576 3327 2634 elticere
3381 2579 3689 2647 conatur;

328 2680 386 2739 1°
411 2678 703 2755 permulta
727 2697 856 2738 esse
884 2677 944 2738 in
1008 2676 1417 2740 Cabchestlms
1447 2679 1660 2760 Cyrilli
1717 2679 2034 2740 editorum
2100 2682 2321 2742 fraude
2374 2680 2666 2753 intexta;
2729 2682 2793 2738 2°
2826 2676 3140 2756 permulta
3198 2691 3338 2732 cum
3375 2670 3695 2731 erroribus

318 2776 766 2837 Pontiﬁciorum
798 2776 905 2855 (ita
936 2776 1164 2856 dogma
1194 2778 1569 2838 catholicum
1606 2778 1917 2860 appellat)
1969 2779 2231 2840 omnino
2292 2778 2665 2858 pugnantia.
2727 2777 2872 2854 Sed,
2908 2775 2960 2835 si
2990 2774 3264 2834 editores
3294 2771 3699 2831 inseruerunt

317 2892 451 2954 (Ιυω
477 2876 745 2952 dogmati
771 2894 873 2936 m0
920 2876 1215 2947 faverent,
1278 2880 1694 2956 quamobrem
1753 2896 1893 2955 qum
1956 2879 2329 2957 pugnabant
2381 2898 2505 2939 non
2542 2878 2762 2937 eadem
2817 2875 3071 2935 licentia
3124 2868 3700 2932 sustulerunt?Ita

307 2972 427 3032 sibi
454 2974 581 3051 ipse
606 2973 899 3053 obstrepit
927 2975 1175 3035 itivetus
1224 2982 1287 3036 et
1338 2994 1549 3036 secum
1607 2983 1870 3056 pugnat.
1911 2979 2059 3054 Ejus
2092 2979 2170 3038 de
2202 2977 2588 3057 interpolato
2649 2975 2882 3052 Cyrillo
2940 2972 3187 3032 somnia
3254 2966 3698 3028 dissertatione

310 3072 573 3131 secunda
626 3071 939 3132 referimus
991 3078 1051 3133 et
1106 3074 1536 3153 proﬂigamus,
1596 3075 1705 3135 ubi
1769 3075 2159 3137 Catecheseon
2214 3076 2644 3154 integritatem
2697 3072 3139 3132 vindit-amus:
3186 3086 3300 3127 nec
3332 3084 3483 3125 sane
3530 3064 3701 3143 quis-

300 3187 482 3247 quam
513 3170 734 3250 estqui
793 3189 910 3233 non
964 3172 1170 3233 videat
1230 3173 1402 3233 aliud
1451 3192 1657 3235 causas
1708 3176 1930 3237 Riveto
1985 3194 2111 3236 non
2159 3174 2349 3235 fuisse
2394 3193 2506 3234 cur
2556 3172 2860 3253 Cyrillum
2912 3170 3363 3248 interpolatum
3407 3165 3694 3242 fingeret,

304 3268 414 3328 nisi
444 3270 606 3347 quod
664 3270 795 3347 ejus
845 3271 1337 3332 testimoniorum
1396 3272 1520 3332 vim
1580 3275 1763 3334 aliter
1820 3274 2098 3353 effugere
2149 3294 2274 3336 non
2332 3280 2563 3342 posset.
2624 3274 2776 3341 Quae
2825 3287 2973 3329 vero
3032 3286 3174 3327 cum
3220 3263 3693 3324 Catholicorum

303 3368 608 3428 erroribus
641 3388 910 3448 pugnare
934 3371 1319 3447 pronuntiat,
1352 3390 1427 3432 ea
1456 3373 1552 3432 vel
1584 3372 1662 3433 ad
1692 3372 2045 3433 doctrinam
2092 3371 2388 3435 Ecclesia
2439 3372 2602 3432 falso
2655 3369 3066 3448 assignatam.
3104 3365 3203 3425 vel
3237 3365 3314 3424 ad
3366 3363 3695 3442 Opiniones

308 3485 425 3526 non
457 3468 870 3544 impermissas
899 3467 1058 3528 inter
1087 3469 1414 3548 theologos
1437 3470 1817 3544 referuntur,
1876 3470 1979 3531 vel
2036 3471 2118 3532 ad
2178 3471 2336 3532 ritus
2394 3472 2759 3550 antiquosa
2811 3468 3045 3547 quibus
3105 3464 3237 3543 jam
3269 3461 3690 3533 desuevimus,

313 3566 396 3624 vel
419 3567 494 3625 ad
516 3566 844 3626 sententias
875 3586 1011 3645 quia
1040 3568 1185 3628 olim
1219 3587 1344 3629 non
1375 3569 1526 3630 satis
1556 3570 1914 3649 explicatae,
1948 3570 2267 3630 communi
2300 3575 2523 3649 postea
2564 3585 2876 3628 consensu
2930 3564 3232 3632 deﬁnitae,
3278 3561 3375 3621 vel
3437 3559 3693 3619 tandem

306 3664 378 3724 ad
408 3665 543 3742 ipsa
599 3664 875 3727 Ecclesia;
933 3667 1255 3729 catholicm
1281 3668 1603 3747 dogmata,
1638 3669 1867 3748 quibus
1898 3669 2263 3730 cavillando
2289 3674 2353 3730 et
2383 3668 2685 3748 nugando
2719 3665 3015 3727 tenebras
3046 3661 3374 3723 otl‘undere
3405 3667 3693 3724 conatur.

306 3764 389 3823 Ad
445 3764 707 3842 primum
764 3784 955 3842 genus
1010 3785 1231 3827 revoco
1291 3767 1618 3828 lectionem
1678 3770 2175 3848 Scripturarum,
2220 3785 2415 3847 quam
2467 3784 2506 3827 a
2555 3764 2791 3845 Cyrillo
2849 3759 3359 3824 commendatam
3418 3777 3455 3819 a
3512 3759 3697 3821 nobis

304 3861 613 3939 prohiberi
641 3864 926 3924 mentitur
958 3883 972 3923 :
1007 3864 1346 3926 efficaciam
1385 3866 1704 3945 baptismi,
1740 3885 1931 3946 quam
1968 3885 2004 3927 a
2036 3865 2270 3945 Cyrillo
2293 3863 2559 3944 Spiritui
2589 3867 2833 3931 sancto,
2896 3879 2933 3920 a
2987 3857 3167 3917 nobis
3199 3857 3376 3933 operi
3434 3863 3699 3934 operato

301 3958 481 4019 tribui
513 3959 830 4021 conﬁrmat
875 3964 1094 4039 ;quasi
1123 3982 1282 4043 opus
1311 3965 1772 4026 sacramentale
1803 3985 1839 4026 a
1888 3964 2125 4045 Spiritu
2187 3971 2408 4024 sancto
2439 3968 2501 4022 et
2530 3960 2899 4039 operatione
2930 3955 3148 4015 divina
3204 3954 3615 4013 rtissociemus
3679 3974 3693 4030 ;

302 4055 484 4117 fidem
516 4058 868 4137 dogmatum
904 4069 965 4121 et
995 4061 1177 4122 fidem
1207 4064 1682 4135 miraculorum,
1718 4082 1910 4143 quam
1947 4083 1985 4123 a
2015 4064 2251 4143 Cyrillo
2283 4059 2611 4139 distingui,
2649 4078 2687 4119 a
2717 4056 2899 4117 nobis
2930 4053 3235 4117 confundi
3268 4054 3448 4130 ﬁngit
3486 4072 3501 4126 ;
3552 4072 3695 4113 cum

306 4174 486 4217 nemo
514 4156 849 4219 catholicus
875 4159 1118 4238 ignoret
1149 4161 1412 4240 primam
1470 4165 1606 4223 sine
1637 4162 1916 4224 secunda
1973 4161 2103 4222 fere
2157 4179 2411 4239 semper
2466 4158 2857 4219 consistere:
2921 4152 3405 4213 eucharisticam
3468 4168 3696 4212 conse-

303 4256 657 4329 crationem,
689 4275 869 4334 quam
894 4276 931 4318 a
959 4259 1184 4338 Cyrillu
1205 4258 1593 4321 invocationi
1640 4260 1993 4335 Trinitatis,
2027 4280 2063 4321 a
2096 4260 2278 4321 nobis
2340 4258 2674 4319 verborum
2735 4252 2966 4316 Christi
3033 4250 3333 4311 elficaciae
3382 4247 3695 4327 assignari

302 4351 446 4413 dicit
480 4371 494 4427 ;
526 4356 800 4433 quamvis
829 4375 940 4418 nec
994 4359 1260 4437 Cyrillus
1289 4360 1348 4419 vi
1381 4359 1743 4433 verborum,
1811 4379 1925 4420 nec
1954 4359 2259 4431 Ecclesia,
2297 4376 2440 4437 qum
2488 4356 2646 4416 nihil
2679 4373 2755 4414 ea
2800 4353 2878 4413 de
2922 4368 2988 4411 re
3019 4348 3305 4418 sancivit,
3342 4347 3401 4407 vi
3436 4365 3690 4425 precum

302 4456 361 4511 et
386 4451 839 4514 invocationem
869 4455 1207 4535 quidquam
1258 4456 1541 4537 deroget.
1605 4458 1966 4519 Secundum
2029 4475 2229 4537 genus
2285 4461 2531 4535 spectat
2583 4451 2848 4516 Joannis
2908 4449 3283 4526 baptismus,
3337 4445 3439 4506 cui
3468 4444 3689 4505 remis-

298 4550 529 4610 sionem
566 4560 945 4628 peccatorum
980 4556 1083 4630 qui
1113 4556 1388 4619 tribuere
1436 4557 1683 4631 uolunt,
1748 4576 1856 4618 eos
1886 4556 2103 4637 Cyrilli
2162 4554 2474 4617 sententia
2506 4553 2677 4614 feriri
2727 4549 3120 4631 pronuntiat.
3181 4546 3382 4607 Aliter
3434 4545 3689 4622 quidem

297 4666 370 4709 ea
395 4650 473 4709 de
507 4667 569 4710 re
592 4650 793 4711 multis
822 4651 1103 4714 Patribus
1125 4654 1350 4735 visum,
1383 4655 1568 4717 aliter
1616 4654 1803 4716 hodie
1865 4656 2183 4737 plerisque
2244 4652 2559 4731 theologis
2601 4651 2853 4713 videtur
2903 4667 2918 4707 :
2954 4647 3058 4707 sed
3121 4643 3461 4722 unicuique
3494 4642 3692 4703 libera

298 4745 480 4807 datur
505 4749 765 4827 eligendi
793 4751 985 4830 optio,
1045 4753 1228 4813 modo
1279 4771 1358 4813 ne
1413 4754 1676 4816 Joannis
1727 4754 2043 4834 baptismo
2096 4752 2383 4814 eamdem
2442 4758 2505 4811 et
2561 4767 2771 4831 parem
2832 4747 2956 4807 vim
2993 4762 3065 4805 ac
3124 4750 3341 4802 nostro
3389 4741 3684 4813 ascribat,

298 4846 458 4923 quod
490 4864 526 4906 a
563 4848 787 4925 Cyrillo
844 4851 1203 4929 ceterisque
1260 4852 1553 4912 Patribus
1606 4853 1881 4913 alienum
1939 4852 2220 4930 synodus
2273 4849 2646 4912 Tridentina
2703 4846 2820 4907 sub
2870 4843 3278 4905 anathemate
3335 4838 3682 4900 damnavit.

298 4945 525 5005 Catera
557 4964 673 5006 non
708 4948 921 5008 melius
950 4948 1170 5010 Riveto
1225 4951 1616 5025 succedunt;
1682 4952 1848 5013 velut
1884 4970 2026 5013 cum
2087 4949 2310 5028 objicit
2368 4950 2568 5009 multa
2617 4946 2785 5025 apud
2819 4962 2934 5003 nos
2967 4936 3304 5000 interdicta
3360 4956 3395 4996 a
3449 4937 3685 5016 Cyrillo

301 5043 567 5122 praecipi,
602 5052 666 5105 ut
695 5064 917 5125 corpus
974 5048 1212 5108 Domini
1272 5049 1460 5110 etiam
1526 5049 1672 5111 laici
1732 5069 1916 5110 manu
1983 5048 2351 5127 suscipiant,
2410 5044 2667 5107 calicem
2731 5042 2971 5104 bibant.
3036 5044 3097 5095 et
3132 5036 3379 5095 residuo
3409 5034 3469 5095 in
3506 5035 3689 5097 labiis

298 5140 549 5202 humore
578 5146 785 5205 oculos
816 5155 876 5206 et
907 5153 1162 5206 caateros
1192 5165 1409 5207 sensus
1474 5148 1810 5224 perlinant.
1863 5148 2013 5221 Quis
2074 5165 2197 5206 non
2233 5144 2402 5206 videt
2477 5147 2612 5205 haec
2670 5140 2885 5202 omnia
2931 5134 3101 5198 aliud
3157 5134 3310 5193 nihil
3389 5153 3521 5194 esse
3572 5133 3690 5194 nisi

296 5240 441 5301 ritus
480 5249 538 5304 et
567 5245 974 5314 cerimonias,
1012 5262 1151 5322 qum
1180 5245 1239 5305 in
1299 5246 1578 5308 Ecclesia
1638 5248 1862 5309 Latina
1922 5245 2151 5324 partim
2209 5244 2509 5313 desueta,
2565 5240 2791 5319 partim
2853 5245 3023 5296 certo
3076 5233 3337 5294 Consilio
3405 5240 3687 5306 mutatae,

294 5357 596 5419 nunquam
623 5353 826 5405 tamen
856 5350 968 5403 aut
996 5343 1054 5402 in
1088 5346 1361 5423 antiquis
1391 5347 1711 5408 damnata
1743 5348 2021 5413 fuerunt,
2055 5352 2167 5405 aut
2221 5344 2285 5403 in
2344 5343 2598 5411 Graecis,
2651 5340 2759 5417 qui
2817 5353 3032 5396 earum
3104 5341 3344 5409 partem
3405 5332 3687 5409 aliquam

291 5441 543 5502 retinent
571 5445 793 5516 ?Quod
824 5451 1037 5504 autem
1071 5443 1144 5501 de
1194 5446 1661 5522 Scripturarum
1699 5464 1941 5505 canone
1980 5443 2197 5523 Cyrilli
2252 5460 2394 5502 cum
2440 5439 2732 5501 Erclesiis
2794 5431 3146 5495 reformatis
3178 5431 3680 5502 consensionem,

293 5540 668 5604 aCathulicis
712 5562 859 5603 vero
889 5541 1330 5603 dissen~ionem
1359 5544 1560 5621 jactat
1617 5563 1758 5603 eum
1813 5543 1946 5604 falli
1992 5552 2056 5602 et
2114 5543 2329 5601 fallere
2385 5542 2897 5600 demonstramus
2952 5533 3201 5590 dissert.
3252 5546 3342 5598 Ill,
3405 5547 3542 5605 cap.
3583 5531 3679 5600 l3,

296 5658 455 5703 num.
489 5644 583 5706 95.
632 5643 942 5706 Similiter
970 5658 1111 5718 qum
1140 5648 1435 5704 adversus
1493 5643 1865 5704 traditiones
1912 5648 1973 5704 et
2032 5639 2800 5703 transsubstantiationem
2864 5633 3172 5692 violenter
3223 5628 3577 5706 detorquet,
3618 5624 3681 5684 ni
