4052 6364
356 289 438 350 !9
1842 281 1956 341 PR.

2233 281 2293 342 3.
3736 279 3833 342 ,ο

357 423 581 485 eadem
613 417 1054 480 dissertatione
1075 415 1481 478 vindicamus
1520 431 1665 494 cap.
1718 416 1776 486 9,
1845 414 1942 484 10,
1999 413 2094 474 13.
2153 413 2572 486 Quamobrem
2632 417 2867 478 omisso
2925 414 3152 480 Riveto
3209 414 3291 478 ad
3323 414 3644 480 editiones
3678 418 3826 495 Cy-

356 523 481 584 rilli
507 523 858 581 redeamus.

438 623 569 682 ΧΙΙ.
607 617 824 680 Eiin’o
855 612 1198 695 Anglic/ma
1257 613 1380 675 vm’
1427 613 1504 675 cl.
1572 611 1805 674 Thomas
1855 609 2083 673 Milles.
2145 647 2220 659 --
2275 615 2567 675 Nondum
2625 615 2791 675 idem
2852 614 3086 692 Cyrillo
3145 615 3574 694 contingeret,
3615 617 3815 695 quod

359 719 579 780 multis
604 726 817 776 nostra
855 721 1242 791 l’atrumque
1273 712 1580 772 memoria
1629 710 2064 789 st-riptoribus,
2126 719 2196 770 ut
2251 714 2642 773 accuratiore
2696 713 3009 775 industria
3065 714 3415 773 illustratus
3476 716 3818 792 prodiret.

359 816 532 880 Nihil
597 815 918 874 habebant
975 811 1332 890 superiores
1387 810 1693 870 editiones
1753 819 1981 887 praeter
2040 808 2382 873 Calechrses
2439 822 2500 870 et
2553 811 2898 888 Epistulam
2953 816 3036 872 ad
3077 811 3518 876 Constantium.
3590 817 3822 876 Nemo

357 917 700 991 collegerat
753 929 896 991 quas
953 911 1068 970 sub
1125 908 1341 986 Cyrilli
1377 907 1630 967 nomine
1707 909 2020 977 feruntur,
2074 907 2248 967 velut
2295 907 2607 970 humilium
2665 911 2725 968 in
2785 909 3232 990 [lg/palmulam,
3293 910 3658 992 Epistulam
3723 915 3824 974 ad

358 1014 804 1092 Augustinum;
847 1027 1031 1069 nemo
1065 1007 1329 1066 latentia
1358 1006 1418 1064 in
1455 1005 1856 1066 bibliothecis
1890 1005 2244 1082 fragmenta
2277 1015 2551 1068 eruerat.
2609 1007 2700 1068 Ad
2750 1008 2908 1086 haec,
2967 1015 3301 1068 contextus
3361 1011 3515 1069 mire
3579 1010 3822 1072 defor-

360 1122 584 1179 matus,
615 1111 806 1170 nasvis
839 1115 1086 1168 scatens
1143 1103 1604 1184 interpretatio,
1659 1103 1849 1163 nullas
1903 1104 2482 1165 animadversiones
2539 1125 2681 1185 qum
2741 1110 3000 1168 vulnera
3059 1114 3378 1180 sanarent,
3415 1108 3636 1168 lucem
3695 1111 3820 1170 ob-

356 1211 554 1271 scuris
583 1209 828 1269 darent.
863 1210 1044 1268 Hanc
1074 1221 1330 1283 operam
1364 1201 1638 1281 suscepit
1669 1220 1764 1262 νιν
1791 1201 1945 1263 clar.
2004 1202 2284 1263 Thomas
2361 1204 2576 1282 Milles,
2611 1205 2950 1282 theologia;
3004 1205 3453 1266 baccalaureus
3510 1226 3594 1268 ex
3647 1211 3816 1271 Ede

357 1307 585 1368 Christi
625 1305 871 1384 collegii
905 1304 1297 1364 Uxoniensis.
1324 1300 1567 1362 Prodiit
1593 1299 1730 1378 ejus
1768 1299 1961 1360 editio
1992 1301 2252 1361 Oxoniaa
2305 1300 2555 1362 theatro
2613 1301 3064 1373 Sheldoniano,
3123 1303 3426 1382 impensis
3481 1305 3815 1368 lticbardi

357 1407 534 1478 Sare,
569 1405 831 1484 bibliop.
871 1402 1162 1470 Londin.,
1195 1419 1297 1460 an.
1355 1402 1613 1468 1703,80
1644 1398 2084 1458 characterum
2143 1399 2348 1460 nitore
2403 1406 2464 1460 et
2521 1400 2741 1461 charte
2793 1401 3152 1479 splendore,
3215 1399 3368 1461 nihil
3406 1410 3473 1461 ut
3527 1405 3816 1484 elegan-

358 1504 481 1565 tius
511 1504 742 1582 requiri
780 1501 992 1582 possit.
1030 1499 1099 1560 In
1142 1499 1260 1558 hac
1317 1497 1616 1570 editione,
1666 1505 1901 1576 praeter
1954 1497 2151 1557 citata
2200 1497 2332 1576 jam
2390 1517 2609 1577 opera,
2661 1501 2975 1560 accedunt
3031 1506 3211 1559 eruta
3267 1519 3344 1560 ex
3375 1500 3814 1568 bibliothecis

356 1603 736 1680 fragmenta,
763 1599 1075 1679 imprimis
1108 1601 1530 1673 fragmentum
1571 1596 1848 1656 homilim
1905 1599 1972 1654 in
2027 1595 2448 1674 Paralyucum
2498 1597 2578 1658 ad
2621 1596 2912 1678 piscian
2953 1597 3270 1678 jacentem,
3330 1606 3464 1659 tum
3500 1601 3807 1677 primum

355 1720 432 1763 ex
507 1721 654 1760 mss.
729 1701 967 1759 editum
1073 1713 1087 1755 :
1169 1695 1441 1756 Historia
1546 1695 1944 1756 ecclesiastica
2003 1704 2062 1754 et
2154 1695 2588 1776 myslagogica,
2701 1695 2831 1756 sive
2909 1697 3164 1757 Theoria
3260 1701 3706 1779 mysteriorum
3789 1725 3810 1766 :

355 1801 524 1880 quod
554 1819 712 1878 opus
743 1797 1072 1865 Millesius,
1105 1812 1246 1855 cum
1280 1793 1574 1855 Germani
1617 1794 1735 1855 ΟΡ.
1769 1793 2052 1872 episcopi
2103 1811 2239 1854 esse
2295 1796 2504 1864 sciret,
2567 1813 2710 1855 cum
2765 1795 2997 1874 Cyrillo
3056 1805 3268 1856 tamen
3301 1797 3631 1858 elendum
3675 1821 3803 1881 pu-

356 1899 533 1966 tavit,
567 1899 718 1975 quia
783 1895 919 1974 ejus
978 1893 1219 1954 nomini
1291 1893 1609 1953 nonnullis
1679 1893 1742 1952 in
1800 1892 1975 1952 libris
2039 1893 2361 1954 tribuitur.
2427 1897 2570 1955 Hmc
2624 1895 2839 1954 omnia
2870 1894 2952 1954 ad
3015 1912 3160 1954 mss.
3235 1896 3484 1955 coiices
3563 1917 3809 1961 emen-

354 1995 528 2062 data.
560 1995 998 2073 interpretatio
1032 1994 1360 2070 castigata,
1397 1998 1730 2050 contextus
1755 1990 1816 2050 in
1848 2008 2144 2050 numeros
2175 1991 2306 2051 sive
2364 1991 2665 2052 articulos
2716 1993 2970 2054 incisus.
3028 1993 3373 2069 Scriptura;
3415 1996 3810 2062 testimonia

356 2095 696 2172 diligenter
752 2100 990 2163 notata,
1045 2091 1284 2151 indices
1333 2089 1597 2168 copiosi,
1631 2090 1988 2150 accuratior
2017 2089 2078 2148 in
2139 2089 2329 2150 vitam
2378 2097 2439 2150 et
2495 2092 2728 2169 scripta
2773 2091 2988 2169 Cyrilli
3024 2092 3312 2169 prmfatio
3378 2112 3393 2166 ;
3436 2094 3518 2152 de
3551 2098 3810 2175 quibus

357 2193 652 2255 omnibus
682 2191 767 2251 sic
799 2191 1026 2252 dicam.
1063 2196 1131 2250 ut
1163 2207 1275 2248 nec
1307 2188 1638 2248 Millesium
1670 2189 1918 2247 debitus
1965 2187 2260 2248 laudibus
2303 2188 2698 2259 defraudem,
2755 2208 2866 2249 nec
2899 2197 3106 2250 tamen
3143 2209 3285 2270 quae
3343 2190 3480 2269 ejus
3516 2196 3808 2259 editioni

354 2292 581 2355 desunt
614 2293 905 2351 reticeam
944 2308 958 2361 ;
995 2289 1273 2367 postulat
1302 2286 1468 2346 enim
1502 2287 1770 2346 instituti
1827 2286 1948 2346 mei
2005 2287 2190 2359 ratio,
2229 2295 2295 2348 ut
2341 2306 2453 2348 nec
2511 2289 2648 2364 ejus
2682 2290 2894 2349 labore
2947 2288 3213 2349 multum
3277 2290 3353 2350 de
3387 2308 3534 2353 meo
3571 2293 3807 2358 detra-

353 2399 521 2453 ctum
561 2391 745 2450 fuisse
777 2389 1038 2459 inficier,
1077 2406 1188 2447 nec
1216 2387 1414 2446 multa
1461 2385 1612 2445 mihi
1646 2386 1722 2443 ad
1758 2385 2213 2445 elaborandum
2251 2387 2468 2447 relicta
2511 2387 2926 2449 dissimulem.

433 2491 595 2551 Xlll.
628 2487 954 2548 Judicium
983 2485 1053 2546 de
1111 2486 1443 2562 \nglicana
1495 2483 1776 2545 editione.
1830 2518 1906 2529 —
1957 2483 2124 2544 Nihil
2183 2484 2302 2544 sibi
2342 2485 2743 2546 doctissimus
2790 2486 2996 2546 editor
3053 2486 3376 2566 antiquius
3434 2488 3530 2551 ait
3593 2495 3804 2556 fuisse

355 2607 544 2668 quam
584 2593 650 2647 ut
681 2598 1045 2646 contextum
1109 2586 1420 2654 Graseum,
1478 2583 1826 2662 praesertim
1887 2581 2297 2654 Calecheseon,
2360 2601 2588 2662 purum
2647 2591 2711 2644 et
2759 2583 3206 2645 intaminatum
3247 2586 3483 2647 ederet.
3543 2590 3802 2660 Quam-

351 2687 568 2750 obrem
621 2705 764 2745 eum
820 2694 883 2745 et
940 2702 1082 2744 cum
1134 2681 1568 2760 superioribus
1624 2681 2007 2741 editionibus
2062 2689 2126 2742 et
2181 2699 2324 2742 cum
2387 2700 2530 2741 mss.
2592 2681 2843 2742 duobus
2917 2683 3011 2743 vel
3071 2683 3274 2743 tribus
3333 2687 3644 2757 contulit.
3711 2692 3796 2753 de

351 2787 582 2866 quibus
629 2793 765 2863 post
800 2784 963 2843 hanc
997 2781 1429 2860 praefationem
1467 2781 1672 2840 dicam
1695 2779 1758 2839 in
1791 2779 2079 2840 codicum
2117 2781 2362 2840 notitia.
2397 2783 2633 2842 Harum
2685 2781 2966 2840 omnium
3032 2799 3105 2841 ac
3140 2783 3455 2862 praecipue
3486 2787 3802 2851 codicum

355 2903 502 2946 mss.
581 2884 769 2944 varia}
851 2883 1147 2941 lectiones
1243 2881 1408 2939 inter
1476 2886 1842 2938 contextum
1934 2883 1996 2938 et
2066 2885 2272 2938 notas-
2320 2879 2500 2938 lineis
2574 2885 2772 2938 totam
2846 2879 3242 2939 latitudinem
3316 2887 3803 2961 occupantibus

353 2984 702 3044 collocatae.
747 2982 853 3040 sed
888 2985 1060 3038 tanta
1105 2977 1428 3056 religione.
1460 2985 1527 3036 ut
1568 2995 1644 3035 ne
1702 2975 2046 3036 levissimas
2075 2977 2330 3054 quidem
2364 2983 2424 3034 et
2455 2995 2492 3036 a
2553 2975 2949 3036 librariorum
3004 2977 3231 3038 inscita
3289 2979 3616 3057 profectas
3681 3003 3798 3047 ne-

353 3083 640 3160 glexerit.
701 3079 929 3140 Melius
1001 3078 1168 3135 hunc
1230 3077 1458 3142 locum,
1525 3093 1663 3134 mea
1711 3074 1963 3150 quidem
2024 3075 2356 3146 sententia,
2411 3076 2650 3137 sortitas
2701 3075 2983 3144 fuissent.
3047 3096 3188 3155 quae
3241 3096 3315 3138 ex
3384 3080 3799 3146 Grodeciana

351 3179 874 3258 interpretatione
905 3195 1045 3236 cum
1075 3175 1259 3234 editis
1289 3183 1653 3249 comparata
1711 3181 2040 3232 eruuntur.
2077 3175 2210 3232 Non
2275 3192 2474 3252 pauca
2523 3178 2757 3234 sanein
2818 3183 3115 3235 contextu
3168 3178 3556 3247 emendavit,
3595 3181 3796 3261 idque

353 3278 590 3338 lectore
621 3294 868 3354 semper
916 3274 1245 3333 admonito
1279 3291 1292 3344 ;
1321 3275 1424 3332 sed
1459 3271 1658 3332 multa
1691 3290 1832 3331 eum
1871 3270 2249 3343 fefellerunt,
2287 3273 2484 3332 multa
2545 3275 2823 3352 prudens
2880 3281 2942 3334 et
2979 3273 3178 3333 sciens
3213 3275 3490 3354 reliquit,
3526 3297 3680 3358 qum
3712 3301 3793 3343 ex

350 3376 538 3436 variis
573 3375 944 3434 lectionibus
1009 3372 1089 3432 ab
1137 3390 1211 3432 eo
1242 3371 1553 3450 appositis
1624 3369 1948 3430 emendari
2022 3377 2336 3449 poterant.
2373 3372 2566 3448 Cujus
2623 3373 2710 3433 rei
2779 3363 3142 3450 exemplum
3204 3373 3397 3434 babes
3428 3379 3690 3439 catech.
3729 3383 3797 3454 4,

350 3493 523 3536 num.
562 3477 658 3537 21.
697 3475 844 3532 edit.
881 3477 1057 3531 ()xon
1097 3517 1111 3542 ,
1143 3481 1372 3532 nostrae
1404 3469 1504 3535 35.
1540 3475 1602 3529 et
1632 3468 1874 3529 catech.
1901 3470 1998 3538 23,
2038 3488 2211 3528 num.
2245 3471 2280 3530 5
2314 3478 2375 3530 et
2403 3473 2463 3542 6,
2499 3472 2650 3531 edit.
2680 3473 2908 3541 Oxon.,
2948 3480 3188 3533 nostra
3236 3473 3374 3542 7-9,
3420 3474 3481 3534 in
3540 3479 3792 3558 quibus

349 3577 723 3655 perturbata
770 3572 1104 3630 verborum
1161 3569 1569 3633 constructio,
1619 3587 1692 3628 ex
1746 3568 2125 3628 lectionibus
2174 3571 2482 3647 appositis
2531 3569 2589 3628 in
2641 3569 2956 3640 integrum
3009 3571 3251 3632 restitui
3303 3580 3556 3651 poterat
3621 3593 3636 3648 ;
3678 3597 3804 3639 nec

348 3677 558 3732 tamen
593 3672 938 3749 quidquam
1017 3677 1355 3728 mutatum.
1409 3669 1568 3740 Quin
1626 3667 1814 3726 etiam
1869 3667 1929 3726 in
1990 3669 2158 3726 notis
2206 3670 2511 3729 nonnulla
2544 3680 2995 3732 commemolat
3051 3689 3088 3731 a
3139 3690 3202 3729 se
3233 3672 3600 3741 emendata,
3638 3695 3791 3754 qua

353 3779 561 3831 tamen
600 3791 657 3828 in
697 3779 894 3838 textu,
933 3768 1140 3828 nescio
1173 3787 1299 3844 quo
1334 3779 1537 3844 pacto,
1603 3767 1820 3826 eadem
1889 3774 2275 3842 manserunt,
2339 3767 2510 3826 Velut
2541 3772 2782 3829 catech.
2848 3777 2904 3837 3,
2944 3788 3126 3830 num.
3189 3771 3249 3845 7,
3286 3777 3348 3826 et
3406 3770 3666 3832 catech.
3733 3781 3798 3848 6,

352 3889 526 3930 num.
574 3877 657 3928 Π.
701 3867 1228 3942 lnterspirationis
1261 3877 1427 3926 notas
1486 3865 1545 3924 in
1613 3866 1727 3924 hac
1760 3865 2032 3925 editione
2070 3865 2270 3922 multo
2329 3865 2691 3941 diligentius
2724 3885 2913 3942 quam
2977 3869 3037 3926 in
3101 3865 3540 3942 superioribus
3577 3869 3804 3934 obser-

356 3978 516 4028 vatas
554 3988 566 4028 :
603 3967 916 4024 interdum
982 3965 1188 4023 minus
1245 3965 1702 4024 animadve-sm
1737 3964 2036 4021 editorem
2075 3972 2412 4023 torserunt.
2449 3970 2510 4022 et
2567 3964 2644 4021 ad
2710 3964 3150 4022 medicandum
3215 3962 3367 4022 locis
3424 3963 3704 4045 integris
3737 3980 3802 4034 et,

355 4067 526 4126 sauia.
557 4065 944 4123 induxerunt
977 4078 990 4120 :
1028 4063 1167 4118 vide
1199 4067 1322 4119 cat.
1366 4063 1460 4128 t1,
1497 4079 1559 4118 n.
1593 4063 1652 4118 4.
1689 4062 1996 4119 Οῶιρνυηι
2039 4059 2299 4118 Joannis
2359 4061 2618 4129 Potteri,
2654 4060 2761 4138 qui
2798 4061 3038 4118 mendis
3072 4061 3516 4139 typographiaa
3549 4085 3796 4146 expur-

354 4165 580 4244 gandis
614 4163 886 4240 praefuit,
925 4165 1096 4218 tanta
1132 4158 1369 4214 exstitit
1401 4156 1754 4232 diligentia,
1795 4167 1856 4214 ut
1891 4159 1951 4215 in
2017 4157 2132 4215 hoc
2192 4176 2442 4235 genere,
2477 4157 2540 4216 in
2603 4177 2732 4235 quo
2767 4159 2891 4218 labi
2953 4167 3015 4218 et
3075 4178 3286 4218 errare
3349 4163 3638 4238 prOCHVB
3674 4175 3792 4241 est,

353 4267 450 4328 vix
487 4279 767 4340 unquam
802 4257 1104 4317 otl‘endat.
1171 4262 1359 4316 Nmas
1419 4257 1956 4332 interpretationis
2017 4257 2452 4316 necessitatem
2517 4257 2666 4316 vidit
2705 4259 3013 4318 Millesius
3069 4279 3082 4330 ;
3146 4277 3260 4317 cur
3293 4259 3460 4320 hunc
3499 4261 3791 4327 laborem

351 4383 475 4423 non
511 4359 879 4436 auset-perit,
917 4357 1160 4434 ignoro.
1195 4354 1655 4416 Gmdecianam
1723 4355 1934 4413 multis
1967 4354 2072 4414 ille
2130 4354 2384 4432 quidem
2422 4355 2574 4415 locis
2631 4356 3039 4430 emendavit;
3104 4358 3209 4416 sed
3247 4357 3304 4416 in
3343 4358 3553 4419 multo
3587 4363 3792 4441 pluri-

349 4461 467 4522 bus
499 4473 604 4518 aut
642 4476 893 4535 prorsu~
927 4455 1256 4523 inoo-natis,
1303 4461 1412 4512 aut
1445 4477 1471 4510 ἑο
1509 4456 1728 4514 Graeco
1761 4453 2268 4530 discrepantibus
2299 4454 2601 4514 intactam
2667 4456 2917 4532 reliquit
2974 4456 3132 4528 Quin
3195 4458 3384 4516 etiam
3421 4461 3500 4516 ad
3542 4479 3789 4534 naevos,

351 4576 572 4636 qnosa
613 4554 898 4615 νηνυίίυ
932 4554 992 4612 in
1026 4571 1164 4611 eam
1218 4551 1512 4636 inductos
1571 4552 1819 4622 retinet,
1881 4549 2044 4610 alios
2103 4554 2340 4628 adjecit
2405 4559 2470 4612 ut
2531 4553 2834 4632 Cyrillum
2898 4557 2973 4613 ad
3034 4553 3342 4614 Albertini
3401 4561 3790 4619 scntentiam

353 4659 640 4734 ﬁngeret.
676 4658 828 4714 'I'am
867 4661 1103 4712 textum
1136 4669 1326 4731 quam
1391 4649 1973 4728 interpretationem
2035 4651 2094 4708 in
2133 4669 2427 4710 numeros
2459 4653 2587 4711 sive
2645 4651 3079 4730 paragraphos
3111 4654 3427 4712 distribuit
3463 4673 3478 4723 ;
3515 4656 3576 4714 id
3614 4657 3788 4735 quod

355 4755 415 4814 in
450 4753 880 4830 superioribus
912 4749 1296 4809 editiontbus
1325 4749 1562 4807 deerat.
1601 4749 1720 4809 Sed
1761 4748 1954 4807 miror
2012 4747 2071 4806 in
2111 4749 2229 4808 hac
2289 4751 2503 4808 deesse
2573 4757 2760 4808 notas
2794 4750 2956 4817 illus,
3020 4767 3160 4822 quae
3218 4750 3278 4808 in
3340 4751 3476 4809 istis
3508 4757 3586 4811 ad
3628 4773 3789 4814 mar-

360 4853 567 4930 gimm
605 4850 936 4927 appositas,
973 4867 1071 4907 res
1128 4847 1568 4905 obserVatione
1627 4847 1872 4923 dignas,
1935 4859 1997 4905 et
2054 4865 2364 4906 summam
2427 4855 2953 4920 argumentorum
3015 4849 3397 4908 Indicabunt.
3434 4851 3786 4930 Scriptura

358 4958 450 5010 tes
487 4955 741 5015 imoma,
781 4966 921 5026 qua;
984 4945 1252 5005 tiirillus
1313 4943 1522 5014 refert,
1587 4944 1682 5003 vel
1742 4945 1921 5022 quasi
1984 4944 2348 5020 praetexi-us
2406 4947 2714 5024 designat,
2760 4947 3101 5022 diligenlvr
3160 4949 3236 5004 ad
3276 4951 3628 5025 marginem
3666 4971 3783 5012 no-

357 5056 596 5116 tantur,
633 5051 720 5103 sic
764 5063 969 5104 latnt-li
1035 5054 1102 5104 ut
1163 5043 1364 5102 labori
1423 5051 1638 5102 nostro
1670 5061 1792 5102 non
1832 5061 2028 5120 pauc-a
2075 5043 2392 5122 reliquerit
2453 5061 2466 5106 :
2528 5063 2600 5104 ea
2665 5045 3006 5122 praesertim
3073 5063 3220 5122 quae
3285 5046 3496 5105 Gtaace
3529 5055 3778 5108 tantum

355 5146 689 5210 exstantia,
727 5155 826 5201 aut
868 5145 926 5202 in
965 5144 1236 5219 Vulgata
1269 5159 1409 5199 cum
1469 5140 1702 5219 insigni
1745 5141 2110 5200 diversitate
2171 5144 2392 5218 posita,
2451 5141 2744 5200 lectorem
2777 5145 3009 5203 fallunt
3073 5163 3084 5200 :
3152 5161 3266 5200 nec
3301 5154 3509 5203 tamen
3546 5147 3621 5205 iis
3655 5163 3778 5204 non

353 5246 828 5312 animadversis,
866 5241 1076 5318 Lyrilli
1138 5239 1510 5299 sententiam
1575 5241 1772 5316 possis
1831 5240 2102 5318 assequi.
2151 5240 2305 5300 Vide
2361 5240 2549 5320 hujus
2598 5242 2686 5302 rei
2730 5246 3018 5321 exempla
3056 5240 3333 5314 Procat.,
3382 5261 3443 5302 η.
3481 5247 3561 5316 7;
3599 5243 3774 5322 cati,

354 5346 772 5405 n.5zcat.ti.
811 5343 1155 5410 n.2;cat.
1188 5340 1246 5408 8,
1283 5339 1605 5412 n.6;22,
1641 5341 1791 5400 n.7.

435 5441 566 5503 XIV
631 5441 693 5500 ln
729 5437 1279 5499 observationibus
1336 5443 1398 5496 et
1457 5438 1618 5496 notis
1681 5437 2174 5498 moderationem
2236 5436 2430 5497 animi
2483 5443 2545 5498 et
2597 5439 3013 5498 eruditionem
3077 5437 3321 5498 laudes.
3390 5439 3612 5498 Editor
3643 5458 3770 5500 non

359 5544 729 5608 catholicus,
808 5539 961 5598 nihil
1021 5537 1082 5596 in
1127 5536 1487 5596 Catliolicos
1519 5555 1762 5614 aspere.
1819 5536 1977 5598 nihil
2028 5535 2480 5596 contumeliose
2529 5537 2698 5596 dicit.
2771 5536 3060 5598 Ecclesiae
3117 5538 3446 5596 catholicas
3508 5555 3768 5614 operam

356 5648 547 5701 natat
603 5640 665 5700 in
726 5635 1178 5699 confirmandis
1237 5633 1521 5714 pluribus
1577 5633 1899 5710 ins:itutis,
1960 5643 2028 5696 ut
2069 5635 2249 5714 signo
2279 5635 2504 5710 crucis,
2553 5633 3526 5709 exorcismis,insufﬂationibus,
3565 5636 3765 5714 preci-
