4052 6394
306 6298 361 6305 ν’
410 6296 459 6317 air?
546 6308 551 6311 ι

257 311 329 376 li
1776 318 2222 383 PREFATIO.
3647 330 3726 389 22

238 448 361 510 bns
390 466 508 527 pro
536 454 854 522 mortuis,
894 472 1045 533 qum
1090 454 1405 536 plerisque
1464 457 1973 517 Protestantibus
2026 456 2318 517 videntur
2374 474 2560 529 nova,
2606 474 2747 519 cum
2776 456 2901 519 sint
2931 459 3333 539 perantiqua.
3366 462 3717 549 Scriptores

238 548 621 617 catholicos.
694 551 765 611 in
835 552 942 613 his
972 555 1254 616 sodalitii
1310 556 1508 616 uo-tri
1558 556 1903 616 monachos
1951 555 2412 635 perhonorifice
2458 575 2708 635 semper
2762 558 3089 636 appellat;
3123 548 3467 639 eorumque
3499 568 3722 624 aucto-

229 645 418 705 ritate
447 647 705 726 sepius
740 651 961 712 utitur
1020 672 1213 732 quam
1248 672 1525 714 suorum.
1589 653 1984 715 Catholicam
2023 671 2158 715 esse
2198 654 2469 731 jurares,
2507 656 2558 714 si
2589 654 2729 714 aliis
2758 656 2820 715 in
2859 658 3009 716 locis
3037 676 3296 737 operam
3330 679 3453 719 non
3488 669 3722 725 tereret

225 743 286 805 in
316 744 802 823 impugnanda
835 750 933 832 (a)
986 752 1295 813 clericalis
1325 753 1733 832 continentia
1805 753 1965 831 lege,
2001 752 2351 832 permiscen
2367 753 2458 813 dis
2514 754 2601 835 (ὁ)
2659 754 2954 834 δειρῖὶεωὶ
2985 762 3048 815 et
3080 758 3468 833 paenitentiae
3503 759 3713 819 diver-

225 842 302 903 sis
332 842 891 921 characteribus,
924 857 990 911 et
1022 851 1397 911 testimoniis
1435 852 1516 933 (ιι)
1564 852 1925 931 prmsentiaa
1972 852 2157 912 realis
2190 851 2575 930 perabsurde
2623 854 2955 914 eludentis.
3012 859 3181 915 Inest
3228 856 3445 916 iisdem
3501 859 3715 918 obser-

226 942 605 1006 vationibus
670 967 817 1008 non
857 950 1200 1010 mediocris
1254 951 1653 1030 antiquitatis
1709 950 2034 1030 cognitio:
2097 951 2205 1011 sed
2237 957 2449 1012 tamen
2505 952 2660 1030 quid
2711 952 3017 1013 mibinon
3048 954 3353 1032 probetur
3374 975 3715 1033 exponam.

218 1041 484 1102 Videtur
522 1046 592 1106 1°
629 1064 775 1107 non
815 1049 982 1109 satis
1013 1055 1379 1110 constanter
1446 1051 1512 1111 in
1569 1049 1736 1110 notis
1780 1048 2178 1127 apponendis
2208 1050 2445 1110 versari
2521 1067 2535 1109 :
2573 1069 2716 1110 nam
2779 1049 2841 1110 in
2898 1051 3119 1128 primis
3144 1052 3224 1111 ad
3258 1053 3715 1115 l'luminandos

225 1141 688 1205 catecbesibus
723 1153 799 1206 et
834 1147 903 1206 iu
944 1149 1373 1226 mystagogica
1419 1149 1624 1228 prima
1682 1166 1840 1226 pene
1895 1148 2172 1208 luxuriat
2204 1167 2219 1222 ;
2281 1148 2342 1208 in
2399 1148 2539 1209 aliis
2566 1154 2803 1219 autem,
2838 1168 2981 1227 quae
3012 1169 3136 1210 non
3175 1153 3381 1212 minus
3437 1153 3718 1216 materia

228 1242 790 1321 suppeditabant,
833 1248 1302 1308 taediolaboris
1357 1249 1635 1327 quodam
1695 1248 1887 1307 modo
1930 1247 2199 1307 exaruit.
2234 1252 2300 1307 2°
2358 1247 2522 1309 Illud
2587 1248 2787 1307 multo
2842 1249 3121 1326 gravius,
3183 1250 3354 1328 quod
3408 1251 3469 1310 in
3528 1250 3717 1312 rebus

229 1340 517 1400 contritis
562 1347 638 1403 et
695 1344 1137 1422 pervulgatis,
1197 1345 1416 1422 quales
1446 1350 1596 1405 sunt
1630 1343 1902 1405 nominis
1946 1354 2095 1406 ante
2142 1344 2461 1423 baptisma
2521 1344 2718 1406 dandi
2750 1346 3166 1417 consuetudo,
3223 1348 3721 1410 abrenuntiatio-

238 1456 369 1509 nes,
397 1439 650 1516 triplex
688 1443 1062 1514 immersio,
1094 1448 1157 1503 et
1186 1443 1311 1503 alia
1370 1442 1760 1519 hujusmodi,
1820 1442 2056 1503 multus
2105 1450 2168 1504 et
2218 1443 2531 1504 disertus:
2567 1443 2633 1505 in
2692 1444 2909 1505 arduis
2966 1453 3178 1507 autem
3210 1453 3273 1506 et
3304 1447 3540 1525 spissis,
3575 1468 3717 1510 cum

250 1537 572 1616 scriptoris
601 1540 953 1602 sententia
981 1541 1361 1620 quibusdam
1417 1542 1610 1602 veluti
1643 1542 1921 1602 tenebris
1962 1541 2329 1615 involvitur,
2379 1549 2490 1603 aut
2536 1561 2575 1604 a
2622 1543 2944 1604 communi
2974 1545 3262 1605 doctrina
3314 1546 3569 1619 recedit,
3605 1553 3720 1608 aut

259 1655 298 1698 ι
347 1656 489 1697 vero
561 1638 637 1698 in
703 1641 910 1702 rebus
941 1640 1257 1702 historicis
1285 1642 1564 1715 aberrat,
1598 1650 1710 1703 aut
1764 1642 1828 1702 in
1861 1642 2145 1703 obscuris
2177 1643 2402 1704 ritibus
2433 1650 2741 1715 versatur,
2776 1644 2838 1703 in
2873 1644 2992 1715 his,
3018 1644 3303 1724 inquam,
3332 1646 3590 1725 jejunus
3622 1654 3720 1709 est

258 1740 317 1798 et
343 1754 500 1815 pene
530 1738 940 1801 taciturnus.
973 1743 1039 1801 3°
1080 1744 1291 1819 Neque
1353 1740 1512 1800 illud
1572 1740 1763 1801 etiam
1812 1759 1852 1801 a
1906 1741 2181 1802 Millesio
2220 1747 2610 1821 susceptum,
2644 1742 2814 1820 quod
2852 1749 3061 1803 tamen
3095 1743 3440 1804 lectoribus
3474 1745 3625 1805 utile
3656 1752 3720 1807 et

260 1832 642 1914 jucundum,
682 1843 759 1897 ut
820 1839 1037 1918 Cyrilli
1091 1840 1436 1918 Scriptura:
1493 1837 1776 1919 legendas
1831 1839 2141 1899 rationem
2187 1840 2576 1917 expenderet
2645 1839 2709 1898 in
2770 1839 2987 1900 multis
3024 1860 3061 1900 a
3105 1848 3316 1901 nostra
3348 1842 3720 1921 discrepan-

273 1940 393 1994 tem
428 1953 445 2007 ;
477 1943 544 1996 et
576 1955 733 2016 qua
760 1938 1035 2016 Cyrillus
1077 1957 1155 2000 ex
1194 1938 1608 2017 scriptoribus
1636 1945 1785 1998 natu
1848 1938 2220 2017 majoribus,
2280 1957 2430 2017 quae
2473 1938 2814 2016 scriptores
2865 1946 3018 2001 natu
3074 1941 3346 2002 minores
3376 1962 3453 2002 ex
3483 1943 3718 2022 Cyrillo

268 2031 771 2115 descripserunt,
802 2037 869 2097 in
901 2039 1111 2097 medio
1143 2043 1429 2116 poneret.
1476 2037 1543 2097 In
1603 2045 1923 2117 postremo
1982 2054 2215 2115 genere
2274 2042 2405 2098 tam
2455 2035 2868 2115 indiligenter
2915 2045 3204 2098 versatus
3259 2046 3374 2112 est,
3412 2047 3478 2099 ut
3511 2040 3717 2101 moni-

273 2137 371 2192 tus
398 2133 480 2193 ab
513 2134 731 2196 amico
764 2136 841 2196 de
871 2136 1149 2215 quadam
1205 2136 1421 2217 Cyrilli
1482 2136 1793 2196 sententia
1851 2135 1932 2196 ab
1981 2135 2315 2196 Anastasio
2377 2134 2653 2204 laudata,
2716 2136 2821 2194 diu
2882 2137 3211 2214 quaesitam
3247 2156 3363 2197 nec
3392 2139 3715 2200 inventam

274 2230 501 2310 Cyrillo
563 2233 955 2313 abjudicaiit
984 2255 998 2308 ;
1036 2253 1178 2313 qua
1211 2245 1416 2296 tamen
1444 2235 1505 2294 in
1539 2234 1853 2295 catechesi
1877 2234 2148 2312 septima
2176 2232 2384 2293 verbis
2411 2232 2908 2311 conceptissimis
2938 2234 3190 2311 legitur.

346 2333 478 2394 XV.
514 2334 742 2412 Uperis
798 2334 999 2405 initi»,
1062 2334 1231 2413 quod
1318 2333 1758 2395 Pembrochiie
1842 2338 1905 2393 et
1963 2330 2545 2393 Montis-Gomerici
2600 2331 2814 2392 comiti
2876 2341 3305 2412 nuncupatur,
3396 2336 3700 2397 Praelatio

272 2433 505 2513 legitur
533 2434 611 2495 de
641 2435 776 2494 vita
805 2444 869 2493 et
897 2433 1146 2512 scriptis
1193 2433 1430 2511 Cyrilli,
1467 2434 1544 2493 de
1605 2432 1795 2492 variis
1826 2431 2234 2503 editionibus,
2269 2448 2343 2490 ac
2375 2431 2629 2490 demum
2663 2431 2741 2490 de
2802 2430 3141 2492 Oxoniensi
3190 2432 3398 2493 brevis
3429 2442 3494 2494 et
3552 2434 3720 2496 dilu-

280 2533 443 2594 cida.
478 2536 675 2594 Erant
728 2533 793 2593 in
856 2532 1039 2594 rebus
1096 2533 1292 2611 gestis
1349 2532 1564 2611 Cyrilli
1624 2530 1945 2611 permulta
2004 2530 2310 2609 majorem
2370 2530 2434 2590 in
2499 2530 2754 2589 modum
2788 2532 3058 2591 obscura
3090 2532 3528 2611 c-timplicata,
3567 2554 3710 2613 quas

275 2632 640 2712 diligentius
700 2632 982 2707 expediri
1046 2638 1335 2711 poterant
1383 2631 1505 2704 ;de
1538 2629 1915 2709 scripturum
1967 2648 2224 2709 quoque
2276 2647 2563 2699 numero,
2613 2630 2898 2703 veritate,
2962 2631 3345 2709 integritate,
3382 2652 3423 2710 g
3466 2652 3611 2694 nere
3644 2640 3707 2695 et

274 2738 507 2792 natura
544 2732 801 2791 uberius
833 2732 1285 2810 disputandum
1333 2733 1557 2791 fuerat.
1592 2730 1889 2790 Veterum
1932 2729 2158 2789 deinde
2219 2728 2579 2788 testimonia
2635 2728 2697 2789 in
2762 2728 2966 2789 medio
3000 2733 3176 2808 ponit
3214 2751 3227 2790 :
3295 2734 3494 2792 multa
3553 2752 3706 2794 sane

279 2831 688 2911 conquisivit,
751 2850 873 2890 non
937 2842 1146 2892 tamen
1179 2831 1518 2909 occupavit
1573 2829 1810 2900 omnia,
1876 2836 1942 2889 ut
1998 2847 2076 2888 ex
2123 2828 2217 2887 hi~
2250 2846 2393 2907 quin
2425 2827 2797 2905 collegimus
2831 2829 3090 2906 patebit.
3126 2830 3220 2889 Ad
3255 2832 3488 2889 calcem
3530 2832 3708 2891 Vuln-

284 2930 470 2989 minis
502 2931 849 3008 apponitur
878 2935 940 2988 l°
975 2930 1227 2990 Ricberti
1284 2929 1430 2991 Coci
1489 2947 1755 2988 censura
1814 2928 1891 2988 de
1950 2929 2165 3007 Cyrilli
2226 2930 2302 2986 ad
2367 2927 2783 3004 Augustinum
2845 2930 3138 3005 epistola,
3200 2932 3367 2987 etde
3429 2932 3710 3009 quinque

285 3030 737 3109 mystagogicis
766 3028 1240 3099 catechesibus;
1301 3028 1589 3089 verailla
1648 3028 1926 3106 quidem,
1990 3037 2299 3107 quantum
2361 3029 2437 3085 ad
2500 3026 2862 3106 epistolam,
2922 3029 3039 3088 etsi
3098 3029 3158 3088 in
3194 3030 3543 3088 catholicos
3579 3050 3706 3089 ira-

278 3131 569 3202 cundior,
633 3132 712 3189 de
769 3128 1203 3188 catechesibus
1261 3135 1474 3188 autem
1538 3145 1793 3205 prorsus
1851 3126 2174 3198 absurda;
2236 3131 2301 3188 2°
2365 3125 2564 3185 Riveti
2596 3127 2671 3183 de
2702 3125 2935 3203 Cyrillo
2968 3126 3228 3203 ejusque
3261 3127 3705 3205 scriptisjudi-

278 3230 473 3305 cium,
507 3248 631 3288 non
670 3227 820 3287 satis
852 3229 1109 3305 dignum
1143 3228 1311 3305 quod
1364 3245 1403 3287 a
1457 3226 1723 3286 Millesio
1784 3226 1941 3285 tanti
1997 3226 2175 3286 ﬁeret
2211 3244 2223 3296 ;
2262 3232 2324 3281 κο
2358 3223 2629 3302 denique
2661 3225 2981 3285 Edmundi
3012 3225 3330 3285 Albertini
3364 3229 3438 3285 de
3473 3228 3713 3303 liyrillo

276 3330 561 3407 ejusque
591 3326 842 3405 scriptis
899 3327 1269 3404 disputatio,
1307 3344 1430 3386 non
1465 3333 1590 3384 tam
1643 3324 1999 3401 eXplicandi
2055 3324 2268 3402 Cyrilli
2304 3341 2497 3400 quam
2540 3323 2905 3394 exagitandi
2957 3332 3016 3383 et
3070 3324 3459 3401 depravandi
3496 3327 3712 3385 studio

277 3434 596 3504 suscepta.
632 3436 802 3502 Upus
833 3429 1031 3483 totum
1095 3424 1295 3484 indice
1330 3423 1558 3500 triplici
1621 3423 1961 3483 clauditur.
2014 3423 2260 3482 Primus
2310 3428 2371 3481 et
2425 3422 2769 3500 Scriptura
2805 3420 3306 3481 testimoniorum
3349 3440 3361 3494 ;
3398 3425 3710 3483 secundus

278 3529 688 3604 scriptorum,
746 3542 905 3602 quos
960 3524 1164 3583 editor
1220 3523 1281 3582 in
1341 3523 1470 3583 suis
1526 3522 2077 3583 observationibus
2135 3521 2355 3581 citavit
2411 3530 2474 3579 et
2533 3521 2915 3591 emendavit,
2979 3523 3269 3599 quuuvis
3330 3523 3487 3583 niuil
3553 3545 3707 3599 pene

280 3622 763 3691 emendaverit;
799 3624 1019 3681 tertius
1080 3639 1284 3680 rerum
1319 3622 1377 3680 in
1434 3628 1730 3681 contextu
1772 3628 1835 3680 et
1879 3622 2043 3680 uotis
2108 3618 2637 3694 memorabilium,
2702 3622 2899 3679 multo
2960 3640 3148 3698 quam
3185 3622 3243 3680 in
3279 3623 3708 3699 superioribus

286 3724 693 3790 edi'ionibus,
728 3732 1032 3799 quantum
1069 3723 1144 3780 ad
1178 3728 1543 3781 contextum
1581 3721 1824 3791 attinet,
1866 3719 2263 3796 locupletior.
2750 3732 2751 3735 ‘

361 3825 495 3887 XVI
578 3821 875 3881 editionis
938 3818 1545 3888 nustrz.c0risili'um,
1610 3853 1673 3865 -—
1724 3823 1818 3881 Ad
1873 3839 1947 3878 ea

2106 3835 2121 3878 ι
2157 3818 2215 3876 in
2249 3836 2282 3873 e
2312 3816 2526 3875 titione
2575 3815 2915 3875 onniensi
2961 3817 3164 3875 minus
3198 3819 3528 3877 commode
3566 3840 3706 3897 pro-

288 3925 421 3984 visa
460 3922 1056 3996 demonstravimus,
1119 3923 1271 3981 illud
1328 3919 1672 3979 accedebat
1733 3928 1797 3978 ut
1847 3920 1984 3993 ejus
2041 3916 2431 3994 exemplaria
2492 3913 2588 3974 his
2645 3914 2705 3973 in
2761 3915 3122 3991 regionibus
3170 3935 3308 3974 rara
3365 3916 3705 3978 admodum

289 4024 521 4101 vixque
551 4030 757 4081 essent
818 4021 1144 4096 parabilia.
1182 4019 1365 4081 Multi
1424 4020 1729 4077 suberant
1785 4016 2021 4076 stimuli
2085 4032 2265 4075 novre
2326 4013 2623 4073 editionis
2680 4013 3119 4089 suscipiendae.
3185 4014 3243 4072 iu
3285 4015 3502 4091 primis
3536 4035 3715 4076 amur

208 4180 214 4186 .
290 4122 549 4202 quidam
583 4128 645 4182 et
675 4122 1008 4179 admiratio
1040 4120 1251 4198 Cyrilli
1285 4136 1576 4194 Operam.
1639 4133 1779 4193 qum
1810 4122 2104 4175 accurate
2163 4113 2487 4172 emendari
2549 4119 2611 4170 et
2665 4113 2990 4182 itlu~trari,
3043 4132 3164 4170 non
3207 4118 3374 4185 parvi
3412 4114 3715 4176 interesse

289 4224 367 4281 ad
406 4240 535 4280 rem
569 4219 1054 4280 ecclesiasticam
1090 4217 1443 4277 videbatur.
1502 4216 1624 4275 Sed
1683 4214 2040 4274 deterrebat
2102 4212 2556 4271 mediociitatis
2617 4228 2769 4271 mem
2830 4212 3235 4273 conscientia.
3274 4232 3349 4270 ue
3385 4215 3711 4275 male-rium

288 4319 527 4380 viribus
557 4317 723 4378 haud
780 4334 1027 4396 mquam
1085 4332 1420 4376 sumerem.
1456 4314 1624 4373 Cessi
1684 4324 1934 4373 tandem
1974 4310 2456 4389 prasp0~itorum
2494 4308 2824 4379 voluntati,
2865 4312 3118 4369 monitis
3177 4310 3550 4381 amicorum,
3589 4332 3710 4372 non

288 4417 525 4480 invitus
560 4436 574 4487 ;
608 4435 878 4496 eumque
912 4415 1192 4475 laborem
1224 4412 1494 4491 suscepi.
1526 4412 1590 4472 in
1624 4430 1751 4491 quo
1812 4410 1964 4471 mihi
2023 4410 2300 4468 divinam
2355 4426 2543 4487 opem
2595 4409 2984 4480 adfuturam,
3050 4426 3274 4486 meque
3308 4410 3716 4473 suaviSsimos

289 4517 533 4579 fructus
567 4525 1004 4596 perceptarum
1038 4514 1395 4593 sperabam,
1431 4513 1483 4572 si
1517 4511 1669 4591 quid
1707 4511 1997 4571 Ecclesia
2029 4508 2363 4569 catholicas
2399 4525 2718 4568 navarem.

372 4616 558 4679 XVII.
601 4615 817 4677 Texta:
846 4614 1189 4676 emendatio.
1224 4645 1304 4659 —
1334 4610 1731 4690 Praecipuam
1794 4615 2034 4688 partem
2094 4606 2370 4685 suscepti
2415 4606 2690 4667 muneris
2722 4604 3100 4679 existimavi,
3164 4607 3451 4666 Graecum
3512 4625 3720 4668 exem-

295 4717 462 4796 plar,
493 4717 543 4775 si
577 4734 701 4794 qua
764 4715 1002 4775 ratione
1033 4711 1337 4791 οιοηερειυί
1394 4728 1668 4791 possem,
1728 4709 1816 4770 ita
1850 4726 2076 4787 puram
2140 4713 2201 4766 et
2255 4706 2708 4766 intaminatum
2759 4705 2966 4775 edere,
3028 4712 3327 4783 tanquam
3362 4725 3394 4766 e
3430 4707 3721 4770 manibus
3762 4786 3765 4789 _

294 4815 575 4877 auctoris
607 4814 906 4893 prodiret.
968 4812 1394 4885 Quamobrem
1454 4808 1638 4870 illud.
1699 4826 1891 4888 quam
1951 4805 2434 4884 diligentissime
2495 4804 2695 4882 potui,
2748 4821 2890 4863 cum
2927 4805 3723 4885 tirodeciauainterpreta—

296 4916 492 4985 tione,
528 4914 770 4975 Morelii
799 4920 862 4973 et
920 4911 1193 4971 Prevotii
1250 4908 1652 4977 editionibus,
1715 4925 1858 4967 cum
1920 4905 2246 4965 codicibus
2307 4902 2750 4981 manuscriptis
2807 4901 2869 4960 in
2934 4901 3050 4961 hac
3111 4902 3263 4961 urbe
3322 4904 3719 4966 exstantibus

292 5015 561 5077 contuli.
627 5016 1053 5073 Romanorum
1113 5010 1394 5068 diversas
1453 5007 1752 5067 leo-tiones
1809 5006 2160 5066 amicorum
2221 5020 2420 5081 opera
2476 5008 2854 5062 consecutus
2913 5018 3102 5059 sum:
3168 5018 3309 5078 quin
3371 5010 3583 5061 autem
3643 5020 3721 5065 ex

290 5113 657 5195 Anglicanis
684 5111 969 5172 collecta
1004 5108 1253 5168 fuerant
1311 5122 1349 5166 a
1406 5104 1695 5176 Millesio,
1756 5122 1864 5164 eas
1896 5103 1976 5163 ad
2022 5121 2168 5162 usus
2202 5119 2373 5161 meos
2404 5099 2693 5179 adjunxi.
2732 5101 2955 5180 Neque
2986 5099 3175 5157 etiam
3225 5100 3537 5176 neglectui
3587 5120 3720 5164 esse

289 5213 567 5294 jndicavi
624 5213 819 5273 citata
878 5210 960 5269 ab
1017 5206 1296 5284 antiquis
1353 5204 1571 5283 Cyrilli
1628 5203 2015 5274 testimonia,
2074 5219 2151 5261 ex
2210 5199 2440 5279 quibus
2484 5198 2635 5279 quid
2668 5199 2818 5258 olim
2854 5202 3084 5258 lectum
3118 5198 3177 5257 in
3214 5199 3450 5278 llyrillo
3512 5200 3720 5273 fuerit,

291 5333 565 5398 quamve
594 5315 656 5373 in
692 5307 1003 5372 sententia
1037 5307 1174 5383 eius
1232 5318 1493 5383 accepta
1523 5303 1739 5374 verba,
1803 5300 2202 5382 perspicitur.
2267 5303 2419 5361 lnde
2480 5307 2632 5360 nata
2689 5297 3037 5358 lectionum
3098 5298 3490 5358 diversarum
3543 5300 3721 5363 silva,

287 5397 351 5481 in
380 5416 617 5498 quibus
649 5407 961 5491 eligendis
997 5423 1123 5466 non
1159 5405 1365 5465 minus
1398 5419 1610 5484 operm
1640 5401 1760 5463 fuit
1814 5419 2007 5481 quam
2065 5400 2130 5462 in
2190 5400 2564 5479 colligendis
2595 5416 2611 5459 :
2647 5397 2920 5459 alterum
2979 5397 3144 5458 enim
3178 5397 3528 5477 diligentia,
3563 5399 3723 5462 alte-

288 5620 458 5689 (al'At
489 5620 603 5675 cat.
641 5613 821 5689 t2,_n.
864 5608 973 5689 25..
1065 5681 1075 5689 ⁸
1119 5678 1156 5689 _
1294 5679 1306 5689 .
1459 5673 1520 5689 .-

2139 5600 2338 5689 (c)nAd
2389 5604 2502 5658 cat.
2556 5601 2645 5670 19,
2708 5618 2766 5657 n.
2818 5601 2855 5656 7
2895 5625 2911 5672 ς
2953 5604 3048 5658 cat
3098 5600 3187 5670 21,
3241 5618 3303 5658 n.
3360 5601 3433 5672 3;
3492 5606 3607 5660 cat.
3627 5603 3719 5660 29.

359 5673 551 5766 '(blA—d
583 5673 828 5748 eat/23.
863 5696 924 5737 ιι.
947 5680 1004 5749 4,
1027 5681 1085 5734 et
1111 5678 1326 5734 Procat.
1360 5692 1418 5732 n.
1452 5673 1542 5757 17.

980 5709 1004 5749 τ,
1027 5681 1085 5734 et
1111 5678 1326 5734 Procat.
1360 5692 1418 5732 n.
1452 5673 1542 5757 17.
2063 5689 2123 5731 n.
2154 5676 2205 5743 1,
2235 5673 2294 5731 3.
2574 5732 2580 5737 ,
