4052 6372
347 311 425 374 23
1834 298 1947 364 PR

2187 295 2285 358 [0.
3699 310 3787 370 24

349 465 488 507 rum
525 442 954 506 meditationis
985 446 1174 504 estet
1206 440 1430 522 judicii
1490 459 1616 502 non
1677 433 2036 499 mediocris.
2098 433 2264 493 Nam
2328 447 2521 510 saepe,
2585 429 2707 490 nisi
2764 429 2977 492 cautio
3031 431 3414 497 adhibeatur
3472 441 3784 514 maxima,

353 546 606 608 codices
637 543 884 624 antiqui
942 542 1174 604 ducent
1230 542 1294 601 in
1354 541 1574 601 vitium
1613 557 1628 610 ;
1665 544 2006 618 propterea
2062 531 2232 611 quod
2294 529 2568 590 librariis
2623 529 2910 591 solemne
2965 539 3058 592 est
3105 533 3518 598 similitudine
3549 559 3786 603 vocum

349 663 586 714 errare,
619 651 681 704 et
711 663 787 704 ea
819 644 1026 720 legere
1057 640 1179 700 sibi
1237 640 1457 709 videri,
1521 655 1664 718 qua
1721 634 1927 697 astatis
1983 632 2046 692 in
2104 649 2232 710 qua
2288 629 2604 707 degebant
2659 632 3255 702 consuetudinibus,
3318 644 3428 696 aut
3489 640 3784 718 legenda

351 743 698 818 Scripturm
730 747 792 801 et
847 741 926 800 de
985 740 1170 800 rebus
1229 737 1602 816 theologicis
1661 731 1960 812 loquendi
2017 728 2368 789 rationibus
2429 729 2628 804 magis
2684 736 3130 790 consentanea.
3193 736 3643 812 Quamobrem,
3715 750 3790 805 ut

352 839 571 919 Cyrilli
629 839 1006 901 emendandi
1075 837 1385 898 rationem
1463 853 1542 895 ex
1619 830 1944 894 codicibus
2019 845 2166 888 mss.
2255 833 2540 905 repetere
2626 825 2818 896 soleo,
2881 827 2969 888 ita
3053 829 3373 893 interdum
3435 836 3606 914 ipsos
3665 857 3778 900 co-

353 940 522 1000 dices
584 957 729 999 mss.
818 939 899 999 ad
990 936 1205 1016 Cyrilli
1290 943 1354 996 et
1437 932 1740 1012 loquendi
1824 937 1888 990 et
1970 926 2282 988 sentienti
2371 925 2646 985 rationes
2734 928 2963 986 referre
3028 937 3284 990 coactus
3342 952 3507 1001 sum,
3568 942 3631 997 et
3665 939 3789 1000 uni

355 1038 556 1099 codici
587 1056 729 1098 cum
761 1037 899 1115 ejus
929 1037 1095 1115 stylo
1126 1042 1187 1094 et
1219 1034 1512 1094 doctrina
1542 1026 1959 1092 consentienti
2021 1025 2162 1105 plus
2223 1023 2498 1083 tribuere
2559 1042 2746 1101 quam
2813 1025 3026 1085 multis
3057 1026 3597 1094 di~sentieutibus.
3633 1037 3789 1098 Non

357 1137 531 1196 nulla
563 1138 939 1196 exstiterunt
970 1153 1238 1214 quorum
1273 1132 1354 1192 ad
1412 1129 1918 1191 emendationem
1978 1123 2227 1185 codices
2285 1121 2532 1200 antiqui
2589 1122 2746 1182 nihil
2807 1123 3128 1184 afferrent.
3195 1129 3341 1188 Haec
3401 1131 3792 1210 ronjecturis

356 1251 580 1294 sanare
613 1241 880 1294 conatus
937 1251 1097 1304 sum,
1136 1249 1262 1291 non
1323 1237 1534 1290 tamen
1593 1227 1658 1288 in
1690 1231 2052 1286 contextum
2113 1221 2386 1299 injectis,
2447 1219 2553 1281 sed
2616 1222 2678 1280 in
2723 1222 3006 1300 margine
3039 1227 3366 1302 appositis.
3400 1228 3484 1289 At
3515 1231 3620 1292 ubi
3654 1250 3792 1294 cer-

344 1331 884 1398 tissimisindiciis
930 1330 1008 1391 ad
1052 1332 1288 1391 fontem
1347 1327 1579 1388 erroris
1639 1325 1914 1404 perveni,
1978 1320 2072 1381 ibi
2128 1326 2495 1380 contextum
2564 1327 2810 1380 mutare
2871 1339 2994 1380 non
3057 1321 3366 1386 dubitavi.
3433 1329 3554 1388 Sed
3618 1331 3793 1393 hanc

348 1433 668 1496 licentiam
702 1437 828 1490 tam
865 1448 1052 1510 parco
1085 1435 1340 1507 tamque
1401 1426 1748 1506 prudenter
1802 1419 2070 1499 sumpsi,
2107 1417 2299 1497 idque
2357 1437 2608 1497 semper
2667 1419 2992 1479 admonito
3053 1420 3309 1495 lectore,
3340 1423 3434 1502 ζυι
3469 1429 3792 1492 neminem

351 1532 887 1612 reprehensorum
926 1536 1137 1606 putem
1175 1544 1190 1600 ;
1225 1544 1366 1585 cum
1418 1523 1765 1604 praesertim
1825 1525 1960 1580 tota
2023 1518 2394 1595 plerumque
2451 1517 2512 1577 in
2575 1516 2938 1596 hujusmodi
2984 1518 3138 1580 locis
3178 1524 3559 1595 emendatio,
3595 1529 3795 1591 unius

351 1631 579 1693 litterae
611 1634 716 1689 aut
751 1626 1132 1706 diphthongi
1193 1625 1542 1684 mutatione
1593 1621 2016 1682 contineatur.
2077 1617 2277 1680 Paulo
2336 1616 2596 1676 liberius
2654 1622 2939 1677 versatus
2995 1636 3132 1678 sum
3193 1619 3255 1678 in
3315 1621 3790 1702 distinguendis

351 1725 992 1807 interpunctionibus,
1023 1741 1167 1803 qum
1201 1731 1430 1783 temere
1462 1741 1500 1782 a
1534 1719 1805 1780 librariis
1849 1723 1912 1778 et
1956 1716 2034 1776 ad
2067 1713 2398 1775 arbitrium
2461 1715 2700 1793 posita,
2763 1715 2979 1794 Cyrilli
3011 1719 3364 1778 orationem
3427 1725 3780 1799 parenthe-

355 1828 530 1890 sibus
559 1833 621 1886 et
651 1824 918 1885 concisis
947 1822 1274 1883 sententiis
1307 1825 1710 1880 intertextam
1746 1833 1912 1895 saepe
1943 1816 2481 1874 deformaverant.

436 1925 653 1987 XVIII.
691 1921 866 1984 Nova
913 1918 1354 2000 interpretatio.
1399 1952 1475 1963 —
1519 1917 1943 1977 Deliberatum
2001 1912 2182 1972 initio
2243 1911 2468 1983 fuerat,
2531 1929 2759 1972 novam
2819 1911 3404 1992 interpretationem
3467 1937 3591 1979 non
3647 1922 3786 1984 ela-

356 2027 607 2094 borare,
644 2023 749 2082 sed
787 2029 1030 2081 tantum
1068 2017 1552 2084 Grodecianam,
1585 2013 1874 2093 qumjam
1909 2032 1942 2072 a
1973 2011 2291 2071 nonnullis
2334 2011 2658 2070 emendari
2715 2019 3014 2089 coeperat,
3051 2012 3418 2090 diligentius
3449 2019 3794 2097 castigare,

360 2124 478 2186 Sed
517 2131 641 2182 tam
682 2120 878 2180 multa
908 2117 1324 2178 occurrebant
1363 2117 1690 2180 mutanda,
1728 2125 1795 2179 ut
1829 2130 2058 2171 novum
2111 2126 2272 2188 opus
2314 2113 2623 2169 coniicere
2675 2127 2798 2169 non
2856 2109 3040 2168 valde
3096 2111 3418 2172 dilticilius
3449 2115 3652 2176 visum
3690 2120 3796 2180 sit.

365 2241 554 2303 quam
591 2219 929 2280 emendare
991 2223 1167 2276 vetus
1199 2232 1214 2275 :
1251 2215 1551 2293 Cyrillum
1588 2220 1797 2271 autem
1837 2211 1942 2268 uni
2002 2210 2222 2268 fol-mm
2283 2208 2543 2266 reddere
2605 2207 2804 2267 multo
2836 2207 3208 2286 elegantius,
3274 2230 3463 2289 quam
3497 2214 3798 2280 detexere

365 2329 462 2384 tot
496 2320 646 2379 locis
676 2328 738 2378 et
772 2326 1074 2377 retexere.
1113 2315 1428 2375 Nonnulla
1463 2321 1673 2371 tamen
1711 2309 1961 2381 retinui,
2026 2326 2168 2387 quae
2227 2315 2337 2367 aut
2393 2325 2431 2366 a
2482 2307 2790 2367 Grodecio
2850 2315 3014 2366 recte
3083 2309 3286 2386 posita
3321 2323 3429 2370 aut
3460 2317 3802 2377 commode

370 2421 450 2482 ab
482 2420 619 2479 aillﬁ
651 2417 985 2476 emendata
1021 2414 1288 2474 fuerant.
1327 2415 1391 2472 ln
1453 2409 1932 2487 interpretando
1969 2409 2358 2484 propositum
2425 2406 2743 2484 imprimis
2814 2407 2931 2466 fuit
2965 2415 3031 2466 ut
3060 2408 3385 2484 scriptoris
3415 2414 3798 2477 sententiam

371 2527 664 2582 accurate
695 2525 755 2574 et
816 2515 1140 2593 perspicue
1187 2513 1538 2572 redderem.
1607 2495 1779 2570 Non.
1813 2526 1910 2568 me
1973 2505 2122 2566 latet
2181 2505 2511 2581 elegantia
2565 2505 2920 2564 habendam
2974 2525 3109 2566 esse
3161 2508 3495 2580 rationem,
3533 2511 3799 2591 idquea

373 2638 495 2688 me,
533 2616 634 2676 ubi
672 2634 766 2674 res
799 2615 949 2691 ip~as
985 2612 1261 2672 tulerunt
1317 2609 1675 2678 neglectum
1712 2626 1836 2666 non
1896 2625 2028 2666 esse
2087 2625 2271 2683 spero
2305 2623 2320 2676 ;
2387 2604 2493 2663 sed
2553 2603 2822 2680 diligens
2878 2613 2939 2662 et
2970 2611 3304 2664 accuratus
3363 2608 3556 2667 malui
3593 2611 3798 2673 videri

368 2737 558 2796 quam
595 2715 851 2792 eit'g:ttl8
907 2717 970 2770 et
1000 2718 1281 2768 ornatus.
1349 2707 1627 2768 Liberior
1683 2723 1948 2782 campus
2006 2719 2332 2764 ora'orum
2392 2709 2455 2761 et
2517 2710 2844 2778 poetarum
2888 2702 3338 2780 interpretibus
3369 2708 3794 2771 conceditur:

367 2815 556 2874 datur
591 2813 772 2872 venia
803 2810 1144 2868 elaboratas
1176 2805 1610 2871 concinnitati,
1647 2822 1761 2862 nec
1792 2803 2000 2861 studio
2035 2801 2381 2860 venustatis
2411 2819 2448 2860 a
2481 2800 2806 2878 scriptoris
2837 2801 3150 2859 sententia
3199 2799 3494 2863 aberrare
3552 2809 3798 2883 grande

371 2912 703 2989 ﬂagitium.
743 2913 810 2967 At
847 2907 908 2966 in
944 2907 1177 2965 sanctis
1208 2905 1523 2968 Patrlbus.
1563 2921 1633 2961 ac
1667 2903 2016 2981 praesertim
2051 2901 2111 2960 in
2146 2899 2406 2978 Cyrillo,
2441 2899 2548 2978 qui
2586 2908 2754 2958 totus
2785 2911 2878 2960 est
2936 2901 2994 2959 in
3030 2918 3208 2960 sacro
3257 2903 3554 2981 dogmate
3586 2925 3791 2983 expo-

370 3013 600 3078 nendo,
637 3009 893 3068 liberior
923 3004 1384 3081 interpretatio.
1417 3003 1662 3060 etiam-i
1696 3002 1774 3060 de
1833 3006 2158 3058 sententh
2221 3000 2497 3072 pondere
2554 3005 2618 3056 et
2675 3001 3032 3078 argumenti
3095 3015 3416 3064 momento
3475 3003 3630 3064 nihil
3681 3006 3796 3066 de-

373 3110 607 3176 trahat,
642 3109 808 3187 quod
845 3106 942 3164 vix
978 3122 1050 3163 ac
1083 3123 1158 3162 ne
1191 3105 1287 3162 vix
1323 3102 1578 3182 quidem
1617 3102 1746 3159 fieri
1785 3107 1985 3176 potest
2019 3119 2033 3170 ;
2071 3100 2223 3157 illuol
2285 3107 2450 3156 certe
2486 3098 2823 3158 lectoribu~
2869 3103 3084 3162 Graece
3113 3104 3537 3164 nescientibus
3567 3105 3796 3184 eripiet

370 3205 908 3290 perincommode,
959 3223 1032 3262 ue
1067 3207 1141 3261 «te
1194 3203 1518 3278 scriptoris
1551 3201 1712 3280 ston
1745 3207 1805 3258 et
1839 3200 2090 3275 ingenio
2149 3199 2511 3256 existimare
2575 3199 2839 3274 possint.
2903 3203 3326 3269 Quamobrem
3391 3204 3669 3264 litteram
3731 3211 3797 3265 et

362 3309 651 3372 verbnm‘
687 3311 994 3384 quantum
1059 3301 1389 3379 utriusque
1447 3300 1681 3378 lingua
1741 3297 2186 3357 dissimilitudo
2249 3297 2508 3374 patitur,
2568 3296 2632 3356 in
2668 3297 3149 3375 interpretando
3189 3311 3443 3364 secutus
3473 3321 3637 3368 sum.
3680 3319 3793 3365 nec

365 3425 550 3468 voces
581 3403 1003 3464 ecclesiastico
1033 3419 1145 3460 usu
1206 3401 1533 3470 contritas,
1595 3399 1709 3456 etsi
1771 3416 1894 3456 non
1933 3395 2181 3473 placere
2242 3395 2559 3472 puriorem
2623 3397 3029 3458 Latinitatem
3091 3400 3455 3460 amantibus
3487 3400 3791 3475 sciebam,

363 3521 670 3580 usurpare
701 3500 1009 3560 «lubilavi.
1045 3499 1388 3576 Scriptura
1449 3496 1830 3573 te-timonia,
1894 3501 2028 3554 tum
2089 3511 2230 3570 qum
2287 3493 2557 3571 Cyl-illus
2615 3494 2806 3554 refert
2862 3498 3131 3573 integra,
3198 3505 3328 3558 tum
3391 3516 3533 3578 quae
3595 3499 3794 3560 veluti

367 3600 796 3682 prmhriensd
843 3599 1069 3676 signat,
1111 3597 1488 3656 utindicare
1547 3595 1904 3672 diligenter,
1970 3594 2052 3651 ita
2087 3593 2559 3652 accuratissime
2620 3593 2890 3652 reddere
2951 3605 3217 3655 conatus
3276 3615 3438 3656 sum.
3503 3596 3791 3673 Vulgata

365 3701 555 3759 verba
597 3701 768 3756 retim
794 3717 853 3761 ο,
893 3697 994 3753 ubi
1031 3700 1243 3755 Graeca
1303 3712 1442 3752 rum
1504 3714 1578 3752 ea
1610 3699 2029 3753 consrnlluut.
2099 3691 2211 3752 Ubi
2271 3699 2480 3749 autem
2547 3711 2666 3749 non
2702 3692 2904 3750 solum
2939 3712 2972 3751 a
3009 3695 3305 3769 Vulgata.
3344 3695 3448 3754 sed
3483 3696 3674 3756 etiam
3709 3697 3789 3756 ab
3883 3754 3896 3763 ,

368 3799 549 3858 editi<
583 3803 721 3858 (ira
748 3797 810 3854 -is
845 3796 1006 3875 Cyri!
1045 3814 1113 3852 us
1146 3794 1483 3870 discrepat,
1518 3792 1603 3850 ita
1635 3794 2036 3868 interpretor.
2077 3799 2140 3846 ut
2178 3791 2338 3848 hanc
2373 3788 2858 3866 discrepantiam
2925 3793 3190 3850 lectores
3249 3794 3784 3857 animadvertant.

367 3900 674 3957 Numeros
705 3912 833 3953 sive
869 3897 1302 3971 paragraphos
1339 3909 1569 3966 magno
1627 3907 1831 3948 comm
1863 3887 1962 3946 οάυ
2022 3887 2324 3946 ΜὶΙΙθεὶυε
2383 3888 2442 3948 in
2505 3887 2807 3965 Cyrillum
2847 3891 3084 3966 primus
3117 3892 3366 3951 induxit
3402 3909 3415 3952 :
3480 3895 3585 3952 sed
3622 3895 3789 3955 ordi-

368 4011 506 4052 nem
542 3993 622 4051 ab
654 4010 728 4049 eo
761 3989 1118 4048 institutum
1153 4007 1200 4045 se
1222 3989 1332 4068 qui
1365 4008 1488 4046 non
1524 3987 1719 4064 potui,
1761 3994 2095 4062 propterea
2126 3989 2293 4063 quod
2330 4004 2498 4063 saepe
2532 4005 2722 4045 unum
2804 3999 3202 4066 rgumentum
3250 3989 3468 4050 multis
3507 3992 3788 4052 numeris

365 4089 609 4159 dividit,
647 4087 844 4146 multa
876 4103 1042 4160 sape
1075 4104 1199 4144 uno
1235 4083 1640 4162 paragrapho
1671 4082 2172 4159 comprehendit.
2235 4083 2446 4142 Satius
2497 4083 2696 4143 visum
2733 4087 2916 4145 estin
2951 4087 3388 4148 distribuenxlo
3418 4095 3622 4160 textu,
3660 4109 3786 4151 non

367 4188 557 4248 verba
589 4194 651 4245 et
687 4187 882 4244 liueas
919 4201 1277 4254 numerare,
1311 4183 1418 4241 sed
1461 4181 1708 4241 diversa
1747 4180 2052 4241 orationis
2109 4181 2318 4260 capita
2377 4189 2438 4243 et
2496 4184 2805 4262 cujusque
2863 4185 3089 4264 capitis
3147 4194 3524 4264 argumenta
3571 4187 3782 4269 sequi.

365 4289 513 4350 Haae
547 4305 667 4346 non
702 4287 904 4344 solum
940 4283 1215 4342 numeris
1250 4281 1568 4352 distincta,
1629 4281 1738 4340 sed
1795 4281 1986 4340 etiam
2041 4281 2117 4342 ad
2155 4281 2500 4359 marginem
2537 4290 2751 4343 notata
2783 4285 3172 4346 summatim.
3209 4285 3442 4345 Ibidem
3477 4302 3786 4365 prm'erea

365 4405 464 4448 res
494 4385 932 4446 observatione
1007 4382 1238 4461 dignae,
1305 4380 1441 4440 loca
1501 4379 1730 4440 similia
1784 4377 2168 4453 indicantur,
2232 4399 2415 4442 voces
2471 4382 2866 4444 obscuriores
2927 4384 3099 4444 brevi
3159 4383 3480 4446 interdum
3536 4385 3782 4448 scholio

366 4484 780 4564 eXplicantur.
817 4481 1162 4542 Prmmissm
1193 4479 1454 4556 singulis
1486 4478 1918 4539 catechesibus
1971 4479 2433 4540 admonitiones
2488 4480 2683 4540 totius
2741 4481 3042 4542 orationis
3099 4482 3588 4562 descriptionem
3641 4485 3782 4545 bre-

362 4583 524 4642 viter
557 4587 798 4661 ponunt
828 4586 975 4639 ante
1005 4577 1246 4649 oculos,
1308 4577 1650 4637 lectoribus
1707 4577 1985 4637 animum
2049 4579 2417 4639 necessariis
2445 4578 2996 4640 observationibus
3027 4583 3482 4658 praemuniunt,
3518 4599 3648 4660 quo
3680 4582 3782 4643 die

365 4681 776 4760 pronuntiata
807 4677 1174 4744 catechesis,
1207 4695 1368 4755 quos
1399 4675 1479 4736 ad
1512 4675 1758 4736 codices
1783 4677 2120 4738 emendata
2151 4677 2614 4738 demonstrant.

445 4779 602 4841 XIX.
641 4777 818 4838 Notae
851 4775 1028 4856 hujus
1058 4775 1363 4834 editionis.
1389 4808 1467 4820 ~—
1501 4776 1684 4836 Notas
1740 4781 1800 4836 et
1859 4775 2330 4836 observationes
2364 4793 2539 4840 mete.
2605 4783 2916 4855 quantum
2949 4777 3317 4853 conjectura
3345 4795 3679 4855 assequor,
3713 4778 3779 4839 in

365 4895 581 4938 eorum
618 4874 1168 4953 reprehensionem
1202 4874 1546 4942 incurrent,
1593 4873 1701 4950 qui
1761 4874 2028 4934 multum
2076 4891 2286 4952 operm
2335 4874 2398 4934 in
2455 4875 2549 4934 his
2600 4878 2788 4934 rebus
2840 4875 3072 4934 insumi
3130 4895 3255 4936 non
3317 4876 3594 4954 probant
3628 4895 3642 4948 ;
3674 4875 3783 4936 sed

365 4992 471 5034 eos
501 4986 715 5034 oratos
747 4972 890 5032 volo
924 4990 1000 5031 ne
1022 4969 1392 5030 sententiam
1454 4969 1514 5029 in
1552 4987 1648 5028 me
1705 4971 1915 5030 dit-ant
1975 4990 2041 5032 re
2099 4990 2224 5032 non
2256 4973 2606 5049 explorata.
2674 4974 2915 5052 Duplex
2978 4981 3271 5034 notarum
3316 4993 3514 5049 genus
3544 4973 3785 5056 duplici

363 5074 600 5135 indicio
632 5073 918 5152 signatur
952 5087 966 5130 :
1002 5071 1142 5131 alias
1174 5069 1236 5129 in
1270 5076 1441 5130 tex'u
1505 5070 1735 5131 Graecis
1763 5071 2089 5132 elementis
2139 5071 2433 5133 iudicatae
2463 5079 2828 5133 contextum
2883 5081 3168 5151 spectant
3199 5093 3215 5147 ;
3261 5075 3402 5134 alia:
3448 5074 3510 5134 in
3566 5076 3786 5136 Latina

363 5173 888 5254 interpretatione
923 5169 1202 5229 numeris
1232 5171 1580 5249 designatm
1612 5171 1817 5231 varias
1873 5170 2087 5249 Cyrilli
2118 5171 2460 5232 sententias
2491 5172 2833 5232 illustrant.
2900 5173 2961 5233 in
3023 5173 3099 5233 iis
3130 5191 3272 5250 qum
3304 5175 3381 5233 ad
3417 5181 3782 5236 contextum

362 5275 684 5355 pertinent
717 5290 731 5342 ;
769 5272 834 5330 1°
865 5267 1057 5328 varia;
1092 5267 1388 5328 lectiones
1422 5279 1843 5338 recensentur,
1881 5288 2004 5328 non
2063 5286 2282 5329 omnes
2315 5277 2550 5338 tamen,
2609 5270 2718 5330 sed
2778 5288 2921 5348 quas
2956 5270 3122 5330 haud
3185 5270 3302 5330 levi
3366 5271 3548 5348 pretii
3585 5291 3602 5345 ;
3637 5290 3780 5332 nam

361 5390 504 5452 qua:
539 5369 788 5432 levioris
815 5356 1150 5432 momenti.
1190 5374 1331 5445 post
1362 5385 1557 5440 opera
1587 5367 1798 5446 Cyrilli
1831 5367 1892 5426 in
1924 5365 2273 5426 indiculum
2316 5367 2563 5444 reiectae
2627 5388 2643 5432 :
2703 5369 2763 5428 in
2799 5369 2874 5428 iis
2932 5378 3142 5430 autem
3179 5389 3318 5447 qum
3350 5389 3608 5449 prorsus
3638 5376 3784 5432 sunt

356 5470 636 5539 inutiles,
675 5477 921 5544 tempus
979 5485 1102 5525 non
1168 5465 1452 5525 terimus.
1521 5466 1809 5525 Uiversas
1866 5471 2075 5524 autem
2139 5464 2438 5525 lectiones
2493 5467 2866 5546 simpliciter
2921 5476 2982 5529 et
3016 5468 3181 5528 nude
3217 5487 3342 5528 non
3408 5469 3635 5548 refero,
3669 5468 3777 5530 sed

367 5573 689 5628 momento
720 5566 994 5646 quodam
1029 5572 1090 5624 et
1117 5563 1378 5640 judicio,
1419 5563 1526 5624 ubi
1559 5582 1775 5624 earum
1822 5563 2102 5622 delectus
2157 5561 2486 5624 habendus
2543 5566 2681 5636 fuit,
2743 5567 3098 5627 examinavi
3131 5583 3146 5626 :
3183 5570 3246 5626 ξεο
3284 5574 3345 5627 ut
3379 5586 3650 5647 quaeque
3681 5585 3779 5628 res

363 5665 433 5730 in
467 5675 638 5728 textu
675 5671 940 5737 mutata,
974 5663 1435 5724 emendationis
1467 5662 1629 5723 ratio
1660 5661 1879 5722 lectori
1911 5661 2244 5740 subjicitur
2277 5684 2292 5739 ;
2325 5665 2394 5724 3°
2423 5681 2566 5744 qum
2598 5665 2868 5745 Cyrillus
2923 5685 2998 5726 ex
3030 5665 3169 5727 aliis
3198 5667 3634 5746 scriptoribus,
3669 5669 3779 5727 aut
