2026 3182
121 141 157 170 25
865 136 1037 168 PRAEFAT
1042 138 1078 168 l0
1083 160 1089 167 .
1797 136 1835 166 26

122 206 174 237 alii
190 214 230 236 ex
244 204 373 246 Cyrillo,
389 203 455 234 sive
470 212 616 243 expresso
631 202 770 238 nomine,
788 203 851 233 sive
876 204 973 233 tacito
1004 206 1149 241 mutuati,
1181 205 1213 234 in
1229 205 1340 234 iisdem
1369 204 1454 234 notis
1482 203 1672 234 indicamus.
1690 203 1833 233 Alterum

122 266 220 296 genus
238 259 388 285 notarum
405 254 450 284 sic
466 263 498 284 se
516 254 610 283 habet
627 261 633 282 :
652 255 682 283 1⁸
697 252 856 292 ambiguas
873 262 965 284 voces
993 263 1089 292 quam
1107 254 1168 284 vim
1186 258 1216 285 et
1245 254 1433 284 sententiam
1453 253 1602 289 habeant,
1620 253 1810 292 expendilur
1829 262 1836 290 ;

122 306 175 337 ubi
189 305 269 336 certi
287 305 367 334 nihil
383 304 512 334 extundi
531 303 643 342 potuit,
658 302 814 342 judicium
831 302 941 333 lectori
959 304 1152 342 permittitur
1170 313 1176 340 ;
1194 308 1226 333 2°
1244 304 1372 343 majoris
1404 303 1554 333 momenti
1571 303 1736 333 sententiae
1751 303 1839 332 simi-

126 357 204 387 libus
218 355 328 394 Cyrilli
344 357 400 385 aut
428 354 564 384 aliorum
593 353 670 383 locis
701 352 903 391 explicantur
921 362 927 389 ;
944 353 976 382 3°
992 363 1062 392 quas
1092 354 1269 384 doclrinam
1300 357 1357 384 aut
1385 353 1552 383 historiam
1582 357 1729 392 spectant
1746 352 1840 382 variis

131 407 224 436 modis
240 405 448 439 illustramus,
467 404 567 433 lucem
585 403 726 433 obscuris
742 402 859 441 dando,
878 402 959 432 male
975 403 1006 432 in
1023 403 1153 433 dubium
1183 409 1294 434 vocata
1328 404 1557 437 confirmando,
1577 403 1694 432 fontem
1712 402 1838 437 erroris,

128 457 150 486 si
166 455 242 495 quid
261 458 398 484 erratum
415 455 467 488 sit,
498 451 741 492 investigando:
772 454 846 481 sunt
860 452 942 481 enim
972 452 1004 482 in
1035 453 1150 492 Cyrillo
1180 453 1345 491 nonnulla,
1377 462 1448 492 quae
1481 453 1581 491 prima
1598 452 1699 490 specie
1715 460 1839 481 navum

126 514 190 535 esse
221 504 321 539 dicas,
354 502 484 542 prepius
514 505 655 540 spectata
685 510 747 531 non
777 500 949 540 improbes.
981 501 1052 531 Alia
1083 502 1302 532 haereticorum
1335 501 1648 541 inlerpretationihus
1678 501 1841 539 exagitata

124 563 203 594 opus
221 554 316 583 fuita
336 552 426 582 nobis
457 550 713 586 vindicari;alia
743 550 846 579 minus
875 550 960 580 dicta
990 552 1166 587 commode,
1201 552 1286 581 velut
1301 552 1339 581 de
1368 556 1488 582 mterno
1517 550 1633 581 Christi
1663 550 1840 579 sacerdotio

125 613 186 633 non
216 602 365 642 equidem
397 600 543 640 purgavi,
571 600 625 629 sed
656 602 760 629 tamen
789 608 808 628 a
839 599 943 638 pravis
972 600 1249 630 consecutionibus
1278 600 1415 630 defendi.
1446 601 1480 630 In
1498 600 1630 629 historia
1646 599 1782 638 Cyrillus
1798 599 1841 629 sic

126 655 281 687 versatur,
314 654 348 680 ut
363 650 433 680 aliis
461 649 618 679 interdum
649 649 862 678 monumentis
877 648 1084 688 explicandus
1113 650 1163 685 sit.
1195 659 1260 680 suae
1276 650 1433 680 interdum
1466 649 1626 679 memorias
1643 655 1693 678 aut
1713 648 1841 678 incertis

127 701 342 732 monumentis
368 699 450 729 male
480 698 622 728 videatur
651 697 831 728 credidisse.
849 699 883 728 In
900 698 948 727 his
977 698 1125 728 omnibus
1155 699 1392 729 observationes
1423 708 1507 728 meas
1536 708 1598 727 non
1631 707 1740 737 passus
1770 706 1839 727 sum

126 749 310 781 desiderari.
329 751 363 779 4°
380 748 454 784 Quae
470 747 553 787 apud
569 746 719 786 Cyrillum
738 746 775 776 de
805 755 966 776 sacrorum
984 747 1125 777 locorum
1156 748 1229 785 situ,
1261 750 1316 778 aut
1331 749 1369 777 de
1399 747 1512 777 ritibus
1528 746 1675 776 Ecclesim
1692 745 1840 775 Hieroso-

127 800 285 840 lymilauee
304 797 439 838 propriis
456 798 612 836 leguntur,
631 805 679 825 res
695 800 784 825 erant
801 796 999 826 auditoribus
1034 800 1107 826 ante
1136 797 1244 826 oculos
1261 796 1383 835 positas,
1402 800 1434 826 at
1462 796 1631 826 lectoribus
1648 804 1709 825 non
1728 803 1840 834 parum

128 849 242 889 negntii
275 848 443 881 facessent,
475 846 532 875 nisi
562 845 632 874 aliis
662 845 875 874 monumentis
903 845 1113 876 illustrentur.
1145 847 1176 876 3°
1206 846 1296 885 Saepe
1317 846 1447 875 discedit
1464 845 1598 884 Cyrillus
1629 853 1646 873 a
1677 844 1840 874 communi

126 897 269 937 legendae
286 900 317 926 et
334 893 578 935 interpretanda
595 894 766 932 Scriptura
783 893 928 924 ratione:
947 894 1001 933 qui
1030 894 1057 923 ei
1082 894 1140 924 hac
1164 895 1195 924 in
1226 904 1258 924 re
1289 894 1481 933 pimiverint,
1513 894 1632 933 quique
1661 894 1837 932 sufl'ragati,

125 948 233 988 paucis
250 945 534 976 demonstrandum
551 943 710 973 duximus.
729 943 783 972 His
797 952 827 971 in
845 943 938 973 rebus
955 946 1037 974 notas
1068 948 1183 975 nostra
1201 948 1375 980 versantur,
1409 953 1469 973 non
1486 943 1549 973 illae
1565 943 1690 982 quidem
1708 942 1840 972 eruditis

124 997 323 1034 necessariae,
343 995 424 1025 haud
449 999 552 1024 tamen
583 994 648 1023 scio
664 1003 703 1023 an
734 993 841 1022 multis
871 993 965 1023 rebus
993 1002 1130 1033 aspersas
1160 1003 1239 1032 quas
1269 994 1384 1023 eruditi
1414 994 1554 1024 nondum
1586 993 1838 1028 observaverint,

123 1051 207 1077 certe
225 1045 428 1076 mediocriter
457 1043 558 1073 doctis
573 1051 636 1072 non
654 1045 775 1071 futuras
790 1042 917 1072 inutiles
946 1051 1122 1081 speramus.
1156 1044 1222 1073 Duo
1253 1043 1450 1081 potissimum
1483 1042 1557 1071 vitia
1573 1042 1604 1071 in
1636 1042 1696 1071 hoc
1725 1051 1840 1080 genere

123 1098 265 1128 cavenda
281 1105 350 1125 esse
366 1094 451 1129 duxi,
471 1095 605 1123 alterum
625 1102 674 1127 ne,
693 1095 767 1122 dum
787 1101 958 1132 paucorum
976 1093 1101 1122 fastidia
1118 1093 1265 1124 formido,
1284 1101 1409 1131 agerem
1427 1093 1458 1121 in
1475 1092 1674 1121 defendenda
1691 1092 1839 1122 Ecclesiae

122 1156 216 1177 causa
231 1150 263 1175 et
280 1144 471 1175 illustrando
487 1143 602 1182 Cyrillo
618 1142 763 1181 segnius;
783 1144 915 1171 alterum
934 1152 971 1171 ne
988 1146 1112 1181 tempus
1129 1147 1261 1172 tererem
1283 1143 1314 1172 in
1345 1142 1438 1171 rebus
1456 1141 1660 1181 pervulgatis.
1679 1141 1837 1176 Quamob—

124 1207 188 1227 rem
205 1197 236 1226 in
255 1196 294 1224 iis
309 1204 382 1234 quae
396 1194 462 1232 jam
480 1196 683 1232 pv-rtrautava,
701 1192 740 1221 ad
770 1200 824 1221 eos
852 1192 907 1230 qui
924 1195 1102 1222 tractarunt
1131 1192 1288 1222 dimittere
1304 1193 1401 1226 soleo,
1421 1200 1458 1220 ne
1488 1196 1592 1220 actum
1609 1200 1702 1229 agerc
1719 1190 1837 1220 videar.

126 1248 167 1276 Ac
183 1245 340 1285 profecto,
357 1244 382 1273 si
398 1242 523 1281 judiciis
538 1242 619 1272 adsit
636 1241 780 1281 aequitas,
798 1241 854 1270 erit
874 1241 950 1271 Inibi
981 1242 1080 1280 magis
1110 1242 1293 1276 verendum,
1312 1250 1350 1271 ne
1379 1249 1507 1280 Operam
1541 1249 1643 1269 meum
1661 1240 1792 1269 lectores
1808 1239 1839 1268 in

130 1295 220 1325 rebus
237 1303 298 1324 non
317 1291 567 1327 contemnendis,
585 1300 663 1330 quas
680 1295 713 1320 ut
730 1294 819 1320 notas
835 1291 1036 1330 prmtermisi,
1053 1291 1189 1321 defuisse
1214 1291 1405 1326 existiment,
1423 1299 1519 1329 quam
1550 1299 1588 1320 ne
1616 1289 1648 1319 in
1667 1288 1838 1319 levioribus

126 1348 305 1384 querantur
320 1341 525 1381 superfuisse.

165 1394 228 1424 ΧΧ.
250 1392 332 1427 Quid
353 1391 409 1421 hac
423 1390 552 1420 editione
579 1390 776 1420 contineatur.
809 1406 845 1411 -
863 1389 978 1419 Omnia
1007 1390 1115 1429 Cylliii
1130 1399 1239 1428 opera,
1258 1393 1324 1419 tum
1354 1397 1425 1428 quae,
1456 1397 1527 1418 vera
1543 1391 1574 1418 et
1589 1396 1752 1427 germana,
1771 1391 1839 1417 tum

133 1453 200 1483 qua:
217 1442 386 1481 supposita
403 1445 457 1470 aut
477 1440 573 1470 dubia
602 1449 673 1469 cum
704 1440 890 1478 fragmentis
919 1444 1121 1478 repraesento.
1140 1439 1322 1469 Admonilio
1338 1439 1469 1477 singulis
1486 1439 1615 1477 praefixa
1631 1438 1706 1477 quid
1724 1437 1762 1467 de
1778 1437 1840 1466 illis

128 1493 266 1532 judirem
286 1491 438 1520 declarat.
456 1489 624 1529 Supposita
641 1489 805 1518 elimiuare
822 1489 1017 1528 propositum
1045 1489 1134 1518 initio
1165 1489 1268 1518 fuerat
1285 1498 1291 1525 ;
1324 1489 1376 1518 sed
1394 1488 1490 1517 satius
1520 1487 1620 1517 visum
1652 1487 1790 1516 estnihil
1807 1486 1839 1516 in

129 1543 189 1573 hoc
206 1542 370 1572 volumine
399 1539 581 1577 desiderari,
599 1539 681 1578 quod
700 1539 761 1578 qui
779 1548 827 1568 em
858 1538 966 1578 Cyrilli
996 1548 1109 1568 nomen
1141 1539 1314 1578 praeferret,
1346 1538 1384 1568 iis
1413 1542 1517 1567 tamen
1535 1537 1686 1575 exceptis.
1705 1545 1839 1575 quorum

125 1596 229 1622 certus
244 1600 281 1620 ac
299 1595 391 1620 notus
411 1593 458 1619 est
488 1598 612 1627 parens.
644 1589 720 1618 Post
748 1597 844 1627 opera
874 1588 983 1627 Cyrilli
1013 1588 1207 1617 diversarum
1240 1587 1410 1617 lectionum
1441 1586 1615 1616 indiculum
1633 1585 1836 1624 apponimus,

125 1641 240 1671 deinde
256 1639 467 1669 dedicatorias
483 1637 625 1668 Grodecii
641 1642 672 1666 et
689 1637 824 1667 PieVotii
840 1638 999 1677 epistolas,
1018 1637 1048 1666 in
1065 1638 1180 1676 quibus
1204 1637 1243 1666 de
1273 1637 1447 1667 editionum
1464 1645 1590 1666 suarum
1621 1635 1839 1664 instrumentis

123 1690 296 1720 disserunt.
314 1689 368 1718 His
398 1687 543 1717 addimus
570 1686 717 1717 Grodecii
751 1686 878 1716 brevem
909 1686 1159 1716 dissertationem
1190 1686 1221 1716 in
1252 1686 1349 1715 vitam
1379 1689 1409 1715 et.
1438 1684 1557 1723 scripta
1579 1684 1700 1723 Cyrilli,
1718 1682 1841 1713 Millesii

125 1740 344 1780 pretationem
362 1747 432 1768 cum
450 1737 571 1768 selectis
588 1737 669 1766 notis
687 1746 693 1765 :
711 1737 741 1766 in
760 1737 807 1765 his
832 1736 979 1766 omnibus
1008 1736 1169 1766 communi
1198 1736 1371 1766 editionum
1403 1734 1625 1775 consuetudini
1640 1733 1839 1763 serviendum

124 1790 285 1819 duximus.
303 1787 494 1827 Appendicis
523 1786 592 1816 loco
622 1786 787 1825 subjicitur
803 1787 973 1825 descriptio
1001 1786 1299 1824 Hierosolymitanaa
1328 1785 1451 1815 Sanctae
1481 1785 1588 1814 Crucis
1617 1793 1670 1813 seu
1688 1785 1838 1814 Resurrc-

125 1839 239 1869 ctionis
255 1837 406 1872 ecclesias,
424 1837 454 1866 in
472 1845 534 1875 qua
564 1836 700 1875 Cyrillus
729 1836 848 1865 catechn
862 1845 911 1865 ses
941 1836 1170 1874 pronuntiavit,
1202 1836 1355 1875 cujusque
1383 1837 1572 1864 ornamenta
1601 1842 1684 1871 saepe
1700 1841 1839 1862 Comme-

126 1892 242 1918 morat.
273 1886 536 1926 lchnographiam
568 1886 663 1924 hujus
681 1886 789 1924 templi
819 1885 972 1915 delineari
1001 1885 1121 1919 curavi,
1152 1884 1283 1922 ejusque
1300 1884 1465 1913 historiam
1496 1883 1583 1912 brevi
1612 1882 1755 1912 oratione
1772 1891 1839 1920 per-

124 1947 251 1977 sequor.
283 1938 465 1974 Sequuntur
494 1935 555 1965 duo
585 1935 704 1964 indices
734 1935 854 1974 copiosi
886 1944 892 1965 :
926 1935 1046 1973 primus
1075 1934 1246 1972 Scriptura;
1277 1933 1540 1966 testimoniorum,
1563 1931 1643 1961 alter
1672 1940 1776 1961 rerum
1807 1931 1839 1960 in

126 1987 245 2027 Cyrillo
262 1985 527 2019 mtmoiabilium,
544 1987 610 2014 tum
632 1985 726 2014 etiam
744 1994 851 2014 earum
870 1993 941 2023 quas
972 1984 1064 2017 notis,
1097 1983 1296 2018 Praefatioue,
1328 1981 1604 2012 Dissertationibus
1624 1980 1837 2011 continentur.

124 2037 218 2068 Initio
246 2035 423 2071 Voluminis,
454 2041 527 2064 ante
543 2039 683 2063 veterum
715 2037 746 2063 et
774 2035 986 2073 quorumdam
1018 2034 1227 2063 recentiorum
1259 2033 1297 2062 de
1327 2031 1442 2071 Lyri.lo
1472 2031 1837 2069 to-stimonia,trip|icem

126 2086 378 2116 dissertationem
396 2084 599 2114 instituimus.
624 2084 733 2114 Prima
756 2089 803 2113 est
819 2084 858 2113 de
874 2083 939 2113 vita
955 2086 984 2112 et
1002 2084 1094 2112 rebus
1110 2083 1205 2121 gestis
1220 2082 1340 2121 Cyrilli,
1358 2091 1437 2121 quas
1467 2091 1529 2110 non
1563 2080 1785 2117 perfunctorie,
1805 2081 1839 2108 ut

127 2135 307 2174 superiores
323 2134 469 2169 editores,
488 2135 539 2162 sed
557 2132 722 2172 operosius
738 2132 969 2172 persequimur,
987 2132 1031 2162 ita
1047 2136 1082 2161 ut
1104 2132 1134 2161 in
1165 2131 1224 2161 hac
1242 2131 1379 2161 hi~toriaa
1398 2134 1484 2169 parte
1514 2129 1703 2159 illustranda
1718 2128 1838 2167 aliquid

129 2194 177 2214 me
193 2192 316 2223 sperem
334 2183 512 2222 protecisse.
530 2183 603 2221 Agit
619 2182 682 2212 alia
711 2182 750 2211 de
766 2182 905 2220 ejusdem
924 2182 1060 2221 scriptis,
1091 2191 1225 2220 quorum
1257 2181 1318 2210 ind.
1334 2190 1351 2209 x
1383 2179 1509 2214 texitur,
1541 2178 1666 2213 veritas,
1700 2177 1836 2215 antiqui-

125 2238 186 2264 tas.
203 2234 370 2272 integritas
400 2232 610 2265 vindi-‘antnr,
628 2241 665 2262 ac
694 2232 732 2261 de
764 2231 969 2263 Caice/iesibus
987 2232 1196 2270 potissimum,
1229 2240 1291 2269 quo
1310 2234 1450 2268 tempore
1467 2233 1496 2258 et
1513 2229 1581 2258 loco
1612 2227 1837 2266 pronuntiata,

125 2293 189 2323 qua
207 2283 336 2318 ratione,
357 2282 505 2312 methodo
535 2285 564 2311 et
594 2283 676 2320 stylo
692 2281 886 2320 compositae,
920 2280 1102 2319 inquiritur.
1135 2280 1208 2315 Quae
1227 2280 1264 2308 dc
1294 2279 1399 2318 Cyrilli
1430 2278 1574 2307 doctrina
1604 2277 1755 2306 disserere
1773 2285 1834 2305 non

125 2333 215 2363 licuit
231 2333 262 2362 in
280 2332 371 2366 notis,
390 2341 425 2361 ea
442 2332 471 2361 in
490 2332 612 2361 tertiam
635 2331 887 2360 dissertationem
919 2330 1123 2368 conjecimus.
1156 2330 1187 2359 in
1221 2329 1329 2368 primis
1359 2328 1466 2367 Cyrilli
1497 2327 1651 2356 sententia
1668 2326 1705 2355 de,
1722 2325 1836 2355 Christi

125 2386 155 2413 et
176 2382 313 2422 Spiritus
337 2381 436 2411 sancti
466 2381 630 2410 divinitate
661 2381 861 2419 expenditur,
893 2380 1091 2418 apertissima
1121 2379 1159 2408 de
1192 2379 1336 2408 Ecclesiae
1367 2382 1397 2407 et
1428 2377 1605 2407 traditionis
1637 2376 1834 2413 auctoritate,

125 2432 163 2461 de
196 2431 361 2470 praesentia
394 2430 471 2460 reali
506 2434 537 2459 et
575 2429 913 2459 transubstantiatione
959 2429 1137 2458 testimonia
1181 2429 1219 2457 ab
1237 2428 1457 2458 haereticorum
1489 2426 1743 2456 cavillationibus
1773 2424 1837 2452 \in-

125 2482 284 2510 dicantur.

165 2529 245 2560 XXI.
262 2528 535 2560 Commemorandi
548 2528 614 2567 jam
635 2528 711 2558 mihi
728 2531 800 2557 sunt
816 2528 836 2556 ii
867 2537 1000 2567 quorum
1033 2527 1197 2560 beneficio,
1229 2535 1326 2564 opera
1357 2530 1386 2554 ct
1402 2524 1531 2553 cunsi‘io
1562 2524 1591 2552 in
1625 2524 1682 2552 hac
1699 2523 1836 2552 editione

127 2578 323 2615 adornanda,
356 2587 429 2607 usus
459 2586 539 2606 sum.
560 2577 597 2607 Ut
627 2577 666 2606 ab
682 2577 797 2606 exteris
829 2577 1009 2615 regionibus
1039 2576 1161 2606 initium
1193 2577 1318 2609 ducam,
1344 2574 1513 2612 plurimum
1545 2572 1838 2601 debeoeminenlis-

125 2628 207 2658 simo
223 2627 373 2657 cardinali
390 2626 551 2663 Ulloboni,
583 2626 673 2665 cujus
689 2626 843 2655 ditissima
861 2626 1063 2661 bibliotheca,
1082 2630 1115 2654 ut
1145 2634 1227 2663 saepe
1257 2623 1335 2653 alias
1365 2624 1525 2652 sodalibus
1558 2623 1681 2656 nostris,
1701 2623 1742 2649 ita
1761 2620 1838 2649 mihi

127 2678 167 2708 ad
197 2677 258 2707 hoc
286 2686 366 2716 opus
396 2685 511 2715 magno
549 2676 616 2705 usui
661 2676 791 2714 ex.~titit,
836 2676 960 2705 codices
991 2685 1063 2704 mss.
1111 2678 1295 2714 explorante
1339 2674 1374 2703 D.
1421 2672 1568 2711 Philippo
1615 2671 1741 2702 linlfier,
1784 2670 1836 2708 qui

127 2731 194 2757 tum
211 2730 278 2757 erat
293 2726 430 2756 sodalilii
448 2726 545 2755 nostri
562 2726 592 2754 in
611 2725 697 2755 curia
715 2726 855 2755 Romanu
887 2730 1074 2764 procurator
1104 2724 1270 2762 generalis.
1299 2724 1382 2753 Idem
1402 2722 1576 2752 commodis
1595 2721 1669 2750 meis
1686 2724 1835 2754 attentus,

125 2776 342 2807 adoctissimo
359 2775 426 2805 viro
443 2776 478 2805 D.
510 2775 646 2805 Antonio
676 2775 777 2805 Maria
808 2775 1135 2813 Salviuiimpetravit,
1154 2778 1188 2802 ut
1219 2783 1275 2802 sua
1306 2773 1335 2802 in
1367 2772 1537 2801 editionem
1569 2770 1673 2809 tljiilli
1691 2778 1740 2798 an.
1762 2770 1838 2798 1640

125 2826 244 2856 scholia
261 2835 321 2856 non
342 2834 452 2864 parum
472 2824 549 2854 mihi
566 2824 731 2864 profutura
756 2826 953 2854 concederet.
972 2825 1004 2853 in
1039 2824 1097 2852 huc
1115 2824 1201 2857 urbe,
1233 2822 1431 2852 Bibliotheca
1462 2823 1572 2858 Regia.
1594 2828 1741 2857 magnum
1760 2817 1837 2847 illud

123 2874 332 2907 litteratorum
366 2873 556 2913 perfugium.
590 2873 813 2912 percommode
843 2873 920 2902 mihi
951 2873 1065 2911 patuit,
1094 2876 1254 2901 annuente
1284 2871 1498 2900 illustrissimo
1525 2870 1639 2898 abbate
1660 2867 1836 2896 Cumillole

122 2924 234 2956 Tellier
246 2925 286 2956 de
300 2922 455 2960 Louvois,
471 2922 670 2953 bibliotheca
690 2922 900 2959 moderatore,
922 2921 1112 2952 doctissimis
1144 2921 1227 2950 viris.
1248 2921 1282 2950 Ι).
1310 2922 1348 2950 de
1364 2921 1491 2958 'l‘argny
1507 2922 1538 2948 et
1563 2918 1599 2947 D.
1628 2916 1738 2947 BOiVin
1755 2924 1836 2945 sum-
