4052 6380
352 310 429 371 27
1834 313 1952 374 PB.

2168 314 2253 374 ’Ῑο
2269 359 2279 368 .
3692 314 3768 374 28

356 466 520 511 mam
556 449 1015 513 humanitatem
1047 446 1578 527 slgniﬁcantibus.
1614 448 1734 510 Sed
1793 446 2157 528 praesidium
2216 447 2403 525 longe
2447 449 2788 510 maximum
2822 449 2883 509 in
2934 450 3319 512 Coisliniana
3357 449 3769 513 constitutum

353 548 570 622 habui,
605 569 794 630 quam
830 547 1398 611 excellentissimus
1456 546 1755 609 Metensis
1785 547 2116 626 episcopos
2151 548 2272 608 DD.
2312 548 2616 607 Henricus
2648 548 2730 607 du
2787 550 3122 622 Cambout,
3183 549 3310 608 dux
3371 548 3449 607 de
3509 549 3765 619 tioislin,

354 665 467 725 pro
498 665 612 707 suo
651 646 956 728 singulari
1016 646 1075 706 in
1127 666 1240 705 nos
1299 664 1535 716 amore,
1601 647 2049 706 asservaudam
2108 643 2172 706 in
2205 642 2327 705 hoc
2378 644 2946 707 San-Germanensi
3007 646 3393 709 monasterio
3425 646 3767 725 deposuit:

352 742 409 805 ei
441 745 767 820 prefectus
824 750 1011 803 antea
1046 743 1249 803 fuerat
1314 745 1408 802 vir
1438 743 1591 803 clar.
1628 743 1700 802 D.
1763 742 2142 813 Blanchard,
2203 742 2426 801 doctor
2480 742 2886 809 Sorbonicus.
2931 763 3117 824 quem
3173 745 3418 805 facilem
3454 753 3516 804 et
3549 744 3773 807 buma-

353 859 505 902 num
534 849 829 919 expertus
857 860 1019 901 sum.
1058 841 1165 900 Vir
1194 840 1656 901 illustrissimus
1696 843 1767 901 D.
1826 840 2106 900 Joannes
2134 840 2408 912 Colbert,
2465 858 2676 900 comes
2708 843 2783 901 de
2846 842 3206 922 Seignelay,
3270 851 3487 903 notam
3546 844 3772 904 sodali-

353 938 471 1000 bus
529 941 758 1000 nostris
816 939 1292 1000 benelicentiam
1352 938 1505 999 mihi
1563 957 1687 999 non
1746 938 2019 1005 clausit;
2084 938 2349 1017 ejusque
2409 937 2807 1000 bibliothecas
2866 942 3200 1018 prmfectus
3258 942 3329 1001 ι).
3393 943 3475 999 du
3529 940 3773 1002 Chesne

352 1046 686 1118 promptus
733 1039 813 1099 ab
871 1038 1032 1099 bene
1092 1039 1166 1098 de
1233 1056 1329 1099 me
1390 1040 1757 1100 merendum
1808 1038 1949 1097 fuit.
2015 1037 2155 1098 Pari
2220 1056 2319 1097 me
2379 1037 2772 1099 humanitate
2832 1039 3273 1119 impertierunt
3323 1039 3672 1101 doctissimi
3703 1043 3767 1102 S.

351 1138 682 1200 Genofevm
716 1136 1199 1198 bibliothecarii.
1267 1138 1448 1198 Viros
1506 1137 1566 1197 iu
1620 1138 1739 1197 liac
1798 1137 1952 1197 urbe
2009 1135 2292 1197 eruditos
2354 1136 2790 1215 praetermitto,
2825 1139 2934 1217 qui
2968 1139 3046 1199 de
3099 1138 3284 1199 rebus
3313 1138 3600 1199 obscuris
3631 1157 3776 1199 con-

351 1236 583 1297 sulenti
616 1238 817 1299 lucem
850 1237 1087 1315 ingenii
1143 1237 1239 1297 sui
1272 1255 1397 1296 non
1429 1236 1812 1296 inviderunt.
1868 1237 1995 1295 Nec
2044 1234 2390 1295 domestica
2422 1233 2702 1295 subsidia
2760 1237 3013 1297 defuere
3068 1256 3082 1299 :
3151 1243 3220 1297 ut
3249 1256 3355 1297 eos
3387 1244 3628 1296 taceam
3665 1238 3776 1317 qui

351 1334 613 1396 consilio
636 1333 964 1415 juverunt,
1002 1335 1072 1394 D.
1106 1336 1383 1407 Iacobus
1418 1336 1633 1412 Leger,
1697 1334 1847 1394 olim
1907 1333 2187 1394 sodalitii
2248 1332 2468 1405 nostri,
2533 1350 2699 1392 nunc
2757 1334 3125 1394 austerioris
3157 1334 3298 1394 vitae
3330 1334 3537 1394 studio
3570 1339 3771 1414 Trap-

351 1433 562 1513 pensis
596 1433 961 1503 monachus,
1001 1451 1142 1493 cum
1175 1432 1481 1511 Cyrillum
1516 1432 1852 1493 vernacula
1886 1431 2146 1491 reddere
2203 1429 2594 1501 instituisset,
2659 1431 2765 1491 ubi
2798 1432 3041 1492 consilii
3103 1430 3223 1491 mei
3282 1431 3514 1491 certior
3573 1432 3773 1493 factus

352 1536 467 1603 est,
556 1530 821 1591 libenter
903 1530 1399 1591 communicavit
1455 1529 1763 1609 quidquid
1850 1547 1927 1590 ex
1996 1547 2143 1589 mss.
2221 1536 2643 1607 excerpserat,
2733 1536 2842 1589 aut
2918 1530 2977 1589 in
3039 1530 3345 1604 Cyrillum
3403 1529 3779 1591 observave-

350 1635 471 1688 rat.
511 1628 736 1690 Utilem
769 1646 1027 1706 operam
1062 1635 1374 1688 navarunt
1403 1628 1530 1689 duo
1587 1628 1694 1688 alii
1752 1627 2022 1700 sodales,
2084 1645 2357 1706 quorum
2390 1627 2552 1686 alter
2610 1628 2894 1688 arctioris
2927 1627 3243 1699 amicitias,
3305 1628 3466 1688 alter
3514 1629 3779 1690 fraterni

349 1726 678 1803 sanguinis
710 1726 959 1788 vinculo
1016 1727 1592 1806 coniunctissimus.
1657 1728 1844 1788 Nunc
1901 1725 2202 1787 exorandi
2236 1724 2521 1795 lectores,
2589 1731 2679 1793 ut,
2739 1744 2882 1804 quas
2942 1726 3317 1805 incogitanti
3382 1725 3780 1800 exciderunt,

352 1831 464 1887 aut
495 1826 701 1886 minus
756 1827 1086 1889 commode
1134 1827 1462 1904 cogitanti,
1500 1826 1811 1905 patienter
1856 1831 2206 1899 excusent;
2260 1843 2332 1885 ac
2389 1825 2611 1885 saltem
2676 1825 2970 1887 Ecclesia
3029 1826 3361 1886 catholica
3393 1825 3779 1887 inserviendi

352 1923 654 2004 studium,
689 1942 815 2005 quo
872 1923 953 1985 ad
985 1925 1107 1987 hoc
1151 1943 1314 2004 opus
1347 1923 1817 2005 suscipiendum
1856 1924 2167 1985 adductus
2190 1942 2352 1996 sum,
2387 1924 2553 2004 ωψιὶ
2585 1925 2861 2005 bonique
2881 1925 3249 1986 consulant.

437 2237 672 2297 AucIOr
702 2234 886 2312 huius
912 2234 1197 2297 editionis
1223 2236 1540 2298 laudatur.
1579 2270 1654 2283 --
1687 2236 1949 2296 Videtur
1980 2233 2083 2295 hic
2113 2232 2289 2294 locus
2328 2250 2461 2294 esse
2520 2233 2904 2295 admonendi
2960 2233 3233 2308 lectoris,
3296 2235 3603 2294 domuum
3638 2238 3771 2296 Au—

361 2326 679 2404 gustinum
714 2328 1002 2394 'l‘outtée,
1041 2325 1472 2405 presbyterum
1506 2333 1569 2387 et
1627 2324 2011 2386 monachum
2050 2324 2560 2402 congregationis
2611 2325 2675 2385 S.
2730 2323 2957 2393 Mauri,
2999 2323 3188 2397 huius
3247 2341 3425 2383 navas
3482 2323 3779 2384 editionis

361 2421 710 2484 auctorem,
743 2432 883 2473 cum
908 2414 1075 2494 typis
1096 2415 1455 2475 mandasset
1479 2422 1679 2475 totum
1713 2416 1777 2474 S.
1803 2413 2017 2493 Cyrilli
2041 2420 2430 2483 contextum,
2455 2431 2528 2473 ac
2546 2414 2990 2474 Prm’ationem
3013 2420 3073 2472 et
3101 2413 3580 2471 ltissertationes
3606 2413 3781 2489 prelo

358 2503 747 2583 parasset.in
770 2502 1145 2563 hoclaboris
1163 2502 1427 2563 decursu
1452 2504 1702 2563 obiisse.
1727 2504 1925 2562 Natus
1966 2509 2104 2562 erat
2130 2502 2449 2578 Ricomagi
2477 2502 2626 2561 Idib.
2663 2502 2957 2563 Decemb.
3007 2521 3111 2561 an.
3143 2506 3317 2569 ηδτ-ι,
3342 2520 3419 2560 ex
3473 2509 3651 2575 patre
3696 2502 3783 2563 fo-

360 2591 527 2653 rensi
559 2592 833 2670 eloquio,
863 2591 1027 2670 juris
1055 2592 1255 2652 civilis
1285 2592 1567 2660 scientia,
1605 2610 1852 2652 morum
1889 2593 2202 2669 probitate
2232 2600 2538 2669 spectato.
2573 2592 2850 2652 Peractis
2871 2592 3120 2669 egregie
3142 2591 3309 2668 apud
3330 2590 3613 2651 eruditos
3632 2595 3790 2654 Ora-

358 2681 507 2741 torii
536 2681 894 2741 sacerdotes
928 2680 1278 2741 litttrarum
1317 2681 1786 2742 bumaniorum.
1813 2680 2232 2759 philosophiae
2264 2687 2323 2739 et
2346 2680 2683 2754 theologia:
2714 2680 2958 2747 studiis.
2988 2680 3399 2740 monasticam
3426 2680 3619 2739 vitam
3658 2699 3785 2740 am-

364 2770 589 2850 plexus
609 2777 724 2844 est,
759 2788 952 2848 seque
982 2772 1139 2831 voti~
1171 2770 1560 2829 solemnibus
1588 2769 1927 2830 obstrinxit
1956 2771 2017 2829 in
2053 2768 2435 2829 monasterio
2472 2768 2938 2835 \‘indocioensi,
3002 2785 3060 2828 tv
3093 2771 3201 2829 Kal
3256 2771 3418 2829 Nov.
3456 2788 3559 2829 an.
3598 2770 3780 2830 1698.

367 2861 517 2920 Post
548 2865 845 2919 navatam
877 2860 1105 2920 iterum
1144 2859 1328 2920 rebus
1360 2860 1732 2938 theologicis
1761 2877 2042 2937 operam.
2082 2859 2408 2936 presbyter
2439 2876 2650 2917 mense
2681 2858 3009 2918 Decembri
3034 2877 3138 2918 an.
3169 2858 3611 2925 t702creatus,
3643 2859 3778 2937 phi-

357 2947 710 3027 losophiam
746 2948 927 3008 annis
957 2948 1225 3021 duobus,
1264 2948 1465 3009 tribus
1500 2948 1888 3027 theologiam
1932 2948 1992 3007 in
2031 2947 2412 3008 manasterio
2474 2948 2854 3008 Floriacensi
2888 2947 3102 3008 docuit
3138 2967 3150 3009 :
3186 2947 3356 3025 quod
3392 2967 3620 3007 munus
3655 2967 3783 3008 ma-
3847 3006 3865 3017 _

357 3057 483 3119 gna
514 3057 656 3098 cum
694 3040 878 3098 laude
912 3038 1163 3118 pietatis
1190 3048 1249 3099 et
1281 3038 1653 3098 eruditionis
1677 3039 2067 3117 perfunctus,
2104 3038 2166 3097 in
2202 3040 2650 3096 monasterium
2680 3037 2740 3098 S.
2772 3037 3047 3111 Dionysii
3081 3040 3425 3096 accersitur
3456 3056 3558 3096 an.
3598 3040 3778 3109 i708,

360 3127 463 3188 ubi
499 3130 813 3189 saniorem
850 3128 1237 3203 theologiam
1276 3146 1385 3205 per
1414 3147 1614 3189 annos
1646 3136 1922 3207 quatuor
1955 3126 2235 3205 profiteri
2272 3128 2566 3202 perrexit.
2602 3128 2775 3187 Hanc
2807 3132 3016 3185 autem
3051 3125 3320 3185 docendi
3355 3127 3517 3184 viam
3554 3144 3778 3205 seque-

358 3216 570 3288 batur,
607 3224 696 3288 ut,
735 3216 937 3276 missis
968 3216 1364 3277 scholastica
1396 3217 1611 3295 spinis,
1647 3217 1797 3296 quid
1831 3217 2028 3277 sancti
2062 3219 2279 3277 Patres
2311 3217 2648 3276 sensissent
2709 3216 2889 3275 unice
2921 3227 3192 3283 curaret,
3228 3222 3417 3292 atque
3448 3234 3525 3275 ex
3558 3233 3777 3275 eorum

357 3306 555 3374 libris,
592 3326 752 3385 quos
787 3316 1095 3365 nocturna
1126 3304 1479 3387 diurnaque
1515 3324 1701 3365 manu
1738 3311 2048 3377 versabat,
2087 3323 2340 3364 omnem
2374 3305 2655 3365 dictandi
2692 3306 3018 3364 materiam
3050 3312 3502 3381 comportaret.
3540 3307 3668 3365 Hos
3699 3306 3775 3365 ad

366 3414 510 3455 usus
543 3396 891 3455 litterarum
924 3398 1287 3456 Graecarum
1325 3394 1685 3473 prmsidium
1721 3394 1835 3455 sibi
1874 3402 2226 3471 paraverat,
2261 3396 2321 3453 in
2357 3394 2587 3471 quibus
2635 3395 2721 3454 ita
2754 3395 3057 3454 contritus
3118 3394 3253 3459 fuit.
3293 3402 3357 3452 ut
3391 3412 3532 3453 cum
3568 3395 3781 3454 excel-

361 3482 638 3543 len'ibus
669 3484 728 3541 in
767 3483 884 3542 hoc
918 3501 1143 3557 genere
1175 3484 1532 3561 comparari
1568 3492 1797 3561 posset.
1833 3486 1936 3543 Sic
1970 3485 2313 3542 illSll‘Ut'ltIB
2371 3489 2433 3542 et
2466 3484 2744 3542 munitus
2802 3482 2882 3543 ad
2943 3501 3169 3542 novam
3203 3482 3541 3542 editionem
3576 3486 3639 3543 S.
3671 3486 3786 3563 Cy-

362 3572 487 3632 rilli
521 3571 954 3630 adornandam
990 3574 1271 3648 accessit,
1306 3573 1719 3633 suadentibus
1751 3572 1995 3643 amicis,
2035 3573 2387 3650 praepositis
2409 3572 2801 3648 julientibus.
2838 3572 3009 3647 Opus
3041 3574 3361 3649 inceptum
3386 3572 3443 3631 in
3478 3582 3785 3633 monaste-

366 3662 460 3722 rio
491 3662 556 3722 S.
594 3660 895 3739 Dionysii,
932 3662 1204 3721 absolvit
1235 3662 1294 3721 in
1328 3665 1452 3723 San
1484 3663 1921 3734 Germanensi,
1960 3666 2114 3725 Luto
2151 3666 2273 3722 iam
2323 3672 2583 3722 vocatus
2612 3682 2714 3722 an.
2784 3664 2960 3721 l7l2.
3026 3665 3242 3722 Utrum
3278 3663 3578 3720 eximiam
3615 3662 3786 3722 hunc

365 3751 735 3828 scriptorem
770 3760 1060 3810 accurate
1091 3751 1542 3830 interpretatus
1567 3754 1666 3815 sit.
1703 3752 2039 3812 commode
2071 3753 2524 3811 emendaverit.
2556 3752 2966 3811 illustraverit
3014 3771 3121 3810 eru
3175 3750 3276 3819 ite,
3343 3751 3593 3828 publico
3618 3751 3787 3829 judi-

366 3842 464 3903 cio
494 3841 685 3901 statui
720 3842 907 3910 malo,
945 3859 1131 3919 quem
1171 3861 1308 3902 mea
1342 3842 1815 3920 ptmdicatione.
1862 3843 2132 3901 Tantum
2167 3842 2394 3905 dicam.
2432 3845 2597 3918 quod
2650 3842 2861 3920 arguti
2912 3840 3165 3917 judices
3194 3842 3344 3899 satis
3380 3842 3784 3919 perspicient,

367 3930 504 4005 ejus
534 3939 715 3991 notas
746 3938 805 3988 et
838 3930 1309 3990 dissertationes
1343 3951 1468 3991 nou
1500 3950 1575 3991 ex
1613 3933 1837 3991 alienis
1870 3931 2179 3990 messibus
2210 3932 2556 4008 decerptus,
2618 3931 2726 3990 sed
2759 3950 2831 3989 ex
2894 3930 3215 3991 dili~simis
3272 3931 3646 3990 adVersariis
3679 3934 3784 3992 de-

370 4025 719 4100 promptae,
756 4035 899 4093 qua
931 4018 1062 4095 ipse
1091 4019 1210 4078 sibi
1244 4021 1542 4078 omnibus
1580 4021 1866 4080 Patribus
1898 4027 1957 4077 et
1990 4038 2023 4079 c
2050 4019 2273 4079 inciliis
2304 4022 2523 4079 ordine
2559 4020 2837 4098 legendis
2871 4032 3221 4095 pepererat.
3278 4025 3588 4082 Atictores
3623 4041 3787 4079 non-

369 4107 528 4168 nulli
562 4109 831 4174 fuerant,
870 4116 934 4165 ut
967 4108 1025 4165 in
1064 4107 1227 4166 notis
1257 4108 1652 4185 apponendis
1685 4126 1911 4186 parcus
1943 4119 2110 4167 esset
2142 4116 2205 4168 et
2238 4110 2466 4180 tenuis,
2502 4110 2608 4169 alii
2643 4109 2958 4168 dehortati
3002 4108 3387 4167 DFit'ClOl't‘m
3421 4109 3583 4186 aptis
3614 4112 3691 4169 ad
3726 4111 3790 4171 S.

364 4197 568 4259 Patris
600 4203 991 4265 contextum,
1029 4196 1108 4255 ad
1143 4197 1377 4271 dogma
1407 4203 1468 4257 et
1500 4197 1899 4275 disciplinam
1931 4198 2481 4260 observationibus
2513 4199 2939 4258 defraudaret.
2988 4198 3216 4259 Maluit
3250 4199 3591 4258 multorum
3630 4198 3792 4258 utili-

367 4289 485 4351 tati
516 4287 748 4346 servire
779 4304 967 4365 quam
996 4303 1343 4363 paucorum
1383 4287 1632 4345 fastidia
1665 4288 1905 4362 fugere.

448 4381 607 4455 Spes
637 4374 979 4449 alTulgebat
1017 4375 1335 4435 hominem
1375 4375 1556 4435 firma
1587 4376 1968 4443 valetudine.
2030 4382 2216 4440 atate
2248 4377 2520 4446 ﬂorenti,
2582 4377 2938 4437 eruditione
2995 4396 3116 4435 non
3155 4377 3551 4456 quotidiana,
3588 4378 3793 4438 multa

372 4464 612 4546 ingenii
640 4463 738 4523 sui
770 4470 1185 4523 monumenta
1216 4465 1583 4525 relic«urum
1622 4486 1636 4538 ;
1671 4467 1779 4525 sed
1810 4484 1954 4544 quia
1989 4466 2253 4545 legendo
2286 4475 2347 4527 et
2380 4466 2745 4527 meditando
2795 4477 3301 4544 comparaverat.
3338 4485 3435 4540 ea,
3497 4467 3547 4524 si
3582 4468 3793 4526 minus

379 4559 455 4618 ad
489 4558 886 4632 exspectatus
916 4553 1053 4629 ejus
1086 4552 1372 4612 laborum
1412 4555 1672 4626 fructus,
1695 4554 1813 4633 ipsi
1844 4564 2011 4616 certe
2035 4558 2111 4616 ad
2151 4557 2338 4617 vitam
2364 4557 2821 4617 sanctissimam
2856 4562 2919 4616 et
2942 4557 3488 4634 praeclarissimam
3527 4563 3794 4615 mortem

378 4644 776 4727 profuerunt.
816 4642 965 4715 Ejus
995 4644 1160 4701 enim
1195 4644 1549 4704 studiorum
1602 4644 1781 4705 labor
1814 4645 1964 4705 nihil
1999 4645 2167 4706 aliud
2232 4646 2477 4717 habuit,
2513 4645 2631 4705 nisi
2695 4646 3163 4706 meditationem
3198 4647 3428 4706 Christi
3458 4646 3746 4706 crucitixi
3779 4665 3795 4721 ;

377 4741 550 4797 totus
579 4733 640 4791 in
676 4734 788 4791 SS.
835 4732 958 4791 PP.
987 4732 1369 4795 evolvendis.
1398 4752 1520 4792 non
1550 4735 1753 4793 solum
1785 4752 2001 4793 eorum
2036 4736 2114 4794 de
2143 4735 2442 4812 dogmate
2468 4735 2844 4795 sententiam
2897 4743 3125 4796 nostra:
3148 4736 3615 4796 Catholicorum
3652 4753 3797 4813 per-

376 4822 668 4888 similem,
699 4820 807 4878 sed
840 4820 1028 4878 etiam
1067 4819 1389 4898 religionis
1419 4823 1626 4882 studia
1651 4824 1878 4883 nostris
1908 4825 2151 4900 majora
2193 4823 2613 4902 perspiciebat
2647 4840 2661 4896 ;
2701 4843 2823 4884 non
2857 4826 3058 4884 solum
3123 4827 3424 4903 praclare
3456 4826 3623 4884 dicta
3676 4824 3800 4883 col-

375 4912 637 4991 ligebat,
670 4909 777 4969 sed
810 4910 998 4968 etiam
1023 4909 1207 4969 ﬁdem
1242 4917 1304 4968 et
1330 4911 1706 4971 charitatem
1743 4914 1951 4972 adhuc
1990 4914 2051 4972 in
2084 4912 2182 4973 his
2215 4914 2390 4974 libris
2439 4914 2808 4991 Spirantem.
2847 4915 2952 4973 His
2984 4914 3043 4973 in
3079 4914 3357 4973 fontibus
3388 4914 3691 4973 eximium
3716 4913 3793 4973 il-

379 5004 508 5063 lum
543 5016 822 5059 amorem
861 4999 1140 5058 veritatis
1173 4998 1493 5063 hauserat.
1529 5019 1718 5079 quem
1756 5008 1845 5061 tot
1879 5003 2063 5062 rebus
2095 5003 2441 5063 declaravit
2474 5023 2489 5080 ;
2528 5021 2641 5062 nec
2694 5025 2705 5073 ι
2737 5022 2883 5062 rave
2918 5004 3157 5082 pudens
3201 5004 3262 5063 in
3292 5022 3367 5063 ea
3400 5003 3798 5078 amplecten-

380 5091 483 5163 da,
514 5106 626 5148 nec
655 5088 717 5146 in
750 5086 1145 5146 defendenda
1168 5088 1448 5157 timidus,
1476 5091 1739 5150 libenter
1761 5092 2106 5151 emendans
2137 5092 2186 5151 si
2210 5092 2358 5170 quid
2394 5101 2663 5152 errasset
2690 5091 3081 5170 imprudens,
3110 5093 3355 5171 patroni
3376 5096 3469 5151 sui
3494 5091 3805 5152 doctrinm

379 5178 700 5240 liberrime,
734 5176 983 5236 afﬁxus.
1027 5176 1206 5236 Haud
1242 5178 1504 5239 verebor
1558 5179 1777 5239 iisdem
1822 5180 2045 5239 studiis
2103 5189 2430 5258 acceptum
2468 5182 2717 5251 relerre,
2755 5182 2923 5259 quod
2981 5183 3058 5242 de
3107 5183 3454 5241 monastico
3489 5182 3802 5251 instituto,

384 5286 457 5329 ac
479 5268 555 5326 de
586 5264 1024 5325 ecclesiasticis
1055 5268 1383 5344 praeceptis
1412 5275 1475 5327 et
1500 5268 1897 5328 documentis
1928 5276 2055 5328 tam
2092 5271 2427 5347 magnilice
2459 5270 2789 5339 sentiebat,
2818 5270 3129 5348 imprimis
3156 5289 3303 5330 vero
3329 5278 3401 5329 de
3426 5271 3559 5345 ipsa
3594 5271 3807 5331 Eccle-

379 5357 472 5417 sia
502 5353 842 5438 catholica,
880 5356 1062 5438 cujus
1095 5372 1283 5414 causa
1307 5357 1605 5435 cupiebat
1638 5358 1919 5418 miritice.
1954 5358 2197 5418 Nemini
2235 5360 2515 5435 profecto
2546 5359 2957 5428 concedebat,
2988 5361 3095 5438 qui
3131 5362 3270 5437 plus
3301 5362 3538 5420 doloris
3559 5379 3635 5419 ex
3666 5358 3807 5438 ejus

380 5438 569 5498 rebus
600 5435 877 5494 adversis
907 5435 1255 5514 colligeret,
1282 5455 1356 5497 ac
1392 5440 1613 5515 majori
1642 5440 1862 5498 laetitia
1891 5440 1952 5497 in
2008 5439 2327 5516 prosperis
2356 5440 2684 5499 efferretur
2717 5458 2731 5513 ;
2767 5447 2830 5501 et
2849 5435 3021 5501 cum'
3046 5435 3234 5518 longa
3296 5442 3672 5518 aegritudine
3703 5435 3802 5499 ad

382 5545 604 5589 omnes
636 5525 777 5585 vitm
808 5533 1066 5584 eventus
1100 5528 1561 5603 percalluisset,
1600 5529 1733 5588 haec
1758 5546 1885 5589 una
1906 5545 2004 5587 res
2025 5546 2169 5586 eum
2207 5529 2550 5601 recreabat,
2578 5530 2627 5589 si
2660 5529 2814 5607 quid
2844 5529 3136 5591 Ecclesim
3157 5530 3237 5590 ad
3284 5548 3461 5609 spem
3505 5529 3807 5609 paciﬁca-

383 5617 601 5687 tionis,
636 5615 885 5674 veritati
908 5615 985 5673 ad
1020 5615 1413 5693 triumphum
1445 5619 1783 5680 accessisse
1820 5615 2240 5676 nuntiaretur.

463 5706 603 5768 1am
638 5712 762 5766 tres
784 5704 913 5764 fere
944 5704 1093 5765 anni
1123 5711 1271 5765 sunt
1301 5705 1445 5783 ipsi,
1481 5724 1627 5767 cum
1661 5724 1804 5765 eum
1840 5705 2028 5765 tussis
2053 5706 2569 5783 perincommoda
2602 5712 2980 5768 tentaverat.
3035 5706 3199 5769 Male
3225 5715 3448 5769 curata
3479 5704 3822 5769 vellicabat

380 5794 721 5865 interdum.
756 5793 879 5855 Sed
909 5812 1015 5865 an,
1052 5797 1516 5872 t7t6exeuntc,
1552 5798 1639 5857 sic
1668 5796 1896 5857 insedit
1934 5795 2176 5877 pectori
2205 5803 2273 5858 ut
2329 5798 2653 5877 sanguinis
2701 5798 3012 5860 vomitum
3069 5817 3197 5860 non
3249 5799 3445 5860 semel
3481 5795 3821 5864 exciverit.
