4052 6362
233 513 310 574 33
1645 511 2174 576 DISSERTATIO
2217 517 2266 578 Ι.
3595 535 3672 595 34

236 645 569 718 Epiphanio
597 643 816 715 aequali
833 650 892 698 et
914 643 1182 716 ejusdem
1196 646 1511 718 provincia)
1534 650 1760 702 auctori
1777 664 1898 702 cre-
1927 648 1978 713 Α
2012 646 2254 704 lendam
2273 651 2403 723 ejus
2425 653 2589 723 Vitas,
2615 655 2663 710 si
2689 657 2932 727 quidem
2958 659 3031 714 ab
3053 676 3122 714 eo
3149 663 3370 733 scripta
3387 664 3672 736 sit.jactu-

255 737 436 791 dimus
469 737 572 802 ξι),
617 750 651 789 a
682 735 900 806 Cyrillo
934 735 1051 790 alio
1080 737 1462 807 competitore
1491 754 1620 794 suo.
1657 744 1714 792 et
1748 738 1906 793 sedis

253 824 510 895 ejusdem
543 831 682 896 post
714 824 915 894 Cyrilli
950 827 1136 880 nostri
1168 828 1709 882 exauctorationem
1743 828 1902 882 inva-

248 930 409 979 sore;
448 931 799 984 quanquam
834 931 953 969 non
986 915 1203 970 desunt
1231 917 1328 986 qui
1365 917 1763 988 Epiphanium
1797 934 1906 988 pu-

238 1008 364 1057 tent
396 1003 690 1074 Cyrillum
726 1004 1003 1058 eumdem
1035 1004 1095 1058 in
1138 1005 1285 1060 duos
1333 1006 1488 1060 male
1533 1006 1900 1073 distraxisse,

237 1109 366 1164 quae
399 1109 499 1146 res
534 1111 570 1148 a
605 1093 779 1147 nobis
813 1109 918 1148 suo
952 1093 1081 1149 loco
1105 1095 1256 1166 (cap.
1288 1096 1340 1157 8,
1366 1111 1404 1149 ιι
1448 1097 1534 1164 48)
1559 1095 1904 1168 diligentius

236 1182 644 1255 indagabitur.
674 1183 872 1238 Alium
900 1191 1189 1239 memorat
1209 1185 1366 1240 idem
1389 1185 1757 1257 Epiphanius
1781 1185 1901 1240 hae-

236 1273 350 1327 resi
381 1289 584 1338 Lxxni,
618 1290 677 1326 ιι.
707 1276 794 1326 37.
819 1273 1102 1346 Cyrillum
1145 1275 1465 1339 seniorem,
1499 1271 1780 1347 Κυρίλλου
1806 1278 1903 1327 τοῦ

233 1360 517 1434 γέροντος,
546 1380 734 1433 Quem
755 1363 825 1418 ab
844 1365 1127 1434 Eutychio
1151 1365 1739 1437 Eleutheropolitano
1765 1381 1901 1437 per—

233 1461 410 1526 petuo
445 1454 662 1524 Cyrilli
697 1455 883 1508 nostri
925 1455 1167 1510 inimico
1201 1456 1261 1510 in
1293 1456 1674 1512 Caesariensis
1699 1455 1903 1510 Eccle-

245 1544 338 1598 siae
370 1545 512 1599 sede
538 1545 903 1600 collocatum
928 1548 1127 1603 refert.
1153 1547 1325 1618 pulso
1345 1548 1482 1602 inde
1525 1547 1900 1616 Philumeno,

250 1649 415 1702 quem
446 1634 718 1704 Cyrillus
751 1640 952 1689 noster
982 1636 1033 1690 ei
1068 1635 1191 1690 sedi
1227 1637 1590 1707 praefecerat,
1634 1638 1733 1708 qui
1769 1636 1900 1707 qui-

243 1721 370 1776 dem
398 1723 668 1793 Cyrillus
693 1724 894 1778 senior
916 1741 1037 1778 non
1059 1725 1144 1779 ita
1175 1726 1359 1780 multo
1388 1732 1521 1798 post
1551 1726 1678 1781 loco
1704 1718 1901 1780 motus

239 1816 345 1876 est,
382 1814 643 1882 ejusque
677 1813 738 1867 in
773 1813 965 1868 locum
1001 1815 1578 1886 constituitCyrillus
1602 1816 1901 1871 Gelasium

242 1902 457 1954 sororis
494 1919 621 1956 suae
652 1903 866 1956 filium.
903 1904 1018 1958 Cur
1047 1904 1148 1958 ille
1179 1905 1434 1976 Cyrillus
1467 1907 1668 1961 senior
1696 1906 1897 1978 appel-

2016 754 2165 792 ram.
2201 741 2333 795 Cum
2363 742 2616 812 legissent
2647 746 3008 804 Bollandistae
3057 751 3115 804 in
3156 753 3382 820 publico
3431 758 3673 824 quodam

2013 830 2400 899 instrumento,
2435 835 2509 888 ad
2537 851 2590 889 se
2646 838 2970 893 Interamna
3017 841 3076 894 in
3123 841 3297 896 Italia
3342 846 3524 912 misso,
3567 849 3670 901 Pe-

2017 924 2164 972 trum
2192 922 2501 977 Antonium
2557 926 2828 988 Nardum,
2889 929 3355 986 Interamnensem
3403 936 3572 989 civem
3624 943 3677 990 et

2014 1008 2346 1065 cathedralis
2376 1013 2610 1068 ecclesiae
2636 1018 2908 1085 priorem,
2964 1035 3114 1073 anno
3165 1022 3303 1074 1474
3353 1031 3680 1079 commenta-

2009 1099 2120 1153 rios
2150 1116 2335 1154 rerum
2363 1110 2642 1170 gestarum
2685 1122 2810 1160 cum
2870 1107 3111 1162 aliorum
3166 1117 3505 1179 sanctorum,
3561 1121 3675 1168 tum

2012 1188 2074 1243 B.
2111 1190 2307 1258 Cyrilli
2345 1194 2479 1247 civis
2525 1196 2958 1252 Interamnensis
3017 1202 3262 1269 episcopi
3309 1204 3673 1272 Hierusalem,

2011 1277 2230 1342 iniuria
2262 1286 2565 1352 temporum
2593 1284 2935 1341 oblitteratos
2967 1293 3017 1340 et
3045 1290 3165 1355 fere
3195 1293 3348 1344 omni
3370 1299 3535 1361 parte
3565 1295 3670 1348 ob-

2011 1364 2156 1431 litos,
2189 1383 2290 1423 sua
2320 1369 2620 1439 diligentia
2649 1381 2702 1427 et
2732 1377 2981 1445 impensa
3003 1394 3111 1447 per
3141 1384 3317 1434 totum
3345 1383 3463 1448 fere
3483 1383 3668 1438 orbem

2011 1459 2284 1524 quaesitos.
2318 1465 2593 1518 memoriae
2616 1467 2962 1532 posteritatis
3002 1468 3298 1524 tradendos
3351 1475 3667 1540 curavisse;

2012 1561 2120 1615 quo
2160 1549 2463 1604 immatura
2510 1560 2683 1607 morte
2740 1556 2979 1623 sublato,
3039 1558 3263 1613 Pet-rum
3309 1561 3664 1617 Franciscum

2008 1644 2264 1706 nepotem
2295 1657 2358 1693 ea
2388 1641 2622 1697 edidisse
2648 1661 2660 1709 ;
2694 1645 2888 1699 statim
2919 1647 3160 1702 codicem
3212 1648 3323 1703 sibi
3351 1651 3672 1706 Interamna

2010 1727 2156 1779 mitti
2174 1738 2527 1796 rogaverunt.
2553 1732 2661 1787 Sed
2680 1735 2914 1790 mortuis
2936 1738 3004 1789 iis
3029 1739 3087 1790 in
3135 1753 3370 1807 quorum
3396 1747 3672 1809 potestate

2011 1813 2192 1869 dictus
2213 1817 2387 1872 codex
2419 1826 2546 1874 tunc
2574 1823 2710 1889 fuit,
2745 1839 3060 1893 responsum
3093 1833 3166 1881 est
3198 1831 3388 1896 quovis
3421 1830 3671 1884 adhibito

2009 1907 2190 1958 studio
2220 1906 2366 1960 nihil
2388 1912 2632 1978 potuisse
2675 1915 2931 1981 reperiri.
2978 1915 3110 1969 Haec
3163 1916 3542 1972 Bollandistae
3599 1919 3672 1973 ad

237 1990 568 2046 lelur.num
594 1993 1135 2065 propterCyrillum
1152 1995 1902 2066 aliumjunioremnescire
1938 2009 1979 2071 Β
2013 1991 2170 2048 diem
2208 1997 2273 2049 18
2305 1998 2518 2060 Martii,
2556 2016 2723 2055 num.
2756 2003 2844 2054 40.
2881 2003 3090 2056 Mirum
3123 2021 3268 2059 sane
3301 2011 3358 2060 et
3387 2007 3463 2061 ad
3495 2007 3667 2063 illum

241 2096 329 2134 me
361 2081 576 2135 fateor.
617 2086 700 2136 Ac
735 2083 902 2137 valde
930 2084 1267 2154 suspicarer
1293 2085 1567 2140 eumdem
1602 2101 1731 2140 esse
1763 2101 1900 2140 cum

244 2169 808 2243 Hierosolymitana:
860 2173 1017 2227 sedis
1046 2175 1337 2240 invasore,
1373 2175 1473 2246 qui
1503 2175 1575 2230 ab
1615 2175 1902 2247 Eutychio

241 2260 472 2330 utrique
509 2261 798 2316 Ecclesiae
830 2263 1179 2317 Caesariensi
1218 2269 1276 2318 et
1325 2264 1902 2336 Hierosolymitanaa,

243 2363 368 2402 cum
393 2350 467 2404 ab
497 2351 693 2405 altera
716 2351 994 2407 exclusus
1027 2359 1203 2414 esset.
1230 2354 1547 2424 impositus
1581 2354 1675 2408 sit.
1707 2354 1759 2408 S.
1795 2356 1901 2410 Ba-

244 2437 411 2493 silius
443 2441 618 2510 epist.
662 2442 788 2500 187,
821 2457 932 2513 pag
989 2443 1112 2509 202,
1163 2442 1365 2515 Cyrilli
1418 2443 1730 2515 cujusdam
1779 2444 1904 2515 epi-

253 2529 406 2598 scopi
438 2530 526 2584 vel
563 2529 904 2584 Satalorum
937 2531 1025 2585 vel
1055 2549 1238 2603 prope
1271 2533 1466 2588 Satala
1516 2534 1576 2588 in
1623 2533 1904 2588 Armenia

250 2619 537 2686 meminit,
575 2620 680 2690 qui
716 2637 854 2674 cum
888 2621 959 2675 ab
996 2621 1252 2676 inimicis
1298 2623 1658 2678 calumniam
1693 2639 1904 2694 passus

247 2714 417 2772 esset,
452 2709 833 2764 Sataleusem
866 2711 1151 2782 populum
1182 2729 1215 2768 a
1247 2713 1443 2784 sua[ll
1477 2714 1901 2769 communione

245 2798 513 2870 refugere
547 2799 766 2853 dolens
801 2800 962 2859 vidit.
997 2799 1368 2872 deprehensa
1391 2819 1424 2857 a
1447 2803 1660 2857 Basilio
1685 2803 1904 2858 calum-

249 2887 362 2954 nia,
401 2887 474 2942 de
507 2905 629 2959 qua
662 2890 1065 2961 auctoresipsi
1083 2892 1337 2946 confessi
1366 2898 1525 2947 sunt.
1552 2893 1714 2948 Idem
1738 2893 1902 2948 vide-

247 2979 342 3029 tur
365 2977 629 3047 Cyrillus
663 2995 815 3044 esse,
840 2979 910 3033 de
937 2997 1051 3050 quo
1079 2981 1328 3036 Basilius
1351 2982 1410 3035 in
1433 2982 1622 3038 altera
1649 2982 1903 3053 epistola

248 3063 534 3135 loquitur.
574 3069 728 3139 epist
784 3070 870 3135 58,
905 3086 1032 3142 pag.
1067 3071 1154 3137 86,
1211 3073 1378 3141 cujus
1422 3073 1482 3126 in
1535 3072 1728 3127 locum
1764 3088 1900 3128 cum

248 3156 572 3210 Anthimus
603 3158 856 3212 alterum
909 3161 1271 3231 episcopum,
1332 3178 1546 3233 nempe
1597 3163 1898 3226 Faustum,

250 3246 609 3311 ordinasset,
644 3254 766 3301 tota
803 3248 1196 3304 seditionibus
1227 3251 1464 3322 oppleta
1487 3258 1576 3307 est
1598 3252 1896 3307 Armenia.

245 3335 309 3389 1n
334 3336 592 3406 epistola
621 3337 832 3391 Liberii
869 3355 1032 3409 papze
1066 3339 1136 3392 ad
1185 3342 1521 3412 complures
1572 3341 1723 3396 Asia:
1775 3341 1900 3413 epi-

247 3440 479 3495 scopos.
517 3425 617 3495 qui
652 3424 726 3480 ad
758 3427 954 3497 ipsum
986 3428 1330 3501 delegarant
1395 3431 1551 3502 apud
1597 3432 1897 3486 Socratem

247 3509 345 3565 lib.
384 3529 440 3566 iv
470 3515 616 3568 Hist.
653 3532 780 3586 cap.
818 3518 900 3581 12,
937 3518 1137 3588 Cyrilli
1174 3535 1394 3574 nomen
1416 3521 1789 3591 reperiturin
1813 3520 1899 3575 in-

250 3603 576 3673 scriptione
609 3606 866 3659 secundo
902 3606 1030 3661 loco
1079 3608 1424 3679 ascriptum.
1479 3610 1755 3665 Fueritne
1798 3609 1900 3664 ille

248 3692 466 3762 aliquis
492 3709 561 3746 ex
589 3697 1068 3750 commemoratis
1090 3698 1366 3767 superius
1389 3700 1682 3754 Armenias
1714 3706 1773 3753 et
1799 3699 1898 3770 Sy-

249 3781 352 3834 ria:
383 3781 620 3852 Cyrillis
653 3783 987 3851 incertum;
1022 3802 1165 3840 num
1199 3786 1352 3842 idem
1381 3787 1604 3842 sitcum
1633 3789 1899 3843 Hieroso-

245 3867 558 3940 lymitano,
597 3872 772 3942 hujus
805 3873 1241 3930 dissertationis
1274 3893 1400 3948 cap.
1441 3879 1504 3930 l2
1537 3884 1594 3932 et
1634 3895 1799 3934 num.
1831 3881 1898 3934 7O

245 3959 660 4033 indagabimus
718 3963 1111 4033 Hieronymus
1144 3982 1298 4020 anno
1328 3969 1429 4021 379
1453 3967 1540 4021 vel
1573 3969 1751 4023 etiam
1771 3970 1893 4028 380.

245 4050 304 4104 in
339 4049 523 4120 Syriae
557 4068 753 4105 eremo
785 4068 818 4106 ξι
850 4052 1098 4107 diversis
1117 4055 1333 4109 Meletii
1363 4064 1421 4111 et
1442 4057 1696 4117 Paulini.
1722 4075 1788 4113 ac
1816 4059 1902 4112 Vi-

251 4139 385 4193 talis
419 4141 774 4194 factionibus
807 4150 1069 4209 vexatus,
1131 4145 1336 4215 Cyrillo
1381 4147 1598 4201 cuidam
1647 4151 1901 4219 episcopo

255 4232 624 4299 conscriptam
656 4247 709 4285 se
736 4232 894 4299 ﬁdem
946 4234 1152 4289 dedisse
1211 4243 1462 4292 testatur.
1517 4239 1728 4291 Noster
1775 4245 1900 4293 tum

251 4319 659 4390 Jerosolymis,
693 4320 864 4391 longe
889 4339 920 4376 a
939 4321 1171 4378 deserto
1194 4325 1580 4392 Chalcidis,in
1605 4344 1719 4398 quo
1738 4344 1897 4382 com-

252 4408 600 4462 morabatur
635 4409 1047 4482 Hieronymus.
1101 4413 1326 4485 agebat.
1377 4415 1544 4470 Alius
1590 4416 1790 4488 itaque
1825 4417 1898 4473 ab

248 4499 379 4568 ipso
403 4499 1005 4569 estHieronymianus
1028 4501 1126 4556 ille
1154 4503 1431 4574 Cyrillus,
1451 4505 1694 4560 incertas
1718 4507 1780 4560 in
1805 4507 1901 4578 Sy-

243 4589 333 4642 ria
392 4596 458 4642 ut
493 4588 740 4655 videtur,
777 4590 935 4644 sedis
970 4591 1304 4664 episcopus.

317 4679 370 4732 3.
393 4678 658 4748 S.Cyrilli
686 4679 1202 4752 Hierosolymitani
1231 4684 1414 4737 Vitam
1433 4685 1898 4756 nullusaaqualis

2015 2081 2172 2137 diem
2192 2083 2528 2141 inauditum
2547 2090 2706 2158 quod
2719 2091 2975 2161 Cyrillus
2995 2093 3568 2165 llierosolymitanus
3580 2099 3670 2151 In-

2016 2177 2371 2230 teramnensis
2397 2177 2520 2248 [Ill]
2553 2178 2698 2232 civis
2727 2179 2910 2234 fuisse
2944 2180 3213 2236 dicatur:
3249 2200 3316 2238 ac
3350 2185 3436 2240 vel
3469 2203 3538 2240 ex
3567 2186 3672 2242 illa

2017 2263 2143 2316 sola
2173 2281 2258 2327 re,
2293 2281 2472 2335 quam
2531 2283 2742 2338 parum
2804 2273 3375 2328 commentariorum
3425 2275 3671 2330 illorum

2016 2351 2276 2409 dolenda
2309 2355 2385 2408 sit
2417 2356 2588 2411 nobis
2612 2359 2872 2428 jactura,
2905 2361 3049 2415 satis
3083 2360 3439 2418 declaratur.

2084 2444 2137 2498 4.
2167 2444 2279 2498 Res
2315 2445 2493 2514 igitur
2522 2454 2716 2517 gestas
2741 2448 2794 2502 S.
2820 2449 3023 2520 Cyrilli
3058 2468 3128 2505 ex
3155 2454 3285 2523 ejus
3317 2455 3574 2526 scriptis,
3611 2462 3670 2511 et

2014 2547 2084 2586 ex
2106 2532 2370 2587 historia:
2393 2536 2686 2606 generalis
2705 2539 3048 2594 auctoribus
3068 2541 3268 2613 colligi
3290 2558 3535 2598 necesse
3556 2551 3664 2601 est.

2015 2620 2124 2676 Sed
2156 2621 2227 2677 de
2262 2639 2322 2677 se
2351 2624 2606 2694 Cyrillus
2640 2627 2880 2698 scripsit
2910 2645 3135 2700 pauca;
3167 2632 3488 2702 omniaque
3511 2635 3663 2705 ejus,

2013 2727 2145 2780 quae
2179 2711 2468 2766 habemus
2501 2714 2740 2785 scripta,
2774 2716 3152 2788 episcopatus
3176 2719 3336 2774 illius
3361 2721 3531 2776 initio
3556 2729 3668 2776 ter-

2010 2801 2508 2857 minantur.lnter
2537 2805 2799 2874 aequales
2818 2807 3036 2878 Cyrillo
3060 2809 3400 2879 scriptores.
3428 2827 3546 2865 non
3569 2829 3661 2867 sa-

2014 2891 2087 2945 tis
2119 2891 2428 2958 convenit;
2461 2893 2648 2964 aliqui
2683 2903 3020 2952 monstrosa
3050 2914 3292 2967 prorsus
3315 2906 3373 2954 et
3401 2901 3665 2956 incredi-

2009 2979 2157 3034 bilia
2187 2987 2452 3036 narrant.
2489 2984 2944 3040 Recentioribus
2986 2987 3224 3054 Graecis,
3274 2989 3374 3059 qui
3428 2990 3492 3044 in
3545 2992 3662 3045 Me-

2011 3070 2158 3124 naeis
2191 3077 2250 3124 et
2280 3071 2640 3141 Synaxariis,
2675 3074 2928 3146 aliisque
2961 3078 3366 3132 monumentis
3388 3079 3561 3148 plura
3592 3081 3664 3135 de

2014 3175 2082 3214 eo
2107 3161 2393 3228 referunt,
2420 3164 2791 3218 auctoritatis
2816 3165 2957 3219 satis
2982 3183 3102 3220 non
3129 3173 3313 3229 est.u't
3334 3169 3663 3239 quidquam

2011 3264 2082 3303 ex
2115 3249 2240 3304 solo
2274 3267 2480 3304 eorum
2515 3253 2856 3308 testimonio
2889 3255 3188 3310 afﬁrmare
3230 3255 3425 3312 liceat.
3461 3259 3664 3329 Itaque

2016 3338 2250 3411 singula
2280 3339 2598 3412 diligenter
2629 3343 3001 3408 excutienda,
3037 3361 3154 3415 qua
3202 3345 3262 3399 in
3311 3363 3374 3400 re
3423 3349 3665 3419 conjec-

2016 3433 2161 3483 turae
2195 3433 2252 3484 et
2286 3430 2555 3501 Opinioni
2589 3433 2805 3504 saepius
2837 3450 3015 3506 quam
3046 3441 3206 3490 certe
3237 3437 3665 3492 asseverationi

2012 3517 2182 3574 locus
2212 3520 2344 3574 erit.

2666 3612 2897 3668 CAPUT
2935 3616 3006 3668 ΙΙ.

2012 3697 2089 3752 De
2119 3704 2265 3764 ortu,
2282 3701 2496 3768 patria,
2515 3717 2736 3776 genere,
2751 3705 3062 3776 monastico
3079 3706 3350 3772 instituto,
3392 3713 3446 3760 et
3463 3709 3665 3776 primis

2563 3772 2764 3826 studiis
2795 3773 2832 3826 S
2842 3815 2852 3825 .
2888 3774 3104 3842 Cyrilli.

2085 3881 2135 3931 5.
2171 3879 2294 3944 Quo
2329 3895 2486 3934 anno
2519 3879 2581 3932 in
2614 3879 2808 3934 lucem
2867 3881 3158 3952 prodierit
3205 3882 3460 3955 Cyrillus
3510 3884 3662 3940 nulli

2015 3973 2287 4022 auctores
2319 3968 2646 4032 declarant,
2703 3986 2772 4023 ex
2829 3970 3003 4026 variis
3053 3977 3251 4026 tamen
3302 3975 3665 4045 conjecturis

2014 4057 2296 4112 aestimari
2320 4063 2659 4128 potesteum
2674 4059 3146 4116 circiterannum
3167 4063 3487 4118 315natum
3513 4081 3662 4120 esse.

2012 4146 2210 4200 Primo
2241 4148 2402 4202 enim
2434 4165 2592 4202 anno
2624 4149 2726 4203 347
2760 4149 2848 4203 vel
2879 4152 3003 4213 348,
3033 4168 3146 4222 quo
3181 4153 3522 4208 catecheses
3577 4155 3663 4208 di-

2013 4236 2203 4300 cebat,
2239 4236 2552 4308 presbyter
2582 4245 2727 4305 erat,
2760 4255 2870 4294 nec
2903 4257 3092 4294 novus
3125 4241 3454 4312 presbyter,
3487 4250 3552 4297 ut
3574 4243 3667 4297 in-

2009 4324 2196 4381 ferius
2222 4327 2540 4398 probamus
2568 4345 2694 4399 cap.
2721 4331 2774 4392 3,
2800 4346 2942 4384 num
2993 4333 3077 4383 l2.
3115 4331 3170 4386 Si
3204 4332 3490 4403 Cyrillum
3523 4350 3666 4404 sup-

2011 4432 2303 4487 ponamus
2327 4434 2424 4472 an.
2451 4420 2552 4472 345
2577 4425 2839 4473 creatum
2864 4420 3274 4493 presbyterum
3299 4439 3457 4477 anno
3477 4424 3666 4478 aetatis

2013 4505 2476 4578 tricesimo,qua3
2500 4507 2767 4580 legitima
2788 4515 2846 4563 et
2870 4511 3126 4583 vulgaris
3151 4513 3511 4583 suscipiendi
3531 4530 3663 4585 pre-

2014 4593 2259 4666 sbyterii
2291 4603 2433 4652 aetas
2466 4604 2611 4662 erat,
2661 4597 3016 4654 habebimus
3064 4617 3292 4656 annum
3342 4603 3665 4658 nativitatis

2012 4684 2281 4756 ejusdem
2305 4686 2520 4740 Christi
2540 4689 2661 4741 315.
2693 4689 2856 4751 Quod
2884 4696 3080 4744 autem
3110 4689 3664 4764 dicimusCyrillum

249 4773 457 4820 auctor
481 4767 949 4837 scripsit.nullus
969 4769 1385 4841 quodquidem
1412 4774 1592 4829 sciam
1611 4777 1898 4846 posterio-
1933 4765 1978 4829 D
2011 4775 2352 4830 catecheses
2384 4791 2543 4831 anno
2575 4778 2765 4832 tntatis
2795 4796 2949 4832 xxxu
2983 4785 3085 4834 aut
3129 4797 3307 4835 χχχιιι
3362 4781 3664 4849 habuisse,

249 4873 382 4911 rum
412 4865 745 4928 temporum
780 4859 1100 4916 Graeculus.
1129 4863 1269 4917 Cum
1297 4866 1585 4919 asservari
1605 4866 1904 4921 diceretur

247 4947 310 5000 iu
341 4948 703 5002 Messenensi
740 4951 1165 5006 monachorum
1217 4954 1633 5009 Basiliensium
1683 4955 1896 5010 biblio-

249 5038 424 5091 theca
447 5038 665 5108 scripta
688 5054 721 5092 a
744 5039 1134 5110 Metaphraste
1148 5043 1351 5115 Cyrilli
1380 5044 1900 5117 Hierosolymitani

251 5127 398 5182 Vita.
436 5125 810 5182 bibliothecae
843 5130 1150 5184 custodem
1185 5149 1291 5202 per
1323 5133 1551 5188 litteras
1611 5136 1805 5207 rogavi
1838 5142 1904 5190 ut

248 5217 396 5271 mihi
432 5217 735 5287 exemplar
763 5219 1080 5272 transcribi
1117 5227 1174 5274 et
1203 5237 1236 5275 a
1269 5239 1360 5277 me
1395 5223 1692 5278 edendum
1713 5231 1900 5280 trans-

249 5307 409 5361 mitti
441 5313 713 5372 curaret;
747 5307 847 5378 qui
881 5324 1016 5362 cum
1047 5309 1502 5382 diligentissime
1536 5313 1760 5368 forulos
1805 5313 1896 5368 bi-

245 5395 560 5452 bliotheca:
586 5397 1100 5468 perlustrassetac
1122 5400 1270 5454 nihil
1296 5403 1532 5472 penitus
1555 5405 1896 5475 reperisset,

251 5485 606 5558 signiﬁcavit
641 5487 782 5540 mihi
833 5487 1283 5558 perhumaniter
1330 5491 1478 5547 falso
1532 5509 1625 5547 me
1677 5493 1898 5548 indicio

250 5592 444 5629 usum.
483 5576 557 5630 Εχ
591 5576 662 5630 iis
693 5592 828 5646 quae
859 5575 932 5629 de
964 5578 1181 5648 Cyrillo
1217 5581 1640 5652 Metaphrastes
1672 5583 1733 5636 in
1772 5584 1900 5637 Vita

248 5664 305 5720 S:
337 5665 638 5723 Athanasii
667 5665 877 5733 refert,
909 5665 1264 5741 colligimus,
1297 5687 1416 5726 non
1439 5671 1763 5727 admodum
1790 5671 1900 5728 do-

323 5848 393 5919 (1)
421 5849 630 5924 Epiph.
665 5847 822 5906 hear.
856 5859 1001 5913 uvx,
1033 5863 1093 5904 ιι.
1127 5850 1215 5905 20.

2012 4865 2072 4920 id
2103 4866 2294 4937 primo
2328 4868 2550 4938 optime
2583 4871 2885 4924 consentit
2915 4871 2965 4923 S.
2995 4871 3666 4942 Hieronymo,scribenti

2013 4955 2073 5009 in
2110 4957 2366 5026 Catalog.
2395 4961 2584 5028 script.
2618 4975 2676 5013 ec
2705 4959 2795 5013 les.
2833 4959 3004 5013 illum
3036 4962 3380 5015 catecheses
3403 4962 3460 5015 in
3482 4962 3666 5016 adole-

2011 5044 2222 5100 scentia
2266 5049 2644 5116 composuisse.
2695 5048 3058 5103 Adolescens
3107 5049 3267 5104 enim
3324 5050 3376 5104 S.
3438 5051 3664 5106 doctori

2015 5139 2142 5187 erat
2170 5133 2256 5187 vir
2283 5151 2463 5190 χχχιιι
2493 5152 2812 5199 annorum,
2841 5141 2900 5190 et
2920 5153 3118 5207 supra.
3144 5139 3274 5208 Ipse
3297 5140 3582 5210 prommio
3605 5141 3665 5193 in

2011 5222 2275 5290 Abdiam,
2311 5240 2373 5279 se
2405 5226 2463 5278 in
2495 5224 2861 5280 adolescentia
2896 5241 2997 5281 sua
3046 5226 3296 5282 Abdiam
3349 5229 3664 5301 allegorice

2011 5311 2471 5383 interpretatum
2494 5328 2624 5369 esse
2648 5313 3059 5386 narrat,idque
3077 5331 3139 5370 se
3162 5317 3666 5387 puerumlusisse,

2012 5407 2137 5455 tum
2170 5418 2304 5456 vero
2337 5419 2527 5457 annos
2559 5409 2733 5457 natus
2768 5409 2891 5459 erat
2925 5404 3162 5460 circiter
3211 5406 3453 5479 triginta
3494 5407 3664 5464 duos.

2010 5490 2261 5564 Prologo
2294 5493 2354 5546 in
2388 5493 2666 5547 Danielem
2697 5493 2782 5547 ait
2822 5510 2884 5548 se
2915 5495 3380 5551 adolescentulum
3411 5497 3663 5554 Hebrai-

2011 5596 2140 5634 cam
2173 5580 2438 5649 linguam
2472 5580 2856 5647 addidicisse,
2891 5599 3024 5638 cum
3060 5591 3217 5640 esset
3245 5591 3445 5641 tamen
3477 5603 3668 5643 annos

2008 5675 2187 5726 natus
2216 5688 2416 5739 χχχιιι,
2451 5677 2555 5727 aut
2582 5688 2776 5727 χχχιν.
2813 5672 3086 5730 Secundo
3117 5675 3374 5749 Cyrillus
3423 5677 3668 5734 ordina-
