4052 6396
349 471 425 530 35
1671 459 1774 521 DE
1817 458 2002 522 VITA
2045 457 2110 522 S.
2156 458 2494 522 CYRlLLl.

3698 472 3792 538 86

351 609 450 660 tus
505 606 596 658 est
624 618 659 658 a
687 599 938 656 Macario
984 597 1292 663 diaconus,
1346 599 1416 650 ut
1469 592 1626 649 infra
1671 591 2004 656 videbimus
2039 596 2084 662 Α
2119 599 2439 666 postquam
2474 595 2634 652 enim
2683 597 2947 671 virgines
2996 601 3088 658 sui
3135 602 3370 660 institui
3416 605 3794 666 excellentia

345 700 503 764 (cap.
538 695 590 759 3,
633 709 692 748 n.
727 694 838 761 10),
865 705 977 744 nec
1007 688 1067 743 id
1099 687 1227 743 ﬁeri
1260 687 1452 758 potuit
1483 684 1677 740 serius
1698 701 1855 740 anno
1878 685 2001 747 334.

2120 683 2452 752 admonuit,
2487 685 2642 741 idem
2676 686 2991 746 observare
3025 693 3458 749 monachorum
3509 695 3792 756 ordinem

357 784 458 854 qui
485 781 718 837 Macarii
739 779 872 834 vitai
888 785 1187 833 extremus
1205 775 1311 830 fuit
1369 775 1695 830 Diaconum
1719 790 1854 829 vero
1885 789 2005 828 non
2111 772 2305 845 jubet,
2338 772 2764 849 subjungitque
2798 795 2962 836 num.
2999 780 3065 835 33
3105 797 3119 835 :
3153 785 3276 838 Non
3305 785 3450 838 enim
3483 787 3789 856 privamur

357 888 672 930 censemus
704 869 926 925 factum
957 882 1146 922 annos
1177 871 1384 920 natum
1420 865 1618 920 minus
1666 863 1869 936 viginti
1918 862 2009 918 vel

355 961 786 1020 novemdecim.
810 957 1005 1013 Tertio
1038 957 1110 1012 de
1142 955 1323 1011 veteri
1356 961 1700 1010 sanctorum
1737 953 2007 1009 locorum

352 1058 534 1118 statu,
569 1057 888 1120 antequam
922 1065 992 1103 ea
1020 1045 1396 1102 Constantini
1427 1051 1487 1100 et
1519 1045 1757 1099 Helena:
1789 1044 2007 1116 pietate

355 1146 754 1215 purgarentur
783 1145 842 1194 et
871 1142 1323 1199 exornarentur,
1357 1133 1440 1188 sic
1465 1133 1732 1204 loquitur
1751 1132 2008 1204 Cyrillus

356 1230 528 1304 quasi
557 1247 624 1286 ea
646 1235 782 1288 ante
804 1233 1132 1300 praesentes
1155 1224 1560 1297 reparationes
1577 1221 2006 1294 conspexisset.

357 1323 480 1376 Cat.
517 1323 604 1382 t2.
637 1336 697 1374 n.
729 1321 822 1382 20,
857 1315 1202 1373 Bethlehem
1233 1315 1431 1370 locum
1463 1318 1600 1368 ante
1631 1328 1853 1384 paucos
1899 1325 2007 1367 an-

357 1427 468 1466 nos
502 1409 688 1464 fuisse
743 1407 1078 1463 silvestrem
1128 1405 1422 1461 observat.
1473 1407 1595 1459 Cat.
1630 1402 1715 1456 14.
1751 1417 1809 1456 η.
1843 1404 1896 1468 ὅ,
1928 1399 2014 1456 ait

359 1501 424 1558 in
455 1499 612 1566 loco,
645 1499 706 1554 in
738 1514 856 1569 quo
885 1495 1157 1552 Christus
1181 1494 1504 1550 crucifixus
1529 1498 1637 1555 est,
1671 1492 1838 1564 prius
1866 1490 2005 1546 hor-

367 1595 494 1646 tum
522 1589 728 1655 fuisse,
749 1588 923 1660 cujus
945 1585 1138 1642 adhuc
1160 1584 1403 1657 vestigia
1429 1589 1487 1638 et
1507 1581 1775 1653 reliquiae
1804 1595 2014 1636 mane-

363 1687 536 1748 rent;
572 1696 738 1734 num.
771 1681 825 1745 9,
861 1681 1222 1733 monetante
1267 1674 1524 1746 sepulcri
1558 1671 2010 1728 exornationem

363 1788 395 1826 a
428 1768 820 1826 Constantino
851 1768 1089 1833 factam,
1123 1765 1471 1837 speluncam
1493 1763 1678 1818 fuisse
1702 1768 1906 1818 sancto
1929 1777 2015 1817 se-

365 1859 573 1932 pulcro
599 1875 707 1930 pro
738 1855 1048 1923 vestibulo,
1078 1871 1212 1927 qua:
1240 1851 1612 1910 Constantini
1638 1852 1812 1922 jussu
1843 1867 2013 1908 erasa

2117 864 2230 918 viri
2257 865 2599 934 integritatis
2627 865 2909 934 dignitate
2965 868 3036 924 Se
3091 877 3292 926 autem
3345 887 3416 928 ex
3467 875 3782 946 proposito

2118 958 2420 1024 perpetuae
2434 955 2577 1010 casti
2588 955 2690 1011 tati
2704 956 3008 1014 addictum
3029 959 3342 1032 perspicue
3357 959 3790 1028 declarat,cum

2120 1040 2214 1096 his
2245 1041 2438 1098 verbis
2469 1049 2582 1099 cat.
2647 1047 2736 1106 l2.
2782 1063 2842 1102 n.
2892 1049 2962 1102 1:
3011 1047 3283 1104 Puritatis
3329 1050 3550 1106 alumni
3594 1059 3648 1108 et
3693 1070 3794 1111 can-

2117 1131 2327 1185 stitatis
2355 1131 2641 1203 discipuli.
2667 1135 2833 1190 Deum
2865 1151 2934 1191 ea:
2960 1138 3180 1206 virgine
3209 1144 3408 1194 natum
3447 1140 3634 1212 plenis
3684 1157 3788 1199 ca-

2118 1221 2307 1277 stitate
2325 1219 2487 1278 labiis
2507 1223 2836 1281 celebremus
2861 1244 2876 1291 ;
2901 1231 3026 1282 tum
3053 1226 3184 1282 istis
3215 1244 3380 1284 num.
3414 1229 3482 1284 34
3508 1246 3522 1286 :
3583 1229 3787 1290 Omnes

2121 1317 2303 1366 autem
2335 1311 2519 1384 (quod
2545 1312 2620 1369 de
2651 1314 2961 1371 monachis
2991 1323 3051 1372 et
3081 1317 3406 1390 virginibus
3453 1321 3779 1380 manifeste

2120 1398 2374 1471 dictum)
2405 1405 2676 1459 castitatis
2698 1419 2914 1460 cursum
2945 1407 3043 1461 Dei
3071 1409 3261 1477 gratia
3305 1424 3664 1468 curramus...
3715 1417 3790 1468 ut

2123 1489 2387 1548 Dominus
2415 1491 2484 1548 de
2511 1495 2668 1550 nobis
2697 1495 2849 1552 dicat
2881 1501 2996 1551 tum
3051 1496 3188 1554 viris
3236 1496 3616 1570 integritatem
3665 1517 3793 1558 ser-

2117 1579 2395 1646 vantibus,
2429 1588 2544 1638 tum
2579 1585 2801 1654 feminis
2829 1585 3108 1642 coronatis
3137 1604 3155 1642 :
3182 1609 3210 1636 «
3244 1587 3577 1645 Inhabitabo
3603 1591 3663 1646 in
3719 1589 3793 1646 il-

2123 1670 2190 1724 lis
2223 1672 2262 1722 ί.
2299 1694 2323 1718 »ι
2356 1671 2522 1736 Quod
2555 1673 2603 1728 si
2639 1674 2966 1730 monachus
2995 1675 3128 1744 fuit,
3161 1693 3297 1732 cum
3322 1677 3532 1748 junior
3571 1679 3646 1736 ad
3679 1695 3784 1736 or-

2124 1759 2296 1816 dines
2328 1777 2530 1819 sacros
2558 1770 2866 1834 promotus
2897 1765 2992 1832 sit,
3026 1782 3148 1820 non
3181 1767 3244 1821 in
3299 1765 3552 1826 desertis
3601 1768 3780 1840 locis,

2126 1865 2238 1906 nec
2267 1849 2418 1906 forte
2449 1851 2511 1906 in
2542 1850 2850 1915 ctrnobiis,
2883 1853 2988 1910 sed
3019 1854 3201 1924 domi,
3231 1857 3501 1914 ascetivze
3531 1857 3664 1914 vitae
3691 1857 3790 1916 la-

361 1950 458 2005 sit.
495 1950 677 2004 Porro
708 1952 915 2002 sancta
947 1945 1078 2000 loca
1109 1950 1242 2015 post
1269 1959 1494 2000 annum
1528 1943 1630 1996 326
1661 1941 1899 2014 purgari
1928 1947 2014 2036 _et
2053 1971 2099 2036 Β
2131 1939 2325 2005 bores,
2359 1958 2508 2012 quos
2539 1958 2659 1998 non
2692 1959 2810 1998 uno
2843 1941 3128 2000 describit
3155 1947 3307 2015 loco,
3358 1946 3596 2004 videtur
3626 1947 3784 2004 tole-

364 2036 564 2092 ornari
596 2039 923 2102 cmperunt.
959 2031 1066 2098 Qui
1100 2048 1236 2104 ergo
1269 2047 1336 2086 ea
1366 2028 1690 2084 vidissetet
1719 2029 1906 2084 oculis
1928 2027 2020 2082 lu-

365 2132 631 2192 strasset,
658 2131 1001 2180 utveterem
1023 2127 1242 2176 statum
1276 2127 1477 2192 posset
1498 2125 1632 2191 post
1659 2122 1880 2174 multos
1909 2135 2020 2174 an-

367 2233 477 2272 nos
509 2215 862 2287 depingere;
888 2230 958 2268 ea
979 2228 1098 2266 non
1121 2211 1182 2266 in
1205 2211 1480 2268 infantia.
1515 2208 1758 2280 sedjam
1779 2207 2021 2264 adultus

369 2313 428 2362 et
459 2305 758 2360 duodenis
809 2303 1020 2358 saltem
1054 2299 1437 2372 conspexisse
1459 2297 1748 2354 dicendus
1771 2303 1878 2352 est.
1896 2298 2023 2352 Non

367 2396 547 2469 igitur
576 2393 767 2450 serius
814 2408 970 2448 anno
1012 2393 1114 2448 315
1144 2391 1205 2446 in
1238 2390 1436 2446 lucem
1505 2387 1845 2460 prodivisse
1874 2385 2033 2459 Cyri]

364 2485 490 2541 lum
521 2483 952 2540 existimamus.

438 2580 492 2632 6.
519 2575 632 2647 [ιν]
651 2575 790 2641 Quas
822 2574 952 2644 ejus
977 2571 1168 2644 patria
1197 2569 1396 2639 fuerit,
1423 2584 1458 2624 a
1482 2567 1650 2624 nullo
1687 2566 1915 2640 pariter
1945 2570 2036 2621 est

367 2664 692 2740 proditum.
740 2663 823 2718 Ex
854 2661 928 2718 iis
954 2677 1086 2733 quas
1117 2659 1293 2715 modo
1342 2657 1622 2720 diximus,
1672 2663 1838 2730 patet
1885 2671 2022 2712 eum

374 2752 798 2824 Hierosolymis
829 2750 1156 2806 enutritum
1189 2754 1249 2804 et
1280 2747 1595 2804 educatum
1627 2745 1700 2801 ab
1748 2745 2026 2801 infantia.

375 2845 555 2900 Multa
577 2841 757 2897 habet
777 2842 838 2896 in
863 2837 1274 2896 catechesibus
1297 2838 1357 2892 in
1383 2853 1499 2910 quo
1523 2852 1692 2892 suam
1717 2841 1774 2890 et
1817 2835 2027 2890 Hiero-

383 2933 879 3006 solymitanorum
923 2929 1174 2985 aliorum
1234 2927 1536 2982 fortunam
1587 2925 1812 2990 laudat,
1873 2924 2034 2996 quod

375 3023 584 3079 omnia
605 3019 766 3094 apud
791 3036 854 3075 se
871 3019 1154 3090 mysteria
1175 3023 1416 3090 peracta
1440 3016 1588 3082 sint;
1615 3014 1775 3086 quod
1795 3015 2035 3070 videant

384 3112 498 3186 ipsi
521 3117 580 3166 et
610 3114 984 3168 contrectent
1013 3124 1145 3179 quas
1177 3107 1372 3161 centeri
1431 3105 1684 3160 audiunt
1714 3109 1942 3160 tantum
1975 3111 2033 3159 et

386 3203 659 3258 credunt.
683 3203 758 3256 At
778 3199 840 3253 in
864 3197 958 3252 his
980 3213 1098 3252 non
1125 3211 1481 3268 magnopere
1504 3194 1682 3262 nitor,
1709 3210 1840 3265 quas
1871 3191 1942 3249 ab
1966 3210 2034 3248 eo

383 3291 525 3347 licet
556 3289 698 3346 alibi
732 3293 894 3346 nato.
926 3303 1061 3342 cum
1086 3284 1512 3357 Hierosolymis
1538 3289 2035 3355 versaretur,per—

384 3380 523 3436 inde
547 3378 662 3435 dici
688 3383 1028 3450 potuerunt.
1055 3374 1141 3431 Ad
1165 3382 1440 3447 parentes
1464 3373 1623 3446 quod
1642 3372 2029 3438 attinet,dici-

383 3477 481 3525 tur
512 3469 573 3524 in
604 3467 842 3523 Menwis
867 3465 1153 3538 Cyrillum
1187 3463 1304 3536 piis
1336 3470 1395 3520 et
1432 3462 1821 3519 orthodoxam
1856 3462 2035 3518 ﬁdem

383 3556 804 3632 proﬁtentibus
835 3554 1186 3628 parentibus
1217 3558 1423 3610 natum
1459 3570 1471 3608 :
1506 3552 1565 3608 id
1599 3551 1758 3624 quod
1781 3552 2036 3608 maxime

383 3646 690 3721 probabile
713 3651 824 3713 est,
847 3662 983 3701 cum
997 3643 1213 3700 nullibi
1239 3659 1301 3698 se
1321 3641 1647 3715 aliquando
1669 3649 1770 3698 aut
1790 3643 2040 3698 numina

387 3739 539 3795 falsa
562 3735 839 3798 coluisse.
865 3741 971 3791 aut
989 3735 1050 3790 in
1082 3739 1242 3790 secta
1273 3733 1345 3790 ab
1367 3732 1630 3788 Ecclesia
1655 3739 1927 3804 separata
1954 3733 2040 3788 vi-

387 3829 630 3898 xisse,et
649 3827 848 3901 agnita
863 3826 1104 3882 veritate
1117 3824 1192 3880 ad
1215 3823 1492 3880 meliores
1508 3829 1706 3896 partes
1731 3823 2040 3879 transiisse

391 3917 722 3988 signiﬁcet;
756 3917 878 3970 imo
908 3915 1079 3985 quasi
1109 3914 1315 3986 pietati
1351 3913 1678 3968 innutritus
1697 3927 1934 3983 semper
1951 3910 2042 3966 lo-

387 4013 623 4078 quatur.
657 4005 779 4060 Cat.
814 4007 868 4071 7,
903 4019 962 4058 n.
995 4006 1081 4064 t6.
1114 4002 1186 4058 de
1212 4002 1439 4058 honore
1490 4001 1840 4074 parentibus
1887 3999 2043 4056 refe-

386 4095 572 4152 rendo
606 4095 747 4150 dum
779 4093 956 4148 verba
987 4092 1144 4150 facit.
1171 4089 1402 4146 videtur
1423 4107 1486 4145 se
1509 4091 1582 4145 iis
1603 4090 1928 4162 adjungere
1942 4089 2043 4160 qui

389 4191 666 4258 parentes
687 4183 883 4239 adhuc
899 4181 1251 4254 superstites
1273 4187 1327 4235 et
1349 4179 1747 4235 Christianam
1763 4179 2045 4251 pietatem

389 4274 656 4329 colentes
687 4271 922 4327 habeat.
951 4271 1227 4325 Sororem
1258 4268 1466 4324 habuit
1509 4273 1757 4322 matrem
1806 4265 2042 4334 Gelasii,

393 4379 570 4434 quem
603 4361 818 4418 Acacio
853 4366 1089 4415 mortuo
1129 4356 1386 4430 Cyrillus
1416 4357 1913 4413 Ctesariensemin
1937 4359 2048 4412 Pa-

394 4454 629 4510 laestina
660 4452 1004 4524 episcopum
1031 4450 1202 4508 fecit:
1231 4449 1388 4505 hunc
1409 4454 1682 4504 auctores
1695 4447 2046 4503 ecclesiasti-

392 4542 444 4598 ci
473 4543 704 4614 magnis
725 4547 968 4614 propter
986 4539 1321 4596 doctrinam
1341 4543 1400 4593 et
1429 4538 1707 4610 pietatem
1729 4536 2046 4608 praaconiis

391 4632 612 4706 passim
627 4631 936 4688 celebrant
958 4647 968 4687 :
987 4647 1118 4702 quia
1141 4629 1272 4684 laus
1295 4627 1355 4682 in
1378 4626 1663 4700 Cyrillum
1686 4627 2043 4682 avunculum

2132 2046 2294 2086 rasse
2323 2048 2336 2096 ;
2371 2046 2439 2086 ac
2473 2032 2723 2102 μονάζων
2757 2033 2954 2105 potius
2985 2051 3166 2106 quam
3222 2035 3553 2094 monachus
3602 2037 3795 2094 exsti-

2127 2119 2294 2176 tisse.
2328 2120 2471 2175 Nam
2494 2121 2820 2178 monachos
2843 2133 3564 2195 nunquammonaxontas
3585 2133 3794 2182 autem

2131 2225 2287 2280 saepe
2323 2215 2782 2278 commemorat;
2817 2211 2917 2283 qui
2951 2229 3085 2267 cum
3117 2213 3179 2268 in
3209 2213 3358 2271 urbe
3380 2213 3688 2289 degerent,
3711 2214 3793 2272 ad

2132 2298 2444 2354 ecclesiam
2476 2315 2598 2355 una
2625 2315 2762 2355 cum
2793 2299 2926 2356 aliis
2947 2302 3402 2364 conveniebant.
3430 2310 3703 2376 separato
3729 2303 3798 2360 in

2131 2386 2262 2443 loco
2294 2387 2645 2445 residentes.
2683 2389 2902 2446 Horum
2934 2407 2998 2446 se
3026 2392 3228 2451 statui.
3261 2399 3566 2465 perpetua
3598 2394 3795 2450 conti-

2132 2477 2373 2540 nentiaa,
2406 2483 2466 2534 et
2495 2477 2810 2534 laboriosis
2839 2479 3206 2552 paenitentia:
3247 2481 3551 2554 Operibus,
3584 2499 3792 2540 seces-

2133 2567 2346 2638 suique
2392 2566 2650 2638 addicto,
2708 2584 2830 2625 non
2879 2568 3130 2626 obscure
3178 2578 3455 2628 accenset
3495 2571 3558 2629 in
3606 2572 3794 2629 citato

2135 2661 2249 2712 cat.
2287 2657 2352 2710 t2
2382 2655 2536 2712 loco.

2207 2746 2255 2800 8.
2282 2746 2573 2803 Praeclare
2597 2751 2790 2803 actam
2813 2747 3016 2822 Cyrilli
3032 2749 3411 2820 juventutem
3461 2767 3533 2810 ex
3565 2749 3807 2810 ordini-

2137 2835 2250 2892 bus
2280 2837 2343 2892 in
2376 2837 2568 2909 prima
2599 2844 2770 2894 vetate
2802 2840 3096 2912 susceptis
3127 2840 3408 2916 colligere
3451 2858 3806 2915 possumus.

2138 2927 2327 2994 Quam
2344 2926 2664 3002 diligenter
2687 2927 3021 2985 doctrinam
3053 2929 3519 2989 ecclesiasticam
3562 2931 3810 2990 addidi-

2143 3015 2312 3083 cerit,
2346 3015 2522 3072 fidem
2557 3017 2785 3072 faciunt
2813 3035 2995 3091 opera
3045 3019 3107 3075 in
3137 3020 3354 3091 quibus
3385 3021 3476 3093 [V]
3508 3039 3577 3078 ea
3607 3028 3667 3078 et
3694 3038 3809 3078 ro-

2142 3105 2486 3162 bustissima
2517 3107 2806 3162 asseritur
2830 3113 2890 3164 et
2930 3107 3279 3180 planissime
3311 3110 3660 3183 explicatur.
3694 3109 3808 3168 Sa-

2143 3211 2274 3252 cras
2296 3196 2526 3252 litteras
2548 3213 2684 3252 eum
2705 3195 2922 3253 diurna
2942 3203 3001 3253 et
3019 3205 3311 3255 nocturna
3333 3216 3513 3256 manu
3533 3217 3808 3257 versasse

2064 3332 2107 3398 c
2145 3285 2502 3358 penitusque
2523 3286 2726 3341 animo
2749 3285 3042 3354 hausisse,
3067 3289 3282 3360 probat
3306 3288 3500 3345 facilis
3522 3295 3580 3346 et
3601 3305 3802 3362 prom-

2147 3380 2280 3398 ,ιω
2304 3373 2541 3398 ει.,-,,,,
2568 3391 2708 3398 ,,,,,,
2738 3375 3233 3398 τμημ---Αειμ
3264 3379 3409 3398 ,μεᾼ-
3621 3397 3633 3398 ,
3673 3395 3701 3398 μ
3727 3395 3793 3398 --

2146 3380 2282 3446 ptus
2304 3373 2546 3431 illarum
2568 3375 3236 3449 usus.Extemporaliter
3256 3379 3417 3434 enim
3434 3378 3640 3435 dicens
3654 3395 3806 3436 .non

2144 3463 2336 3519 solum
2369 3465 2557 3520 multa
2587 3465 2856 3520 cumulat
2879 3465 2954 3522 ad
3011 3466 3425 3540 probationem
3481 3469 3572 3525 sui
3621 3485 3812 3543 argu-

2142 3553 2330 3610 menti
2349 3553 2784 3626 Scripturarum
2808 3556 3284 3624 testimonia,sed
3308 3563 3430 3613 tota
3451 3557 3581 3630 ejus
3603 3557 3810 3616 oratio

2145 3661 2216 3699 ex
2248 3643 2433 3699 sacris
2465 3643 2723 3699 textibus
2754 3645 2874 3700 sive
2906 3646 3303 3719 transcriptis,
3337 3647 3457 3702 sive
3488 3664 3594 3720 per
3641 3646 3815 3704 allu-

2147 3732 2346 3788 siones
2376 3732 2654 3788 indicatis
2682 3738 2740 3788 et
2769 3733 2949 3789 veluti
2982 3734 3176 3791 obiter
3205 3737 3398 3803 tactis,
3431 3737 3659 3794 intexta
3690 3741 3814 3796 est.

2147 3820 2448 3878 Hebraicaa
2480 3821 2698 3894 linguai
2730 3823 3004 3880 notitiam
3034 3825 3125 3879 vel
3177 3825 3407 3882 nullam
3457 3825 3668 3882 habuit
3709 3825 3818 3882 vel

2145 3907 2511 3966 levissimam
2547 3927 2560 3966 :
2589 3918 2941 3985 argumento
2973 3913 3094 3969 sint
3124 3915 3282 3970 inter
3311 3915 3429 3971 alia
3457 3916 3647 3972 multa
3665 3914 3812 3972 dum

2149 3999 2566 4056 Hebraicorum
2580 4002 2884 4059 nominum
2902 4002 3466 4076 interpretationesa
3485 4021 3549 4060 re
3561 4020 3824 4078 prorsus

2148 4087 2384 4156 alienaa,
2419 4106 2568 4161 quas
2600 4089 2673 4145 ab
2707 4091 2844 4146 aliis
2867 4091 3016 4148 forte
3047 4093 3302 4164 Cyrillus
3326 4095 3824 4166 acceperat.Pro-

2151 4184 2258 4233 cat.
2295 4195 2354 4232 n.
2408 4179 2493 4244 14,
2543 4179 2627 4234 ait
2683 4179 3018 4238 Samuelem
3069 4182 3406 4256 signiﬁcare
3459 4183 3830 4242 exaudientia

2153 4267 2250 4322 Dei
2275 4268 2510 4322 salutem
2532 4286 2555 4332 ;
2585 4273 2700 4324 cat.
2736 4269 2825 4338 l3,
2857 4286 2914 4324 n.
2951 4272 3041 4338 27,
3075 4271 3224 4326 dicit
3269 4271 3452 4328 Bosor
3492 4270 3652 4342 apud
3697 4272 3827 4328 He-

2149 4354 2343 4412 hrmos
2372 4360 2739 4429 ignominiam
2773 4375 3008 4415 sonare.
3044 4364 3118 4417 At
3147 4361 3584 4419 ecclesiasticos
3632 4362 3835 4417 inter-

2157 4454 2357 4520 pretes
2388 4448 2708 4521 diligenter
2736 4448 2981 4524 legerat,
3006 4450 3089 4507 ita
3117 4457 3184 4506 ut
3213 4451 3276 4507 in
3308 4467 3428 4508 uno
3479 4467 3637 4524 saepe
3685 4449 3832 4508 loco

2158 4537 2352 4594 varias
2379 4537 2908 4610 interpretationes
2940 4539 3173 4596 referat.
3205 4541 3321 4597 Nec
3351 4557 3490 4596 vero
3506 4540 3834 4614 proprium

2153 4625 2471 4699 Scriptum
2485 4643 2728 4683 sensum
2755 4628 3086 4684 attribuere
3115 4630 3286 4692 solet.
3333 4629 3434 4685 sed
3460 4646 3640 4700 quem
3663 4645 3837 4686 com-

388 4721 497 4778 viri
529 4727 869 4792 patronum,
901 4717 1344 4786 consiliarium,
1377 4723 1438 4772 et
1467 4715 1617 4771 forte
1673 4715 2054 4773 educatorem
2085 4707 2130 4771 Ι)
2167 4715 2428 4772 muniter
2455 4716 3239 4790 ascribebantinterpretes.
3262 4718 3711 4775 Ecclesiasticos
3736 4718 3829 4775 di-

397 4809 759 4868 refunditur.

464 4905 516 4956 7.
551 4901 675 4966 Qua
705 4905 875 4956 aetate
906 4898 1236 4971 baptizatus
1268 4897 1346 4952 sit
1393 4896 1670 4970 Cyrillus.
1722 4896 2046 4953 nescimus.

400 4991 580 5046 Graeci
609 4991 671 5046 in
693 4989 1020 5062 Synaxario
1034 4987 1506 5043 Claromontensi
1531 4987 1858 5058 superiusa
1880 4983 2052 5041 nobis

2157 4811 2523 4877 sceptatores
2556 4806 2820 4862 studiose
2855 4805 3018 4880 legit,
3051 4813 3105 4863 et
3138 4824 3257 4864 non
3287 4825 3422 4864 raro
3455 4807 3682 4874 laudat,
3735 4809 3836 4865 uti

2159 4893 2524 4951 Clementem
2558 4896 2918 4960 Romanum,
2952 4896 3268 4960 Irena'um.
3291 4905 3401 4953 etc.
3429 4897 3701 4954 Historia
3724 4913 3835 4955 ec-

2163 4984 2511 5042 clesiastica
2529 4984 2694 5040 rudis
2713 5001 2832 5040 non
2857 4985 2986 5053 fuit,
3009 4992 3068 5042 et
3100 4987 3288 5044 multa
3314 4987 3386 5044 de
3419 4987 3718 5044 haereticis
3755 5004 3837 5046 ex

402 5079 715 5150 exscripto,
749 5077 1036 5149 Cyrillum
1067 5077 1312 5132 tradunt
1343 5074 1697 5131 monachum
1761 5075 1954 5148 primo
1998 5080 2058 5131 et
2166 5075 2408 5146 Optimis
2429 5073 2696 5130 fontibus
2719 5081 2956 5147 sumpta
2977 5084 3424 5133 commemorat.
3455 5076 3618 5150 lpsos
3639 5077 3840 5134 haere-

397 5173 658 5225 ascetam
690 5166 896 5222 fuisse.
930 5167 1065 5221 Fuit
1089 5182 1232 5221 sane
1263 5164 1422 5236 apud
1453 5181 1588 5221 eum
1611 5181 1826 5238 magna
1846 5179 2054 5220 mona-

402 5259 565 5313 sticaa
590 5257 723 5312 vitta
750 5255 882 5312 laus
906 5261 965 5311 et
987 5255 1456 5320 commendatio;
1482 5255 1662 5325 hujus
1683 5254 1939 5310 instituti
1961 5270 2058 5308 su-

401 5345 764 5402 blimitatem
799 5363 866 5401 ac
885 5351 1214 5401 certantem
1235 5361 1366 5400 cum
1394 5344 1620 5417 angelis
1642 5343 2061 5400 excellentiam

407 5435 626 5508 saepius
653 5434 938 5500 celebrat,
969 5433 1300 5506 prmsertim
1325 5439 1436 5488 cat.
1471 5435 1522 5490 4.
1553 5450 1612 5488 n.
1637 5433 1726 5498 24,
1761 5439 1820 5488 et
1840 5438 1952 5489 cat.
1977 5434 2066 5513 12⁹

2168 5163 2444 5230 ticorum,
2478 5179 2545 5218 ac
2577 5165 2909 5236 prmsertim
2943 5166 3402 5223 Manichzeorum
3423 5167 3630 5234 libros,
3655 5166 3838 5223 solli-

2173 5253 2286 5308 cite
2317 5251 2705 5323 conquisitos,
2739 5251 3001 5308 studiose
3059 5269 3122 5308 se
3171 5253 3385 5326 legisse
3415 5254 3500 5309 ait
3524 5259 3636 5310 cat.
3671 5254 3722 5310 6.
3763 5269 3832 5311 n.

2175 5343 2262 5400 34.
2295 5341 2436 5397 dum
2470 5340 2768 5396 horrenda
2797 5341 2869 5396 de
2901 5341 2974 5396 iis
3003 5349 3062 5398 et
3084 5348 3419 5398 monstrosa
3441 5340 3837 5399 narrantibus

2179 5431 2358 5486 ﬁdem
2382 5429 2668 5485 adhibere
2691 5429 2997 5487 detrectat.
3025 5432 3104 5486 Eo
3129 5448 3191 5486 se
3215 5431 3277 5486 in
3313 5431 3511 5488 studio
3530 5437 3842 5486 versatum

403 5542 462 5580 n.
498 5526 564 5580 33
594 5531 654 5580 et
693 5525 782 5580 34.
813 5525 878 5578 In
927 5523 1023 5578 his
1073 5530 1271 5579 autem
1322 5523 1652 5578 catechesis
1703 5521 2070 5578 duodecima;
2177 5518 2602 5590 additpropter
2621 5520 2956 5575 auditorum
2985 5520 3305 5576 utilitatem
3352 5526 3420 5576 ut
3441 5538 3573 5592 qua;
3603 5518 3845 5593 fugien-

420 5613 568 5670 locis
601 5630 662 5670 se
693 5613 1125 5670 monachorum
1179 5611 1375 5668 ordini
1428 5611 1662 5668 videtur
1705 5611 2071 5686 adjungere;

476 5794 490 5828 ¹
523 5793 654 5853 Lev.
687 5809 844 5864 xxvx,
871 5793 940 5851 12
964 5808 982 5863 ;
1009 5791 1063 5850 ll
1089 5791 1225 5852 Cor.
1255 5805 1334 5862 η,
1364 5793 1459 5852 to.

2181 5607 2258 5663 da
2281 5614 2482 5664 essent
2503 5605 2641 5664 vitia
2676 5607 2955 5666 ﬁdelibus
2985 5609 3174 5666 tutius
3203 5609 3527 5680 indicaret;
3550 5609 3710 5684 quod
3740 5624 3844 5666 ar-
