2026 3201
107 226 140 256 31
805 223 1065 255 DISSERTATIO
1087 224 1113 255 Ι.
1779 227 1819 258 38

108 295 243 330 gumento
260 300 326 319 esso
344 294 449 327 potest.
474 292 506 320 in
531 292 560 320 id
585 292 675 320 studii
699 294 815 319 tantum
830 293 935 327 postea
950 296 972 323 Α
990 294 1095 318 natum
1110 291 1147 319 ab
1163 291 1216 319 illo
1226 291 1367 320 collatum
1381 291 1578 328 repudiare.si
1589 293 1678 321 modo
1690 293 1746 321 sibi
1758 294 1819 322 vel-

111 345 190 373 quam
207 338 357 364 t'actusest
374 336 537 372 presbyter,
550 339 578 364 et
592 340 785 364 catecneseon
801 335 935 363 ofﬂcium

116 383 246 418 suscepit,
266 381 315 409 inc
339 381 450 408 buisse.

148 429 170 454 9.
187 427 374 462 Praecipuum
400 426 529 462 Cyrillus
552 426 583 454 in
609 425 806 454 sanctioribus
834 424 940 452 studiis

116 480 227 508 operam
244 471 354 506 pusuit,
372 475 404 498 ut
420 474 519 498 tamen
536 471 745 499 humaniorum
771 470 938 497 litterarum

112 525 225 544 cursum
238 524 300 543 non
313 516 433 543 omnino
448 516 674 551 praetermisisse
686 515 937 543 videatur.Gram-

110 562 221 590 manca:
233 561 309 588 artis
322 564 351 588 et
363 561 501 595 oratoria:
514 561 628 588 tametsi
645 569 705 588 non
720 560 851 596 perfecte
867 566 938 594 gna-

111 615 156 634 rus
171 606 227 633 fuit
257 609 287 633 at
301 614 424 641 prOrsus
450 606 619 641 imperitum
646 608 674 633 et
690 605 876 641 inexpertum
894 603 940 630 di-

112 660 170 679 cere
187 659 250 678 non
267 651 348 678 licet.
366 651 539 686 Quanquam
557 650 587 677 in
602 650 747 678 electione
760 652 789 676 et
801 651 939 676 constru-

109 697 199 723 ctione
217 696 379 723 verborum
396 703 499 731 parum
516 694 823 725 artiﬁciosus.diserte
841 697 940 720 tamen

109 745 133 768 et
146 741 303 777 perlucide
321 748 411 768 sensa
427 740 604 775 exprimere.
622 740 757 775 apposite
773 739 941 766 orationem

111 786 217 822 partiri,
233 789 263 813 et
280 785 365 821 quod
386 785 511 812 oratoris
533 785 697 812 maximum
725 787 780 817 est,
808 783 834 810 vi
850 783 941 810 ratio-

117 839 182 858 num
198 830 383 866 persuadere
400 833 528 857 n0verat.
547 830 642 864 Nulla,
659 830 704 857 vel
718 837 864 865 pauca,ex
875 835 939 855 ora-

114 879 202 903 torum
215 880 245 902 et
255 878 415 911 poetarum
425 875 582 902 sententiis
592 878 770 902 ornamenta
780 873 940 909 depromit:

113 921 296 948 ethnicorum
316 923 417 947 tamen
443 920 631 956 mythologia
658 927 718 947 non
747 927 778 946 se
804 919 940 955 ignarum

992 336 1055 364 lent
1068 339 1215 367 constare.
1232 336 1391 364 debebant.
1409 337 1491 370 Quod
1504 338 1528 365 si
1545 347 1561 366 a
1577 339 1703 366 Macario
1719 339 1821 367 diaco-

992 384 1080 408 natus
1096 381 1232 409 ordinem
1257 382 1390 417 suscepit
1413 382 1552 417 Cyrillus,
1579 383 1675 411 serius
1697 384 1726 411 id
1742 392 1820 412 anno

993 426 1044 453 334
1060 426 1103 453 vel
1120 426 1279 454 inchoante
1296 427 1347 453 335
1364 427 1536 463 contingere
1548 436 1609 456 non
1625 429 1721 464 potuit
1734 438 1740 456 :
1753 437 1820 457 cum

992 470 1151 498 Maximum
1171 471 1288 498 Macarii
1301 480 1504 499 successorem
1517 481 1595 500 anno
1613 474 1664 500 335
1676 473 1706 501 in
1719 474 1821 501 conci-

993 515 1032 542 lio
1049 516 1133 551 Tyrio
1148 515 1288 543 adversus
1304 516 1501 544 Athanasium
1524 521 1626 545 coacto
1651 518 1764 546 sedisse
1781 518 1823 546 vi-

993 560 1116 588 deamus
1128 560 1204 596 apud
1216 560 1279 588 Ruf.
1295 561 1355 588 Lib.
1369 570 1376 588 ι
1389 562 1460 588 Hist.
1481 562 1558 595 eccl.,
1585 570 1647 598 cap.
1667 565 1710 596 17,
1727 567 1756 591 et
1772 563 1824 591 So—

993 613 1148 632 zomenum
1161 604 1211 632 lib.
1226 613 1257 638 n,
1270 613 1332 640 cap.
1349 606 1393 633 25.
1416 606 1489 634 Tum
1513 607 1641 642 Cyrillus
1657 607 1753 635 astatis
1768 616 1823 635 an-

993 658 1047 677 nos
1063 649 1192 677 habebat
1210 650 1312 683 viginti
1330 650 1374 677 vel
1389 651 1517 678 circiter.
1536 652 1707 688 Curjuveni
1728 653 1823 689 gravis

994 695 1104 722 simum
1120 695 1152 722 in
1169 695 1301 723 Ecclesia
1313 704 1421 723 munus
1437 697 1629 724 commissum
1643 706 1659 725 a
1670 698 1823 726 sanctissi-

994 748 1042 767 mo
1058 740 1186 775 pra-sule
1203 740 1251 774 sit,
1269 740 1352 768 nulla
1369 741 1428 768 alia
1449 749 1538 769 causa
1561 745 1669 778 praeter
1684 743 1824 771 eximiam

995 784 1198 812 honestissimi
1214 785 1437 821 castissimique
1463 786 1662 815 adolescentis
1684 788 1823 815 virtutem

995 829 1068 866 ﬁngi
1085 833 1192 865 potest.

1032 875 1074 901 11.
1094 875 1233 904 Macario.
1247 875 1333 911 cujus
1345 876 1529 912 temporibus
1540 876 1606 905 loca
1617 886 1701 905 sacra
1716 885 1827 913 expur-

996 923 1063 956 gata
1079 920 1199 948 Helena:
1216 921 1320 948 matris
1337 925 1365 948 et
1381 921 1435 948 ﬁlii
1451 922 1640 950 Constantini
1658 923 1779 958 pietate,
1798 925 1828 950 et

113 966 214 1002 prodit.
231 966 306 993 dum
325 973 455 1001 paganos
472 973 505 992 ex
525 965 586 992 suis
613 965 747 1000 ipsorum
770 963 879 991 fabulis
896 971 942 990 re-
958 973 980 1005 Β
997 968 1101 993 ornata
1117 968 1196 1000 sunt,
1214 966 1367 1000 successit,
1386 967 1412 994 S.
1429 967 1571 994 Maximus
1585 976 1591 994 τ
1603 977 1669 1003 qua)
1686 968 1825 1003 prmsule,

112 1011 182 1039 tellit
192 1014 249 1038 cat.
263 1012 292 1044 4,
314 1019 345 1038 n.
358 1011 384 1037 6.
409 1013 463 1038 cat.
475 1011 502 1041 6,
520 1019 549 1037 n.
564 1010 596 1036 10
608 1013 637 1037 et
654 1011 694 1042 H;
711 1013 767 1037 cat.
784 1010 827 1041 12,
844 1016 873 1035 n.
891 1009 936 1041 27,

112 1061 136 1084 et
150 1056 315 1091 aliquando
345 1056 402 1083 Nec
414 1055 513 1082 minus
525 1054 686 1082 dialectica)
704 1057 782 1081 recte
793 1053 938 1080 institutas

111 1101 263 1137 praeceptis
270 1100 497 1129 utebatur.nam
504 1100 649 1128 accuratis
661 1108 738 1135 stupe
748 1099 813 1126 etin
825 1101 937 1126 utram-

112 1157 164 1184 que
179 1153 296 1184 partem
313 1147 493 1175 ferientibus
509 1146 675 1174 ratiociniis
686 1149 715 1173 et
729 1145 890 1181 aliquando
903 1152 939 1171 ex

111 1194 210 1221 intima
228 1193 438 1229 metaphysica
453 1192 647 1228 depromptis.
666 1191 751 1219 docte
768 1190 894 1224 gentiles
911 1192 940 1217 et

109 1239 259 1266 haereticos
271 1239 419 1266 confutet.
441 1237 504 1265 Vid.
524 1240 579 1265 cat.
599 1238 624 1270 6,
647 1245 676 1265 n.
701 1238 743 1269 12,
765 1236 866 1267 i3;cat
895 1235 939 1268 18,

108 1291 138 1311 n.
154 1285 178 1311 t.
193 1285 219 1311 2.
236 1284 261 1315 3,
280 1284 311 1315 li;
328 1285 388 1310 cat.
409 1283 449 1310 14.
468 1290 486 1309 ιι
513 1283 612 1315 15,15.
630 1284 685 1309 etc.
699 1281 854 1316 Physicam
867 1287 939 1315 quo-

109 1336 165 1364 que
180 1329 319 1364 attigerat
335 1336 341 1354 :
359 1326 466 1355 mundi
493 1327 572 1353 enim
597 1330 787 1359 structuram,
805 1325 941 1360 neglecta

111 1372 300 1400 Hebrzeorum
319 1375 350 1399 et
364 1371 528 1398 multorum
545 1380 604 1399 sua:
616 1371 712 1398 rotatis
728 1369 941 1397 ecclesiastico.

108 1426 169 1445 rum
182 1421 341 1445 auctorum
359 1416 468 1444 coalum
480 1419 510 1444 et
521 1419 629 1444 terram
639 1414 798 1443 ordinandi
814 1414 940 1445 ratione,

111 1471 144 1490 ex
159 1462 408 1498 philosophorum
434 1461 552 1497 placitis
578 1460 720 1488 describit
738 1463 792 1487 cat.
809 1460 834 1486 6.
852 1467 882 1486 ιι.
905 1459 942 1488 3;

111 1510 164 1534 cat.
180 1508 221 1540 16,
234 1515 264 1534 n.
279 1508 325 1533 22.
341 1507 476 1534 Historize
493 1505 639 1533 naturalis
655 1508 769 1541 partem
794 1513 853 1531 non
870 1512 942 1531 con-

114 1552 305 1579 temnendam
317 1551 466 1578 catechesi
483 1558 569 1577 nonae
587 1550 724 1583 inseruit,
740 1558 795 1577 nec
812 1548 941 1576 medico-

113 1605 175 1624 rum
191 1600 289 1624 artem
306 1596 485 1632 neglexerat,
501 1595 551 1631 qui
568 1594 603 1622 de
616 1594 739 1622 humani
757 1593 890 1629 corporis
900 1593 942 1620 fa-

112 1641 192 1669 brica
208 1650 270 1669 non
290 1640 385 1668 semel
401 1640 534 1676 appOSite
550 1639 692 1675 loquitur,
713 1642 769 1667 cat.
795 1639 822 1673 4,
839 1647 869 1666 n.
885 1639 920 1665 22
935 1646 941 1672 ;

121 1689 174 1714 cat.
192 1688 219 1719 9,
236 1695 267 1714 ιι.
286 1687 330 1719 15,
347 1689 402 1713 etc.

411 1756 455 1793 [v1
457 1756 467 1793 ι
482 1756 598 1785 carur
613 1756 660 1784 ιιι.

117 1820 236 1856 Cyrinus
263 1829 280 1847 a
303 1820 435 1853 Macario,
461 1823 491 1847 ut
512 1819 622 1855 quidem
646 1819 770 1856 videtur,
790 1818 923 1856 diaconus
934 1827 946 1850 ;

152 1865 167 1883 a
183 1858 309 1884 Maximo
332 1864 395 1883 vero
409 1854 553 1891 presbyter
578 1856 733 1887 ordinatur,
760 1854 946 1889 haliendisque

150 1893 338 1920 catechesihus
360 1895 385 1919 et
410 1892 487 1927 plebi
516 1891 673 1919 erudienda
700 1892 862 1926 przﬁcitur.
887 1891 947 1923 Qua

152 1929 206 1962 ﬁde
224 1932 252 1956 et
266 1928 414 1956 sedulitate
428 1927 582 1955 catechista’
592 1935 691 1955 munus
706 1927 868 1962 impleverit.

157 2003 199 2028 10.
216 2001 297 2033 Quos
312 2000 450 2028 ordinum
465 2000 575 2035 gradus
590 1999 797 2035 pertransierit
817 1998 946 2035 Cyrillus

116 2050 280 2081 antequam
296 2045 332 2073 ad
348 2045 538 2073 diaconatum
547 2045 726 2080 perveniret,
744 2044 827 2071 nulla
843 2051 946 2071 monu-

119 2094 219 2118 menta
235 2090 428 2126 prodiderunt
450 2091 634 2117 Diaconuma
651 2089 676 2116 S.
690 2089 813 2115 Macario
830 2088 947 2115 ordina-

121 2138 183 2163 tum
191 2143 256 2163 esse
267 2135 348 2162 nulla
355 2138 435 2162 certa
445 2133 587 2167 ratio,sed
599 2133 761 2169 probabilis
775 2134 948 2168 conjectura

120 2181 289 2216 persuadet.
316 2182 419 2208 Narrat
434 2181 632 2216 Hieronymus
646 2180 676 2206 in
689 2179 828 2206 chronico
845 2178 880 2206 ad
898 2187 945 2205 an.

122 2226 183 2255 359.
212 2225 337 2253 Maximo
365 2225 637 2261 Hierosolymorum
663 2225 802 2259 episcopo
818 2228 946 2258 mortuo,

118 2271 261 2298 Acacium
278 2273 308 2297 et
323 2273 444 2297 caeteros
461 2270 586 2297 Arianos
603 2269 757 2304 episcopos
774 2268 947 2304 Cyrillo,qui

120 2316 169 2350 qui
186 2323 205 2342 ει
221 2315 346 2342 Maximo
359 2315 463 2342 fuisset
474 2314 630 2350 presbyter
643 2314 808 2345 ordinatus,
826 2315 889 2349 eius
899 2322 948 2340 ur—

996 1017 1075 1037 anno
1097 1011 1158 1042 335,
1173 1010 1236 1046 jam
1253 1012 1384 1047 perfecta
1401 1011 1514 1039 Sanctae
1531 1012 1769 1041 Resurrectionis
1781 1021 1829 1041 ec-

994 1055 1096 1089 clesia,
1113 1063 1275 1082 numeroso
1293 1055 1503 1091 episcoporum
1520 1057 1646 1084 concilio
1662 1057 1828 1094 Hierosoly-

996 1108 1074 1127 mam
1085 1104 1244 1127 convocato
1261 1100 1397 1128 dedicata
1412 1103 1465 1128 est.
1480 1101 1524 1128 Ab
1541 1109 1575 1128 eo
1586 1102 1713 1137 praesule
1730 1102 1828 1138 Cyril—

995 1145 1056 1171 lum
1072 1145 1279 1180 presbyterum
1293 1148 1426 1174 creatum
1438 1146 1539 1173 fuisse.
1554 1149 1627 1174 teste
1645 1147 1825 1183 Hieronymo

994 1190 1295 1217 commemoravimus
1306 1199 1388 1218 num.
1403 1190 1582 1226 praacedenti
1602 1191 1663 1224 Quo
1673 1200 1740 1219 vero
1748 1201 1822 1228 pran-

995 1235 1055 1262 cise
1071 1243 1150 1263 anno
1166 1243 1201 1263 ea
1216 1235 1293 1263 facta
1308 1236 1346 1263 sit
1360 1236 1508 1263 ordinatio
1524 1236 1656 1264 divinare
1672 1245 1732 1265 non
1749 1246 1822 1273 pos-

996 1288 1108 1307 sumus.
1123 1280 1182 1307 Duo
1198 1283 1298 1308 tamen
1308 1280 1394 1308 nobis
1405 1280 1652 1309 afﬁrmareliceat
1666 1290 1672 1308 :
1690 1283 1718 1308 1·
1730 1282 1825 1317 Cyril-

995 1324 1057 1351 lum
1074 1333 1153 1352 anno
1170 1326 1230 1357 34³1,
1248 1325 1292 1352 vel
1308 1326 1370 1353 348.
1384 1334 1452 1361 quo,
1466 1334 1514 1353 eas
1531 1334 1605 1361 quas
1621 1326 1831 1361 habemus,ca-

996 1370 1130 1397 techeses
1150 1369 1234 1404 dixit,
1260 1370 1467 1406 presbyterum
1493 1371 1658 1398 exstitisse:
1675 1373 1703 1398 2"
1718 1380 1826 1399 novum

997 1416 1068 1441 tunc
1083 1414 1290 1450 presbyterum
1307 1423 1367 1443 non
1387 1415 1490 1447 fuisse,
1519 1416 1571 1443 sed
1586 1415 1702 1452 aliquot
1720 1416 1827 1444 saltem

999 1462 1066 1486 ante
1080 1460 1167 1487 annis
1183 1468 1216 1487 eo
1233 1460 1347 1487 honore
1362 1463 1493 1488 auctum.
1507 1462 1547 1488 Ac
1563 1461 1693 1496 primum
1705 1461 1826 1496 quidem

999 1504 1125 1540 probatu
1137 1504 1259 1532 difﬁcile
1271 1513 1331 1532 non
1339 1508 1392 1532 est.
1401 1505 1476 1533 Sunt
1491 1506 1541 1541 qui
1558 1505 1594 1533 ad
1609 1505 1638 1533 id
1650 1506 1830 1534 vincendum

999 1557 1033 1576 eo
1048 1549 1167 1576 trahant
1182 1549 1261 1585 quod
1277 1550 1368 1578 habet
1382 1553 1439 1577 cat.
1456 1551 1502 1584 23,
1519 1558 1548 1577 ιι.
1567 1552 1594 1584 2,
1612 1550 1648 1578 de
1664 1559 1755 1579 sacrm
1781 1559 1829 1578 ac-

998 1594 1087 1621 tionis
1103 1594 1189 1622 initio
1205 1594 1332 1630 loquens
1346 1603 1351 1622 :
1373 1595 1473 1622 Vidisti
1488 1595 1637 1623 diaconum
1659 1604 1761 1631 aquam
1775 1597 1827 1623 ab-

1002 1639 1108 1667 luendis
1123 1640 1249 1667 manibus
1269 1640 1421 1667 tradentem
1444 1641 1578 1668 sacerdoti
1603 1644 1629 1668 et
1644 1643 1828 1669 circumten-

1002 1685 1073 1712 tibus
1089 1685 1135 1712 Dei
1150 1685 1240 1712 altare
1252 1685 1441 1720 presbyteris;
1451 1694 1579 1722 quorum
1595 1694 1721 1713 numero
1736 1694 1767 1714 se
1785 1694 1835 1714 ac-

999 1737 1121 1757 censere
1151 1729 1267 1757 videtur
1291 1730 1486 1766 sequentibus
1511 1730 1628 1758 verbis:
1652 1731 1832 1766 Nequaquam

998 1782 1062 1801 vero
1077 1773 1114 1801 ad
1142 1775 1325 1810 emtergendas
1347 1775 1419 1811 [VII]
1450 1777 1573 1810 corporis
1602 1775 1694 1803 sordes
1722 1776 1831 1808 dabat;

998 1827 1053 1847 non
1067 1824 1216 1855 propterea
1230 1829 1304 1848 sane.
1323 1821 1414 1856 Neque
1428 1823 1501 1849 enim
1516 1822 1628 1849 sordido
1645 1830 1758 1857 corpore
1773 1823 1830 1850 ini-

999 1866 1037 1892 tio
1052 1865 1192 1892 ecclesiam
1206 1866 1321 1900 ingressi
1344 1874 1462 1893 eramus.
1489 1866 1572 1898 Quod
1590 1869 1689 1893 tamen
1715 1875 1775 1894 non
1793 1867 1829 1894 de

999 1909 1180 1946 presbyteris
1197 1910 1305 1942 solum.
1323 1910 1375 1938 sed
1391 1913 1420 1937 et
1434 1910 1470 1937 de
1481 1910 1674 1938 audientibus
1687 1911 1831 1938 omnibus

1000 1955 1057 1983 dici
1072 1956 1176 1991 potuit.
1197 1956 1231 1983 At
1246 1963 1277 1983 se
1290 1956 1389 1992 ipsum
1403 1956 1571 1991 signiﬁcare
1587 1956 1705 1984 videtur
1718 1956 1835 1992 presby-

1001 2001 1053 2028 teri
1067 2000 1188 2028 nomine
1205 2001 1318 2028 Procat.
1336 2009 1365 2028 n.
1384 2001 1427 2033 13,
1445 2001 1516 2028 dum
1533 2001 1752 2029 illuminandos
1765 2010 1832 2029 mo-

1000 2053 1085 2074 nens.
1099 2049 1131 2072 ut
1141 2053 1201 2072 suas
1209 2045 1245 2072 ad
1262 2045 1445 2081 baptismum
1455 2046 1684 2082 praeparationis
1699 2049 1834 2081 tempore

1001 2099 1089 2118 vanas
1098 2091 1232 2125 nihilque
1243 2090 1278 2117 ull
1287 2099 1317 2117 se
1326 2091 1509 2125 pertinentes
1522 2091 1741 2118 sollicitudines
1750 2091 1836 2118 omit-

1001 2138 1107 2164 terent.
1126 2139 1204 2162 vetat
1221 2144 1271 2162 eos
1287 2136 1385 2162 scitari
1404 2137 1473 2170 quid
1487 2138 1584 2170 fecerit
1599 2136 1835 2171 impcralor.quid

1001 2182 1152 2215 episcolms_
1185 2180 1247 2215 quis
1270 2182 1424 2215 presbyter.
1447 2182 1539 2213 Quem
1572 2182 1650 2208 enim
1684 2190 1728 2210 ea.
1746 2189 1835 2216 quam

1002 2225 1089 2252 modo
1106 2226 1244 2257 vidimus,
1271 2226 1512 2261 presbyterorum
1541 2226 1626 2253 turba
1653 2226 1836 2262 singularem

1003 2270 1208 2305 presbyterum
1217 2270 1422 2299 recenset.nisi
1434 2279 1500 2298 eum
1509 2271 1558 2305 qui
1570 2271 1834 2298 illuminandorum

1002 2315 1425 2351 institutiom,eorumdemque
1435 2316 1577 2350 profectui
1587 2316 1755 2351 indagando
1764 2325 1836 2351 pra;-

119 2359 162 2388 bis
179 2359 385 2396 episcopatum
401 2360 455 2387 hac
472 2359 535 2395 lege
557 2359 711 2391 obtulisse,
735 2362 767 2385 ut
783 2358 947 2386 ordinatio-
967 2356 988 2387 Ι)
1006 2361 1128 2396 positus,
1143 2361 1223 2395 ipsos
1233 2361 1385 2395 speciatim
1397 2361 1835 2397 respiciebat?Sedepisc0piet

119 2413 190 2433 nem
205 2405 322 2432 Maximi
340 2404 526 2440 repudiaret:
552 2404 693 2439 Cyrillum
717 2403 886 2430 conditione
904 2412 950 2431 ac-

121 2453 208 2485 cepta
224 2450 421 2477 diaconumin
429 2449 560 2477 Ecclesia
576 2449 902 2483 ministrasse,eamque
912 2449 948 2476 ob

121 2495 309 2531 impietatem
325 2494 481 2522 sacerdotii
498 2494 634 2521 mercede
650 2496 817 2529 pensatum.
832 2494 948 2521 Fabulae

124 2540 217 2575 hujus
231 2539 268 2567 ab
292 2539 423 2567 inimicis
448 2539 548 2574 Cyrilli
573 2539 753 2575 excogitatae.
773 2539 948 2574 idoneisque

122 2584 303 2612 testimoniis
318 2584 487 2612 confutata).
499 2583 659 2611 falsitatem
672 2584 767 2619 capite
780 2583 883 2618 quinto
898 2584 949 2611 de-

123 2629 369 2659 monstrabimus;
380 2629 455 2656 nihil
464 2632 562 2656 tamen
573 2627 879 2664 prohibetquominus
888 2629 948 2655 veri

121 2674 248 2711 aliquid,
264 2674 340 2710 quod
357 2674 393 2702 ad
405 2674 588 2702 calumniam
605 2674 705 2709 Cyrilli
718 2682 776 2700 non
791 2674 948 2709 pertineat.

121 2720 153 2748 in
168 2728 205 2748 ea
220 2720 426 2748 contineatur:
443 2718 728 2755 nempeCyrilluma
745 2718 869 2745 Maximo
887 2727 950 2754 pre-

125 2764 278 2801 sbyterum
290 2763 506 2795 tantummodo,
525 2763 684 2790 diaconum
700 2771 767 2789 vero
782 2763 817 2789 ab
834 2763 891 2790 alio
904 2764 950 2790 ni-

127 2809 235 2838 mirum
251 2818 269 2837 a
289 2809 414 2837 Macario
439 2808 559 2836 factum.
583 2808 655 2835 Nam
680 2808 703 2834 si
727 2807 918 2835 diaconatum
934 2817 951 2836 a

124 2854 249 2882 Maximo
266 2855 438 2891 recepisset,
454 2852 474 2880 ii
491 2853 541 2888 qui
556 2853 776 2880 ordinationem
793 2853 951 2882 sacerdotii

122 2907 141 2927 ι
155 2900 278 2930 Maximo
287 2899 456 2938 profectam
462 2897 774 2931 horrebant,eamdem
785 2897 848 2934 lege
856 2898 952 2927 diaco-

115 3187 182 3199 -ςκικ
212 3192 219 3193 κ
231 3194 235 3195 ν
264 3190 269 3191 γ

1007 2405 1170 2441 presbyteri
1187 2405 1310 2432 nomina
1327 2406 1373 2432 hic
1392 2406 1454 2432 sine
1480 2406 1606 2433 articulo
1629 2407 1733 2441 posita.
1750 2406 1837 2433 facile

1004 2453 1127 2486 possunt
1146 2458 1198 2484 per
1214 2450 1380 2486 enallagem
1394 2451 1510 2477 numeri
1529 2450 1565 2477 de
1578 2451 1681 2485 quovis
1693 2451 1831 2485 episcopo

1004 2503 1037 2522 ac
1054 2494 1225 2531 presbytero
1244 2495 1400 2521 indeﬁnite
1418 2494 1556 2530 intelligi.
1574 2495 1729 2522 Efﬁcacius
1744 2495 1835 2530 igitur

1005 2540 1226 2575 presbyteratus
1243 2540 1355 2576 Cyrilli,
1374 2539 1494 2575 quando
1520 2540 1690 2567 catecheses
1706 2540 1833 2573 dicebat,

1004 2587 1213 2620 argumentum
1226 2592 1259 2611 ex
1274 2585 1326 2611 hac
1337 2584 1400 2618 ipsa
1413 2583 1565 2610 iunctione
1575 2584 1757 2611 desumitur:
1771 2593 1836 2619 qua

1004 2637 1072 2657 cum
1081 2629 1322 2656 inuniversafere
1331 2628 1461 2655 Ecclesia
1473 2629 1602 2664 episcopi
1617 2630 1836 2665 propriaesset,

1005 2683 1037 2703 ac
1052 2674 1243 2709 Jerosolymis
1260 2674 1296 2701 ab
1314 2675 1377 2709 ipso
1394 2674 1495 2709 Cyrilli
1517 2683 1688 2702 successore
1713 2683 1833 2702 exerce-

1005 2724 1097 2748 retur.
1115 2724 1147 2747 ut
1158 2720 1221 2754 ipse
1234 2723 1360 2747 testatur
1370 2720 1447 2755 apud
1463 2720 1676 2756 Hieronymum
1688 2720 1774 2755 epist.
1788 2720 1833 2755 61,

1006 2774 1086 2793 nunc
1103 2765 1146 2795 38.
1164 2773 1180 2792 a
1193 2765 1220 2792 S.
1240 2765 1375 2797 Maximo,
1392 2773 1451 2791 non
1469 2765 1564 2799 potuit
1587 2766 1643 2792 nisi
1661 2765 1835 2801 presbytero

1007 2809 1250 2838 conimitti.Adde
1274 2809 1416 2845 Cyrillum
1440 2813 1548 2845 praeter
1573 2811 1767 2837 catecheseon
1785 2818 1838 2836 cu-

1007 2863 1080 2885 ram.
1093 2855 1180 2881 etiam
1192 2854 1330 2881 humilius
1342 2854 1372 2880 in
1385 2854 1488 2889 synaxi
1503 2854 1606 2881 eodem
1622 2857 1756 2889 tempore
1770 2861 1837 2889 pro-

1006 2899 1164 2929 nuntiandi
1181 2899 1313 2928 ofﬁcium
1322 2899 1462 2928 habuisse
1476 2907 1482 2926 :
1499 2901 1532 2927 ut
1547 2899 1637 2929 etiam
1648 2898 1837 2935 supersitho-
