4052 6392
371 514 450 575 89

378 1106 594 1161 scopus
625 1065 1581 1158 peroratas.obstantgravissima
1613 1050 2034 1124 rationes,qui-

377 1142 586 1237 busti-ii
618 1142 894 1245 sequenti
927 1161 1346 1222 dissertatione
1360 1171 1489 1226 cap.
1510 1154 1746 1217 2,num.
1783 1145 1849 1198 10
1876 1142 2038 1239 etii,

383 1227 598 1338 Et
619 1227 772 1327 w5v,‘n.
805 1263 894 1326 31,
943 1252 1268 1328 probamus
1307 1261 1408 1301 eas
1430 1256 1585 1298 anno
1608 1237 1731 1299 348,
1755 1237 1822 1288 ut
1849 1227 2040 1338 serLius

385 1317 442 1325 "
472 1317 597 1338 *ττι-⁷
642 1317 653 1318 ί
677 1317 687 1327 ι
764 1317 769 1318 ν
881 1317 892 1326 υ
945 1317 963 1328 .

378 1353 823 1432 pronuntiatas,
897 1340 1230 1401 viventibus
1289 1331 1523 1390 duobus
1579 1317 2043 1398 imperatoribus

1318 1427 1327 1432 ‘
1359 1429 1366 1432 ‘
1510 1420 1522 1432 ⁵
1789 1407 2039 1432 (‘__.:II..-

379 1407 724 1504 Constantio
781 1407 840 1494 et
896 1435 1238 1491 Constante.
1301 1427 1376 1481 At
1433 1420 1748 1494 episcopus
1787 1407 2043 1482 Cyrillus

393 1553 514 1593 non
547 1533 660 1590 fuit
689 1529 805 1586 nisi
839 1530 974 1599 post
999 1516 1340 1578 Constantis
1370 1525 1600 1568 necem.

454 1587 1250 1689 l;.'a1terum-probandum
1284 1607 1575 1678 superest,
1605 1594 1900 1689 Cyrillum
1931 1587 2045 1688 ali-

381 1723 528 1790 quot
557 1719 884 1782 antequam
916 1702 1260 1761 catecbeses
1303 1698 1542 1750 nostras
1586 1687 1815 1743 diceret
1843 1678 2041 1743 annis,

1234 1789 1253 1790 ί
1307 1786 1317 1790 ⁸
1541 1780 1552 1790 ⁸
1763 1774 1773 1785 ⁸
1858 1789 1866 1790 κ
1883 1788 1903 1790 Α
1916 1786 1934 1790 Α
1953 1768 1976 1790 .I
1989 1784 2012 1790 -
2025 1773 2041 1790 ι.

377 1768 954 1882 ἔθωνρξθεδθιθτυω
987 1793 1188 1848 fuisse.
1230 1786 1424 1841 Primo
1459 1780 1644 1844 enim,
1677 1774 1811 1848 quis
1843 1768 2047 1827 credat

1110 1879 1119 1882 _
1293 1874 1306 1882 _
1438 1870 1501 1882 η,
1865 1855 2017 1882 nm”

382 2179 603 2222 munus
619 2147 1442 2220 concredidisse.priusquam
1459 2135 1936 2210 experimentum
1951 2125 2053 2182 ali-

391 2251 656 2328 quodsui
673 2242 1010 2303 dedissetin
1023 2217 1344 2293 ordinariis
1358 2217 2054 2294 bomiliis?Cyrillumita-

394 2311 508 2416 que
525 2354 740 2396 censeo
757 2329 1013 2404 simplici
1032 2321 1395 2400 praedicandi
1412 2331 1660 2374 munere
1689 2311 1921 2381 aliquot
1949 2321 2054 2360 an-

393 2403 488 2489 nis
507 2431 772 2486 functum
785 2403 1126 2490 .antequam
1144 2414 1196 2468 ei
1209 2410 1602 2468 catecbeseon
1615 2417 1758 2459 cura
1769 2403 2059 2472 praeterea

398 2522 828 2594 imponeretur.
864 2505 1158 2571 Secundo,
1190 2519 1303 2558 nec
1333 2498 1578 2571 primas.
1613 2493 1758 2547 istas
1786 2502 1936 2560 quas
1957 2484 2060 2540 ha-

397 2573 631 2673 bemus,
664 2621 698 2662 a
728 2601 948 2675 Cyrillo
981 2596 1169 2651 dictas
1188 2588 1530 2646 catecbeses
1563 2587 1766 2655 putem
1799 2577 1874 2633 Ut
1895 2573 2056 2628 enim

409 2661 706 2758 emittam,
740 2661 901 2764 quod
933 2692 1044 2742 cat.
1079 2685 1136 2750 6,
1168 2698 1228 2736 n.
1261 2681 1351 2738 21.
1385 2691 1517 2746 qum
1559 2671 1633 2727 de
1683 2663 1930 2724 Manetis
1959 2661 2052 2718 hi-

401 2751 887 2848 storiadicturus
918 2780 1062 2832 erat:
1098 2788 1168 2828 ea
1185 2771 1311 2843 jam
1335 2783 1369 2821 a
1390 2782 1474 2828 se,
1501 2762 1573 2817 iis
1595 2775 1744 2832 quos
1770 2754 1844 2812 ad
1866 2751 2059 2824 bapti-

631 2840 990 2928 instituebat
1013 2840 1486 2936 praecedentibus
1507 2848 1683 2906 annis
1707 2845 1867 2901 dicta
1887 2840 2060 2914 signi.

395 3057 667 3114 indicem
697 3053 757 3106 in
791 3064 935 3105 mss.
970 3041 1217 3116 prmﬁxa
1247 3043 1305 3093 et
1335 3052 1370 3091 a
1407 3029 1580 3088 nobis
1621 3032 1758 3082 ante
1788 3026 2058 3095 procate-

409 3145 615 3204 cbesin
637 3141 797 3200 edita
817 3113 1101 3197 declarat,
1127 3126 1413 3202 Cyrillum
1437 3136 1556 3177 non
1579 3119 1688 3174 hos
1724 3113 1881 3170 solas
1904 3116 2058 3166 cate-

409 3236 639 3300 cheses,
664 3229 768 3286 sed
791 3223 1042 3298 singulis
1063 3219 1240 3276 annis
1258 3213 1486 3271 similes
1508 3207 1726 3264 dixisse
1752 3229 1766 3264 :
1793 3203 1934 3258 istas
1955 3214 2062 3254 au-

407 3331 528 3382 tem
559 3340 594 3380 a
625 3317 910 3377 studiosis
945 3311 1084 3366 viris
1116 3325 1185 3364 ex
1217 3321 1318 3360 ore
1343 3298 1598 3357 dicentis
1630 3293 1850 3364 scripto
1890 3304 2061 3344 exce—
2092 3337 2136 3404 Β

406 3421 560 3487 ptas.
601 3404 932 3464 Verisimile
965 3405 1057 3458 est
1087 3395 1386 3453 studiosos
1416 3389 1574 3454 illos,
1606 3401 1727 3440 non
1757 3397 1905 3454 quas
1940 3394 2059 3450 pri-

598 3499 747 3556 dixit
763 3493 1020 3567 Cyrillus
1041 3486 1240 3544 statim
1259 3471 1699 3552 scripsissezsed
1724 3467 2067 3544 praeceden-

407 3594 559 3648 tium
591 3585 988 3646 admiratione
1021 3585 1078 3635 et
1107 3577 1303 3632 fructu
1336 3565 1701 3627 admonitos.
1735 3562 1878 3616 istas
1909 3571 2065 3612 anno

411 3682 612 3753 aliquo
643 3675 1070 3745 subsequente,
1100 3664 1321 3736 scripto
1355 3659 1428 3715 ad
1451 3649 1820 3730 posteritatis
1847 3661 2066 3703 memo-

406 3738 560 3828 riam
585 3738 936 3825 conservare
959 3757 1235 3814 voluisse.
1260 3749 1476 3809 Tertio.
1502 3747 1586 3800 ita
1635 3738 1808 3814 [VIII]
1839 3739 1900 3792 in
1945 3738 2066 3790 toto

407 3861 798 3918 catecheseon
831 3865 1077 3922 corpore
1104 3843 1373 3916 loquitur
1400 3835 1571 3910 quasi
1603 3849 1674 3888 ex
1713 3826 2067 3886 auctoritate

408 3941 860 4014 summa,quasi
885 3939 1047 3995 solus
1069 3934 1409 3992 auditorum
1425 3918 1820 3981 institutionis
1851 3919 1910 3971 et
1929 3929 2036 3985 pro
2051 3942 2066 3952 -

405 4041 603 4096 fectus
631 4049 832 4090 curam
853 4019 1360 4092 sustinens,quasi
1380 4017 1441 4070 in
1465 4017 1577 4069 hoc
1600 4023 1816 4084 genere
1835 4001 2069 4058 dicendi

411 4128 691 4184 subactus
722 4127 781 4177 et
809 4115 1169 4174 exercitatus
1210 4089 1446 4164 iNullibi
1477 4116 1598 4156 sum
1631 4093 1891 4153 recentis
1913 4089 2068 4146 ordi-

411 4213 676 4272 nationis
694 4202 1081 4270 meminit,vel
1097 4193 1427 4271 juventutis
1443 4188 1678 4244 veniam
1697 4183 2070 4253 deprecatur;

411 4303 574 4378 quod
600 4302 686 4356 vir
717 4291 1196 4354 modestissimus
1227 4301 1348 4340 non
1379 4279 1612 4335 videtur
1641 4269 2075 4347 praetermissu-

417 4357 519 4378 νγ
545 4357 572 4358 η

394 4398 518 4451 ἰἰιε
545 4391 750 4447 fuisse.
784 4383 1095 4440 Meliorum
1125 4392 1188 4431 se
1219 4375 1348 4446 ipso
1380 4367 1824 4440 magistrorum,
1875 4357 1975 4430 qui
2006 4373 2076 4412 ea

417 4500 551 4556 quae
575 4479 824 4535 dixisset
840 4469 1158 4528 sublimius
1171 4471 1230 4520 et
1249 4456 1572 4534 perfectius
1595 4450 1925 4525 cogitarent
1949 4462 2072 4502 me-

415 4537 594 4630 minit
621 4572 734 4622 cat.
770 4565 858 4624 18,
891 4577 932 4617 n
985 4559 1074 4623 32,
1119 4551 1486 4623 antiquiores
1533 4558 1672 4598 vero
1721 4545 1782 4596 et
1809 4537 2074 4594 seniores

415 4625 541 4718 non
569 4657 729 4713 dicit.
756 4655 974 4718 Quarto
1001 4643 1264 4708 tandem,
1289 4640 1446 4694 inter
1473 4632 1855 4707 Cyrillianam
1880 4625 2075 4682 homi-

1659 474 1764 537 DE
1806 469 2008 532 νιτΑ
2056 461 2122 525 S.
2170 455 2509 523 CYBILLI.

3729 442 3817 504 40

2146 883 2352 940 nymo.

2222 958 2306 1012 13.
2341 955 2468 1010 Non
2497 947 2854 1024 simpliciter
2877 950 2938 1002 et
2977 941 3296 1016 vulgariter
3342 937 3634 1012 Cyrillum
3665 950 3808 1009 pre-

2149 1047 2454 1119 sbyterum
2483 1041 2626 1098 fecit
2655 1055 2798 1095 suus
2838 1036 3172 1109 episcopus.
3225 1031 3414 1097 Hunc,
3449 1033 3657 1100 postea
3687 1023 3814 1082 sal-

2147 1112 2292 1200 tem,
2319 1132 2552 1192 cmteris
2577 1127 2821 1201 collegis
2845 1122 3186 1199 prmposuit.
3211 1121 3296 1176 ita
3317 1124 3384 1174 ut
3403 1116 3501 1190 pel
3523 1112 3819 1173 solus.vel

2148 1225 2422 1282 omnium
2453 1226 2814 1295 postremus,
2844 1213 3003 1288 quod
3019 1209 3326 1285 dignitatis
3357 1210 3504 1264 erat.
3520 1209 3660 1262 ante
3687 1203 3816 1277 epi-

2150 1329 2397 1386 scopum
2420 1293 2664 1368 diceret.
2695 1306 2753 1362 ld
2782 1309 2946 1380 patet
2975 1319 3047 1358 ex
3079 1297 3328 1356 bomilia
3353 1299 3414 1353 in
3437 1293 3813 1368 paralitica»:

2149 1408 2214 1464 in
2246 1385 2366 1462 fine
2393 1419 2561 1459 num.
2592 1402 2682 1455 20.
2714 1397 2901 1454 Citius
2929 1393 3091 1451 enim
3114 1388 3418 1462 abrumpit
3445 1385 3818 1454 orationem,

2150 1513 2227 1554 ne
2259 1493 2567 1569 prolixitas
2599 1490 2728 1562 ejus
2758 1481 3147 1556 subsequenti
3178 1479 3368 1537 Patris
3398 1472 3684 1534 concioni
3707 1473 3817 1529 im-

2152 1563 2564 1660 pedimentum
2597 1575 2842 1652 aliquod
2864 1576 3121 1632 afferret.
3148 1571 3219 1627 Se
3243 1571 3304 1625 in
3347 1563 3603 1640 singulis
3636 1577 3821 1635 syna-

2152 1677 2328 1735 xibus
2361 1672 2672 1732 Dominica
2701 1669 2797 1726 die
2828 1665 3160 1723 orationem
3194 1659 3476 1717 habuisse
3527 1655 3677 1711 satis
3709 1652 3817 1708 de-

2155 1768 2364 1826 clarat.
2391 1779 2527 1821 cum
2559 1762 2620 1816 in
2651 1775 2771 1814 una
2822 1751 3286 1826 Quadragesima
3323 1748 3578 1804 duarum
3612 1741 3824 1800 Domi-

2157 1859 2294 1914 nica
2323 1855 2418 1912 die
2433 1851 2771 1909 habitarum
2789 1845 3146 1903 concionum
3162 1836 3505 1896 meminerit
3529 1855 3542 1893 :
3566 1831 3822 1890 alterius

2161 2131 2414 2183 tractata
2442 2129 2500 2178 et
2528 2119 2816 2193 exposita,
2849 2129 3101 2188 quorum
3133 2108 3308 2166 facile
3337 2108 3614 2180 poterant
3647 2098 3817 2158 audi-

2161 2223 2321 2272 tores
2351 2189 2652 2269 recordari
2705 2207 2829 2262 Vid.
2863 2209 2976 2260 cat.
3013 2204 3100 2266 12,
3130 2217 3191 2256 n.
3222 2200 3331 2265 28;
3372 2200 3485 2252 cat.
3521 2193 3612 2258 13,
3665 2205 3729 2246 n.
3762 2189 3820 2243 9.

2160 2305 2508 2362 Habitarum
2535 2299 2608 2356 ab
2640 2298 2774 2354 aliis
2807 2293 3166 2350 concionum
3201 2302 3324 2344 non
3357 2281 3678 2348 meminit;
3709 2292 3822 2333 nec

2159 2401 2473 2470 propterea
2499 2397 2701 2446 tamen
2731 2391 2979 2443 caateros
3009 2379 3388 2454 presbyteros
3415 2378 3612 2430 mutos
3647 2383 3821 2425 man-

2160 2486 2308 2542 sisse
2337 2488 2560 2556 putem.
2595 2480 2740 2535 Nam
2793 2491 2927 2530 eum
2983 2485 3236 2528 morem.
3287 2464 3390 2538 qui
3440 2463 3504 2519 in
3535 2455 3820 2533 plurimis

2159 2544 2418 2632 Orientis
2439 2570 2650 2627 saltem
2671 2564 2951 2622 Ecclesiis
2981 2557 3344 2621 servabatur,
3377 2559 3444 2609 ut
3479 2544 3815 2624 presbyteri

2160 2681 2318 2722 unus
2353 2667 2484 2734 post
2498 2659 2680 2716 alium
2695 2653 3194 2712 concionarentur
3209 2653 3268 2702 et
3285 2644 3531 2701 ultimus
3544 2639 3821 2696 omnium

2164 2754 2502 2828 episcopus,
2525 2747 2703 2804 etiam
2727 2741 3151 2813 Hierosolymis
3165 2739 3463 2793 retentum
3478 2729 3821 2804 significare

2163 2842 2398 2900 videtur
2426 2841 2521 2896 bis
2550 2837 2744 2894 verbis
2762 2837 2992 2890 Procat.
3016 2845 3182 2885 num.
3207 2829 3264 2895 4,
3290 2822 3509 2896 quibus
3531 2813 3822 2877 admirari

2156 2933 2382 3009 jubens
2411 2925 2724 3004 praesentis
2755 2919 3144 2981 ecclesiastici
3175 2918 3502 2973 conventus
3543 2907 3822 2965 ordinem

2165 3030 2224 3079 et
2254 3017 2768 3094 compositionem.
2801 3009 2982 3067 simul
3010 3011 3284 3064 recenset
3311 2995 3672 3058 διδασκαλίας
3705 2994 3828 3048 ἀκο-

2166 3082 2409 3172 λουθῖαν,
2443 3106 2674 3164 docendi
2704 3104 2953 3160 ordinem
2983 3105 3035 3154 ct
3063 3101 3293 3162 seriem;
3344 3090 3502 3165 quod
3532 3089 3628 3144 vix
3660 3082 3824 3142 aliud

2166 3206 2386 3276 prmter
2405 3197 2837 3266 subsequentes
2855 3206 2925 3246 ex
2939 3186 3147 3244 ordine
3169 3182 3490 3240 conciones
3505 3177 3824 3249 designare

2172 3262 2384 3365 potest.
2419 3289 2502 3343 Ex
2532 3262 2851 3342 commissa
2881 3285 3081 3334 tamen
3120 3273 3510 3332 catecheseon
3544 3273 3604 3323 et
3630 3262 3826 3337 bapti-

2174 3380 2494 3438 zandorum
2529 3391 2672 3432 cura
2701 3372 2776 3429 ad
2806 3370 3152 3444 episcopum
3191 3361 3431 3436 proprie
3462 3356 3828 3431 pertinente,

2174 3487 2284 3528 nec
2317 3467 2490 3525 facile
2515 3464 2651 3522 aliis
2671 3442 3106 3520 commendata,
3134 3469 3257 3510 una
3281 3465 3418 3507 cum
3445 3442 3833 3518 frequenti,et

2175 3559 2416 3618 assiduo
2447 3557 2508 3612 in
2539 3551 2860 3626 synaxibus
2895 3541 3289 3604 concionandi
3320 3533 3832 3606 munere.optime

2175 3649 2496 3721 colligitur,
2527 3623 2816 3715 Cyrillum
2847 3656 2882 3694 a
2919 3639 3124 3693 sancto
3169 3628 3423 3705 praesule
3453 3623 3832 3698 presbytero-

2176 3756 2310 3797 rum
2342 3735 2698 3809 principem,
2725 3737 2785 3786 et
2809 3727 2980 3800 quasi
3032 3724 3322 3795 majorem
3369 3733 3438 3774 ac
3466 3712 3835 3789 generalem,

2175 3831 2264 3885 uti
2294 3803 2572 3891 dicimus,
2602 3819 2888 3877 vicarium
2919 3813 3312 3871 constitutum
3338 3825 3350 3862 :
3405 3803 3602 3878 qualis
3631 3807 3842 3876 postea

2176 3918 2292 3973 fuit
2310 3912 2636 3972 Antiochia;
2659 3909 2770 3966 sub
2794 3905 3024 3962 Meletio
3062 3903 3320 3959 Joannes
3355 3896 3838 3967 Chrysostomus,

2181 4014 2240 4063 et
2259 4006 2528 4078 Hippone
2553 4001 2661 4058 sub
2681 3997 2912 4054 Valerio
2939 3990 3302 4066 Augustinus
3347 3985 3624 4042 Intimam
3667 3981 3836 4036 illam

2182 4070 2417 4152 Maximi
2441 4093 2504 4148 in
2525 4089 2745 4165 Cyrillo
2767 4083 2891 4160 [IX]
2918 4081 3219 4143 fiduciam,
3254 4075 3527 4134 dubitare
3550 4087 3672 4126 non
3701 4070 3840 4126 licet

2184 4203 2252 4244 ex
2283 4157 2588 4255 reciproco
2611 4177 2816 4252 Cyrilli
2840 4157 2902 4230 in
2932 4171 3251 4228 Maximum
3280 4157 3836 4232 aﬂ'ectu,obsequio,

2183 4249 2580 4338 observantia,
2615 4249 2924 4331 fidelitate,
2967 4259 3406 4317 sententiarum
3438 4249 3841 4307 unanimitate

2183 4371 2242 4422 et
2270 4360 2550 4420 concordi
2581 4357 2883 4413 voluntate
2912 4350 3260 4424 profectam,
3292 4342 3583 4401 nutritam
3619 4344 3681 4396 et
3711 4350 3840 4394 cor-

2183 4453 2546 4510 roboratam.

2257 4545 2343 4600 14.
2371 4543 2559 4608 Quam
2589 4537 2662 4594 de
2695 4531 2912 4608 Cyrillo
2962 4544 3132 4602 spem
3164 4526 3523 4597 conceperat
3566 4519 3621 4576 S.
3659 4514 3841 4574 Maxi-

2182 4650 2338 4700 mus,
2365 4648 2488 4687 non
2512 4627 2726 4684 fefellit
2763 4621 3150 4698 dignissimus
3192 4615 3524 4686 presbyter.
3559 4611 3691 4666 Non
3721 4609 3844 4662 erat

413 4751 561 4807 liam
592 4750 651 4801 in
663 4701 1042 4816 paralyticum
1066 4701 1454 4806 ejusdemque
1479 4701 1840 4786 catecheses,
1856 4733 1927 4772 ea
1940 4713 2063 4787 styli

2184 4723 2330 4780 levis
2352 4718 2690 4776 catecbistae
2708 4712 2956 4770 functio.
2988 4711 3148 4765 inter
3168 4707 3287 4763 alia
3317 4701 3652 4776 praasertim
3691 4712 3840 4770 prin-

2218 4813 2232 4816 -
2692 4805 2703 4816 -
2793 4805 2804 4814 -
3216 4797 3328 4816 εμ-
3360 4791 3588 4816 -;--ει-ι,
3637 4789 3840 4816 and...“

422 4809 1473 4908 discrepantiavdeprebenditur.qure
1487 4811 1794 4870 homiliam
1811 4826 1846 4865 a
1857 4809 2076 4880 juvene

427 4935 488 4986 et
516 4929 838 4983 immaturo
869 4935 979 4974 nec
1013 4913 1157 4970 satis
1185 4911 1248 4966 in
1301 4914 1424 4963 arte
1473 4901 1710 4959 dicendi
1756 4901 2076 4954 exercutato

422 5016 756 5092 profectam
788 5007 1124 5082 significet;
1158 4997 1499 5056 catecbeses
1521 5009 1655 5048 vero
1689 5007 1723 5046 a
1755 4985 2074 5044 robustiori

425 5101 858 5170 maturiorique
918 5091 1180 5165 ingenio.
1243 5089 1380 5152 Quae
1440 5099 1573 5140 cum
1631 5081 1714 5136 ita
1763 5078 1904 5140 sint,
1937 5075 2080 5130 licet

423 5209 628 5268 presse
658 5207 728 5246 ac
759 5186 1188 5255 circumspecte
1218 5193 1442 5235 annum
1473 5170 1865 5230 ordinationis
1895 5165 2078 5239 Cyril-

422 5285 601 5339 lianae
615 5277 869 5334 definire
889 5289 1009 5328 non
1026 5263 1708 5342 possimus,conjicimus
1727 5265 1928 5314 tamen
1941 5271 2078 5310 eum

427 5387 586 5430 anno
619 5369 724 5423 344
763 5365 853 5420 vel
885 5365 1007 5423 345,
1039 5376 1161 5414 non
1191 5357 1382 5413 serius
1412 5352 1826 5427 presbyterum
1857 5347 2079 5402 factum

429 5475 582 5522 esse;
608 5456 784 5511 annis
810 5451 996 5508 tribus
1017 5449 1104 5505 vel
1130 5454 1382 5518 quatuor
1402 5449 1722 5512 antequam
1759 5453 1897 5493 suas
1917 5440 2078 5491 cate-

431 5548 639 5604 cheses
657 5540 1352 5615 pronuntiaretzeumque
1375 5539 1496 5588 tum
1529 5543 1718 5586 annos
1749 5532 1956 5580 natum
1973 5521 2083 5577 tri-

431 5637 599 5711 ginta
626 5633 717 5687 vel
745 5631 981 5688 circiter
1009 5646 1022 5692 ;
1055 5643 1186 5698 quas
1207 5621 1542 5680 communis
1565 5624 1625 5674 et
1654 5616 1919 5690 legitima
1946 5628 2085 5685 pre—

433 5723 749 5797 sbyteralis
779 5716 1174 5776 ordinationis
1199 5721 1341 5771 aetas
1373 5717 1519 5770 erat.
1552 5713 1618 5764 ut
1647 5711 1810 5779 patet
1839 5721 1910 5760 ex
1941 5718 2083 5758 con-

431 5795 556 5873 cilii
585 5807 1076 5870 Neocaesariensis
1105 5805 1199 5863 his
1226 5803 1351 5862 fere
1391 5797 1767 5874 temporibus
1797 5795 2082 5854 celebrati

2187 4813 2522 4884 sbyteratus
2541 4805 2766 4863 munia.
2791 4805 2852 4857 in
2875 4797 3334 4871 occupatissima
3355 4791 3612 4850 civitate.
3637 4789 3848 4844 Totum

2187 4905 2317 4976 ejus
2347 4900 2434 4956 rei
2461 4897 2728 4953 laborem
2761 4890 2978 4963 Cyrillo
3010 4888 3346 4961 resignasse
3363 4881 3598 4938 videtur
3627 4878 3847 4951 episco-

2186 4963 2320 5064 p'us,
2351 5002 2489 5044 cum
2520 4985 2592 5041 de
2624 4982 2730 5038 illo
2762 4979 3018 5052 Cyrillus
3041 4975 3255 5032 nullibi
3284 4974 3589 5044 loquatur.
3614 4963 3848 5022 Admit-

2191 5078 2511 5137 tendorum
2543 5073 2645 5146 qui
2676 5088 2739 5126 se
2753 5067 3104 5134 offerebant,
3137 5059 3731 5121 etinscribendorum
3751 5067 3848 5109 eo-

2189 5165 2466 5226 rumdem
2496 5161 2809 5218 nominum
2831 5173 3034 5214 curam
3062 5171 3125 5211 se
3148 5153 3343 5210 solum
3369 5148 3652 5206 habuisse
3675 5139 3851 5216 signi-

2193 5259 2334 5316 ficat
2363 5257 2575 5310 Procat
2611 5265 2778 5305 num.
2813 5249 3016 5309 4.cum
3033 5261 3094 5300 se
3115 5243 3190 5299 ad
3216 5235 3689 5314 permittendum
3714 5228 3851 5286 uni—

2193 5347 2410 5417 cuique
2431 5343 2767 5414 ingressum
2779 5335 3060 5408 janitoris
3085 5334 3208 5388 vice
3230 5331 3394 5404 fungi
3419 5327 3520 5384 ait.
3545 5327 3731 5382 Erant
3754 5332 3853 5374 au-

2194 5443 2314 5492 tem
2338 5413 2540 5504 plures
2564 5427 2665 5500 qui
2689 5423 2998 5482 erudiendi
3021 5421 3407 5484 accedebant;
3439 5433 3563 5473 non
3593 5413 3756 5470 enim
3784 5420 3853 5461 ex

2196 5500 2732 5594 Hierosolymitana
2754 5519 2900 5574 urbe
2923 5513 3249 5581 solum,sed
3264 5531 3333 5570 ex
3355 5511 3519 5585 pagis
3530 5515 3589 5564 et
3606 5500 3850 5594 urbibus

2197 5616 2374 5672 etiam
2398 5583 2837 5682 episcopalibus
2858 5607 3139 5662 habuisse
3155 5583 3384 5658 videtur
3405 5583 3734 5658 auditores;
3749 5583 3852 5661 qui

2199 5699 2414 5761 deinde
2437 5677 2534 5755 vel
2560 5677 2632 5753 ab
2664 5695 2957 5769 episcopis
2981 5693 3128 5750 vela
3146 5689 3514 5765 presbyteris
3543 5686 3632 5743 vel
3667 5700 3702 5740 a
3730 5677 3854 5735 dia-

2198 5791 2366 5852 conis
2383 5766 2722 5862 baptizandi
2743 5766 2935 5854 erant;
2953 5801 3104 5858 quos
3124 5781 3349 5840 idcirco
3372 5783 3582 5838 monet
3614 5779 3730 5833 cat.
3771 5766 3860 5859 Π³
