4052 6400
212 354 271 410 ll
1609 340 1902 408 DISSEB‘

2015 338 2138 404 1‘10
2183 344 2231 405 Ι.
3561 346 3644 407 ﬂ

210 500 364 543 num.
387 485 479 552 35,
504 482 778 539 eamdem
801 498 935 538 esse
960 498 1199 555 semper
1218 480 1503 554 baptismi
1523 481 1641 535 vim
1665 484 1723 535 et
1742 494 1868 552 gra-
1896 479 1948 544 Α
1979 476 2159 534 stidio
2190 477 2470 550 consulit,
2503 495 2573 537 ac
2617 479 2979 538 catecheson
3026 478 3434 554 prolixitatem
3467 495 3646 537 excu-

212 577 362 637 tiam,
394 575 740 646 quicunque
774 574 1017 629 tandem
1047 590 1119 628 ex
1146 574 1267 628 illis
1297 572 1559 645 praefatis
1581 572 1760 626 ritum
1785 584 1874 626 sa-
1985 575 2096 636 sat,
2121 569 2281 641 quod
2312 587 2468 643 saepe
2495 570 2657 629 facit.
2692 588 2797 628 suo
2816 572 2945 644 ipse
2975 571 3163 629 labori
3184 589 3305 629 non
3335 571 3651 643 parcebat;

219 683 368 722 crum
394 665 850 720 administrent.
887 664 1274 736 Singulorum
1306 663 1637 718 voluntates
1672 658 1875 732 explo-
1984 659 2105 714 imo
2136 660 2211 716 ad
2232 661 2529 733 patienter
2552 668 2613 718 et
2635 670 3085 735 perseveranter
3104 662 3469 720 audiendum
3492 661 3652 735 quod

224 756 410 813 raudze
431 760 627 821 erant,
657 771 734 809 ne
767 754 902 825 quis
931 754 1022 808 vel
1072 754 1278 809 doloso
1325 754 1547 822 animo,
1579 750 1669 829 vel
1700 764 1879 822 prava
1987 749 2060 805 ad
2090 750 2356 822 ipsorum
2379 752 2702 808 utilitatem
2722 753 3082 825 pertinebat,
3105 754 3492 810 vehementer
3512 753 3652 809 hor-

231 847 330 902 alia
356 846 540 900 animi
568 844 917 899 inductione
941 843 1286 899 accederet:
1312 849 1436 898 tum
1459 841 1759 915 profectus
1784 839 1878 894 in—
1988 845 2166 898 tatur.
2203 841 2330 897 Vid.
2356 844 2579 900 Procat.
2615 860 2780 900 num.
2818 847 2909 912 10,
2937 849 3051 901 cat.
3097 848 3185 913 17,
3224 861 3390 900 num.
3418 847 3508 900 20.
3542 843 3652 899 Su-

230 935 491 1009 dagandi.
527 934 688 1006 quod
741 951 803 989 se
855 934 1112 989 sollicite
1146 933 1621 989 examinaturum
1655 930 1739 986 ait
1786 929 1877 984 bis
1987 947 2091 986 um
2124 947 2194 986 ea
2224 931 2286 986 in
2316 948 2380 987 re
2411 932 2559 1004 ipsis
2590 933 2931 1006 exemplum
2956 933 3331 1007 proponebat
3355 938 3469 989 cat.
3498 933 3552 1001 4,
3589 948 3656 989 n.

224 1025 397 1081 verbis
430 1027 660 1081 Procat.
711 1040 768 1079 n.
805 1028 908 1078 15:
943 1024 1149 1078 Videbo
1178 1025 1422 1079 studium
1445 1021 1880 1091 uniuscujusque
1989 1024 2095 1085 20;
2129 1037 2269 1076 nam
2300 1025 2346 1078 si
2366 1022 2632 1088 doctores,
2667 1023 2884 1096 inquit,
2916 1040 3029 1079 non
3061 1023 3355 1079 minimum
3381 1023 3656 1094 deputant

226 1118 341 1175 viri.
373 1113 577 1170 videbo
626 1114 992 1184 unieujusque
1046 1115 1268 1182 feminea
1307 1116 1592 1183 pietatem.
1628 1109 1715 1165 Ad
1750 1110 1879 1165 haec

220 1204 633 1263 accedentium
666 1204 1077 1259 confessiones
1127 1202 1463 1270 audiendee,
1497 1219 1631 1273 qua)
1675 1198 1884 1271 omnia

1993 1111 2135 1167 lucri
2158 1112 2264 1167 sibi
2292 1113 2547 1168 accedere
2567 1114 2716 1184 quod
2738 1114 2857 1171 ha'c
2879 1114 3152 1181 addisces,
3186 1121 3246 1169 tu
3267 1116 3392 1184 quis
3414 1112 3656 1169 addiscis

1990 1217 2101 1257 non
2131 1202 2288 1257 debes
2318 1202 2552 1258 libenter
2579 1204 2992 1259 multitudinem
3019 1220 3205 1259 rerum
3230 1218 3357 1275 qua:
3391 1204 3662 1258 dicuntur

220 1313 457 1368 prorsus
485 1302 783 1349 anteactaa
816 1294 946 1348 vitm
980 1300 1220 1365 peccata
1250 1309 1485 1349 summa
1523 1290 1641 1347 ﬁde
1683 1289 1884 1361 expri-

221 1402 372 1441 mere
404 1383 739 1447 debebant,
777 1389 890 1439 cat.
927 1387 976 1450 1,
1011 1400 1177 1438 num.
1213 1386 1265 1447 5,
1300 1382 1404 1438 sed
1450 1379 1788 1453 praecipuus
1819 1378 1885 1433 in

222 1473 466 1530 dicendo
502 1473 697 1528 labor.
730 1474 950 1527 Praeter
982 1472 1317 1528 ordinarias
1348 1472 1409 1525 in
1432 1469 1754 1541 synaxibus
1780 1467 1885 1522 ho-

227 1565 430 1631 milias,
467 1570 593 1618 tres
639 1568 745 1618 aut
798 1570 1054 1633 quatuor
1112 1561 1363 1635 singulis
1412 1556 1886 1615 hebdomadibus

233 1655 468 1712 habebat
522 1655 911 1722 catecheses;
963 1670 1215 1725 quarum
1264 1652 1466 1707 multas
1519 1650 1784 1723 prolixae,
1829 1651 1889 1703 et

230 1760 561 1801 sermonem
596 1744 663 1797 in
698 1748 934 1798 noctein
968 1743 1215 1797 traxisse
1248 1740 1542 1796 videntur.
1850 1736 1853 1739 λ

295 1837 373 1887 15.
402 1834 541 1888 Hzec
565 1833 775 1887 omnia
796 1831 1132 1887 admirabili
1167 1830 1476 1903 diligentia
1499 1834 1557 1884 et
1579 1828 1888 1884 alacritate
1919 1858 1967 1925 Β

230 1923 569 1995 perfunctus
592 1923 875 1993 Cyrillus.
901 1923 1265 1993 Praacipuam
1297 1921 1359 1975 in
1392 1921 1495 1975 Dei
1526 1919 1748 1974 auxilio
1782 1933 1888 1989 po-

231 2014 336 2068 suit
367 2013 680 2079 tiduciam,
710 2014 881 2083 cujus
902 2028 1075 2083 opem
1103 2011 1215 2065 sibi
1239 2010 1579 2065 auditorum
1612 2006 1888 2080 precibus

229 2120 370 2173 saape
403 2102 698 2157 accersiri
728 2100 1014 2173 postulat.
1050 2099 1176 2154 Vid.
1202 2106 1313 2155 cat.
1358 2103 1419 2153 12
1462 2116 1522 2154 n.
1556 2098 1589 2152 4
1614 2115 1626 2165 ;
1651 2102 1762 2153 cat.
1800 2096 1887 2163 13,

230 2209 282 2247 n.
312 2194 361 2247 8.
396 2194 546 2246 Tum
584 2190 1067 2245 ecclesiasticam
1099 2189 1430 2245 doctrinam
1466 2193 1648 2242 totam
1688 2186 1890 2243 animo

229 2282 589 2353 complexus,
626 2297 762 2336 eam
787 2281 848 2335 in
884 2286 970 2334 tot
988 2285 1135 2351 quot
1154 2278 1417 2351 oportuit
1437 2277 1775 2333 catecheses
1797 2274 1891 2329 di-

229 2373 424 2435 visam,
455 2388 565 2443 per
589 2377 647 2424 to
659 2378 780 2425 tam
798 2369 1327 2442 Quadragesimam
1354 2367 1651 2423 indefesse
1673 2364 1898 2421 audito-

230 2479 351 2517 rum
377 2461 601 2517 animis
634 2460 971 2524 instillavit,
1003 2465 1115 2514 cat.
1164 2459 1248 2526 18,
1280 2475 1340 2513 n.
1376 2456 1467 2524 32,
1500 2455 1664 2512 omni
1710 2470 1891 2527 argu-

232 2557 561 2606 mentorum
593 2565 821 2623 genere
853 2548 1161 2619 probatam
1187 2568 1202 2615 ;
1237 2552 1298 2603 et
1318 2553 1527 2603 contra
1556 2562 1765 2601 omnes
1795 2546 1897 2599 Ec-

238 2640 426 2695 clesia:
455 2641 687 2707 hostes,
718 2638 996 2712 gentiles,
1031 2637 1371 2700 Samaritas,
1404 2637 1658 2705 Judaios,
1706 2634 1899 2690 haere-

236 2731 399 2793 ticos.
433 2730 703 2801 propriis
736 2728 1019 2784 adversus
1068 2743 1496 2799 unosquosque
1530 2724 1897 2795 argumentis

237 2821 573 2875 roboratam
601 2837 616 2886 ;
643 2819 808 2890 quod
842 2824 901 2873 et
933 2820 1149 2874 Procat.
1176 2834 1344 2873 num.
1379 2820 1445 2872 10
1476 2818 1773 2872 facturum
1804 2830 1897 2870 re-

241 2910 407 2980 cepit,
469 2915 529 2963 et
585 2907 1045 2981 diligentissime
1087 2912 1401 2962 exsecutus
1452 2911 1559 2961 est.
1605 2904 1898 2977 Cogitanti

250 3000 752 3072 quemadmodum
806 2999 1072 3054 securius
1104 3005 1161 3053 et
1190 2999 1368 3054 altius
1413 2996 1649 3070 singula
1677 3002 1899 3051 nostra)

243 3091 544 3163 religionis
578 3089 856 3161 dogmata
882 3089 943 3143 in
977 3088 1316 3144 auditorum
1346 3086 1565 3142 animis
1597 3085 1900 3156 imprime-

244 3186 466 3241 rentur,
491 3179 791 3232 succurrit
810 3179 870 3232 in
893 3178 1229 3250 generalem
1253 3176 1418 3249 prius
1443 3180 1501 3229 et
1519 3173 1899 3246 compendio-

246 3284 367 3322 sam
397 3266 674 3322 omnium
703 3267 835 3321 fidei
870 3267 1130 3338 capitum
1163 3264 1596 3338 expositionem
1626 3263 1892 3335 prmmit-

244 3361 391 3412 teret
419 3357 481 3411 in
508 3362 626 3412 cat.
659 3358 714 3414 4.
739 3373 854 3427 qua
884 3357 1125 3411 natione
1147 3362 1515 3427 praeparatus
1547 3352 1891 3409 auditorum

248 3448 479 3502 animus
496 3446 731 3519 singula
745 3453 875 3517 post
889 3446 998 3501 hac
1011 3463 1115 3501 suo
1130 3444 1337 3499 ordine
1352 3444 1589 3516 proprie
1607 3442 1905 3515 explican-

249 3535 323 3592 da
342 3537 577 3591 facilius
604 3536 977 3608 intelligeret.
1007 3537 1075 3589 Et
1097 3535 1221 3590 haec
1242 3551 1359 3589 una
1381 3533 1710 3589 catechesis
1731 3531 1904 3603 quasi

252 3627 656 3698 perfunctorie
681 3634 738 3680 et
764 3626 1215 3698 praeparationis
1248 3630 1477 3680 tantum
1503 3624 1711 3696 gratia,
1743 3639 1777 3677 a
1802 3622 1905 3695 Cy-

252 3718 385 3772 rillo
419 3719 604 3781 dicta,
636 3718 805 3788 plura
860 3717 1269 3787 complecitur,
1320 3731 1499 3786 quam
1546 3730 1754 3769 omnes
1782 3712 1905 3768 fere

256 3808 520 3869 Patrum,
556 3808 772 3878 quibus
803 3807 1055 3879 symboli
1094 3806 1469 3861 traditionem
1495 3811 1554 3860 et
1584 3804 1905 3876 expositio-

256 3916 394 3952 nem
439 3898 754 3953 absolvunt
820 3898 1138 3952 conciones
1199 3886 1384 3967 Hujus
1436 3894 1711 3954 instituti.
1748 3892 1906 3965 quod

255 3988 383 4058 ejus
400 4003 711 4041 successor
733 3987 1093 4057 sequebatur
1149 3993 1355 4040 auctor
1378 3986 1607 4038 videtur
1628 3983 1906 4054 Cyrillus,

254 4085 367 4132 cat.
400 4080 454 4143 4,
481 4094 537 4131 η
574 4078 626 4130 3.
654 4077 967 4135 Maximum
1000 4076 1169 4130 illum
1196 4074 1459 4130 studium
1482 4074 1784 4129 auditores
1806 4071 1908 4128 ad-

253 4183 487 4221 versum
509 4166 943 4227 hrereticorum,
970 4182 1176 4220 eorum
1202 4164 1536 4236 praesertim
1569 4163 1671 4234 qui
1703 4162 1825 4218 illis
1849 4166 1909 4216 et

256 4256 402 4310 locis
424 4263 481 4310 et
506 4256 871 4326 temporibus
893 4255 1316 4327 grassabantur
1338 4254 1456 4325 [X],
1484 4253 1653 4308 dolos
1677 4258 1736 4307 et
1759 4252 1911 4307 frau-

257 4343 360 4399 des
393 4362 650 4400 armare.
682 4348 998 4417 Propterea
1024 4345 1341 4416 diligenter
1362 4360 1569 4399 eorum
1600 4343 1911 4398 historiam

257 4442 314 4490 et
342 4452 525 4507 prava
555 4435 832 4507 dogmata
861 4435 1184 4499 describit;
1219 4451 1330 4488 nec
1362 4433 1695 4489 timebatos
1718 4439 1776 4487 et
1796 4432 1915 4488 lin-

255 4541 432 4597 guam
463 4526 776 4579 recensitis
807 4541 1014 4579 eorum
1046 4523 1411 4596 blasphemis
1434 4529 1492 4578 et
1513 4523 1766 4595 impuris
1788 4522 1912 4578 sive

1995 1293 2299 1363 excipere?
2328 1291 2507 1360 Alibi,
2536 1293 2821 1348 nimirum
2854 1298 2966 1349 cat.
3006 1295 3091 1358 l3,
3125 1310 3164 1349 n
3207 1296 3299 1361 22,
3334 1308 3405 1348 ex
3435 1293 3566 1364 ipsa
3590 1292 3655 1348 in

1996 1381 2220 1437 sanctis
2243 1381 2901 1447 lociscommoratione,
2929 1383 3396 1454 eorumdemque
3414 1397 3664 1454 conspe-

1996 1476 2116 1537 ctu,
2159 1470 2392 1527 animos
2445 1487 2652 1527 eorum
2682 1472 2755 1528 ad
2787 1472 3200 1528 sustinendam
3244 1470 3534 1528 orationis
3584 1469 3659 1527 de

1995 1555 2243 1633 tropaeis
2293 1562 2527 1619 Domini
2587 1563 2991 1636 prolixitatem
3048 1564 3231 1620 exitat
3286 1570 3347 1619 et
3392 1562 3656 1619 roborat.

1994 1653 2215 1707 Tantus
2262 1652 2376 1723 ipsi
2424 1651 2911 1724 baptizandorum
2956 1660 3264 1725 respectus
3297 1658 3356 1708 et
3397 1669 3560 1720 cura,
3592 1657 3660 1708 ut

1996 1741 2176 1797 etiam
2208 1740 2273 1796 in
2302 1740 2571 1797 homiliis
2611 1743 2922 1799 llominica
2952 1744 3047 1799 die
3096 1742 3173 1799 ad
3205 1748 3387 1799 totam
3420 1741 3659 1814 plebem

1995 1829 2239 1899 habitis,
2270 1830 2409 1887 illos
2439 1832 2748 1904 speciatim
2780 1833 3206 1906 respiceret,et
3234 1832 3305 1889 ad
3338 1848 3543 1888 eorum
3565 1831 3662 1887 in-

2000 1920 2377 1976 stitutionem
2409 1922 2743 1978 orationem
2775 1939 2943 1979 suam
2966 1922 3465 1991 accommodaret,
3500 1919 3659 1994 quod

1997 2014 2252 2066 testatur
2280 2015 2393 2066 cat.
2434 2013 2515 2073 14,
2551 2028 2610 2067 n.
2655 2014 2745 2068 24.
2799 2012 3037 2068 Utinam
3087 2012 3427 2069 catechistae
3471 2012 3662 2067 nostri

1998 2099 2166 2155 illam
2197 2100 2400 2171 Cyrilli
2435 2100 2615 2157 rudes
2663 2101 3021 2158 instituendi
3053 2101 3295 2174 plenam
3336 2099 3570 2156 roboris
3601 2105 3663 2157 et

2000 2189 2159 2245 succi
2191 2189 2485 2244 rationem
2524 2196 2942 2261 sequerentur,
2976 2206 3098 2245 non
3145 2195 3265 2245 tam
3315 2189 3533 2262 supina
3562 2204 3661 2245 re-

2000 2284 2211 2354 gnaret
2237 2284 2457 2336 nostras
2488 2279 2798 2353 religionis
2818 2279 3114 2353 ignoratio
3141 2278 3154 2336 l

2646 2387 2878 2443 CAPUT
2921 2388 3008 2443 VI.

2002 2477 2140 2542 Quae
2175 2478 2349 2545 fuerit
2380 2476 2577 2550 Cyrilli
2604 2482 2658 2532 et
2689 2478 2744 2533 S.
2799 2475 3056 2533 Maximi.
3107 2478 3474 2550 Ecclesiaeque
3501 2479 3661 2535 Jero-

2070 2550 2437 2618 solymitanm.
2470 2549 2537 2604 de
2565 2550 2808 2606 dissidiis
2846 2550 3146 2606 Ecclesium
3175 2566 3236 2607 eo
3262 2549 3505 2622 tempore
3528 2565 3664 2609 con-

2076 2621 2429 2677 turbantibus
2457 2624 2752 2677 sententia.

2080 2730 2166 2784 16.
2199 2730 2323 2794 Quo
2365 2735 2633 2801 tempore
2677 2729 2935 2802 Cyrillus
2966 2729 3202 2787 diaconi
3247 2736 3307 2787 et
3334 2730 3668 2805 presbyteri

2005 2818 2191 2892 gradu
2209 2819 2270 2874 in
2302 2819 2565 2875 Ecclesia
2590 2819 2988 2888 ministrabat,
3013 2820 3287 2894 gravibus
3313 2821 3418 2878 illa
3440 2819 3668 2892 procel-

2007 2908 2084 2964 lis
2106 2908 2487 2981 jactabatur;
2524 2927 2671 2981 quas
2714 2911 2845 2982 ipse
2895 2910 3187 2983 deplorat.
3235 2917 3294 2968 et
3323 2917 3385 2967 ut
3412 2909 3669 2983 proximi
3728 2936 3735 2939 λ

2010 2999 2362 3055 Antichristi
2393 2999 2682 3056 adventus
2711 3002 3080 3072 praenuntias
3127 3006 3376 3073 spectat,
3428 3006 3541 3057 cat.
3578 3003 3669 3070 15,

2008 3106 2069 3146 n.
2104 3093 2156 3157 7,
2189 3094 2221 3147 9
2253 3096 2312 3146 et
2343 3092 2427 3145 18.
2463 3091 2736 3164 Episcopi
2764 3091 3076 3147 adversum
3109 3091 3443 3163 episcopos.
3467 3087 3670 3146 clerici

2010 3184 2220 3236 contra
2249 3180 2517 3237 clericos.
2551 3182 2755 3253 populi
2779 3181 2841 3237 in
2871 3182 3122 3255 populos
3146 3186 3309 3237 tanto
3332 3180 3669 3236 animorum

1927 3238 1971 3305 θ
2009 3269 2238 3326 fervore
2258 3238 2805 3333 debacchababtur.
2835 3238 2901 3345 μὶ
2922 3238 2997 3327 ad
3020 3272 3369 3344 sanguinem
3392 3286 3583 3342 usque
3605 3284 3677 3326 ea

2006 3359 2260 3416 dissidia
2282 3361 2667 3432 prosilirent;
2696 3360 2841 3418 ibid.
2869 3379 2928 3416 n.
2955 3366 3007 3417 7.
3033 3362 3323 3417 Nimirum
3346 3361 3485 3417 Ario
3509 3366 3568 3414 et
3584 3376 3677 3416 se-

2008 3452 2305 3524 quacibus
2331 3453 2392 3508 in
2426 3453 2665 3508 Nicaena
2724 3453 2950 3526 synodo
2998 3453 3296 3510 damnatis
3326 3458 3386 3508 et
3414 3451 3681 3508 Ecclesia.

2011 3542 2242 3614 ejectis,
2278 3542 2576 3599 Eusebius
2607 3549 2864 3615 uterque
2897 3544 3299 3600 Caesariensis.
3332 3560 3401 3599 ac
3430 3558 3686 3615 presser-

2011 3632 2115 3686 tim
2139 3631 2632 3695 Nicomediensis.
2650 3649 2770 3688 una
2791 3649 2925 3688 cum
2953 3633 3087 3688 aliis
3105 3632 3384 3689 factionis
3408 3631 3681 3703 ejusdem

2013 3737 2146 3776 cum
2169 3720 2287 3775 Arii
2312 3726 2366 3775 et
2384 3738 2654 3792 personas
2671 3728 2728 3776 et
2744 3722 3103 3794 dognatibus
3121 3728 3293 3787 tecte,
3314 3723 3435 3777 imo
3454 3726 3512 3776 et
3533 3720 3679 3776 satis

2012 3816 2215 3882 aperte
2245 3809 2551 3865 faverent:
2597 3810 3012 3876 Athanasium,
3057 3809 3461 3875 Eustathium,
3504 3814 3684 3864 caete-

2012 3916 2231 3971 rosque
2254 3898 2509 3954 fervidos
2542 3899 3183 3955 consubstantialitatis
3209 3898 3558 3955 defensores
3588 3914 3684 3953 ar-

2016 3991 2177 4046 tibus
2210 3989 2488 4045 omnibus
2519 4006 2885 4063 Oppugnare.
2911 3996 2971 4046 et
2993 3990 3237 4046 sedibus
3269 3989 3528 4060 dejicere
3556 3995 3683 4046 ten-

2014 4085 2233 4136 tarunt.
2266 4080 2420 4135 Hinc
2437 4085 2666 4135 atroces
2682 4080 2923 4152 jactatae
2950 4078 3687 4136 adversnseoscalumnim

2017 4170 2242 4243 quibus
2276 4168 2417 4225 dum
2449 4170 2584 4241 plus
2628 4187 2800 4241 aequo
2849 4169 3055 4226 faciles
3087 4169 3159 4225 ab
3200 4168 3684 4241 imperatoribus,

2014 4260 2239 4332 alioqui
2262 4260 2587 4332 piis,aures
2611 4259 3160 4325 accommodantur,
3185 4259 3330 4331 ipsis
3350 4258 3687 4315 assentien-

2018 4350 2177 4406 tibus
2209 4366 2277 4406 ac
2300 4348 2680 4422 jubentibus,
2717 4349 3116 4421 depositione,
3142 4348 3689 4419 exsilio,variisque

2015 4440 2207 4511 poenis
2236 4438 2565 4494 sanctiores
2579 4437 2698 4511 [XI]
2722 4443 3012 4494 vexantur
3026 4438 3312 4510 episcopi.
3346 4436 3490 4494 Inde
3514 4438 3692 4493 inur-

2017 4527 2192 4583 bibus
2212 4526 2567 4595 seditiones,
2602 4526 2744 4583 dum
2777 4525 2914 4582 novi
2944 4527 3007 4583 in
3039 4526 3212 4583 sedes
3240 4528 3555 4583 charorum
3585 4542 3692 4600 po-

255 4614 573 4687 dogmatis,
594 4615 715 4670 sive
742 4614 907 4669 factis
939 4614 1377 4670 commaculare
1402 4630 1415 4679 ;
1443 4618 1693 4673 tantum.
1716 4629 1792 4668 ne
1816 4628 1909 4668 ea-
1947 4602 1995 4669 Β
2026 4617 2184 4691 pulis
2215 4617 2629 4689 episcoporum
2662 4622 2893 4674 armata
2923 4618 2979 4673 vi
3005 4617 3431 4685 intruduntur;
3465 4622 3567 4673 aut
3593 4631 3693 4672 ve-

255 4722 389 4760 rum
414 4722 615 4761 rerum
648 4705 834 4776 ignari
886 4704 1188 4760 auditores
1239 4719 1448 4759 eorum
1498 4702 1825 4758 mendaciis
1856 4707 1916 4758 et

256 4794 774 4865 blandiloquentia
795 4800 1170 4866 caperentur.
1202 4793 1343 4847 Vide
1362 4799 1474 4848 cat.
1507 4796 1589 4859 16,
1619 4810 1677 4849 n.
1702 4796 1731 4847 ὅ
1759 4810 1771 4860 ;
1798 4798 1911 4848 cat.

257 4886 308 4953 6,
343 4902 515 4939 num.
556 4886 614 4938 13
648 4890 706 4938 et
735 4886 821 4938 34.
855 4886 1119 4955 Cumque
1150 4883 1420 4938 omnium
1450 4882 1707 4939 maxime
1741 4882 1920 4939 Mani-

256 4976 405 5029 chmi
443 4975 769 5046 periculum
799 4980 1086 5036 crearent,
1124 4973 1231 5028 hos
1260 4973 1470 5044 majori
1503 4989 1684 5044 opera
1714 4977 1918 5028 etom-

260 5063 440 5118 nibus
475 5063 619 5117 locis
638 5069 955 5135 oppugnat.
982 5065 1108 5119 Non
1139 5062 1481 5118 erudiendis
1513 5069 1571 5117 et
1602 5063 1917 5118 instituen-

257 5153 348 5208 dis
382 5154 578 5208 soluin
608 5154 977 5208 auditoribus
1010 5153 1277 5208 officium
1310 5170 1486 5208 suum
1524 5152 1685 5206 ﬁniri
1714 5152 1919 5207 existi-

262 5243 463 5298 mabat
487 5262 501 5309 ;
522 5244 624 5298 sed
653 5252 708 5298 et
732 5244 803 5299 ad
831 5242 1219 5315 pugnandum
1245 5249 1303 5296 et
1323 5242 1479 5296 ultro
1504 5242 1921 5297 lacessendum

260 5334 464 5388 hostes
487 5334 759 5389 Ecclesize
783 5342 839 5388 et
861 5334 935 5388 ad
957 5332 1399 5403 praedicandum
1424 5332 1558 5388 aliis
1584 5332 1743 5403 quod
1766 5332 1921 5387 didi-

262 5432 595 5491 cerant,eos
621 5440 950 5496 praeparare
965 5423 1055 5477 sui
1074 5439 1275 5477 mune:
1291 5422 1340 5477 is
1361 5422 1783 5479 arbitrabatur.
1797 5423 1919 5479 Vid.

264 5522 373 5570 cat.
405 5516 459 5571 3.
490 5531 548 5569 u.
574 5516 635 5569 13
661 5533 673 5581 ;
700 5521 813 5571 cat.
845 5516 926 5580 l2,
954 5530 1008 5567 ιι.
1036 5516 1101 5566 2ῒ
1127 5519 1184 5567 et
1213 5513 1314 5580 38;
1358 5519 1453 5568 cat
1495 5514 1581 5577 13,
1607 5530 1752 5568 num
1775 5516 1843 5568 22
1867 5519 1926 5569 et

266 5606 371 5670 37;
407 5609 519 5660 cat.
562 5607 640 5671 14,
676 5622 845 5660 num.
883 5604 991 5670 15;
1052 5608 1164 5658 cat.
1231 5605 1309 5657 15.
1346 5620 1510 5658 num.
1545 5606 1653 5670 26;
1686 5610 1799 5659 cat.
1836 5604 1923 5673 18,

266 5711 432 5752 num.
468 5697 533 5751 10
563 5706 619 5753 et
649 5699 733 5753 11.
768 5696 923 5751 Dum
955 5698 1154 5749 autem
1178 5692 1519 5751 auditorum
1542 5692 1717 5750 taedio
1750 5700 1810 5751 et
1835 5694 1922 5754 fa-

581 5817 851 5879 Parson.
899 5809 1011 5871 Gn.
1054 5810 1319 5876 XXXlil.

2026 4713 2182 4764 teres
2212 4706 2554 4779 principum
2581 4706 2779 4763 favore
2810 4707 2899 4763 vel
2922 4707 3312 4763 conciliorum
3336 4707 3688 4763 auctoritate

2029 4796 2202 4854 sedes
2229 4795 2512 4868 pristinas
2554 4796 2746 4868 pulsis
2791 4797 3039 4853 intrusis
3070 4802 3368 4869 repetunt.
3403 4797 3515 4852 Sed
3547 4812 3694 4852 nus-

2028 4903 2207 4959 quam
2238 4886 2451 4957 majori
2472 4902 2608 4941 cum
2632 4886 2870 4958 piorum
2901 4887 3233 4942 offensione
3255 4903 3316 4943 se
3339 4884 3604 4958 prodidit
3623 4882 3691 4940 il-

2027 4976 2129 5032 lud
2146 4975 2481 5048 episcopale
2505 4975 3029 5048 dissidium,quam
3054 4991 3190 5031 cum
3212 4981 3533 5031 convocato
3556 4988 3687 5030 am-

2028 5066 2241 5122 borum
2289 5066 2721 5137 imperatorum
2761 5065 3098 5122 Occidentis
3144 5071 3203 5120 et
3248 5065 3510 5122 Orientis
3544 5079 3688 5120 con-

2031 5171 2233 5214 sensu.
2262 5153 2594 5209 Sarulicensi
2620 5153 2897 5220 concilio,
2921 5153 3335 5225 episcoporum
3371 5152 3689 5209 divortium

2029 5244 2253 5299 factum
2286 5248 2378 5299 est
2406 5261 2420 5311 ;
2447 5250 2505 5297 et
2527 5243 2719 5315 major
2746 5259 2903 5313 pars,
2930 5243 3369 5299 Catholicorum
3393 5242 3690 5309 videlicet,

2035 5334 2290 5390 Sardicae
2312 5338 2774 5399 remanserunt;
2804 5333 3121 5389 Eusebiani
3158 5334 3546 5390 tumultuaria
3562 5332 3699 5405 fuga

2036 5442 2097 5480 se
2119 5422 2582 5496 PhilippOpolim
2602 5425 3204 5496 recepere,privatum
3227 5440 3575 5480 concessum
3602 5436 3701 5477 ce-

2034 5513 2345 5571 lebraturi.
2375 5512 2567 5568 Ambo
2598 5513 2855 5569 concilia
2885 5529 3015 5571 sese
3048 5515 3272 5571 mutuis
3302 5511 3700 5569 anathemati:

2035 5604 2395 5679 percellunt,
2427 5602 2702 5674 datisque
2735 5603 3037 5675 synodicis
3077 5604 3153 5661 ad
3204 5604 3513 5661 universos
3539 5601 3700 5659 orbis

2038 5695 2351 5767 episcopos
2383 5692 2600 5749 litteris
2623 5707 2755 5749 sese
2784 5694 3151 5767 gravissimis
3180 5691 3704 5754 criminationibus
