4052 6392
402 343 481 410 43
1723 314 1828 376 DE
1865 305 2060 371 VITA
2100 303 2168 368 Β.
2212 301 2588 369 CYRILLL
3756 315 3839 374 44

403 477 675 535 onerant,
701 467 1085 525 Sardicenses
1107 457 1688 534 Philippopolitanos
1711 449 1943 504 Arianae
1966 441 2065 498 do-
2099 439 2144 503 Α
2181 439 2458 496 Ecclesia;
2481 445 2904 535 communione
2924 443 3676 502 fruebantur.Sabellianos
3695 463 3842 518 quo-

406 565 644 629 ctrinre,
687 554 1211 632 Philippopolitani
1244 550 1626 608 Sardicenses
1654 538 2056 634 SabellianaaI;

403 656 694 709 factarum
725 629 976 705 cmdium
1001 646 1237 716 utrique
1260 633 1859 698 alterosinsimulant.
1884 629 2061 683 Auxit

405 751 696 815 praeterea
727 745 783 794 et
821 738 962 794 favit
1019 752 1087 791 ea
1135 731 1412 789 Ecclesiae
1449 724 1696 784 dissidia
1743 718 1960 815 duplex
1993 730 2062 815 ea

409 807 786 903 tempestate,
823 845 952 899 quae
985 830 1050 880 ut
1079 823 1406 895 plurimum
1436 813 1901 908 verbiduntaxat
1927 807 2058 903 fuit,

407 922 508 977 sed
542 921 773 974 animos
805 925 1004 971 tamen
1035 914 1263 968 diverse
1298 909 1479 964 movit
1507 912 1909 960 controversm
1933 912 1946 962 ;
1970 910 2064 948 ni-

407 1011 624 1066 mirum
644 1009 714 1062 dc
743 1001 1232 1062 consubstantiali
1261 1006 1320 1055 et
1337 998 1527 1053 tribus
1554 987 1987 1066 hypostatibus.

485 1103 564 1154 t7.
599 1098 746 1163 Quid
773 1097 832 1149 in
858 1095 950 1148 his
979 1089 1396 1148 controversiis
1417 1084 1634 1158 Cyrillo
1657 1073 2061 1173 animi

405 1206 622 1262 quasve
659 1193 857 1258 partes
890 1189 1131 1239 secutus
1166 1181 1264 1244 sit,
1299 1178 1560 1251 pretium
1593 1187 1786 1262 operm
1819 1171 1908 1222 est
1928 1163 2064 1262 dili-

405 1279 639 1352 gentius
673 1276 996 1347 inquirere.
1029 1273 1177 1328 Hinc
1212 1269 1372 1325 enim
1402 1263 1637 1336 scriptis
1656 1261 1787 1352 ejus
1808 1271 1930 1312 non
1951 1261 2066 1308 mi—

407 1351 572 1424 nima
603 1369 700 1421 lux
740 1363 1074 1436 atl'ulgebit,
1106 1367 1165 1417 et
1200 1355 1540 1432 probabiles
1589 1352 1660 1407 de
1693 1351 1825 1420 ejus
1855 1357 2064 1401 conse-

407 1458 727 1530 quentibus
745 1453 1112 1526 tempnribns
1126 1448 1441 1505 sententiis
1472 1450 1532 1500 et
1557 1441 1747 1530 uestis
1764 1437 2066 1530 conjectu-

409 1521 488 1603 ra!
507 1521 972 1601 ducentur.Tum
992 1542 1064 1597 de
1083 1539 1430 1595 Eusebianm
1448 1533 1636 1607 partis
1657 1529 1832 1596 dolis,
1847 1533 1974 1580 tum
1996 1521 2068 1577 de

413 1635 752 1692 Athaniasae
791 1629 1238 1702 causmjustitia
1267 1642 1389 1682 non
1413 1623 1557 1679 satis
1575 1621 1840 1678 edoctus,
1874 1611 2069 1669 neutri

412 1727 566 1798 parti
603 1741 780 1796 quam
814 1721 984 1778 alteri
1019 1718 1330 1783 abdictior,
1359 1721 1419 1771 et
1447 1715 1510 1769 in
1541 1717 1792 1781 utraque
1821 1702 2069 1762 fraterni

410 1816 530 1871 odii
565 1822 623 1870 et
668 1815 804 1868 fotae
857 1812 1136 1866 hareseos
1193 1804 1592 1877 suspicionem
1623 1799 1927 1854 adhaerere
1973 1808 2074 1848 ex-
2102 1810 2151 1878 Β

415 1904 714 1962 istimans,
741 1899 992 1972 jubebat
1022 1896 1324 1952 auditores
1380 1909 1447 1948 eo
1509 1886 1788 1946 seandalo
1819 1882 2068 1938 minime

418 1990 777 2064 perturbari,
813 1990 937 2044 haec
957 1989 1014 2042 in
1039 1991 1413 2042 antecessum
1436 1997 1470 2037 a
1499 1979 1751 2043 Christo,
1785 1981 2068 2064 tanquam

419 2061 674 2153 proximi
724 2077 1070 2133 Antichristi
1130 2073 1416 2130 adventus
1449 2071 1620 2143 signa
1671 2061 2072 2140 praenuntiata

417 2171 599 2226 fuisse
631 2185 902 2223 monens.
936 2167 1028 2220 Sic
1060 2164 1217 2220 enim
1251 2161 1518 2233 loquitur
1545 2163 1658 2214 cat.
1695 2158 1780 2210 15.
1814 2169 1980 2208 num.
2005 2154 2066 2205 '7:

411 2262 472 2314 Si
502 2259 746 2312 audieris
775 2256 924 2326 quod
954 2255 1202 2326 episcopi
1231 2253 1520 2307 adversum
1551 2248 1853 2318 episcopos,
1880 2248 1933 2296 et
1963 2238 2068 2295 cleo

405 2351 510 2404 rici
553 2355 746 2403 contra
778 2347 1024 2408 clericos,
1057 2350 1110 2398 et
1149 2341 1351 2413 populi
1383 2357 1441 2393 ιη
1467 2336 1708 2409 populos
1739 2334 1812 2387 ad
1839 2329 2068 2400 sangui-

409 2456 527 2492 nem
541 2454 710 2507 usque
725 2442 1074 2506 grassantur,
1089 2448 1157 2486 ne
1176 2429 1518 2501 perturberis
1544 2444 1557 2492 ;
1571 2421 1904 2496 praedictum
1930 2420 2073 2474 enim

409 2535 536 2583 ante
566 2529 696 2594 fuit.
733 2525 994 2580 Inferius
1018 2539 1054 2578 :-
1083 2523 1144 2578 Si
1199 2519 1263 2575 in
1311 2515 1573 2590 apostolis
1629 2510 1968 2584 deprehensa
1996 2513 2076 2562 est

402 2618 679 2691 proditio,
717 2621 950 2672 miraris
1003 2616 1052 2669 si
1099 2615 1159 2668 in
1191 2611 1708 2682 episcopis'quoque
1763 2607 2076 2691 fraternum

415 2689 603 2764 odium
623 2709 954 2776 reperiatur.
984 2705 1177 2758 Monet
1199 2717 1273 2756 ne
1298 2698 1718 2771 magistrorum
1737 2689 2076 2762 exemplum

416 2805 474 2854 et
504 2797 920 2852 auctoritatem
946 2811 1013 2849 ea
1035 2794 1094 2848 in
1123 2809 1186 2848 re
1218 2794 1586 2861 sequantur;
1618 2784 1777 2858 quod
1807 2783 1878 2840 ad
1912 2797 1974 2837 se
1996 2781 2080 2851 ip-

416 2903 548 2944 sum
581 2887 761 2940 etiam
821 2885 866 2939 si
891 2880 1344 2938 similial‘aceret
1373 2875 1659 2934 extendit.
1693 2875 1877 2944 Neque
1910 2874 2080 2926 etiam

416 2978 467 3030 si
498 2992 596 3045 ego
627 2977 726 3045 qui
758 2982 810 3029 te
838 2975 1004 3028 doceo
1027 2987 1274 3042 peream.
1329 2975 1388 3024 tu
1437 2982 1646 3022 mecum
1687 2980 1802 3019 una
1845 2972 2082 3032 pereas;

411 3069 506 3134 fas
529 3065 688 3117 enim
721 3070 796 3117 est
821 3063 1132 3117 auditorem
1152 3061 1420 3130 magistro
1438 3055 1718 3110 meliorem
1745 3053 1889 3122 ﬁeri.
1923 3046 2083 3103 Schi-

425 3159 615 3208 smata
645 3153 769 3207 haec
801 3150 1162 3222 populorum
1195 3153 1253 3203 et
1281 3145 1680 3202 Ecclesiarum
1711 3143 1784 3198 ab
1815 3139 1993 3195 variis
2022 3139 2082 3192 et

420 3242 738 3298 contrariis
793 3238 1122 3296 haeresibus
1171 3253 1317 3310 quas
1347 3235 1584 3306 utrique
1613 3233 1900 3297 foverent,
1939 3233 2082 3284 nata

431 3330 828 3386 existimabat.
857 3331 980 3386 Cat.
1010 3333 1096 3395 17,
1125 3344 1288 3382 num.
1321 3328 1406 3390 33,
1432 3337 1910 3381 commemorans
1932 3316 2080 3374 illud

426 3421 614 3477 sancti
648 3421 900 3491 Spiritus
930 3417 1299 3484 vaticinium,
1327 3415 1476 3487 quod
1506 3417 1566 3470 in
1608 3412 1915 3468 novissimis
1946 3415 2084 3464 tem-

417 3511 650 3582 poribus
672 3509 950 3565 discedent
968 3508 1188 3579 quidem
1209 3524 1244 3562 a
1263 3507 1370 3575 ﬁde
1392 3504 1435 3566 9,
1470 3504 1531 3559 id
1561 3503 1784 3559 factum
1812 3499 2084 3556 observat

421 3617 542 3656 non
567 3599 627 3653 in
655 3597 1150 3654 antecedentibus
1178 3595 1373 3652 solum
1397 3591 1788 3666 temporibus,
1815 3589 1918 3645 sed
1940 3593 2000 3643 et
2018 3588 2080 3643 in

417 3689 814 3762 prtescntibus
831 3686 1169 3744 schismatis
1186 3685 1393 3750 videri,
1411 3700 1545 3739 cum
1564 3683 1830 3738 diversus
1849 3685 1908 3735 et
1925 3677 2081 3734 mul-

417 3780 491 3834 tis
517 3779 708 3834 modis
728 3779 922 3834 varius
949 3782 1105 3832 esset
1129 3774 1545 3831 haereticorum
1576 3788 1761 3828 error.
1795 3771 1916 3826 Cat.
1941 3784 2078 3824 vero

418 3871 504 3928 15.
537 3886 596 3924 n.
629 3871 682 3934 9,
716 3867 1059 3940 generalem
1089 3883 1126 3922 a
1156 3865 1272 3922 fide
1302 3863 1721 3924 defectionem,
1754 3861 1872 3916 sive
1903 3874 2076 3929 apos-

417 3957 648 4016 tasiam.
677 3973 857 4027 quam
883 3957 1103 4011 Paulus
1135 3954 1475 4010 Antichristi
1500 3951 1777 4008 adventui
1798 3947 2076 4021 prazviam

415 4046 490 4102 oli
505 4063 558 4099 m
578 4052 923 4100 eventuram
949 4044 1119 4110 dixit,
1135 4043 1263 4114 jam
1277 4042 1488 4097 adesse
1504 4046 1725 4096 monet.
1751 4041 1903 4094 Nunc
1924 4054 2074 4107 vero,

415 4134 630 4206 inquit,
661 4135 900 4203 defectio
919 4139 1026 4187 est:
1076 4131 1392 4198 defecerunt
1423 4131 1565 4185 enim
1598 4130 1843 4184 homines
1864 4146 1898 4183 a
1925 4134 2077 4185 recta

411 4226 538 4294 ﬁde.
586 4229 654 4279 I't
704 4226 808 4279 alii
847 4225 1066 4294 quidem
1119 4224 1262 4278 Filio
1314 4224 1712 4293 paternitatem
1738 4220 2070 4292 praedicant,

423 4317 525 4370 alii
553 4333 678 4370 vero
711 4317 986 4372 Christum
1018 4331 1087 4369 ea:
1124 4329 1237 4368 non
1283 4313 1602 4368 extantibus
1633 4314 1708 4368 ad
1737 4328 1846 4367 esse
1867 4313 2073 4382 perdu-

411 4413 556 4460 ctum
587 4406 767 4460 dicere
798 4404 1020 4460 audent.
1054 4406 1124 4458 Et
1160 4405 1318 4474 prius
1350 4402 1570 4472 quidem
1599 4404 1884 4472 conspicui
1912 4408 2070 4458 erant

411 4495 675 4554 haeretici.
709 4512 856 4550 nunc
886 4501 1071 4550 autem
1102 4495 1252 4548 tectis
1276 4493 1550 4550 haereticis
1576 4493 1741 4563 plena
1768 4498 1844 4548 est
1878 4491 2068 4548 Eccle-

408 4584 512 4638 sia.
546 4585 709 4650 Quod
746 4590 930 4640 tectos
973 4585 1120 4655 [ΧΠ]
1155 4588 1214 4637 et
1261 4583 1323 4638 in
1355 4556 1620 4638 Ecclesia
1661 4582 1916 4638 latentes
1964 4584 2067 4652 ait,
2100 4556 2147 4622 D

410 4690 558 4744 quos
593 4690 771 4746 supra
802 4673 1292 4729 commemoravit
1332 4671 1677 4739 haereticos;
1718 4677 2066 4744 argumento

409 4768 500 4816 est
521 4780 654 4818 eum
687 4763 758 4817 de
791 4762 1075 4834 professis
1115 4766 1173 4817 et
1201 4760 1459 4833 publicis
1487 4759 1864 4828 Sabellianis,
1895 4761 2064 4818 Aria-

405 4853 570 4906 nisve
603 4869 722 4908 non
757 4851 940 4922 loqui,
959 4849 1064 4905 sed
1088 4849 1160 4904 de
1179 4849 1493 4905 contrariis
1514 4850 1984 4906 Eusebianorum
2009 4855 2068 4906 et

409 4941 652 4997 diversa)
667 4942 852 5013 partis
867 4941 1280 5012 episcoporum
1303 4939 1678 4995 factionibus.
1695 4941 1838 4996 Nam
1863 4941 2063 4996 Ariani

409 5032 682 5086 hmresim
718 5031 912 5102 palam
940 5035 1218 5101 etaperte
1240 5029 1610 5102 profitentes,
1641 5035 2066 5102 separatosque

410 5123 481 5178 ab
523 5123 789 5177 Ecelesia
820 5127 1144 5176 conventus
1171 5127 1442 5178 tenentes
1472 5137 1541 5177 eo
1572 5127 1837 5194 tempore
1869 5121 2064 5194 pauci.

413 5212 760 5282 Nica'nique
793 5210 1029 5265 concilii
1063 5211 1444 5267 anathemate
1474 5209 1547 5266 ab
1572 5211 1836 5267 Ecclesia
1867 5211 2064 5283 ejecti,

407 5301 703 5356 occultum
729 5299 1037 5372 licetapud
1055 5299 1421 5356 Eusebianos
1437 5301 1830 5372 patrocinium
1847 5301 2066 5372 reperi.

399 5397 552 5448 rent.
571 5390 644 5445 ab
678 5389 1169 5445 omnibustamen
1193 5390 1760 5461 derelictiexosique
1787 5389 2064 5445 videban-

399 5483 517 5537 tur.
551 5470 913 5537 Eusebianos
941 5481 1122 5554 igitur
1157 5480 1256 5537 hic
1304 5479 1464 5538 solos
1513 5485 1704 5550 notat,
1735 5480 1840 5552 qui
1870 5479 2064 5537 adhuc

479 5680 734 5739 'ILim.
765 5696 840 5753 iv,
874 5683 924 5739 1.

2167 547 2282 600 que
2313 548 2383 587 ea
2403 538 2576 588 aetate
2600 534 2688 589 vel
2711 535 2911 590 nullos
2935 535 3178 591 omnino
3197 535 3288 591 vel
3311 553 3532 609 paucos
3558 537 3843 592 novimus

2168 621 2266 690 qui
2301 622 2590 694 privatam
2627 630 2846 680 sectam
2881 627 3322 682 constituerent
3351 626 3424 682 ab
3445 627 3720 682 Ecclesia
3749 625 3845 682 di-

2168 711 2372 767 visam.
2397 712 2759 786 Sabelliique
2793 717 3038 771 nomine
3070 716 3488 789 gloriarentur.
3530 719 3656 772 Non
3689 717 3845 774 alios

2169 817 2308 873 erga
2331 802 2475 857 Filio
2500 805 2920 874 paternitatem
2945 806 3004 860 in
3030 806 3294 862 Ecclesia
3315 806 3640 878 praedicare
3665 806 3841 874 dicit,

2173 908 2350 962 quam
2365 893 2450 946 vel
2473 894 2812 949 Marcellum
2831 900 2889 949 et
2913 896 3230 951 Pliotinum
3253 902 3448 951 certos
3469 894 3675 967 Cyrilli
3699 911 3840 951 sen-

2171 982 2356 1036 tentia
2378 981 2719 1048 hiereticos;
2741 984 2843 1038 sed
2863 1001 3115 1054 quorum
3137 985 3287 1040 alter
3305 1001 3340 1040 a
3356 985 3675 1040 Catholicis
3697 1002 3832 1040 sus-

2177 1070 2537 1138 tentabatur,
2572 1072 2746 1139 alter,
2781 1073 3120 1130 Sirmiensis
3151 1075 3469 1146 episcopus
3500 1073 3576 1130 ad
3607 1091 3841 1131 annum

2174 1175 2364 1230 usque
2395 1162 2489 1214 351
2520 1162 2778 1228 mansit;
2813 1163 2902 1218 vel
2936 1164 3172 1219 tandem
3207 1170 3389 1220 totam
3421 1165 3838 1236 oppositorum

2172 1250 2524 1306 Eusebianis
2537 1253 3407 1324 episcoporum,etconsubstan
3417 1255 3728 1311 tialitatem
3744 1253 3843 1311 ad-

2172 1356 2380 1395 versus
2393 1357 2498 1396 eos
2511 1344 3013 1416 propugnantium
3033 1344 3289 1400 turbam.
3319 1347 3698 1401 Postremum
3727 1345 3840 1401 hoc

2179 1431 2413 1487 suaderi
2441 1439 2638 1504 potest
2653 1450 2722 1489 eo
2747 1435 3076 1491 catechesis
3105 1440 3184 1500 11,
3208 1453 3267 1492 n.
3297 1441 3382 1505 l7,
3408 1437 3536 1493 loco
3560 1437 3662 1492 ubi
3689 1437 3838 1493 duas

2179 1523 2482 1593 oppositas
2540 1522 3013 1581 Sabellianorum
3060 1531 3120 1581 et
3164 1527 3518 1583 Arianorum
3577 1527 3842 1583 haereses

2179 1611 2480 1682 rejiciens,
2515 1613 2586 1668 de
2626 1614 2819 1685 prima
2847 1616 2966 1670 ait:
3015 1617 3154 1672 Deus
3210 1634 3369 1674 verus
3397 1626 3475 1674 est
3505 1618 3707 1682 Filius,
3741 1617 3840 1672 ha-

2181 1700 2304 1757 bens
2338 1702 2397 1756 in
2427 1718 2480 1757 se
2509 1705 2628 1772 ipso
2671 1705 2914 1768 Patrem,
2949 1722 3056 1760 non
3086 1709 3143 1760 in
3177 1709 3397 1762 Patrem
3441 1714 3711 1776 mutatus,
3743 1723 3840 1763 nec

2179 1792 2328 1844 enim
2349 1791 2515 1845 Pater
2543 1790 2814 1846 hominem
2837 1793 3039 1858 induit,
3075 1795 3182 1851 Sed
3209 1795 3413 1862 Filius;
3447 1798 3672 1852 dicatur
3698 1799 3839 1853 enim

2181 1879 2353 1936 libere
2367 1882 2586 1935 veritas.
2607 1881 2772 1946 Quod
2795 1884 2891 1938 hic
2915 1901 2976 1940 se
2999 1883 3322 1940 formidare
3343 1885 3720 1942 Sabellianos
3741 1902 3840 1942 ne-

2177 1969 2326 2041 gat?
2347 1969 2540 2024 Ulline
2571 1969 2680 2024 sub
2711 1970 3061 2027 Constantio
3081 1973 3302 2045 Cyrillo
3335 1973 3585 2029 timendi
3618 1972 3788 2030 fuere
3811 1972 3838 2028 ‘l

2179 2062 2269 2114 An
2301 2059 2640 2114 Marcellum
2663 2063 3018 2132 Ancyratem
3045 2062 3237 2118 solum
3263 2069 3321 2118 et
3351 2079 3640 2136 sequaces
3666 2061 3840 2120 intelo

2178 2147 2347 2220 ligit?
2367 2164 2475 2202 nec
2490 2148 2529 2202 ii
2552 2148 2739 2221 magis
2760 2149 3186 2206 formidabiles.
3211 2153 3504 2208 Praeterea
3524 2152 3703 2208 tectis
3723 2152 3837 2207 hm-

2178 2238 2380 2294 reticis
2410 2238 2501 2294 vel
2526 2238 2740 2294 Filium
2772 2246 3107 2297 creaturam
3155 2241 3530 2309 docentibus,
3565 2242 3660 2298 vel
3695 2241 3838 2298 Filio

2180 2329 2599 2400 paternitatem
2631 2328 3095 2400 prmdicantibus
3118 2330 3360 2403 plenam
3385 2332 3716 2388 Ecclesiam
3741 2332 3840 2387 ait.

2182 2419 2358 2490 Atqui
2391 2417 2753 2474 Marcelliani
2799 2419 3123 2476 Ecclesiam
3170 2438 3292 2477 non
3341 2421 3676 2494 replebant.
3729 2420 3840 2477 nisi

2184 2523 2286 2564 eos
2317 2523 2352 2563 a
2398 2507 2613 2578 quibus
2663 2507 3059 2580 adjuvabatur
3090 2516 3144 2565 et
3193 2511 3644 2568 sustentabatur
3693 2512 3838 2566 Mar-

2185 2597 2393 2658 cellus.
2427 2613 2547 2653 una
2565 2599 2969 2668 conjunxeris.
2999 2600 3200 2656 Palam
3224 2601 3404 2674 igitur
3420 2608 3510 2657 est
3532 2618 3673 2657 eum
3705 2617 3842 2656 con-

2185 2687 2597 2744 substantialis
2621 2687 2985 2754 defensores,
3015 2708 3270 2762 quorum
3298 2709 3586 2748 numerus
3619 2699 3685 2748 et
3707 2707 3839 2748 auc-

2188 2777 2396 2832 toritas
2425 2782 2552 2833 erat
2581 2794 2814 2848 magna,
2847 2780 3165 2851 respicere.

2263 2869 2350 2923 18.
2383 2867 2468 2922 Ad
2491 2883 2623 2923 eam
2645 2867 2998 2924 Sabellianaa
3020 2869 3286 2938 hmresis,
3309 2887 3487 2942 quam
3511 2872 3573 2927 in
3593 2871 3724 2928 illis
3753 2869 3838 2926 vel

2189 2955 2253 3011 in
2281 2955 2483 3026 aliqua
2495 2973 2696 3011 eorum
2713 2963 2880 3028 parte
2905 2959 3732 3030 suspicabatur,formidinem
3751 2975 3839 3016 re-

2190 3063 2354 3113 voco,
2387 3047 2544 3118 quod
2568 3047 3098 3104 consubstantialis
3129 3067 3271 3106 voce
3313 3068 3434 3107 non
3466 3057 3556 3108 est
3585 3053 3646 3108 in
3687 3057 3841 3109 cate-

2192 3136 2470 3192 chesibus
2487 3153 2651 3200 usus,
2678 3153 3020 3209 quanquam
3045 3155 3176 3194 eam
3199 3140 3410 3196 nullibi
3434 3139 3838 3214 reprehendit.

2195 3229 2478 3286 Similiter
2498 3245 2608 3284 nec
2633 3230 2813 3285 unius
2835 3246 2944 3286 nec
2967 3231 3147 3287 trium
3171 3231 3568 3304 bypostaseon
3591 3234 3840 3290 mentio-

2190 3338 2329 3377 nem
2351 3321 2413 3376 in
2439 3320 2791 3392 explicanda
2805 3321 3090 3378 Trinitate
3112 3323 3354 3380 adhibet
3384 3347 3397 3392 ς
3421 3325 3592 3398 quasi
3611 3331 3838 3382 utrum-

2188 3429 2304 3482 que
2318 3427 2497 3483 prava
2509 3411 2802 3468 utentium
2819 3412 3312 3484 interpretatione
3326 3421 3672 3488 suspectum
3683 3418 3839 3472 .Nam

2187 3499 2488 3572 incognita
2501 3498 2718 3571 Cyrillo
2736 3498 3080 3571 fuissequae
3098 3502 3254 3558 circa
3272 3503 3840 3560 consubstantialem

2187 3595 2245 3643 et
2273 3595 2393 3644 tres
2416 3589 2766 3661 hypostases
2786 3588 3114 3646 Ecclesiam
3142 3591 3580 3648 conturbabant
3595 3591 3840 3650 dissidia

2183 3676 2482 3732 versimile
2511 3692 2633 3732 non
2671 3693 2825 3732 reor.
2870 3676 3036 3742 Quod
3093 3684 3293 3734 autem
3344 3678 3408 3734 in
3439 3678 3673 3736 duabus
3720 3677 3835 3734 illis

2183 3765 2676 3832 Eusebianorum,
2708 3771 2768 3821 et
2797 3765 3042 3822 diversa:
3068 3768 3250 3839 partis
3281 3769 3700 3842 episcoporum
3722 3769 3835 3824 fac-

2184 3855 2694 3926 tionibus.utipse
2715 3855 3018 3924 censebat,
3063 3863 3122 3912 et
3161 3857 3489 3912 fraternum
3525 3857 3754 3924 odium,
3785 3859 3840 3912 et

2183 3944 2425 4000 haeresis
2457 3944 2858 4015 suspicionem
2908 3945 3135 4002 hmrere
3167 3947 3566 4014 existimavit;
3601 3964 3724 4004 non
3775 3944 3832 4001 id

2182 4051 2318 4090 eum
2351 4033 2424 4088 de
2457 4033 2736 4089 omnibus
2767 4040 2826 4089 et
2871 4034 3122 4106 singulis
3153 4037 3254 4107 qui
3282 4053 3380 4092 eas
3411 4043 3611 4109 partes
3646 4041 3831 4093 secta-

2180 4124 2419 4190 bantur,
2441 4123 2736 4195 episcopis
2767 4123 3028 4179 sensisse
3060 4125 3444 4196 crediderint,
3478 4126 3582 4182 sed
3605 4133 3832 4183 tantum

2179 4215 2250 4270 de
2279 4213 2528 4269 ducibus
2561 4217 2618 4268 et
2658 4213 3046 4286 principibus.
3089 4215 3368 4280 Quamvis
3397 4217 3557 4272 enim
3584 4215 3829 4273 occultis

2178 4303 2476 4360 bmreticis
2501 4303 2789 4375 repletam
2813 4303 3136 4360 Ecclesiam
3161 4305 3322 4362 dicat
3337 4312 3450 4362 cat.
3477 4309 3564 4370 15,
3587 4322 3735 4362 num
3775 4305 3825 4358 9.

2177 4394 2489 4450 observare
2522 4399 2720 4448 tamen
2751 4409 2860 4448 nos
2879 4391 3055 4465 jubet
3101 4401 3212 4451 cat.
3254 4398 3337 4460 l6,
3373 4413 3536 4452 num.
3569 4398 3659 4461 22,
3711 4407 3827 4451 non

2179 4484 2335 4556 apud
2367 4489 2598 4539 exteras
2645 4487 2872 4537 tantum
2915 4483 3210 4553 nationes,
3243 4485 3345 4541 sed
3386 4492 3446 4541 et
3473 4487 3534 4541 in
3563 4487 3829 4542 Romano

2177 4573 2428 4646 imperio
2451 4589 2569 4644 qua
2586 4571 2701 4627 late
2715 4577 2896 4643 patet,
2929 4573 3259 4646 episcopos,
3287 4575 3689 4648 presbyteros,
3709 4574 3831 4630 dia-

2179 4680 2382 4726 conos,
2414 4669 2550 4724 etc.,
2583 4679 2618 4717 a
2647 4661 2868 4732 Spiritu
2899 4670 3105 4718 sancto
3137 4664 3612 4721 variisvirtutnm
3637 4673 3696 4721 et
3717 4663 3826 4719 do-

2175 4769 2391 4810 norum
2423 4751 2770 4808 muneribus
2801 4751 3018 4808 dilatos
3042 4770 3056 4819 ;
3081 4759 3272 4810 etcat.
3306 4757 3388 4820 18,
3415 4773 3580 4812 num.
3601 4759 3693 4820 27,
3725 4755 3828 4811 ﬂo-

2175 4849 2407 4900 rentem
2421 4841 3013 4914 postpersecutioncs
3029 4843 3306 4899 Ecclesiae
3329 4851 3548 4901 statum
3567 4843 3830 4918 depingit

2176 4936 2444 5006 Autergo
2483 4931 2703 4986 multos
2721 4930 3078 4988 existimavit
3099 4934 3294 4990 nullas
3318 4935 3379 4989 in
3423 4936 3744 4993 schismate
3773 4936 3830 4988 et

2175 5023 2388 5080 haeresi
2408 5021 2576 5094 [XIII]
2609 5029 2808 5092 partes
2832 5021 3068 5082 habere.
3087 5040 3337 5096 seseque
3361 5025 3420 5080 in
3445 5026 3566 5082 illis
3589 5031 3828 5082 conten-

2176 5113 2438 5170 tionibus
2467 5110 2700 5166 medios
2722 5111 2987 5169 tenuisse
3012 5129 3025 5179 ;
3059 5118 3162 5168 aut
3190 5114 3413 5170 multos
3444 5115 3626 5172 etiam
3652 5117 3713 5172 in
3741 5113 3825 5170 di-

2175 5204 2360 5260 versis
2383 5201 2652 5276 partibus
2669 5217 2802 5255 vere
2821 5203 3156 5259 Catholicos
3172 5212 3233 5260 et
3254 5206 3384 5276 pios
3407 5206 3823 5264 arbitrabatur.

2175 5297 2344 5351 Certe
2367 5309 2502 5349 cum
2535 5290 2734 5346 occulti
2765 5297 2994 5348 tantum
3055 5293 3094 5348 ii
3129 5301 3332 5350 essent
3361 5296 3634 5365 hxretici,
3666 5302 3823 5353 exte-

2175 5385 2396 5440 riorem
2407 5397 2543 5438 cum
2562 5381 2828 5452 utrisque
2841 5382 3119 5438 Ecclesia:
3141 5385 3485 5442 societatem
3510 5385 3821 5442 retinebat.

2247 5479 2336 5532 19.
2370 5475 2828 5544 Peroptaremus
2863 5489 3006 5530 sane
3049 5478 3116 5528 ut
3145 5473 3456 5533 Athanasii
3489 5483 3548 5534 et
3576 5476 3821 5550 conjun'
