2026 3195
124 191 162 220 45
827 182 1091 218 DISSERTATIO
1112 189 1137 219 Ι.
1798 194 1838 224 46

124 263 241 286 ctorum
258 256 356 284 eidem
380 256 599 292 episcoporum,
617 254 667 290 qui
691 263 721 282 se
738 262 789 290 pro
806 252 953 282 catholica
967 252 994 285 Α
1013 262 1096 284 conc.
1122 256 1253 294 Philipp.
1283 258 1362 295 apud
1391 258 1448 287 Hi1.
1479 258 1583 296 fragm.
1601 259 1627 294 3,
1644 267 1674 287 n.
1692 259 1737 293 23,
1759 260 1838 296 apud

124 304 177 332 ﬂde
192 303 306 330 tuenda
321 301 487 329 discrimini
504 301 622 334 dedere,
639 308 759 328 causam
774 300 868 336 magis
881 308 948 336 per-

127 353 270 386 spectam;
288 347 584 382 Eusebianorumque
603 345 697 379 dolos,
719 345 839 373 fraudes
856 349 886 373 et
901 353 951 373 ca-

128 395 249 422 lumnias
266 393 429 429 perfectius
446 400 480 419 ac
502 392 621 428 penitus
648 391 880 427 comprehensas
897 391 951 418 ha—

126 440 254 472 buisset;
272 447 329 465 nec
347 440 498 473 utrosque,
523 440 551 464 et
566 436 797 464 calumniatores
810 435 949 463 Ecclesiae

125 485 207 512 ﬁdem
224 487 444 520 oppugnantes,
470 485 498 510 et
519 482 698 510 calumniam
720 490 823 517 passos
840 484 949 509 sancta)

122 530 271 557 Trinitatis
286 529 471 562 defensores,
484 536 543 555 uno
556 527 658 555 ordine
671 530 699 554 et
709 527 774 554 loco
785 527 947 555 habuisset.

120 575 180 602 Non
192 574 288 602 multo
299 577 440 609 posteum
451 573 486 601 ab
496 581 594 600 errore
605 572 762 600 liberatum
772 572 947 600 videbimus.

119 620 238 647 Interim
257 619 353 646 multa
378 618 415 646 ad
444 617 639 645 sublevandas
664 618 728 653 ejus
751 617 947 653 suspiciones,

115 665 324 701 judiciumque
334 664 536 692 excusandum
548 672 608 690 non
619 663 737 691 desunt.
748 663 949 695 Primum,nec

118 709 187 736 illud
204 718 278 736 sane
295 717 404 744 parum
429 711 482 741 est,
512 707 591 743 quod
620 716 687 735 cum
717 707 816 735 czeteri
841 707 902 734 fere
918 707 948 734 in

118 755 233 782 Oriente
253 758 283 781 et
297 754 395 790 Syria,
412 753 647 781 Eusebianorum
664 753 695 780 in
712 752 909 780 Athanasium
921 756 950 780 et

121 799 210 826 socios
220 798 388 826 calumniis
400 799 811 834 suffragarentur,eorumque
828 805 948 825 causam

120 843 313 879 adjuvarent;
333 843 459 878 Cyrillus
475 843 506 870 in
530 843 572 870 eis
598 845 627 870 et
648 842 814 870 fraternum
836 842 948 872 odium.

119 891 144 915 et
158 889 344 924 gravissimae
363 887 483 915 haeresis
509 887 719 923 patrocinium.
737 890 765 914 et
781 887 948 922 suspicatus

119 933 152 960 sit
167 936 194 960 et
209 933 458 969 deprehenderit.
485 933 641 960 Eusebiani
663 933 717 960 sub
743 932 899 978 catholicis
915 932 945 959 in
961 945 984 978 Β

118 979 241 1013 speciem
260 977 499 1014 professionibus
515 977 728 1005 delitescebant
740 987 746 1010 ;
759 986 825 1014 qua:
841 977 877 1005 ad
894 985 942 1004 ex-

117 1024 305 1060 pugnandam
323 1023 463 1050 haeresim
480 1031 583 1050 revera
607 1023 809 1056 invalidiores,
826 1025 855 1050 et
872 1022 944 1058 ipsa;

118 1068 150 1095 ad
166 1069 305 1096 haeresim
323 1069 348 1095 si
366 1068 432 1103 quis
449 1068 536 1095 vellet
549 1076 609 1095 non
626 1076 701 1104 mgre
718 1067 883 1098 flectendas,
897 1067 943 1094 ni-

118 1113 155 1140 hil
171 1116 271 1140 tamen
288 1113 349 1140 nisi
362 1121 464 1140 rerum
480 1112 697 1140 etcatholicum
709 1112 873 1146 sonabant;
888 1120 944 1139 nec

117 1158 248 1186 hzeresim
264 1158 367 1194 palam
384 1166 528 1193 aperuere
543 1158 600 1185 nisi
625 1160 693 1194 post
707 1157 821 1193 aliquot
835 1165 942 1190 annos,

117 1203 171 1230 sive
194 1203 223 1230 in
246 1203 466 1230 Mediolanensi
483 1203 607 1230 concilio
623 1211 671 1230 an.
691 1203 753 1235 353,
771 1202 830 1229 sive
846 1202 943 1238 potius

117 1247 146 1275 in
155 1248 308 1275 Sirmiensi
321 1249 439 1275 an.337.
452 1248 617 1275 Catholicos
628 1256 688 1275 non
700 1248 811 1275 directe
824 1249 944 1283 propter

119 1293 296 1321 divinitatem
313 1294 426 1321 Christi
444 1298 668 1330 propugnatam,
685 1294 736 1321 sed
757 1296 808 1321 aut
823 1301 942 1321 accusa-

120 1339 242 1366 tionibus
254 1340 345 1366 variis
357 1339 395 1366 ad
408 1348 505 1367 mores
517 1339 729 1375 spectantibus.
743 1342 794 1366 aut
805 1338 943 1374 imposita

115 1383 295 1411 Sabellismit
306 1385 498 1412 riminatione
508 1384 727 1421 oppugnabant.
737 1384 842 1411 Multos
852 1383 940 1411 etiam

117 1437 131 1455 θ
145 1430 253 1456 sanctis
268 1429 438 1465 episcopos,
456 1429 594 1457 simulato
611 1429 781 1457 orthodoxaa
798 1429 940 1456 doctrinm

118 1477 163 1500 aut
174 1474 244 1501 recti
257 1473 374 1501 ordinis
386 1474 495 1508 studio,
507 1474 536 1502 in
548 1483 615 1502 suas
626 1478 725 1510 partes
736 1476 943 1510 pertraxerant

119 1518 248 1546 dolorum
265 1524 295 1546 et
307 1519 422 1546 fraudis
438 1519 565 1555 ignaros.
582 1523 615 1547 ut
632 1520 721 1547 etiam
737 1519 941 1547 confessorem

118 1563 142 1589 S.
159 1564 319 1590 Maximum
348 1564 647 1599 Hierosolymitanum
673 1565 862 1599 episcopum;
880 1572 940 1591 non

117 1608 191 1634 enim
210 1616 317 1635 omnes
330 1609 380 1644 qui
397 1608 512 1636 Arianis
537 1609 596 1637 illis
612 1609 747 1637 conciliis
762 1610 936 1640 intererant.

115 1652 224 1680 fraudis
242 1654 411 1689 principum
436 1656 465 1681 et
489 1654 625 1681 factionis
639 1654 721 1682 socii.
739 1653 822 1682 Haud
839 1657 938 1682 tamen

116 1705 145 1724 se
160 1700 188 1724 et
203 1698 438 1737 Eusebianorum
457 1699 581 1731 artibus,
609 1702 638 1726 et
659 1699 848 1734 imperatoris
864 1699 941 1727 hanc

117 1750 234 1769 causam
251 1743 447 1770 sustentantis
462 1744 636 1771 auctoritate
653 1744 762 1772 moveri
775 1752 881 1780 passus
897 1746 942 1771 est

117 1786 252 1821 Cyrillus.
270 1791 303 1814 ut
317 1796 415 1815 eorum
429 1796 459 1815 se
474 1788 606 1816 societati
624 1792 652 1816 et
668 1797 764 1817 causae
779 1788 940 1821 addiceret;

119 1831 170 1858 sed
180 1832 210 1859 in
224 1832 266 1859 eis
278 1833 398 1859 hmresis
410 1833 524 1860 Arianae
536 1834 731 1869 patrocinium
742 1833 940 1861 subodoratus

120 1879 172 1907 est.
190 1880 218 1903 et
234 1877 387 1905 inimicum
405 1878 434 1905 in
451 1878 556 1905 fratres
572 1879 705 1906 animum
722 1879 940 1906 exhorruit.Se-

121 1921 226 1950 cando.
243 1923 321 1957 quod
348 1923 377 1949 in
406 1925 535 1951 adversas
565 1924 657 1959 partis
673 1924 820 1959 episcopis
838 1924 941 1952 eadem

121 1971 257 2001 suspecta
272 1967 383 1997 habuit.
401 1967 430 1994 id
452 1971 617 2003 temporum
638 1969 808 1996 confusioni
825 1972 854 1996 et
869 1969 944 1997 cala-

120 2012 214 2038 mitati
241 2012 440 2040 tribuendum.
462 2013 532 2040 Tam
554 2016 669 2041 atroces
691 2013 722 2040 in
752 2021 802 2041 eos
818 2016 847 2041 et
863 2016 944 2041 tanta

121 2055 228 2083 ﬁducia
242 2057 358 2091 jactatze
376 2057 585 2093 ingerebantur
596 2058 763 2091 calumnim,
776 2061 808 2085 ut
824 2067 944 2093 prorsus

120 2100 295 2128 innocentes
305 2109 353 2128 eos
365 2102 500 2129 arbitrari
513 2102 633 2130 difﬁcile
645 2102 944 2130 videreturNondum

120 2149 204 2173 erant
219 2146 306 2173 editas
323 2146 436 2173 eximiae
462 2146 521 2173 illae
546 2146 582 2174 ab
610 2147 772 2174 Athanasio
789 2148 943 2183 apologire,

120 2191 295 2218 Arianorum
307 2191 447 2223 historiae.
459 2191 608 2219 orationes
620 2195 724 2219 contra
735 2192 825 2228 ipsos.
838 2192 945 2227 quibus

120 2234 154 2262 de
178 2238 240 2262 tota
268 2236 441 2263 Euscbianae
467 2244 564 2264 causae
591 2237 748 2272 iniquitate
775 2237 944 2269 edocemur,

119 2280 226 2307 Christi
235 2280 436 2308 confessorum
446 2281 854 2313 innocentiademonstratur,
861 2283 946 2309 Atha-

1005 301 1144 329 eumdem
1158 302 1249 331 Hilar.
1268 303 1321 332 lib.
1341 312 1358 331 x
1382 303 1421 331 De
1444 303 1532 337 Trin,
1550 311 1580 331 n.
1597 305 1624 337 5,
1641 307 1670 331 et
1686 303 1838 333 Socratem

1004 344 1056 372 lib.
1073 355 1092 379 1,
1108 347 1179 375 Hist.
1198 348 1303 383 eccles.,
1318 357 1382 385 cap.
1401 349 1446 376 23.
1459 350 1517 377 Nec
1532 349 1635 377 deerat
1652 349 1837 378 accusationi

1005 392 1086 420 color
1101 396 1131 421 et
1144 394 1238 423 locus.
1253 395 1398 423 Videbant
1411 395 1508 431 primo
1520 395 1693 423 Marcellum
1709 397 1838 432 Ancyra-

1004 445 1076 465 num
1092 438 1123 466 in
1140 439 1243 467 eadem
1259 449 1349 468 causa
1364 449 1431 468 cum
1448 441 1611 468 Athanasio
1628 441 1835 476 conjunctum,

1003 482 1223 512 Catholicorum
1239 485 1336 513 favore
1353 489 1382 513 et
1394 486 1487 521 gratia
1503 488 1713 520 sustentatum,
1731 495 1835 515 eorum

1004 528 1140 556 conciliis
1156 529 1264 558 iterum
1285 538 1318 558 ac
1344 530 1437 558 semel
1462 530 1643 563 absolutum,
1660 539 1728 558 cum
1744 532 1835 560 Euse-

1003 571 1161 601 bianorum
1177 575 1312 602 conciliis
1328 575 1488 603 damnatus
1505 578 1594 603 esset.
1613 576 1699 611 Atqui
1716 576 1835 604 Marcel-

1003 616 1065 645 lum
1082 617 1248 647 Orientales
1259 620 1291 647 in
1303 620 1486 656 gravissimis
1502 620 1653 648 erroribus
1669 620 1835 657 deprehen-

1003 661 1083 690 disse
1094 671 1124 691 se
1136 672 1196 691 non
1207 664 1400 693 dubitabant;
1414 673 1541 701 cumque
1551 665 1679 702 Cyrillus
1689 674 1742 701 pro
1753 668 1834 693 certo

1003 709 1033 734 et
1042 707 1211 737 indubitata
1222 709 1362 738 haeretico
1374 709 1488 744 habuit,
1504 710 1671 738 Sabellismi
1684 713 1712 738 et
1723 711 1834 746 pejoris

1003 752 1092 780 etiam
1110 754 1218 782 erroris
1234 763 1296 788 reo,
1312 757 1368 782 cat.
1388 757 1430 789 15,
1457 764 1488 783 n.
1505 757 1549 783 27.
1567 755 1633 782 Haec
1654 764 1742 790 porro
1758 756 1834 783 Mar—

1003 797 1069 825 celli
1087 798 1221 826 defensio
1233 799 1453 827 Catholicorum
1464 799 1543 835 apud
1555 799 1721 827 Orientales
1732 800 1835 827 existi-

1002 842 1127 870 mationi
1144 843 1257 871 dudum
1277 845 1391 878 nocuit,
1417 847 1450 872 ut
1473 844 1670 881 intelligimus
1696 853 1731 872 ex
1747 844 1832 880 epist.

1003 888 1091 916 Basil.
1107 890 1149 922 tO,
1162 897 1221 925 qua
1231 890 1404 925 praesidium
1416 889 1491 917 illud
1503 890 1626 917 haeresis
1637 889 1833 918 Marcellianaa

1002 932 1261 961 conﬁrmationem
1278 934 1428 970 appellat;
1447 938 1476 962 et
1500 943 1546 970 ep.
1564 936 1608 969 52,
1624 935 1713 970 idque
1727 935 1833 971 praaci-

999 986 1092 1013 puum
1117 978 1174 1006 fuit
1197 978 1551 1015 Philippopolitanorum,
1569 988 1622 1007 cur
1642 979 1832 1007 Sardicenses

1000 1022 1168 1050 Sabellismi
1180 1027 1357 1051 accusarent
1365 1024 1688 1059 fundamentum,apud
1699 1024 1831 1060 Hil.frag.

1000 1067 1059 1101 3,n.
1072 1068 1116 1095 23.
1129 1068 1287 1101 Praeterea,
1301 1068 1371 1096 licet
1383 1068 1648 1096 consubstantialis
1659 1069 1832 1097 defensores

999 1112 1076 1140 nihil
1091 1113 1175 1150 vulgo
1192 1114 1250 1141 nisi
1278 1114 1456 1142 catholicam
1480 1113 1646 1142 doctrinam
1664 1117 1831 1149 tuerentur,

1000 1157 1165 1193 suspiciosa
1180 1158 1378 1187 nihilominus
1394 1159 1596 1187 Orientalibus
1612 1167 1665 1186 vox
1682 1161 1755 1192 erat,
1772 1159 1833 1187 sive

998 1205 1121 1238 propter
1143 1211 1314 1239 perversum
1340 1205 1405 1239 ejus
1430 1204 1502 1231 olim
1518 1204 1549 1231 in
1565 1212 1615 1231 ore
1631 1204 1714 1232 Pauli
1730 1204 1831 1232 Samo.

999 1247 1128 1275 satensis
1144 1256 1242 1282 usum,
1260 1251 1442 1284 quapropter
1457 1249 1488 1276 in
1505 1249 1631 1276 concilio
1645 1249 1831 1277 Antiocheno

999 1291 1140 1320 damnata
1154 1292 1326 1327 ferebatur;
1344 1294 1404 1321 sive
1429 1296 1550 1330 propter
1566 1293 1738 1328 nonnullos,
1756 1302 1830 1329 quos

999 1336 1127 1365 Hilarius
1143 1337 1179 1365 de
1195 1338 1316 1374 synodis
1333 1347 1416 1366 num.
1431 1340 1477 1371 67,
1496 1338 1696 1366 conﬁtebatur
1712 1347 1746 1366 ea
1760 1347 1829 1367 voce

998 1381 1039 1409 ita
1062 1382 1115 1413 uti,
1142 1385 1174 1410 ut
1198 1383 1358 1411 homousion
1384 1384 1468 1419 impie
1492 1385 1579 1418 magis
1599 1392 1683 1419 quam
1693 1385 1742 1419 pie
1754 1392 1829 1419 pra:-

997 1427 1089 1455 ἀίων-ρ)
1100 1428 1267 1456 viderentur.
1279 1428 1445 1456 Accedebat
1458 1429 1577 1457 tandem
1590 1429 1679 1456 trium
1691 1429 1830 1465 hyposta-

997 1480 1068 1500 seon
1080 1472 1248 1501 dissidium.
1262 1473 1315 1506 Qui
1328 1482 1395 1501 cum
1410 1474 1567 1502 Athanasio
1577 1474 1730 1509 conjuncti
1743 1476 1830 1502 erant

996 1518 1232 1553 episcopi.unam
1243 1518 1327 1555 vulgo
1349 1518 1533 1555 hypostasim
1561 1522 1590 1547 et
1612 1521 1672 1546 tres
1684 1527 1828 1555 personas

996 1562 1195 1590 admittebant
1204 1571 1210 1595 ;
1220 1563 1300 1598 quod
1314 1563 1434 1599 quidem
1447 1563 1614 1591 Orientales
1627 1564 1739 1599 passim
1750 1563 1827 1591 nihil

995 1615 1013 1634 a
1042 1607 1211 1635 Sabelliana
1234 1607 1410 1635 confusione
1433 1608 1552 1636 differre
1579 1608 1826 1636 criminabantur.

995 1652 1171 1687 Quanquam
1180 1655 1279 1680 autem
1294 1653 1472 1680 Athanasius
1484 1653 1535 1681 diu
1545 1657 1610 1689 post
1619 1654 1682 1681 hac
1693 1656 1829 1689 tempora

996 1697 1027 1724 in
1042 1697 1169 1724 concilio
1186 1697 1387 1725 Alexandrino
1414 1706 1461 1726 an.
1481 1698 1533 1725 362
1549 1698 1658 1726 auditis
1674 1701 1828 1725 utrorum-

997 1750 1053 1777 que
1069 1741 1235 1769 rationibus
1247 1745 1276 1769 et
1288 1742 1355 1769 ﬁdei
1369 1743 1564 1778 expositione,
1578 1743 1655 1770 hanc
1666 1743 1745 1770 verbi
1759 1751 1829 1770 con-

996 1787 1169 1814 troversiam
1179 1795 1243 1814 esse
1255 1786 1504 1823 deprehendisset
1514 1791 1543 1815 et
1554 1791 1702 1822 notasset;
1714 1787 1827 1815 dudum

996 1834 1097 1858 tamen
1118 1831 1227 1858 mansit
1251 1831 1404 1859 altercatio
1429 1840 1496 1859 cum
1519 1832 1687 1860 animorum
1713 1833 1827 1861 fervore

997 1876 1174 1911 conjuncta:
1192 1875 1378 1911 Basiliusque
1391 1879 1490 1903 tantus
1501 1876 1552 1907 vir.
1566 1885 1625 1903 non
1641 1877 1718 1905 hanc
1734 1877 1828 1904 nomi-

998 1921 1045 1948 nis
1061 1923 1090 1947 et
1106 1920 1251 1953 vocabuli,
1269 1920 1321 1948 sed
1337 1920 1510 1948 nullatenus
1522 1921 1784 1950 contemnendam.
1797 1924 1827 1949 et

1001 1965 1038 1993 ad
1052 1965 1172 2001 pietatis
1190 1973 1310 2001 scopum
1324 1965 1524 2001 pertinentem
1542 1966 1774 2002 disputationem
1788 1974 1832 1994 ar-

999 2010 1178 2044 bitrabatur,
1195 2018 1260 2045 qua:
1276 2010 1428 2038 schismati
1444 2011 1628 2039 Antiocheno
1643 2012 1831 2040 occasionem

1000 2056 1213 2083 ministrasset.
1232 2056 1316 2090 epist.
1335 2057 1395 2084 36‘).
1423 2065 1451 2091 p.
1478 2057 1537 2083 345.
1557 2057 1648 2083 Unius
1665 2057 1832 2092 hypostasis

1001 2101 1165 2127 assertione
1181 2100 1390 2127 Sabellismum
1408 2101 1568 2128 instaurari
1589 2102 1730 2128 censebat
1746 2102 1831 2137 epist.

1001 2146 1044 2177 64,
1063 2153 1127 2181 pag.
1148 2147 1207 2174 100.
1224 2153 1314 2172 unam
1336 2145 1518 2180 hypostasim
1544 2154 1559 2172 a
1577 2146 1704 2173 Sabellio
1722 2146 1831 2173 dictam

1002 2190 1099 2217 aiebat
1114 2190 1199 2225 epist.
1227 2190 1288 2220 349,
1317 2198 1344 2225 p.
1369 2191 1431 2221 345,
1449 2193 1477 2217 et
1492 2198 1508 2217 a
1524 2191 1661 2218 Marcello
1677 2195 1832 2227 Ancyrano

1003 2235 1088 2270 epist.
1106 2235 1150 2262 74.
1168 2243 1195 2269 p.
1216 2235 1275 2260 126.
1295 2235 1480 2270 Quapropter
1494 2235 1580 2270 epist.
1598 2235 1660 2268 325,
1678 2243 1741 2271 pag.
1769 2236 1831 2267 320,

1003 2279 1104 2307 laudat
1120 2279 1317 2315 Epiphaniam
1342 2279 1421 2314 quod
1446 2280 1614 2314 scripsisset
1629 2280 1832 2307 necessarium

121 2325 195 2352 nasii
213 2328 242 2352 et
256 2326 403 2353 sociorum
420 2326 493 2353 fides
509 2326 658 2354 luculente
676 2326 840 2362 explicatur
856 2330 885 2354 et
900 2327 947 2354 de-
963 2319 985 2351 1)
1002 2333 1066 2352 esse
1085 2328 1143 2350 tres
1166 2324 1340 2359 hypostases
1365 2324 1511 2351 conﬁteri.
1530 2324 1612 2356 Quod
1635 2324 1659 2351 si
1674 2332 1708 2351 ea
1725 2324 1832 2352 Basilio

120 2370 268 2398 fenditur:
284 2380 348 2407 qua:
363 2372 419 2399 nisi
432 2372 517 2399 nobis
529 2372 668 2400 adessent
679 2373 798 2403 auxilia,
815 2373 891 2400 haud
908 2373 947 2400 ita

121 2415 195 2442 forte
213 2418 327 2443 certum
342 2416 427 2444 nobis
443 2420 521 2444 esset
537 2417 608 2452 quid
624 2417 660 2445 de
681 2417 798 2445 Arianis
814 2417 947 2444 conciliis

123 2463 352 2496 sanctorumque
360 2461 597 2489 accusationibus
605 2471 659 2489 nos
667 2462 777 2490 sentire
787 2465 946 2498 oporteret.

123 2505 240 2535 Contra.
252 2506 364 2533 viderat
384 2506 520 2541 Cyrillus.
534 2507 680 2542 siquidem
697 2507 948 2543 postSardicense

123 2551 282 2578 concilium
300 2550 425 2584 dicebat,
447 2551 603 2587 utriusque
630 2552 749 2580 concilii
765 2552 948 2579 Sardicensis

124 2598 149 2621 et
171 2596 433 2631 Philippopolitani
457 2600 656 2632 repugnantes
678 2600 706 2624 et
729 2597 948 2632 reciprocarum

123 2642 345 2668 accusationum
363 2642 465 2677 plenas
482 2642 605 2671 litteras.
624 2642 731 2678 quibus
753 2642 869 2678 piorum
883 2643 947 2670 ani-

123 2694 195 2714 mos.
214 2687 263 2721 qui
278 2695 338 2714 rem
349 2687 467 2722 penitus
478 2695 537 2714 non
551 2691 705 2717 noverant.
718 2687 949 2723 [Xleadversus

121 2734 262 2766 utrosque
279 2732 385 2759 offendi
404 2740 457 2766 par
473 2735 535 2759 erat
561 2732 668 2762 Tertio.
684 2732 825 2760 Catholici
839 2733 949 2768 passim

122 2775 156 2803 ab
175 2776 349 2804 Eusebianis
364 2777 409 2804 uti
426 2776 587 2803 Sabelliani
601 2777 841 2805 infamabantur:
859 2777 949 2805 hacac

126 2822 278 2849 cusatione
286 2821 610 2859 dejectusAntiochena
619 2822 750 2850 Ecclesia
766 2822 949 2851 Eustathius.

121 2865 191 2894 Eam
202 2866 233 2895 in
248 2876 348 2897 omnes
368 2867 446 2896 alios
467 2865 646 2895 intentatam
665 2867 800 2896 videmus
815 2867 846 2895 in
862 2868 949 2904 epist.

1004 2370 1089 2397 venia
1106 2369 1202 2398 datur.
1221 2371 1331 2403 quanto
1358 2369 1472 2404 mquius
1494 2368 1602 2404 Cyrilto
1632 2369 1766 2402 debetur,
1783 2369 1833 2404 qui

1004 2415 1089 2450 longe
1102 2416 1170 2440 ante
1185 2412 1323 2447 scripsit?
1333 2421 1504 2448 quanquam
1517 2413 1578 2448 ipse
1592 2414 1680 2440 trium
1694 2414 1835 2449 hyposta-

1004 2469 1075 2487 seon
1088 2458 1330 2495 pronuntiatione
1342 2458 1496 2492 abstinuit,
1516 2458 1705 2486 trianismum
1718 2459 1791 2486 forte
1803 2458 1834 2485 in

1004 2507 1058 2533 hac
1071 2504 1254 2541 professione
1266 2507 1452 2539 suspectans.
1465 2504 1491 2530 Si
1505 2506 1571 2539 post
1582 2503 1756 2531 Sardicensc
1769 2512 1836 2531 con-

1004 2551 1105 2579 cilium
1123 2549 1295 2577 catecheses
1311 2550 1393 2581 dixit,
1411 2549 1510 2576 videre
1527 2552 1663 2584 potuerat
1680 2550 1837 2585 expositio-

1004 2604 1072 2624 nem
1088 2594 1166 2627 ﬁdei,
1180 2603 1245 2630 quas
1262 2593 1298 2622 ad
1314 2594 1425 2621 calcem
1442 2594 1592 2629 synodicm
1608 2595 1698 2629 hujus
1714 2595 1835 2622 concilii

1004 2640 1137 2677 epistolze
1150 2648 1215 2667 cum
1228 2648 1262 2667 ea
1273 2639 1462 2666 continenter
1473 2638 1599 2666 habetur
1610 2640 1688 2675 apud
1705 2639 1837 2667 Theodo-

1005 2689 1101 2714 retum
1119 2684 1169 2712 lib.
1188 2693 1216 2716 II,
1234 2685 1316 2711 Hist..
1330 2692 1393 2719 cap.
1412 2684 1438 2716 8,
1452 2683 1530 2711 etab
1548 2684 1701 2711 nonnullis
1718 2684 1836 2712 concilii

1005 2730 1151 2759 Patribus.
1161 2728 1394 2756 reclamantibus
1406 2729 1530 2760 caeteris,
1544 2729 1675 2764 profecta
1687 2729 1837 2757 existima-

1006 2780 1062 2804 tur.
1079 2776 1112 2802 In
1135 2782 1170 2802 ea
1195 2776 1261 2809 post
1286 2773 1490 2800 vehementem
1516 2773 1605 2800 trium
1631 2777 1837 2809 separatarum

1006 2822 1205 2858 hypostaseon
1217 2819 1286 2855 [XV]
1299 2818 1601 2849 refutationem.hanc
1615 2827 1645 2846 se
1659 2819 1838 2847 catholicam

1005 2867 1097 2895 ﬁdem
1115 2873 1149 2893 ac
1164 2864 1357 2893 traditionem
1381 2863 1532 2899 accepisse
1553 2864 1647 2898 aiunt,
1664 2872 1756 2893 unam
1773 2870 1838 2892 esse
