4052 6364
388 325 470 386 Π
1685 317 1790 378 DE
1830 315 2025 380 νιΤΑ

2179 317 2524 383 GYRILLl.
3755 314 3838 374 48

389 415 572 514 trium
603 455 974 528 hypostasim
1005 467 1185 526 quam
1216 451 1481 509 heretici
1513 447 1721 520 οὖσίαν,
1761 451 2052 509 essentiam
2085 455 2133 521 Α
2165 459 2423 527 gregato,
2458 470 2530 510 ex
2560 453 2906 526 eisdemque
2964 449 3259 524 episcOpis
3314 448 3416 522 qui
3473 446 3610 520 Tyri
3642 450 3840 502 antea

386 547 478 603 vel
499 547 865 602 substantiam
887 544 1370 616 dicunt.Propter
1393 543 1874 615 intempestivam
1901 543 2053 599 forte

389 637 570 706 hujus
593 635 942 692 assertionis
955 634 1270 691 audaciam
1294 641 1352 688 et
1372 633 1632 689 adversa:
1653 635 1834 706 partis
1859 634 2060 688 crimi-

393 727 669 782 nationes
691 727 909 781 factum
931 724 1232 780 utauctori
1245 730 1360 778 tate
1379 725 1638 779 caruerit
1657 741 1724 778 ea
1744 724 2060 796 expositio,

393 832 576 889 quam
627 815 1007 881 Athanasius,
1059 814 1350 870 Eusebius
1409 813 1805 869 Vercellensis
1838 814 2064 885 aliique

395 905 633 963 concilii
661 904 1046 960 Alexandrini
1070 920 1166 959 an.
1195 905 1320 965 362.
1343 905 1549 959 Patres
1571 905 1816 958 omnino
1837 903 1924 957 vel
1949 903 2064 976 legi

396 995 488 1051 vel
511 995 760 1067 proferri
783 993 1339 1060 vetuerunt,Athan.
1363 999 1506 1048 tom.
1533 993 1607 1048 ad
1632 993 1890 1048 Antioch.
1919 1009 1977 1046 n.
2007 995 2061 1060 5,

397 1085 492 1142 cui
515 1084 626 1148 rei,
651 1084 806 1140 sicut
831 1089 891 1138 et
919 1083 1152 1139 caateris
1185 1083 1245 1138 in
1295 1099 1365 1138 eo
1399 1083 1654 1139 concilio
1681 1083 1937 1138 decretis
1968 1093 2066 1137 sa“

398 1173 587 1229 sensit
629 1179 686 1228 et
717 1172 1071 1245 subscripsit
1118 1171 1405 1228 Paulinus
1451 1171 1881 1229 Antiochenus.
1915 1170 2061 1228 ibid.

395 1279 456 1319 n.
491 1266 575 1320 11.
609 1262 728 1319 Hac
757 1261 1130 1336 expositione
1165 1279 1298 1334 quas
1323 1262 1485 1335 ipsos
1517 1263 1696 1318 unius
1725 1260 2064 1335 hypostasis

395 1359 722 1411 assertores
754 1353 1024 1422 offendit,
1051 1354 1100 1410 si
1131 1353 1387 1426 Cyrillus
1417 1353 1684 1410 offensus
1715 1359 1824 1422 est,
1855 1349 2061 1408 mirari

394 1459 518 1501 non
551 1442 868 1501 debemus.

465 1535 557 1588 20.
593 1531 751 1588 Illud
808 1548 1046 1604 quoque
1103 1547 1224 1587 nou
1283 1547 1495 1604 parum
1537 1530 1611 1587 ad
1657 1529 2061 1586 excusandum

400 1622 686 1695 Cyrillum
721 1621 896 1690 valet,
927 1621 1086 1694 quod
1108 1638 1230 1677 non
1256 1623 1528 1695 proprios
1550 1622 1662 1678 sibi
1692 1623 1764 1678 de
1795 1619 2076 1678 dissidiis-

402 1711 825 1768 ecclesiasticis
857 1727 1093 1779 sensus,
1126 1710 1228 1766 sed
1272 1728 1422 1782 quos
1452 1727 1486 1767 a
1525 1712 1774 1768 Maximo
1806 1711 2060 1784 prmsule

403 1807 733 1873 acceperat,
768 1801 991 1874 quique
1037 1800 1097 1856 in
1143 1801 1406 1857 Ecclesia
1437 1802 1974 1874 Hierosolymitana
2004 1807 2063 1857 et

403 1897 529 1948 tota
547 1893 698 1948 forte
720 1892 1038 1949 Palaestina
1068 1910 1416 1949 communes
1448 1899 1638 1956 erant.
1672 1895 2057 1967 expressisse,

402 1996 470 2036 ac
501 1981 782 2038 meliores
808 1981 1050 2038 tandem
1102 1998 1235 2038 eum
1287 1983 1360 2038 iis
1411 1984 1738 2055 sumpsisse
1769 1983 2057 2040 videatur.

400 2070 541 2137 Quis
559 2071 718 2126 enim
737 2070 940 2128 credat
951 2071 1255 2144 juniorem
1279 2059 1692 2145 presbyterum
1707 2075 1816 2146 ,cuj
1829 2091 1896 2129 us
1921 2073 2058 2130 fidei

398 2165 580 2215 totam
601 2161 980 2234 episcopatus
998 2161 1293 2217 sarcinam
1312 2162 1646 2219 crediderat
1659 2180 1802 2219 suus
1816 2163 2059 2236 prmsul,

397 2249 548 2306 alios
578 2265 759 2322 quam
791 2251 1139 2324 episc0pum
1171 2267 1346 2306 suum
1376 2250 1450 2307 de
1490 2252 1668 2308 rebus
1697 2253 2061 2326 gravissimis

401 2340 692 2413 cogitatus
722 2340 1004 2396 habuisse
1026 2339 1056 2396 ?
1084 2340 1218 2402 Sed.
1250 2347 1317 2396 ut
1364 2339 1423 2396 id
1458 2342 1646 2415 magis
1673 2343 2060 2414 approbetur,

394 2435 564 2501 juvat
585 2429 762 2502 paulo
785 2429 963 2485 altius
985 2429 1056 2485 de
1081 2430 1270 2486 sancti
1296 2431 1529 2486 Maximi
1551 2431 2060 2488 etPalestinorum

403 2518 728 2591 prmsulum
760 2519 870 2574 hoc
903 2524 1165 2590 tempore
1197 2521 1497 2574 sententia
1528 2520 1856 2592 inquirere.
1885 2520 2062 2576 Maxi-

404 2623 538 2664 mus
559 2607 866 2663 confessor
885 2625 1020 2663 cum
1043 2607 1176 2663 aliis
1201 2609 1550 2664 Palaestinis
1572 2609 1867 2682 episcopis
1889 2611 2060 2682 Tyrio

407 2703 617 2753 contra
647 2697 1037 2753 Athanasium
1071 2699 1346 2764 concilio,
1381 2699 1738 2756 Arianorum
1772 2700 1926 2757 dolis
1957 2700 2059 2757 de-

407 2786 576 2844 lusus
619 2786 894 2843 interfuit
959 2788 1169 2843 Narrat
1214 2787 1446 2844 Rutinis
1499 2787 1601 2844 lib.
1638 2805 1656 2844 ι
1688 2792 1858 2858 Hist,
1892 2807 1942 2846 c.
1974 2792 2060 2856 17,

404 2875 565 2948 quod
596 2893 730 2932 cum
778 2877 1148 2948 Paphnutius
1197 2878 1514 2933 Maximum
1563 2879 1625 2934 in
1657 2880 1912 2936 concilio
1945 2896 2065 2936 una

405 2982 541 3022 cum
554 2966 860 3022 Athanasii
877 2966 1135 3022 inimicis
1159 2967 1464 3023 sedentem
1485 2968 1858 3041 vidisset.pro
1876 2970 2066 3026 nimia

405 3055 790 3128 simplicitate
821 3056 974 3112 nihil
997 3055 1070 3112 de
1104 3055 1344 3112 illorum
1372 3057 1596 3114 scelere
1637 3059 2062 3132 suspicantem,

403 3144 769 3218 prehensum
791 3162 975 3202 manu
997 3145 1246 3202 abduxit
1267 3163 1297 3202 e
1320 3155 1694 3215 consessu,et
1713 3148 1785 3203 de
1811 3149 2062 3222 singulis

403 3235 760 3290 instructum
777 3236 1294 3308 perpetuadehinc
1308 3238 1630 3294 Athanasio
1643 3239 2064 3295 communione

408 3323 652 3381 sociavit
704 3325 869 3380 Idem
919 3324 1140 3382 factum
1192 3326 1549 3383 Sozomenus
1581 3327 1686 3384 lib.
1721 3346 1782 3396 ιι,
1815 3346 1945 3402 cap.
1977 3332 2069 3385 25a

407 3419 542 3485 post
569 3412 872 3470 decretam
896 3420 955 3470 et
977 3415 1422 3486 pronuntiatam
1445 3416 1508 3472 in
1531 3416 1785 3473 concilio
1809 3419 2072 3475 Athana-

413 3503 484 3558 sii
533 3503 984 3560 damnationem
1031 3504 1235 3573 refert,
1286 3505 1548 3562 innuens
1592 3507 1910 3563 Maximum
1938 3525 2070 3565 eam

416 3593 528 3648 hoc
557 3593 712 3649 facto
744 3593 1148 3667 improbasse;
1173 3594 1245 3650 de
1268 3601 1501 3652 retenta
1531 3603 1730 3653 tamen
1754 3613 1789 3654 a
1819 3599 2070 3655 Maximo

417 3681 726 3738 Athanasii
767 3684 1190 3740 communione
1239 3685 1394 3742 silet.
1430 3687 1571 3742 Utut
1609 3687 1686 3740 sit
1713 3687 1786 3742 de
1818 3687 1922 3744 illa
1953 3690 2074 3744 Ru-

417 3769 522 3828 ﬂni
555 3778 615 3828 et
634 3773 939 3830 Sozomeni
970 3776 1342 3845 narratione,
1371 3783 1598 3832 certum
1629 3777 1862 3833 videtur
1893 3777 2069 3833 Maxi-

414 3877 578 3918 mum
602 3869 660 3917 et
678 3863 1025 3919 Palaestinos
1042 3865 1574 3938 episcopos,sivein
1597 3867 1852 3922 concilio
1873 3867 2066 3938 Tyrio,

415 3950 534 4006 sive
565 3951 849 4022 postea.vi
877 3953 1218 4024 compulsos
1264 3954 1492 4026 aliquid
1527 3957 1587 4011 in
1615 3972 1836 4012 nomen
1890 3956 2070 4012 Atha—

416 4037 570 4093 nasii
587 4036 1016 4094 subscribendo
1030 4041 1800 4098 commisisse.Refertenim
1818 4046 1880 4098 At
1893 4044 2074 4100 hana—

414 4125 538 4180 sius
569 4125 628 4180 in
673 4127 881 4181 Hister.
934 4129 1272 4184 Arianorum
1315 4131 1388 4186 ad
1434 4133 1748 4195 monachos,
1780 4149 1946 4188 num.
1978 4136 2069 4202 25,

412 4231 543 4287 pag.
580 4214 702 4280 358,
736 4231 872 4272 cum
918 4217 1044 4289 ipse
1076 4234 1170 4273 an.
1213 4219 1319 4274 349
1352 4220 1728 4277 Palaestinam
1762 4229 2067 4294 pertrans-

413 4300 545 4362 iret.
570 4319 778 4360 omnes
801 4304 1132 4362 Palaestinas
1156 4307 1490 4381 episcopos,
1515 4309 1746 4367 duobus
1768 4311 1858 4367 vel
1882 4311 2070 4368 tribus

414 4393 698 4464 exceptis,
757 4394 950 4466 iisque
1009 4397 1302 4469 suspectis
1358 4400 1521 4466 viris,
1555 4400 1636 4456 ita
1675 4401 2068 4457 Athanasium

411 4482 749 4554 suscepisse
793 4491 853 4540 et
894 4487 1380 4544 communionem
1415 4490 1546 4562 ejus
1577 4491 1883 4563 amplexos
1913 4507 2066 4560 esse,

2170 545 2406 600 fuerant
2435 544 2786 617 composito.
2821 543 3130 610 interfuit;
3165 542 3224 597 in
3274 539 3445 613 [XVI]
3500 555 3614 610 quo
3647 537 3838 592 Arius

2170 641 2229 688 et
2259 651 2543 706 sequaces
2575 635 2647 691 ad
2680 634 3164 690 communionem
3197 631 3326 688 sine
3357 628 3711 702 paenitentia
3739 643 3834 682 re-

2171 725 2325 795 cepti
2377 727 2558 780 fuere.
2613 726 2760 780 Num
2812 723 3147 779 temerarias
3192 721 3280 776 illi
3312 727 3371 776 et
3407 725 3613 776 contra
3665 718 3836 788 leges

2173 817 2606 872 ecclesiasticas
2629 817 2954 888 receptioni
2979 813 3404 878 intercesserit,
3434 828 3690 880 seseque.
3724 827 3832 880 op-

2172 908 2439 980 posuerit
2493 909 2547 962 S.
2607 907 2913 971 Maximus,
2965 906 3281 961 incertum.
3331 903 3494 958 Unus
3549 899 3838 956 laudatur

2171 998 2327 1069 apud
2349 999 2738 1053 Sozomeuum
2771 997 2879 1052 lib.
2919 1013 2978 1061 ιι,
3011 1012 3139 1068 cap.
3163 995 3251 1052 33.
3285 991 3596 1048 Marcellus
3629 992 3834 1060 Ancy-

2171 1103 2353 1142 ranus
2375 1087 2475 1158 qui
2501 1087 2854 1142 Arianorum
2879 1083 3229 1141 admissioni
3252 1081 3592 1138 consentire
3617 1079 3837 1134 nolue-

2167 1177 2383 1240 rit,nec
2396 1175 2828 1232 consecrationi
2847 1175 3110 1231 basilicas
3129 1171 3586 1231 interesse.dum
3611 1171 3838 1224 horum

2170 1266 2584 1339 episc0porum
2609 1266 3093 1320 communionem
3119 1261 3336 1333 refugit
3377 1258 3543 1326 Quod
3569 1258 3750 1312 Arius
3773 1258 3837 1311 in

2169 1356 2433 1412 Ecclesia
2482 1355 3026 1427 Hierosolymitana
3071 1349 3483 1409 communioni
3513 1349 3840 1404 restitutus

2170 1445 2265 1506 sit.
2289 1444 2429 1500 inde
2461 1445 2681 1500 factum
2716 1451 2856 1516 puto
2888 1448 2953 1499 ut
2982 1459 3120 1499 cum
3153 1443 3282 1514 ejus
3325 1440 3601 1495 haeresim
3637 1437 3838 1510 Cyril-

2169 1536 2262 1591 lus
2292 1535 2470 1592 variis
2501 1535 2645 1590 locis
2671 1535 2924 1607 graviter
2944 1538 3264 1606 Oppugnet,
3293 1545 3626 1602 omnesque
3661 1529 3836 1584 illius

2168 1625 2440 1683 surculos
2471 1633 2885 1699 persequatur,
2917 1639 3228 1696 nunquam
3273 1629 3474 1678 tamen
3505 1620 3724 1675 Arium
3756 1618 3830 1674 de

2167 1716 2410 1771 nomine
2433 1715 2724 1786 appellet;
2743 1716 2829 1769 vel
2849 1715 2980 1785 ejus
3001 1712 3244 1768 haaresis
3259 1727 3544 1782 sequaces
3571 1708 3834 1764 Arianos

2167 1805 2325 1861 dicat
2365 1803 2525 1860 Idem
2561 1805 2844 1860 Maximus
2864 1805 2936 1858 iis
2957 1803 3137 1858 dubio
3159 1803 3368 1874 procul
3403 1799 3665 1856 assensit
3697 1815 3832 1870 quas

2168 1902 2376 1950 contra
2390 1893 2730 1948 Marcellum
2753 1899 3101 1965 Ancyratem
3121 1891 3194 1946 ab
3217 1888 3564 1946 Eusebiauis
3588 1889 3838 1944 decreta

2167 1994 2308 2044 sunt
2329 1987 2449 2042 sive
2474 1987 2898 2059 Hierosolymis
2921 2002 3012 2041 an.
3047 1986 3172 2049 335,
3201 1983 3302 2039 ubi
3333 1998 3513 2038 causa
3543 1982 3678 2052 ejus
3711 1981 3838 2053 pri-

2167 2093 2331 2133 mum
2364 2077 2692 2132 examinari
2723 2083 2932 2148 coepta.
2969 2075 3086 2130 sive
3119 2071 3637 2143 Constantinopoli
3671 2087 3834 2126 anno

2168 2167 2462 2238 sequenti,
2496 2183 2654 2228 cum.
2689 2166 2774 2222 uti
2807 2166 2982 2238 plane
3015 2165 3343 2227 convictus,
3367 2161 3686 2217 abdicatus
3707 2160 3835 2232 epi-

2167 2264 2412 2329 scopatu
2444 2263 2574 2311 est:
2603 2273 2741 2311 nam
2775 2255 3051 2310 Ecclesiae
3085 2271 3208 2309 sua:
3240 2252 3624 2310 sententiam.
3660 2257 3730 2306 ut
3753 2250 3834 2304 vi-

2167 2347 2360 2414 detur,
2393 2363 2698 2418 exponens
2757 2344 3012 2417 Cyrillus
3070 2349 3184 2400 cat.
3237 2346 3326 2402 15.
3359 2358 3419 2396 n.
3468 2343 3558 2402 27.
3591 2339 3672 2396 de
3707 2340 3838 2411 ejus

2167 2435 2376 2492 haeresi
2409 2435 2582 2490 verba
2637 2435 2887 2498 faciens,
2920 2433 3074 2488 hanc
3122 2430 3386 2503 appellat
3434 2429 3835 2486 novissimum

2168 2523 2443 2579 draconis
2467 2522 2831 2595 caput,quod
2855 2522 2916 2576 in
2943 2521 3169 2576 Galatia
3192 2537 3399 2575 recens
3419 2518 3832 2574 succrevisset.

2166 2614 2494 2670 Convocato
2521 2629 2616 2669 an.
2651 2613 2748 2667 341
2782 2612 2856 2668 ad
2885 2611 3162 2667 Encaania
3195 2609 3473 2665 Ecclesia:
3507 2607 3832 2663 Antioche-

2167 2719 2258 2758 me
2283 2701 2774 2765 concilio,dedita
2791 2719 2967 2773 opera
2991 2700 3310 2755 Maximum
3325 2698 3584 2753 abfuisse
3605 2698 3834 2762 ferunt;

2169 2792 2518 2868 pcenitentia
2549 2789 2790 2846 ductum
2817 2789 2902 2845 ait
2931 2789 3290 2844 Sozomenus
3341 2787 3442 2844 lib.
3497 2804 3576 2852 ιιι,
3608 2803 3746 2858 cap.
3782 2787 3833 2850 6,

2169 2880 2328 2952 quod
2352 2879 2556 2936 fraude
2584 2879 2868 2951 deceptus
2911 2894 3115 2933 eorum
3149 2877 3250 2948 qui
3284 2875 3685 2932 Athanasium
3721 2874 3838 2944 eje-

2169 2975 2378 3026 cerant
2402 2970 2769 3042 episcopatu,
2792 2967 3105 3024 sententia:
3138 2967 3495 3039 suffragatus
3527 2971 3711 3020 esset.
3739 2963 3838 3018 So-

2168 3065 2362 3115 crates
2386 3059 2488 3114 lib.
2514 3075 2632 3127 u,c.
2659 3057 2930 3125 8,eadem
2954 3057 3290 3112 conﬁrmat.
3323 3057 3436 3110 Nec
3463 3054 3599 3109 aliis
3624 3059 3839 3124 postea

2179 3166 2297 3204 s.ve
2330 3148 2803 3204 Eusebianorum
2835 3146 2954 3203 sive
2977 3145 3415 3201 Catholicorum
3446 3142 3727 3200 conciliis
3751 3141 3842 3195 in-

2180 3238 2457 3293 terfuisse
2488 3237 2737 3293 videtur.
2797 3235 2970 3292 Nullo
3029 3241 3229 3291 tamen
3287 3240 3427 3290 ante
3475 3248 3708 3288 annum
3739 3231 3838 3286 349

2181 3327 2422 3400 publico
2453 3325 2796 3382 testimonio
2827 3342 2958 3398 quas
2991 3325 3052 3380 in
3086 3323 3474 3380 Athanasium
3506 3328 3681 3378 erant
3709 3335 3839 3392 ges-

2180 3423 2240 3474 ta
2266 3415 2628 3473 retractavit.
3448 3421 3468 3450 ε

2251 3597 2516 3652 21.ι(]ιιω
2537 3599 2737 3652 autem
2761 3593 3143 3650 Palmstinam
3167 3593 3293 3665 ipse
3321 3609 3390 3648 ex
3420 3590 3626 3647 Galliis
3649 3589 3833 3646 redux

2181 3705 2249 3744 eo
2281 3703 2438 3744 anno
2465 3686 2877 3760 pertransiret,
2902 3701 3135 3752 omnes,
3157 3684 3245 3740 uti
3271 3684 3399 3754 jam
3431 3683 3575 3746 dixi,
3597 3682 3832 3754 provin-

2181 3778 2286 3832 cias
2319 3777 2482 3832 illius
2514 3775 2802 3848 episcopi,
2833 3774 3067 3830 duobus
3111 3774 3202 3830 vel
3251 3772 3461 3840 tribus,
3493 3773 3708 3827 Acacio
3739 3769 3836 3825 ni-

2184 3865 2404 3921 mirum
2455 3864 2805 3920 Caasariensi
2858 3869 2917 3918 et
2967 3863 3311 3936 Patrophilo
3353 3861 3841 3934 Scythopolitano

2183 3955 2461 4026 exceptis.
2487 3954 2915 4027 Hierosolymis
2945 3953 3266 4008 concilium
3299 3969 3436 4008 cum
3470 3951 3727 4005 Maximo
3755 3963 3836 4004 ce-

2181 4043 2504 4107 lebrantes,
2531 4045 2836 4100 Athanasii
2871 4043 3355 4099 communionem
3385 4041 3646 4112 amplexi
3681 4042 3838 4102 sunt,

2181 4151 2434 4204 quaeque
2467 4140 2677 4189 contra
2706 4150 2843 4189 eum
2877 4133 3258 4205 scripserant,
3285 4132 3334 4185 vi
3363 4130 3605 4186 adactos
3627 4129 3834 4184 fecisse

2179 4222 2332 4278 datis
2365 4223 2580 4280 litteris
2610 4229 2750 4278 sunt
2775 4222 3109 4278 contestati.
3142 4223 3394 4294 Insuper
3419 4219 3494 4276 ad
3526 4219 3836 4291 episcopos

2178 4313 2425 4386 Egypti.
2449 4319 2508 4368 et
2527 4311 2762 4386 plebem
2787 4311 3247 4368 Alexandrinam
3281 4311 3509 4366 litteras
3541 4307 3838 4364 dederunt

2179 4403 2250 4458 de
2281 4402 2478 4458 reditu
2512 4402 2810 4458 Athanasii
2851 4400 3310 4475 gratulatorias;
3341 4400 3547 4471 eisque
3579 4398 3750 4453 aiunt.
3777 4409 3837 4450 se

2178 4510 2380 4550 amore
2417 4493 2834 4550 ecclesiasticas
2864 4493 3027 4565 pacis
3077 4509 3214 4550 cum
3245 4492 3393 4564 ipsis
3423 4490 3837 4562 conspirantes

409 4568 497 4623 καὶ
534 4570 634 4637 τήν
676 4571 814 4646 πρὸς
871 4573 1036 4628 αὐτον
1087 4576 1402 4645 ἠσπάσαντο
1452 4577 1764 4646 κοινωνίαν,
1797 4587 1863 4636 ut
1887 4581 2064 4636 etiam

2179 4584 2571 4640 Athanasium
2603 4583 2834 4656 priores
2877 4581 3184 4654 amplexos
3234 4599 3386 4648 esse,
3447 4597 3554 4652 per
3585 4591 3840 4648 eumque

410 4657 626 4714 litteris
660 4677 722 4716 se
755 4671 1126 4731 excusarent,
1163 4665 1321 4737 quod
1353 4683 1423 4724 ea
1451 4684 1584 4739 quas
1615 4670 1780 4741 prius
1813 4669 2071 4742 scripse-

411 4753 570 4812 rant,
601 4763 721 4805 non
755 4767 825 4806 ex
850 4751 1073 4822 animo,
1097 4755 1200 4810 sed
1221 4755 1271 4810 vi
1297 4757 1483 4812 coacti
1515 4757 1830 4814 fecissent:
1863 4757 1951 4820 Ὠς
1973 4755 2065 4812 καὶ

409 4836 610 4913 γράψαι
642 4838 730 4893 καὶ
762 4839 1231 4916 ἀπολογήσασθαι,
1283 4845 1366 4898 ὅτι
1411 4842 1444 4899 ἃ
1499 4845 1757 4922 πρότερον
1803 4845 2066 4922 ἔγραψαν,

409 4925 474 4981 οὗ
505 4927 642 4982 κατᾶ
673 4929 987 5005 προαίρεσιν
1021 4931 1166 4988 ἆλλά
1199 4933 1518 5007 βιαζόμενοι
1561 4938 1914 5006 πεποιήκασι.
1946 4939 2064 4993 H0-

407 5033 543 5072 rum
569 5035 706 5075 vero
725 5022 1142 5094 episcoporum
1166 5025 1444 5098 princeps
1463 5028 1747 5084 Maximus
1766 5029 1874 5083 fuit
1895 5028 2067 5102 cujus

409 5123 624 5162 nomen
657 5109 718 5164 in
741 5110 955 5166 litteris
977 5114 1051 5168 ad
1077 5113 1387 5186 episcopos
1409 5118 1636 5189 .+Zgypti
1661 5126 1718 5173 et
1747 5119 2065 5174 t-‘cclesiam

406 5195 872 5255 Alexandrinam
897 5217 1002 5272 pro
1023 5203 1345 5259 Athanasio
1373 5206 1611 5278 scriptis
1630 5214 1980 5263 cmterorum
2003 5209 2066 5264 in

408 5285 599 5357 capite
632 5287 1068 5363 habetur,apud
1092 5293 1367 5350 eumdem
1395 5295 1784 5353 Athanasium
1823 5299 2060 5368 Apolog.

407 5382 556 5430 cont.
593 5379 791 5436 Arian.
822 5397 990 5436 num.
1024 5385 1112 5450 57,
1148 5400 1205 5455 p.
1265 5389 1385 5442 175.
1423 5387 1480 5441 Si
1512 5386 1648 5458 quis
1681 5387 1999 5444 Maximum
2031 5403 2068 5443 a

406 5467 710 5522 communi
744 5477 1097 5527 caaterorum
1128 5473 1306 5546 culpa
1355 5474 1612 5533 liberare
1645 5476 1805 5544 velit,
1839 5494 1946 5549 per
1969 5497 2064 5538 me

406 5553 547 5612 licet.
597 5559 756 5616 Idem
792 5567 992 5618 tamen
1024 5563 1235 5622 eodem
1281 5583 1465 5637 anno,
1497 5569 1754 5626 concilio
1793 5571 2067 5630 Hieroso-

405 5641 584 5720 lymis
601 5649 675 5708 ad
687 5651 1125 5712 dedicationem
1145 5655 1412 5717 basilicae
1429 5659 1910 5719 Resurrectionis
1931 5679 2069 5720 con-

2181 4690 2316 4729 cum
2365 4672 2513 4744 ipsis
2561 4671 3047 4739 communicare;
3099 4669 3258 4744 apud
3306 4670 3616 4734 Athenas,
3667 4662 3832 4738 Apol.

2179 4769 2323 4819 cont.
2357 4764 2548 4818 Arian.
2583 4778 2643 4817 n.
2695 4765 2786 4828 57,
2835 4777 2966 4834 pag.
3024 4765 3146 4826 175,
3198 4759 3519 4816 subscribit
3549 4758 3836 4813 Maximus

2179 4869 2314 4909 cum
2337 4852 2472 4908 aliis
2493 4851 2834 4922 quindecim
2860 4851 3180 4923 episc0pis.
3209 4850 3430 4906 Eodem
3455 4855 3722 4920 tempore
3749 4844 3836 4900 fa-

2176 4949 2337 4998 ctum
2369 4941 2619 5004 videtur,
2655 4940 2814 5012 quod
2876 4939 3058 4996 iidem
3109 4939 3372 5012 episcopi
3433 4938 3731 5011 synodica;
3763 4930 3834 4989 ad

2179 5051 2388 5089 omnes
2418 5033 2600 5089 totius
2625 5031 2932 5086 catholicas
2957 5031 3234 5087 Ecclesiaa
3265 5032 3577 5102 episcopos
3601 5038 3658 5086 et
3677 5043 3837 5084 com—

2179 5125 2490 5179 ministros
2520 5120 2766 5178 concilii
2792 5122 3164 5177 Sardicensis
3187 5108 3454 5194 epistola:
3479 5120 3837 5189 subscripseo

2175 5219 2355 5279 runt;
2388 5210 2543 5284 apud
2576 5212 2812 5274 Athan.,
2859 5213 3029 5283 Apol.
3071 5218 3215 5266 cont.
3250 5213 3452 5268 Arian.
3487 5227 3547 5264 n.
3582 5212 3671 5275 50,
3705 5221 3832 5280 pag.

2181 5302 2530 5358 169.Eadem
2553 5307 2693 5356 sunt
2713 5301 2875 5356 enim
2895 5301 3312 5373 episcoporum
3333 5301 3577 5355 nomina
3599 5298 3832 5354 eodem-

2179 5410 2291 5466 que
2323 5394 2446 5449 fere
2476 5391 2687 5448 ordine
2736 5392 2978 5464 scripta,
3012 5391 3128 5447 nisi
3175 5391 3334 5462 quod
3375 5407 3541 5446 num.
3578 5393 3646 5445 50
3673 5387 3836 5442 deest

2176 5483 2421 5539 Macriui
2446 5497 2688 5546 nomen,
2708 5481 2930 5553 quique
2953 5479 3294 5536 Theodorus
3312 5479 3652 5552 appellatur
3673 5489 3831 5533 num.

2175 5575 2266 5642 57,
2300 5573 2397 5628 hic
2455 5571 2819 5626 Theodosius
2876 5571 3114 5626 dicitur.
3177 5575 3252 5626 Ac
3309 5569 3582 5626 Socrates
3631 5568 3731 5624 lib.
3772 5580 3833 5630 Il,

2175 5679 2305 5735 cap.
2347 5663 2440 5732 24,
2488 5659 2854 5718 Sardicensis
2911 5658 3124 5734 synodi
3182 5659 3422 5718 decreta
3477 5659 3726 5718 Maximo
3755 5651 3826 5709 ab
