2026 3183
133 201 172 230 49
838 199 961 230 DISSE]

1020 200 1103 231 tTlO
1137 203 1162 233 Ι.
1813 211 1852 241 50

133 265 302 313 Athanasio
316 264 483 313 significata
499 267 528 313 et
543 265 705 313 notafacta
715 265 806 313 dicit;
822 268 962 313 xstaoayﬁ
980 267 1007 300 Α
1023 267 1101 297 cium
1117 270 1226 307 Cyrillo
1237 275 1347 308 praater
1357 273 1495 302 eamdem
1506 277 1652 303 assertam
1663 275 1793 312 objicere
1801 285 1850 313 po-

137 312 256 345 ποιῆσας
271 309 306 336 τά
321 320 351 336 τε
368 309 419 336 ὑπὸ
439 313 489 344 τῆς
504 309 530 336 ἐν
557 308 677 347 Σαρδικῇ
704 309 817 337 συνόδου
833 310 969 347 γνωσθὲν-

139 367 180 383 τα-
198 357 281 391 eique
299 355 421 383 concilii
441 356 652 392 Hierosolymis
675 356 798 393 cogendi
814 359 966 384 auctorem

140 402 234 429 fuisse.
259 402 301 428 Ex
327 401 375 428 his
400 400 539 428 omnibus
562 401 728 437 colligimus
754 403 780 428 1ο
796 401 967 435 Maximum,

138 451 184 474 aut
200 447 380 474 Palzeslinos
397 446 503 473 saltem
530 446 683 482 episcopos
706 449 810 474 contra
835 446 966 473 Athana-

135 494 222 523 sium,
243 492 297 518 sed
316 492 341 518 vi
357 491 479 518 adactos
501 491 715 527 subscripisse;
742 493 771 518 2°
784 491 968 519 Eusebiano—

133 545 197 564 rum
215 537 334 564 fraudis
350 539 379 563 et
393 536 530 563 dolorum
546 536 664 570 ignaros
677 544 736 563 non
751 536 853 570 fuisse,
869 536 966 572 [XVII]

134 582 242 617 quibus
259 581 303 608 vis
320 584 353 608 ut
369 581 480 616 iniquis
495 581 583 617 gestis
600 581 804 608 consentirent
819 581 965 608 adhiben-

133 627 168 654 da
183 627 274 654 fuerit
288 635 295 659 ;
317 627 346 652 3°
362 625 508 653 nonnulla
521 626 601 661 ipsos
622 626 797 653 Eusebianis
812 625 967 653 concessi-

132 680 172 705 se,
191 672 233 698 uti
251 671 478 698 restitutionem
493 671 565 704 Arii,
582 671 712 698 Marcelli
729 671 879 707 Ancyrani
896 679 965 698 con-

133 717 380 749 demnationem;
400 717 430 742 4°
453 716 610 743 Maximum
635 716 665 743 in
681 718 834 751 posterum
861 724 965 743 omnes

134 762 347 797 episcoporum
362 764 522 788 conventus
534 761 782 797 eﬂ'ugisse.neque
798 769 886 796 porro
903 761 966 788 Sar-

137 807 246 835 dicensi
264 806 398 834 concilio
419 806 597 837 interfuisse.
624 806 707 842 quasi
734 806 835 834 turbas
851 807 963 834 evitan-

135 855 202 883 tem,
220 855 249 879 et
267 851 428 886 utriusque
444 852 535 887 partis
551 851 705 887 episcopos
725 854 962 887 suspectantem;

134 899 160 924 5°
175 896 336 924 Athanasii
354 896 593 924 communionem
611 896 709 932 palam
723 897 828 924 saltem
844 905 905 924 non
921 899 963 924 te-

133 942 232 969 nuisse
258 942 402 973 interim;
428 949 495 968 nam
525 950 560 969 ex
589 942 730 969 Athanasi
760 942 831 968 Hist.
849 943 962 975 Arion,

135 996 212 1014 num.
227 989 273 1014 23.
289 990 320 1013 et
332 986 800 1022 synodicarumJerosolymitanas
813 986 961 1022 synodiad

134 1032 279 1068 .£gyptios
293 1032 461 1058 litterarum
475 1031 581 1060 verbis.
593 1039 653 1058 non
670 1031 795 1059 obscure
811 1031 962 1059 Palaestini

135 1081 191 1105 tum
204 1077 338 1113 primum
353 1085 401 1104 an.
414 1078 465 1104 349
477 1077 629 1104 Athanasii
645 1077 887 1104 communionem
901 1077 961 1112 pri-

135 1122 194 1149 dem
221 1123 425 1157 interruptam
454 1121 683 1157 amplectuntur.
715 1122 798 1149 Unde
828 1122 961 1149 Socrates

134 1167 180 1194 lib.
193 1175 298 1202 n,cap.
317 1167 363 1200 24,
382 1166 423 1193 ait
439 1166 595 1193 Maximum
624 1169 684 1193 lum
701 1167 863 1194 Athanasio
880 1175 961 1194 com-

138 1212 303 1238 munionem
333 1214 362 1237 et
384 1210 557 1247 dignitatem
583 1210 750 1238 reddidisse
768 1219 775 1238 :
792 1209 960 1237 Ἀποδίδωσι

140 1255 180 1281 ιιὶ
194 1255 269 1285 αὐτὸς
299 1256 351 1289 τὴν
381 1255 527 1281 κοινωνίαν
560 1254 710 1291 Ἀθανασίῳ
737 1254 782 1282 καὶ
811 1255 860 1288 τὴν
877 1254 958 1289 ἀξίαν.

142 1301 347 1336 Philostorgius
361 1308 480 1336 quoque
497 1300 548 1328 lib.
573 1308 613 1332 in.
639 1309 721 1328 num.
739 1301 781 1334 12,
800 1301 961 1328 Maximum

137 1346 164 1372 in
176 1354 274 1373 eorum
287 1354 416 1373 numero
438 1353 548 1381 ponere
569 1345 692 1375 videtur.
705 1345 754 1380 qui
769 1345 849 1381 prius
859 1354 875 1373 ἢ
890 1354 961 1373 con-

136 1391 318 1418 substantiali
330 1390 434 1423 alieni,
446 1390 482 1417 ad
493 1390 642 1417 Athanasii
661 1391 840 1418 sententiam
857 1393 961 1426 postea

135 1436 330 1463 declinarunt.
345 1437 420 1463 Ante
432 1436 493 1462 hanc
504 1438 636 1470 tempora
647 1436 735 1471 igitur
743 1436 885 1463 Maximus
898 1443 960 1462 me—

133 1481 211 1508 dium
222 1489 253 1508 se
271 1481 302 1508 in
319 1481 366 1508 liis
383 1480 476 1508 turbis
493 1480 620 1513 tenebat;
639 1481 800 1508 Athanasio
817 1481 901 1508 nulla
914 1489 959 1508 ex-

133 1528 237 1554 teriore
254 1527 474 1554 communionis
486 1530 555 1554 nota
571 1527 761 1562 conjunctus,
780 1527 960 1554 Eusebiano-

131 1581 194 1599 rum
202 1572 287 1599 dolos
299 1575 497 1599 etconventus
507 1580 622 1604 exosus,
637 1572 771 1599 neutrius
782 1572 872 1607 partis
884 1581 945 1607 pra)

131 1618 209 1644 sules
224 1617 266 1644 uti
278 1617 315 1644 ab
329 1616 459 1644 Ecclesia
471 1616 584 1644 alienos
596 1620 743 1652 spectans.
759 1617 889 1644 haereses
905 1626 958 1652 op-

130 1662 254 1698 positas,
275 1670 401 1697 quarum
422 1662 540 1697 utrique
565 1663 766 1697 patrocinium
782 1662 867 1689 alteri
885 1658 962 1697 parti

133 1707 327 1742 objiciebant,
347 1707 527 1737 detestatus;
553 1707 585 1734 in
602 1707 736 1743 utrisque
761 1708 886 1735 forsitan
901 1705 963 1734 vitii

133 1753 246 1788 aliquid
260 1756 444 1788 suspectans
457 1752 576 1785 Eadem,
588 1752 814 1780 utostendimus
827 1761 897 1780 num
918 1753 961 1784 18,

133 1799 243 1834 Cyrillo
261 1798 358 1826 stabat
373 1807 457 1826 mens
468 1801 497 1825 et
510 1799 666 1826 sententia.
686 1798 741 1826 Sed
755 1798 884 1826 dubitari
901 1807 961 1826 non

133 1847 231 1880 potest
245 1843 316 1879 quin
329 1843 451 1871 Maximo
464 1852 494 1871 se
510 1844 546 1871 ad
563 1844 755 1872 Athanasium
769 1843 960 1880 adjungente,

135 1890 240 1917 eadem
259 1893 376 1916 secutus
390 1890 428 1916 sit
439 1889 575 1925 Cyrillus,
588 1893 616 1916 et
628 1889 733 1925 synodi
752 1889 961 1924 Hierosolymi-

134 1938 212 1962 tanm
225 1935 255 1961 in
267 1934 417 1962 Athanasii
429 1935 553 1971 gratiam
569 1934 690 1962 decreta
705 1943 758 1962 suo
775 1943 909 1967 assensu,
927 1943 961 1962 ac

136 1980 295 2015 praesentia
306 1979 440 2007 fortassis
452 1980 516 2015 ipsa
527 1980 737 2015 comprobarit.
751 1979 833 2007 Unde
844 1980 873 2007 id
889 1988 959 2008 con-

137 2025 252 2052 firmem
264 2025 367 2060 rogas?
379 2025 487 2057 Primo,
499 2025 623 2060 antiqua
635 2024 747 2052 ferebat
762 2024 900 2052 Ecclesim
915 2025 961 2052 di-

136 2070 273 2105 sciplina.
288 2071 396 2102 Roma),
407 2069 602 2104 Alexandriae,
616 2070 791 2097 Antiochiaa.
806 2073 838 2097 ut
848 2071 878 2097 in
888 2079 959 2098 con-

136 2115 214 2142 ciliis
233 2115 460 2150 provincialibus
477 2115 657 2142 interessent
676 2123 735 2143 una
751 2124 817 2143 cum
831 2115 914 2143 urbis
930 2116 961 2143 in

136 2169 195 2195 qua
211 2160 370 2187 concilium
386 2160 594 2188 celebrabatur
604 2161 742 2196 episcopo
758 2161 891 2196 ejusdem
909 2162 959 2189 Ec-

137 2205 236 2232 clesiae
249 2205 410 2241 presbyteri
423 2209 451 2232 et
462 2205 588 2233 diaconi.
601 2209 712 2241 quanto
729 2206 758 2233 id
770 2206 961 2233 verisimilius

136 2250 171 2276 de
184 2249 332 2285 praecipuo
342 2258 375 2277 ac
387 2250 481 2285 primo
506 2250 688 2286 presbytero.
715 2251 812 2286 qualis
828 2255 891 2278 tum
907 2252 962 2287 Cy—

136 2294 222 2321 rillus
238 2298 308 2323 erat.
319 2295 364 2321 cui
379 2295 596 2330 etepiscopalia
609 2296 720 2326 munia.
738 2299 767 2322 et
779 2296 869 2324 totius
885 2305 960 2332 pene

136 2339 276 2367 Ecclesia:
305 2328 524 2368 administratio
546 2340 739 2368 concredita?
764 2328 909 2375 Secundo,
930 2342 960 2370 id
978 2328 999 2359 Β

138 2384 264 2411 suadent
277 2386 489 2421 consequentia
500 2385 599 2421 Cyrilli
610 2389 702 2422 gesta;
715 2394 784 2413 nam
801 2395 860 2413 uno
870 2387 963 2414 ferme

137 2431 366 2459 duntaxatanno
379 2435 481 2467 postea
491 2432 527 2459 ab
541 2432 687 2468 episcopis
704 2432 861 2468 provinciae
878 2441 963 2460 cano-

136 2476 204 2503 nice
219 2476 249 2503 in
265 2476 333 2503 sede
348 2476 615 2512 llierosolymitana
628 2477 790 2505 collocatus
803 2481 856 2505 est.
869 2478 961 2506 Iidem

136 2525 223 2548 erant
239 2521 367 2557 episcopi
385 2522 435 2557 qui
457 2522 583 2549 concilio
608 2530 657 2550 an.
684 2523 735 2549 349
753 2522 961 2557 interfuerant,

138 2574 193 2593 nec
205 2567 235 2593 in
247 2567 310 2601 ejus
319 2566 494 2594 electionem
502 2567 725 2602 conspirassent
734 2576 822 2602 quem
833 2568 962 2596 sibicon-

134 2612 275 2647 junctum.
285 2612 433 2639 sententia
443 2620 502 2639 non
516 2620 532 2638 n
539 2612 676 2639 ovissent.
686 2613 751 2648 Ipse
760 2613 844 2640 initio
852 2614 963 2649 episco-

136 2658 225 2691 patus
241 2655 274 2683 ad
293 2656 497 2683 Constantium
525 2656 669 2685 scribens.
696 2657 726 2684 in
744 2657 802 2685 flne
828 2658 961 2693 epistolas

136 2701 421 2729 consubstantialem
446 2701 619 2728 Trinitatem
643 2701 790 2737 intrepide
810 2703 962 2738 professus

137 2748 181 2772 est
206 2746 333 2774 Tandem
350 2747 453 2783 paucis
468 2749 535 2782 post
549 2747 637 2774 annis
653 2747 757 2774 habuit
771 2756 838 2775 cum
855 2749 961 2776 Acacio

136 2791 266 2823 dissidia,
280 2801 346 2820 cum
364 2796 467 2820 mutua
477 2792 591 2819 violatas
608 2792 677 2819 fidei
688 2793 876 2821 accusatione
894 2803 959 2823 con-

133 2836 246 2872 juncta.
273 2838 472 2866 Ostendemus
488 2846 575 2873 porro
598 2837 674 2865 nihil
694 2837 836 2873 Cyrillum
854 2840 960 2867 Acacio

136 2885 241 2918 praeter
263 2887 405 2921 negatam
431 2883 781 2918 consubstantialitatem,
798 2883 874 2912 nihil
885 2885 959 2913 Aca-

1021 315 1126 344 tuisse.

1348 400 1466 427 CAPUT
1484 400 1518 427 V.

1019 473 1129 499 Mortuo
1144 471 1188 499 vel
1201 475 1381 511 exauctoralo
1405 475 1538 504 Maximo.
1566 474 1685 509 Cyrillus
1707 479 1770 511 post
1794 477 1849 504 alio

1055 511 1190 572 guantum
1206 510 1337 544 temporis
1350 511 1381 543 ﬁt
1406 511 1548 545 episcopus
1572 510 1846 547 Hierosolymilanus.

1077 546 1195 571 anonica
1210 545 1270 572 eius
1281 545 1422 572 ordinatio
1439 546 1599 572 defenditur
1614 548 1648 572 ab
1664 549 1792 572 imnactis
1801 558 1846 572 ητι-

1077 546 1195 582 anonica
1210 545 1270 579 ejus
1281 545 1422 582 ordinatio
1439 546 1599 580 defenditur
1614 548 1648 575 ab
1664 545 1792 582 impactis
1801 558 1847 577 ca-

1056 580 1174 620 lumniis
1210 581 1314 620 Lucida
1338 589 1411 620 crudi
1432 583 1628 620 Hierosolymis
1665 580 1847 620 conspicitur.

1055 616 1139 651 idque
1154 617 1313 645 Constantio
1328 619 1442 645 nuntiat
1459 616 1589 653 Cyrillus.

1055 690 1099 716 22.
1115 688 1334 717 Difﬁcillimum
1348 692 1377 717 et
1390 690 1614 718 vexatissimum
1625 691 1779 728 ingredior
1793 692 1849 728 Cy-

1019 733 1147 761 rillianm
1164 734 1228 761 vitm
1246 737 1373 770 tempus,
1391 735 1569 771 episcopalis
1582 736 1726 764 nimirum
1741 737 1847 774 [XVIII]

1020 779 1086 814 ejus
1101 778 1299 807 ordinationis
1314 788 1321 813 ;
1335 788 1400 815 quas
1413 780 1448 807 ab
1461 781 1633 809 auctoribus
1644 782 1733 809 etiam
1745 791 1847 818 mqua-

1018 824 1098 851 libus
1114 832 1222 861 magna
1236 825 1388 858 varietate,
1406 825 1442 852 ab
1459 826 1614 853 nonnullis
1626 834 1694 854 vero
1706 835 1772 854 cum
1783 835 1847 864 gra-

1018 869 1139 897 vissima
1154 873 1182 897 et
1198 870 1369 898 incredibili
1385 879 1507 906 prorsus
1521 871 1623 906 Cyrilli
1637 871 1846 901 criminatione

1018 915 1179 950 conjuncta
1194 915 1330 943 rrfertur.
1349 916 1385 943 Ut
1400 924 1468 943 cum
1485 916 1585 951 aliquo
1610 917 1716 945 ordine
1742 926 1845 954 proce-

981 960 1001 992 B
1018 960 1135 994 damus,
1151 960 1238 996 plura.
1259 960 1403 988 habemus
1434 961 1483 988 hic
1508 962 1686 990 tractanda:
1714 964 1742 990 1ο
1771 964 1846 991 Num

1018 1009 1113 1033 morte
1129 1014 1167 1033 an
1184 1006 1369 1041 depositione
1391 1006 1504 1033 ﬁnierit
1526 1007 1730 1043 episcopatum
1755 1008 1848 1035 Maxi-

1016 1059 1084 1079 mus
1097 1060 1104 1083 ;
1115 1053 1144 1077 2°
1154 1059 1212 1086 quo
1225 1059 1303 1078 anno
1316 1051 1460 1078 Maximus
1472 1051 1675 1088 episcopatum
1696 1053 1847 1088 clauserit,

1018 1099 1047 1124 et
1060 1095 1162 1123 inierit
1177 1095 1325 1131 Cyrillus;
1342 1096 1372 1122 3°
1388 1096 1592 1131 expendendos
1602 1097 1690 1124 variaa
1704 1098 1733 1124 in
1745 1098 1848 1134 Cyrilli

1017 1141 1237 1169 ordinationem
1248 1140 1583 1177 criminationes,eaque
1595 1141 1675 1169 abiis
1683 1142 1846 1172 liberanda.

1017 1186 1049 1214 Id
1065 1194 1152 1222 porro
1169 1185 1380 1221 praestabimus
1396 1185 1476 1213 nudo
1492 1187 1624 1214 veritatis
1640 1195 1751 1220 amore,
1764 1188 1847 1216 nullo

1017 1230 1160 1266 Cyrillum
1188 1233 1370 1266 praepostere
1397 1231 1544 1266 purgandi
1570 1231 1669 1259 studio
1692 1233 1846 1268 occupati;

1017 1276 1068 1304 sed
1097 1276 1316 1305 auctoritatem.
1346 1275 1474 1303 liberum
1505 1275 1540 1304 de
1571 1276 1712 1305 omnibus
1742 1278 1846 1306 lectori

1013 1321 1165 1357 judicium
1180 1321 1400 1356 permittemus.

1051 1397 1096 1423 23.
1115 1395 1312 1431 Hieronymus
1329 1395 1360 1422 in
1377 1394 1513 1423 Chronico
1528 1394 1565 1423 ad
1582 1403 1651 1423 ann.
1669 1395 1730 1429 349,
1748 1405 1777 1432 p.
1795 1397 1845 1424 183

1015 1442 1077 1477 (qui
1096 1441 1217 1477 quidem
1234 1440 1438 1468 numerandus
1455 1443 1501 1468 est
1516 1441 1567 1468 350
1584 1451 1591 1470 :
1608 1449 1678 1469 nam
1704 1441 1735 1469 in
1760 1442 1847 1470 Chro—

1014 1488 1076 1514 nico
1085 1487 1137 1514 illo
1148 1495 1206 1514 uno
1218 1494 1295 1513 anno
1306 1494 1396 1513 ieram
1405 1489 1536 1513 nostram
1549 1486 1715 1521 anticipat),
1729 1487 1846 1514 Maximi

1015 1536 1141 1560 mortem
1158 1531 1290 1567 assignat
1318 1531 1557 1565 Quadragesimus.
1576 1531 1685 1566 inquit.
1711 1532 1847 1560 Maximus

1013 1581 1075 1613 post
1092 1577 1244 1604 Macarium
1273 1576 1527 1611 Hierosolymorum
1550 1575 1693 1611 episcopus
1717 1577 1845 1604 moritur.

1021 1622 1131 1650 Deinde
1149 1625 1215 1657 post
1231 1621 1417 1656 aliquantum
1436 1621 1579 1656 temporis
1595 1630 1653 1657 quo
1670 1621 1772 1649 sedem
1797 1630 1846 1649 va-

1019 1676 1102 1695 casse
1116 1667 1166 1699 ait.
1184 1666 1404 1694 ordinationem
1420 1666 1520 1702 Cyrilli
1532 1675 1584 1701 per
1597 1667 1735 1693 Acacium
1750 1667 1846 1695 Caesa-

1018 1713 1148 1740 riensem
1160 1715 1189 1739 et
1204 1714 1327 1739 creteros
1339 1711 1494 1746 episcopos
1507 1711 1632 1738 Arianos
1642 1711 1843 1746 potuit.Theo-

1016 1756 1312 1792 doretusquoquelib
1333 1765 1351 1783 u
1361 1756 1423 1783 Hist
1444 1756 1548 1785 eccles..
1561 1764 1614 1791 cap
1638 1758 1683 1788 26,
1700 1756 1842 1791 Cyrillum

1016 1802 1120 1830 scribit
1134 1801 1305 1837 apostolica:
1319 1800 1462 1828 doctrinas
1473 1804 1724 1836 propugnatorem
1736 1801 1843 1828 acerri-

1015 1855 1108 1879 mum,
1125 1847 1152 1873 ὃ.
1171 1846 1214 1873 Ma
1236 1845 1296 1872 imo
1310 1845 1346 1872 ad
1364 1845 1452 1872 vitam
1468 1845 1544 1872 senii
1562 1848 1711 1880 expertem
1738 1849 1840 1873 trans—

1015 1892 1076 1919 lato
1093 1889 1293 1926 episcopalem
1314 1889 1438 1925 gratiam
1457 1890 1679 1925 promeruisse:
1697 1889 1803 1916 Τοῦτηυ
1814 1888 1842 1916 δὲ

1014 1937 1053 1968 εἲς
1073 1934 1169 1973 ἀγήρω
1201 1934 1416 1970 μεταναστάντος
1447 1934 1518 1971 βίον,
1545 1932 1685 1970 Κύριλλᾱς
1709 1935 1758 1967 τῆς
1782 1933 1841 1961 ἐπι-

1014 1984 1148 2014 σκοπεκῆς
1167 1979 1280 2016 χάριτος
1295 1979 1413 2013 ἠξιώθη.
1433 1981 1470 2007 At
1493 1980 1628 2007 Socrates
1653 1979 1705 2007 lib.
1724 1988 1741 2007 ll
1759 1980 1841 2014 Hist,

1014 2037 1077 2064 cap.
1096 2028 1139 2058 3R,
1169 2026 1294 2053 scribit:
1319 2027 1434 2052 Aeacius
1464 2031 1488 2052 et
1516 2025 1694 2060 Patraphilus
1724 2027 1844 2052 MaJJimo

1013 2072 1265 2106 Hierosolymorum
1295 2071 1420 2105 eerulso,
1452 2070 1585 2105 Cyrillum
1615 2070 1744 2097 uniuersus
1774 2079 1835 2097 eiun

1014 2120 1223 2147 constituerant.
1253 2117 1357 2144 Iisdem
1382 2116 1443 2143 fere
1460 2116 1557 2143 verbis
1578 2116 1755 2143 Sozomenus
1786 2116 1837 2142 lib.

1014 2173 1049 2197 Iv,
1064 2172 1128 2199 cap.
1147 2165 1180 2190 20
1216 2163 1334 2190 Acan/us
1361 2165 1386 2188 et
1410 2162 1588 2196 I‘alrophilus
1609 2163 1762 2188 Mucimum
1788 2170 1839 2188 au-

1012 2211 1144 2245 ferentes.
1188 2208 1467 2241 Hierosolymilanum
1499 2207 1644 2233 Ecclesium
1670 2206 1773 2241 Cyrillo
1799 2215 1844 2233 rc-

1013 2254 1337 2289 gendamper-miserant.
1362 2252 1427 2279 Hmc
1454 2252 1529 2279 alter
1556 2251 1591 2278 ab
1610 2252 1703 2278 altero
1730 2251 1840 2278 exscri-

1015 2300 1110 2335 psisse
1127 2299 1241 2325 videtur
1270 2297 1431 2325 Amborum
1461 2296 1560 2329 credo,
1582 2297 1758 2323 auctoritate
1775 2305 1844 2332 per—

1017 2345 1101 2372 moti.
1118 2344 1220 2371 eadem
1248 2346 1388 2378 repetunt
1410 2342 1605 2377 Theophanes
1622 2342 1652 2369 in
1670 2342 1845 2375 Chrouogra-

1015 2390 1097 2425 phia,
1116 2398 1171 2424 pag
1198 2389 1250 2420 35k;
1283 2389 1494 2423 Metaphrastes
1512 2388 1541 2414 in
1561 2388 1625 2413 Vim
1641 2388 1659 2414 S
1686 2387 1845 2414 Athanasii.

1019 2435 1069 2469 qui
1086 2434 1150 2470 ipsa
1166 2433 1294 2460 Socratis
1311 2433 1399 2459 verba
1430 2431 1602 2459 transcribit
1618 2440 1689 2458 num
1720 2433 1747 2457 ll
1780 2439 1844 2466 pag.

1020 2481 1087 2513 149;
1105 2479 1236 2506 incertus
1251 2481 1354 2505 auctor
1383 2477 1505 2504 alterius
1536 2477 1606 2503 Vita
1630 2477 1658 2503 S.
1685 2476 1846 2509 Athanasii,

1018 2524 1090 2552 ibid.
1110 2533 1190 2550 num.
1211 2524 1253 2556 l9,
1273 2531 1327 2558 pag
1358 2523 1416 2555 120,
1435 2521 1483 2556 qui
1515 2520 1656 2556 Cyrillum
1685 2523 1765 2547 tanto
1789 2521 1846 2548 im-

1017 2569 1136 2606 pietatis
1149 2569 1246 2596 studio
1258 2575 1415 2595 accensum
1429 2566 1628 2601 dicit,quanto
1638 2566 1680 2592 vel
1691 2566 1845 2598 Maximus,

1017 2614 1060 2642 vel
1070 2614 1169 2650 potius
1182 2613 1360 2641 Athanasius
1370 2612 1399 2638 in
1415 2611 1554 2646 pietatem
1568 2611 1730 2641 ferebatur;
1745 2614 1848 2638 auctor

1018 2659 1151 2696 synodici
1170 2658 1274 2685 libelli.
1291 2656 1340 2692 qui
1354 2656 1466 2692 synodo
1482 2656 1695 2692 Hierosolymis
1707 2657 1743 2683 ab
1757 2656 1847 2683 hmre-

1018 2703 1084 2731 ticis
1101 2705 1212 2730 coacta.
1231 2701 1388 2727 Maximum
1406 2700 1562 2735 expulsum
1580 2703 1607 2726 et
1620 2699 1761 2735 Cyrillum
1778 2700 1846 2727 sub-

1016 2751 1152 2784 rogatum
1169 2747 1219 2774 ait.
1239 2747 1348 2773 Ilorum
1366 2745 1453 2773 verba
1471 2745 1501 2772 in
1519 2744 1690 2772 Testimoniz's
1706 2745 1767 2772 deS
1794 2745 1843 2779 Cy-

1017 2793 1081 2820 rillo
1097 2795 1121 2819 et
1146 2790 1257 2826 Scriptis
1283 2791 1341 2825 ejus
1357 2799 1373 2817 a
1389 2789 1475 2816 nobis
1501 2797 1553 2816 suo
1573 2788 1678 2816 ordine
1704 2789 1843 2824 ascripta.

1017 2839 1147 2871 Quorum
1166 2837 1203 2863 sit
1220 2835 1293 2863 ratio
1310 2835 1417 2871 potior,
1435 2834 1660 2870 inquirendum.
1674 2833 1702 2860 Si
1714 2833 1846 2861 auctori—

1016 2887 1107 2912 tatem
1124 2882 1289 2919 sequimur,
1306 2881 1456 2909 Socratem
1473 2884 1502 2908 et
1513 2881 1706 2908 Sozomenum
1721 2882 1768 2916 (ex
1777 2878 1843 2916 qui-
