4052 6368
359 353 437 422 51
1649 348 1752 412 DE
1801 345 1991 412 VITA
2035 357 2039 411 ἑ

2150 343 2338 412 CYRJ
2347 348 2497 411 ιιι.
3730 354 3809 417 BI

365 486 502 556 bus,
529 484 624 543 vel
641 483 844 560 potius
867 497 1126 558 quorum
1149 499 1224 543 ex
1250 484 1438 542 altero
1462 481 1660 542 caeteri
1683 481 1784 557 qui
1805 479 2030 539 similia
2060 480 2112 551 Α
2145 479 2322 538 Plura
2353 481 2665 539 exstabant
2692 485 2893 540 vetera
2922 482 2985 540 in
3019 482 3180 558 ipsos
3209 482 3695 541 Eusebianorum
3716 485 3812 559 ju-

379 576 693 650 scripsere,
718 575 1079 632 sententiam
1112 591 1280 631 suam
1314 579 1719 648 sumpserunt)
1760 577 2027 644 tempore

377 667 637 726 multum
668 665 970 722 antecedit
1003 666 1418 738 Hieronymus,
1451 664 1730 738 gravitate
1752 668 1952 718 autem
1972 667 2031 718 et

375 755 918 815 ecclesiasticarum
939 755 1123 827 Syria)
1143 771 1342 811 rerum
1365 755 1581 828 peritia
1601 752 2027 808 Theodoretus.

379 847 468 904 Ad
496 846 624 902 hinc
656 845 1072 918 Hieronymus,
1106 844 1167 900 in
1194 842 1402 901 eodem
1428 844 1556 899 loco
1577 841 1796 916 Cyrillo
1818 857 2029 914 parum

372 941 740 1008 favorabilis,
773 945 833 996 et
877 939 1262 996 inimicorum
1312 939 1445 1011 ejus
1495 937 1816 995 maledicta
1865 941 2028 992 tran-

375 1031 602 1100 scribit,
637 1029 740 1103 qui
775 1029 930 1087 hanc
960 1045 1200 1102 quoque
1231 1028 1626 1101 depositionis
1647 1025 1882 1082 Maximi
1915 1025 2031 1081 cir-

374 1120 796 1180 cumstantiam
854 1136 972 1176 non
1021 1118 1386 1176 omisissent.
1439 1117 1606 1185 Quod
1655 1115 2032 1189 illegitimam

372 1211 606 1270 Maximi
619 1209 1100 1267 deturbationem
1116 1214 1362 1266 narrant
1376 1214 1434 1266 et
1446 1207 1840 1265 ordinationis
1853 1205 2035 1280 Cyril-

372 1301 550 1358 lianaa
601 1299 859 1357 arbitros
905 1304 964 1355 et
1019 1299 1306 1355 dominos
1363 1297 1596 1355 faciunt
1649 1296 1931 1353 Acacium
1975 1299 2035 1351 et

373 1389 782 1463 PatroPhilum
814 1387 989 1462 longe
1025 1388 1318 1461 superiori
1367 1403 1436 1444 ac
1484 1387 1736 1461 graviori
1787 1387 2032 1441 Patrum

378 1478 617 1537 concilii
647 1479 756 1536 CP.
784 1477 1139 1534 auctoritate
1167 1477 1549 1544 refelluntur,
1584 1475 1686 1548 qui
1744 1473 2033 1546 Cyrillum

376 1567 664 1626 canonice
693 1565 767 1622 ab
799 1567 1096 1640 episcopis
1125 1567 1448 1639 provincia:
1497 1564 1642 1620 olim
1689 1564 2032 1620 ordinatum

375 1657 560 1714 fuisse
594 1661 908 1713 testantur.
945 1658 1061 1712 Nec
1091 1655 1434 1728 hujusmodi
1471 1661 1704 1728 tempus
1735 1659 1882 1720 erat,
1915 1668 2032 1724 quo

379 1748 632 1804 Aeacius
645 1752 705 1802 et
721 1745 1102 1819 Patrophilus
1115 1745 1236 1801 sive
1257 1745 1319 1801 in
1341 1745 1596 1802 concilio
1613 1749 1843 1800 servata
1861 1741 2033 1817 [XIX]

2137 570 2312 628 dicia.
2347 589 2478 644 qum
2529 573 2724 630 solum
2785 574 3155 630 exsecutioni
3216 574 3566 630 mandanda
3617 580 3807 630 erant.

2138 661 2294 716 Nihil
2332 662 2527 717 simile
2560 662 2632 718 de
2666 663 2942 730 Maximo,
2977 664 3134 719 haud
3167 665 3249 720 ita
3298 665 3544 720 Arionis
3595 665 3808 736 inviso,

2138 751 2309 822 cujus
2332 751 2627 824 judicium
2663 751 2907 824 aliquod
2938 753 3150 809 saltem
3183 753 3608 808 instruendum
3661 761 3805 812 erat.

2139 841 2254 896 Nec
2286 841 2426 898 ullis
2459 844 2602 899 satis
2634 844 2810 900 certis
2842 846 3250 900 monumentis
3282 849 3522 900 constat
3552 846 3805 902 Arianos

2140 930 2424 987 saevitiam
2440 933 2499 987 in
2517 933 2667 987 alios
2683 948 2716 987 a
2734 949 2913 1004 supra
2941 933 3115 988 dictis
3134 934 3442 1006 epiSCOpos
3458 935 3803 990 exercuisse

2139 1027 2277 1077 ante
2309 1038 2408 1079 an.
2443 1024 2537 1077 35t
2579 1029 2636 1076 et
2664 1023 2970 1078 victoriam
3004 1023 3075 1078 de
3135 1025 3472 1097 Magnentio
3523 1031 3802 1097 reporta-

2139 1119 2282 1180 tam,
2318 1121 2454 1187 post
2485 1132 2664 1188 quam
2697 1133 2758 1171 se
2792 1117 3172 1172 Constantius
3209 1117 3444 1172 Arionis
3474 1117 3672 1191 magis
3701 1117 3801 1173 ad-

2140 1205 2307 1261 dixit.
2337 1206 2480 1261 Cum
2511 1206 2670 1262 enim
2705 1206 2974 1263 Socrates
3007 1207 3137 1262 loco
3166 1208 3348 1263 citato
3399 1212 3457 1262 et
3489 1209 3801 1263 Sozomen.

2140 1295 2244 1351 lib.
2277 1313 2348 1365 IV,
2383 1313 2511 1369 cap.
2547 1299 2599 1360 2,
2628 1295 2952 1352 nonnullas
2985 1296 3133 1353 alias
3165 1296 3364 1352 statim
3402 1302 3545 1369 post
3575 1296 3806 1354 obitum

2141 1386 2482 1442 Constantis
2513 1385 2931 1458 episcoporum
2965 1386 3398 1442 catholicorum
3429 1385 3806 1458 dejectiones

2143 1475 2424 1548 assignat,
2450 1475 2531 1530 ibi
2558 1483 2674 1532 tam
2699 1475 2888 1531 multa
2910 1476 3192 1532 adversus
3222 1482 3447 1532 rectam
3473 1476 3804 1532 ordinatio-

2142 1583 2280 1622 nem
2301 1571 2636 1638 tempornm
2659 1572 2928 1638 peccant,
2953 1571 3016 1620 ut
3033 1566 3184 1622 nihil
3211 1567 3354 1621 certi
3375 1566 3569 1638 possit
3585 1582 3657 1621 ex
3681 1565 3806 1622 sola

2144 1673 2352 1712 eorum
2385 1656 2736 1712 auctoritate
2769 1655 3068 1711 constitui.
3107 1655 3243 1710 Mihi
3274 1672 3410 1711 vero
3445 1673 3802 1728 persuasum

2145 1753 2253 1812 est,
2289 1747 2606 1802 Maximum
2639 1745 2712 1800 ab
2745 1746 2956 1801 Acacio
3001 1762 3197 1818 neque
3248 1761 3405 1800 anno
3457 1746 3564 1799 349
3607 1762 3801 1817 neque

378 1836 640 1893 exterius
655 1835 814 1909 juris
834 1835 1048 1903 forma,
1072 1835 1193 1891 sive
1223 1835 1273 1891 si
1304 1840 1532 1908 aperta,
1563 1839 1742 1906 atque
1783 1834 2035 1906 impera-
2064 1850 2109 1916 Β
2140 1841 2245 1894 350
2274 1837 2612 1910 depositum
2645 1835 2850 1903 fuisse,
2882 1836 2968 1890 vel
3003 1835 3221 1908 deponi
3254 1834 3548 1908 potuisse.

377 1925 524 1982 toris
549 1924 770 1994 favore,
795 1925 1114 1982 Maximum
1146 1940 1484 1998 expugnare
1512 1923 1762 1996 possint.
1788 1923 2030 1990 Omnes,

375 2015 462 2072 uti
493 2015 770 2080 vidimus,
796 2031 867 2071 ex
898 2015 1228 2071 Athanasio
1259 2031 1391 2087 sup.
1425 2031 1592 2070 num.
1627 2016 1694 2068 20
1728 2015 1895 2080 et2l,
1922 2014 2033 2068 Pa-

375 2104 629 2162 lmstinas
652 2104 938 2178 episcopi,
963 2103 1196 2162 duobus
1221 2105 1314 2160 vel
1341 2103 1548 2172 tribus,
1571 2104 1683 2159 hoc
1702 2109 1790 2159 est
1819 2102 2034 2159 Acacio

377 2200 439 2253 et
461 2195 810 2268 Patrophilo
840 2195 1124 2268 exceptis,
1161 2211 1222 2251 se
1255 2196 1317 2250 in
1348 2193 1626 2262 concilio,
1651 2194 1874 2250 omisso
1897 2197 2039 2248 Aca-

379 2285 470 2344 cio
498 2284 881 2358 metropolita
929 2301 1059 2353 suo,
1117 2284 1192 2341 ad
1248 2285 1569 2341 Maximum
1618 2283 2034 2356 adjungentes,

380 2373 685 2450 synodicis
713 2373 1084 2431 Sardicensis
1113 2373 1355 2430 concilii
1389 2373 1607 2429 litteris
1669 2371 2040 2445 subscripse-

381 2469 556 2532 rant;
591 2463 810 2536 quibus
831 2463 1082 2520 Aeacius
1115 2462 1242 2536 ipse
1274 2479 1396 2520 non
1448 2463 1795 2535 episcopatu
1844 2462 2038 2518 solum

381 2552 713 2619 abdicatus,
747 2551 850 2609 sed
881 2558 942 2609 et
970 2553 1102 2626 ipsa
1131 2552 1403 2608 ﬁdelium
1435 2552 1862 2608 communione
1915 2551 2041 2624 pri-

381 2642 610 2700 vandus
634 2641 1094 2707 decernebatur,
1145 2641 1302 2714 apud
1353 2642 1571 2698 Athan.
1614 2642 1842 2714 Apolog.
1889 2648 2038 2699 cont.

383 2733 584 2790 Arian.
617 2749 783 2790 num.
817 2735 906 2802 49,
939 2749 1068 2806 pag.
1107 2734 1227 2788 167.
1263 2734 1352 2789 An
1385 2732 1499 2806 ipsi
1533 2733 1787 2788 transitu
1807 2749 1944 2789 mox
1967 2731 2042 2788 ad

383 2823 663 2881 Acacium
692 2823 868 2892 facto,
901 2840 1039 2880 cum
1084 2839 1156 2878 eo
1204 2822 1265 2878 in
1317 2823 1755 2896 depositionem
1805 2823 2042 2880 Maximi

388 2913 885 2986 conspirassent?
901 2918 959 2969 et
979 2927 1161 2986 quam
1184 2911 1259 2968 ob
1285 2929 1526 2969 causam
1544 2913 1572 2968 ?
1591 2915 1733 2969 Eam
1755 2913 2043 2968 nimirum

389 3018 521 3076 quas
554 3003 700 3075 ipsis
731 3019 868 3059 cum
899 3019 968 3060 eo
1000 3002 1338 3058 communis
1369 3007 1516 3068 erat,
1545 3003 1606 3058 in
1640 3019 1759 3075 qua
1786 3002 2043 3076 propria)

386 3093 768 3150 conscientia!
800 3092 1063 3149 stimulis
1095 3091 1534 3161 satisfacerant,
1576 3093 1713 3149 dum
1734 3091 2044 3150 Athanasii

2211 1933 2298 1986 24.
2333 1931 2458 1996 Quo
2491 1945 2646 1985 anno
2679 1928 2857 1984 vitam
2905 1928 2996 1984 vel
3047 1928 3456 2001 episcopatum
3515 1928 3804 1985 clauserit

2139 2019 2448 2085 Maximus,
2477 2035 2596 2074 non
2629 2018 2772 2074 satis
2803 2017 3046 2073 deﬁnite
3106 2018 3404 2074 afﬁrmare
3453 2035 3796 2092 possumus,

2140 2109 2287 2182 quin
2308 2108 2612 2180 Cyrilliani
2645 2108 3020 2180 episcopatus
3049 2108 3224 2164 initia
3243 2109 3504 2180 primum
3530 2109 3794 2181 assigna-

2140 2202 2419 2258 verimus.
2454 2201 2595 2273 [XX]
2628 2199 2883 2271 Cyrillus
2914 2216 3034 2255 non
3081 2200 3274 2256 serius
3322 2217 3420 2256 an.
3476 2202 3576 2256 351
3629 2199 3794 2256 initio

2142 2291 2687 2364 Hierosolymorum
2711 2291 3026 2363 episcopus
3043 2290 3174 2347 fuit.
3189 2289 3413 2347 Eodem
3436 2290 3602 2346 enim
3615 2306 3793 2358 anno,

2142 2399 2347 2440 mense
2370 2382 2540 2449 Maio,
2560 2381 2654 2438 die
2683 2381 3278 2454 septima,epistolam
3291 2381 3364 2436 ad
3379 2379 3794 2438 Constantium

2143 2473 2326 2540 dedit,
2358 2477 2426 2528 ut
2458 2471 2688 2528 idoneis
2721 2471 3088 2545 argumentis
3110 2470 3497 2544 probavimus
3520 2471 3581 2526 in
3604 2469 3798 2526 admo-

2143 2564 2253 2622 nit.
2286 2563 2506 2637 praevia
2534 2561 2608 2618 ad
2638 2561 2792 2619 hanc
2814 2561 3334 2635 epistolam,num-
3363 2563 3452 2617 10.
3483 2562 3601 2617 Nec
3623 2559 3795 2616 etiam

2147 2655 2336 2712 multo
2369 2659 2505 2710 ante
2535 2651 2846 2708 ordinatus
2877 2656 3022 2718 erat,
3056 2651 3165 2708 has
3197 2651 3356 2707 enim
3390 2651 3622 2723 primas
3672 2663 3797 2705 esse

2147 2745 2480 2802 litterarum
2513 2759 2580 2798 ac
2609 2758 2955 2797 sermonum
2988 2758 3232 2797 suorum
3265 2741 3586 2814 primitias,
3615 2736 3798 2796 decla-

2149 2851 2282 2893 rare
2314 2833 2546 2890 videtur
2575 2831 2669 2888 his
2703 2831 2920 2900 verbis,
2970 2848 3138 2888 num.
3176 2835 3196 2886 t
3236 2848 3250 2886 :
3283 2832 3503 2888 Primas
3551 2831 3710 2886 hasce
3736 2841 3802 2882 ea:

2149 2924 2546 2994 Hierosolymis
2577 2923 2651 2978 ad
2680 2929 2753 2985 te,
2809 2923 2916 2976 Deo
2973 2921 3170 2978 dilecte
3218 2923 3550 2992 imperator,
3593 2920 3803 2974 littera-

2151 3032 2273 3072 rum
2298 3015 2583 3086 primitias
2613 3014 2823 3076 mitto;
2870 3017 2927 3065 et
2975 3027 3140 3066 num.
3175 3014 3205 3064 7
3245 3027 3258 3066 :
3290 3013 3402 3068 Has
3458 3012 3560 3067 tibi
3610 3013 3792 3064 nostro

2152 3121 2278 3161 rum
2305 3119 2636 3168 sermonum,
2671 3103 2782 3157 Deo
2831 3099 3179 3156 dilectissime
3226 3101 3556 3172 imperator,
3606 3097 3800 3168 offerre

387 3181 856 3251 damnationem,
889 3182 981 3238 cui
1013 3182 1066 3237 vi
1096 3186 1155 3237 et
1182 3187 1344 3238 metu
1376 3187 1547 3238 erant
1573 3182 1825 3252 assensi,
1847 3187 2032 3238 retra-
2068 3215 2112 3284 ο
2151 3196 2431 3268 primum
2446 3211 2467 3258 ;
2499 3192 2596 3247 has
2645 3208 2714 3246 ex
2755 3190 3138 3261 Hierosolymis
3186 3191 3399 3262 prima;
3447 3190 3553 3245 (ibi
3581 3187 3798 3258 eloquor

388 3276 643 3329 ctarunt.
674 3272 915 3328 Aliosne
945 3271 1195 3329 Acacius
1244 3288 1316 3327 ex
1363 3271 1530 3346 Syria
1575 3271 1865 3328 acciverat
1911 3287 2034 3327 sua)

393 3361 707 3419 sententim
737 3361 1050 3434 episcopos
1070 3361 1099 3416 ?
1128 3360 1230 3416 sed
1261 3378 1377 3433 quo
1392 3361 1530 3434 jure
1548 3360 1743 3416 facere
1765 3358 2044 3433 poterat?

395 3452 692 3508 Praeterea
721 3450 936 3506 borum
965 3449 1066 3522 qui
1097 3450 1422 3506 Athanasio
1454 3449 1673 3505 infensi
1696 3454 1886 3517 erant,
1909 3463 2042 3521 qum

397 3546 558 3598 esset
585 3557 680 3598 an.
715 3542 820 3598 349
851 3545 910 3596 et
937 3555 1128 3612 usque
1157 3540 1232 3596 ad
1262 3543 1516 3596 mortem
1539 3538 1876 3595 Constantis
1903 3555 2041 3594 sen-

396 3631 585 3687 tentia
601 3647 670 3687 ac
691 3630 791 3703 qui
822 3646 1024 3688 rerum
1056 3635 1266 3699 status,
1290 3629 1384 3686 his
1413 3628 1606 3686 verbis
1635 3629 1828 3702 aperit
1859 3629 2040 3686 Atha-

391 3721 597 3778 nasius
625 3723 768 3780 Hist.
802 3723 1006 3778 Arion.
1039 3737 1205 3776 num.
1239 3724 1348 3776 25:
1382 3721 1467 3777 Ea:
1522 3719 1650 3776 aliis
1697 3721 1925 3791 quidam
1969 3721 2043 3776 ad

387 3813 691 3870 Athanasii
715 3819 1064 3884 conspectum
1095 3813 1287 3884 affecti
1331 3810 1550 3882 pudore
1586 3811 1698 3866 sint
1725 3829 1747 3876 ;
1789 3811 2044 3867 nonnulli

394 3917 579 3958 coram
607 3917 661 3958 se
689 3901 882 3958 sistere
909 3917 1023 3956 non
1062 3903 1204 3964 ausi,
1237 3916 1347 3956 sese
1371 3896 1650 3956 abdebant
1675 3917 1690 3966 ;
1724 3900 1828 3954 alii
1861 3901 2042 3971 pomi-

389 3991 569 4044 tentia
599 3989 776 4056 ducti,
807 4005 930 4060 qua
987 3989 1246 4044 adversus
1303 3987 1495 4060 [eum]
1551 3991 1863 4060 episcopum
1915 3987 2042 4044 sub-

386 4079 742 4149 scripserunt,
774 4077 1179 4132 retractabunt.
1213 4075 1328 4132 Sed
1377 4077 1429 4130 vi
1486 4083 1694 4149 aperta
1742 4081 2044 4150 grassatus

391 4172 482 4223 est
509 4166 778 4222 Acacius.
807 4166 1025 4220 Parum
1059 4163 1405 4220 favorabilia
1436 4164 1865 4220 interciderant
1897 4170 2044 4220 tem-

387 4273 570 4331 pora;
593 4256 719 4328 ipse
741 4254 1127 4329 pronuntiata
1143 4253 1214 4311 ad
1227 4270 1451 4309 versum
1487 4271 1549 4310 se
1572 4253 1811 4310 concilii
1847 4253 2044 4310 Sardi-

389 4346 586 4403 censis
607 4345 906 4402 sententia
926 4342 1316 4417 depositionis
1333 4350 1386 4398 ct
1410 4344 2044 4400 cxcommunicationis

386 4435 631 4492 infamis
649 4439 1076 4507 autsuspectus
1090 4433 1326 4491 saltem.
1345 4433 1750 4491 Reconciliato
1762 4435 2047 4491 Constan-

389 4525 457 4582 tii
486 4539 626 4596 erga
649 4523 1037 4580 Athanasium
1063 4528 1122 4580 et
1145 4523 1481 4581 Catholicos
1511 4523 1738 4591 animo,
1778 4541 1847 4581 ac
1874 4524 2042 4598 lega-

2149 3300 2320 3344 voces.
2349 3284 2488 3350 Quae
2516 3287 2714 3337 tamen
2746 3296 2867 3336 non
2898 3279 3152 3335 nimium
3183 3278 3472 3352 urgenda,
3494 3275 3663 3350 quasi
3680 3273 3796 3347 pri—

2148 3393 2278 3434 mas
2309 3372 2553 3430 omnino
2585 3371 2762 3426 hasce
2792 3370 3022 3426 litteras
3044 3385 3078 3425 a
3107 3370 3560 3424 consecratione
3582 3382 3688 3422 sua
3703 3362 3795 3418 de-

2151 3468 2338 3525 disset
2357 3469 2460 3520 aut
2481 3477 2652 3517 voces
2669 3460 3136 3532 pronuntiasset;
3153 3475 3262 3514 nec
3284 3458 3446 3515 aliud
3463 3457 3613 3514 forte
3628 3451 3796 3527 signi-

2153 3559 2354 3622 ﬁcant,
2371 3553 2486 3610 nisi
2502 3552 2609 3607 bas
2624 3566 2753 3606 esse
2766 3550 2989 3623 primas
3003 3565 3036 3604 a
3049 3565 3112 3604 se
3125 3548 3194 3604 ad
3212 3547 3638 3621 imperatorem
3662 3558 3811 3600 conv

2153 3643 2798 3720 scriptaslitterasNon
2813 3640 2894 3696 ibi
2917 3646 3116 3696 notam
3131 3639 3550 3713 facitAugusto
3565 3633 3798 3692 ordina-

2151 3740 2376 3796 tionem
2409 3750 2600 3799 suam,
2631 3749 2740 3788 nec
2775 3730 2948 3786 verbo
2994 3728 3237 3802 quidem
3283 3746 3498 3785 recens
3547 3728 3795 3795 acceptas

2152 3824 2622 3886 consecrationis
2650 3821 2944 3878 meminit.
2978 3819 3169 3876 Facile
3198 3826 3397 3874 tamen
3433 3819 3494 3874 in
3537 3813 3798 3872 omnium

2153 3916 2275 3973 fere
2297 3915 2527 3988 judicio
2557 3912 2895 3984 acquiesco,
2929 3910 3029 3983 qui
3065 3911 3216 3966 hanc
3267 3907 3584 3982 epistolam
3635 3899 3798 3960 initio

2152 3987 2462 4078 Cyrilliani
2516 4002 2888 4075 episcopatus
2946 3999 3145 4056 datam
3217 3999 3632 4072 pronuntiant.
3690 3987 3798 4048 Sed

2153 4093 2321 4150 nulla
2347 4092 2490 4149 mihi
2523 4089 2728 4147 videor
2757 4089 2990 4146 ratione
3022 4088 3344 4161 prohiberi,
3379 4087 3700 4160 quominus
3729 4079 3800 4136 il-

2152 4183 2276 4240 lum
2309 4181 2618 4239 mensibus
2645 4180 2873 4252 aliquot
2905 4179 2996 4235 vel
3019 4195 3175 4235 anno
3196 4179 3375 4235 etiam
3399 4178 3630 4249 integro
3653 4169 3799 4229 anti-

2152 4273 2367 4346 cipem.
2401 4273 2592 4338 Quare
2631 4275 3045 4326 consecratum
3089 4269 3260 4324 illum
3311 4285 3406 4324 an.
3460 4269 3564 4322 330
3612 4258 3801 4320 credi-

2154 4362 2366 4431 derim,
2409 4359 2648 4434 quando
2699 4376 2810 4431 pax
2863 4359 3138 4415 Ecclesiae
3188 4357 3520 4414 constabat.
3573 4355 3699 4410 Jam
3729 4346 3798 4404 de

2155 4459 2421 4508 extremo
2453 4449 2687 4507 Maximi
2720 4465 2877 4504 anno
2906 4448 3224 4522 agendum.
3257 4447 3313 4504 Si
3349 4448 3672 4503 Socratem.
3696 4439 3797 4494 So-

2153 4558 2486 4604 zomenum,
2520 4539 2810 4609 aliosque,
2836 4537 2936 4610 qui
2960 4536 3394 4609 depositionem
3411 4531 3646 4590 Maximi
3669 4541 3799 4585 cum

390 4616 554 4673 tione
576 4614 946 4672 Sardicensis
964 4613 1203 4670 concilii
1225 4613 1432 4681 lenito,
1458 4613 1694 4670 exsules
1716 4615 1936 4686 passim
1958 4631 2046 4672 re-
2079 4608 2120 4674 D
2151 4631 2354 4704 Cyl-ini
2381 4608 2758 4685 οιιάίιιαιίοέιο
2780 4608 3170 4699 οοξιλαηὲὶωι,
3195 4615 3800 4690 ευάίνειιίιηιιε,Μειιί-

387 4705 756 4763 vocabantur
775 4702 1063 4777 episcopi.
1087 4705 1204 4777 ipsi
1227 4703 1428 4761 Ariani
1446 4704 1625 4776 paulo
1641 4709 1778 4760 ante
1798 4705 2047 4778 Stepha-

389 4813 535 4855 num
570 4795 1032 4863 Antiochenum,
1064 4799 1310 4866 propter
1338 4800 1594 4852 structas
1624 4795 1754 4866 ipso
1803 4796 2042 4852 conscio

388 4886 706 4945 catholicis
734 4885 1095 4960 praesulibus
1111 4883 1382 4950 insidias,
1406 4884 1704 4958 deponere
1729 4902 1837 4958 per
1854 4885 1934 4941 im
1943 4901 2045 4958 pe-

388 4991 655 5044 ratorem
687 4985 896 5042 coacti.
930 4985 986 5042 is
1015 5000 1217 5042 rerum
1269 4989 1460 5041 status
1501 4999 1598 5042 an.
1649 4987 1773 5041 349.
1825 4986 2048 5042 Revera

389 5075 712 5132 Constante
735 5075 882 5130 anni
907 5074 1216 5146 sequentis
1233 5073 1404 5128 initio
1427 5089 1458 5129 e
1480 5073 1622 5130 vivis
1644 5074 1896 5144 sublato,
1922 5091 2046 5132 non

390 5162 492 5220 diu
523 5167 730 5236 postea
759 5162 1074 5218 recruduit
1099 5162 1457 5234 persecutio,
1515 5169 1758 5222 auctore
1807 5165 2045 5221 Socrate

395 5251 502 5309 lib.
539 5269 602 5320 ιι,
637 5267 764 5324 cap.
797 5253 892 5317 26,
925 5250 1240 5306 Marcellus
1269 5252 1522 5326 Ancyra,
1564 5259 1623 5310 et
1641 5253 1860 5311 Paulus
1891 5254 2045 5310 Con-

388 5339 780 5412 stantinopoli
795 5339 1006 5396 eodem
1027 5355 1196 5396 anno
1211 5341 1538 5398 Constantii
1557 5343 1908 5399 auctoritate
1922 5341 2052 5415 pul-

391 5429 464 5488 si.
493 5428 604 5486 Sed
622 5428 741 5486 alia
757 5434 887 5486 erat
908 5428 1065 5502 apud
1085 5428 1342 5486 Arianos
1363 5431 1622 5490 Marcelli
1649 5437 1706 5488 et
1727 5432 1918 5500 Pauli,
1933 5431 2052 5488 alia

397 5519 455 5576 S.
489 5517 726 5575 Maximi
757 5533 973 5576 causa:
1001 5517 1092 5574 illi
1125 5517 1395 5576 diuturni
1419 5527 1478 5576 et
1505 5523 1774 5594 perpetui
1800 5522 2049 5577 Ariano-

397 5623 533 5665 rum
562 5606 786 5673 hostes,
820 5623 978 5682 saape
1010 5607 1082 5664 ab
1118 5607 1264 5681 ipsis
1295 5609 1417 5666 suis
1446 5611 1728 5667 Ecclesiis
1748 5609 2055 5682 dejecti,et

399 5695 676 5765 caedium,
709 5711 856 5768 quas
885 5697 998 5770 ipsi
1031 5696 1233 5753 Ariani
1278 5704 1712 5773 perpetrarent,
1760 5698 2046 5756 accusati.

2153 4738 2318 4777 mum
2349 4719 2589 4776 nonnisi
2621 4735 2718 4774 an.
2751 4718 2851 4772 351
2886 4717 2974 4773 vel
3007 4719 3129 4774 332.
3164 4717 3278 4772 vita
3309 4715 3402 4773 vel
3459 4710 3800 4786 episcopatu

2153 4809 2428 4873 cessisse,
2461 4823 2835 4880 consequens
2867 4807 2979 4862 erit
3035 4806 3145 4861 Sed
3173 4807 3386 4862 horum
3418 4822 3452 4860 a
3483 4802 3656 4859 nobis
3677 4799 3799 4870 jam

2155 4898 2400 4972 explosa
2429 4913 2592 4954 num.
2632 4897 2938 4968 superiore
2959 4897 3256 4952 sententia
3278 4901 3386 4952 est.
3411 4895 3799 4962 Hieronymus

2154 4989 2215 5044 in
2247 4988 2517 5046 Chronico
2539 4986 2638 5042 ubi
2666 4991 2934 5057 tempora
2964 4985 3198 5059 digerit,
3231 4985 3552 5040 Maximum
3575 4996 3671 5036 an.
3703 4973 3800 5029 349

2157 5083 2461 5135 mortuum
2493 5075 2651 5131 facit.
2687 5074 2790 5130 Cui
2824 5075 2974 5130 nihil
3007 5075 3225 5130 certius
3255 5091 3323 5130 ac
3367 5069 3672 5130 fundatius
3703 5077 3798 5133 op-

2157 5167 2298 5242 poni
2329 5170 2559 5239 potest;
2593 5163 2701 5220 sub
2735 5169 3000 5220 extrema
3030 5164 3170 5220 anni
3195 5165 3297 5220 349
3322 5170 3591 5233 tempora
3609 5155 3802 5242 deces-

2157 5239 2306 5312 sisse
2327 5254 2499 5310 illum
2522 5257 2886 5325 oportet.aut
2900 5253 3098 5326 potius
3120 5253 3262 5308 anni
3282 5249 3589 5324 sequentis
3611 5239 3794 5304 initio,

2158 5345 2259 5418 qui
2277 5361 2433 5400 anno
2456 5344 2558 5398 349
2585 5343 2904 5399 concilium
2927 5348 3272 5399 transeunte
3295 5335 3618 5398 Athanasio
3647 5327 3798 5388 cele-

2157 5435 2448 5490 braverat.

2230 5526 2318 5577 25.
2354 5521 2567 5578 Sedem
2598 5521 2948 5594 aliquandiu
3003 5537 3241 5576 vacasse
3294 5519 3452 5578 idem
3500 5511 3666 5571 tostis
3713 5506 3798 5560 est

2157 5611 2574 5683 Hieronymus,
2593 5610 2735 5668 dum
2764 5613 2847 5668 ait
2869 5612 3116 5668 Maximo
3141 5615 3397 5679 mortuo,
3437 5601 3712 5662 Acacium
3742 5595 3798 5649 et

2161 5705 2405 5756 cmteros
2429 5701 2734 5774 episcopos
2756 5703 3004 5758 Arianos
3025 5699 3241 5771 Cyrillo
3261 5700 3660 5772 episcopatum
3691 5695 3792 5758 Pro
