4052 6376
234 384 304 444 53
1707 381 2234 448 DISSERTATIO
2278 381 2335 443 1.
3655 384 3735 444 54

238 516 538 585 misisse,si
560 516 1069 577 ordinationem
1087 523 1324 579 Maximi
1338 523 1734 596 repudiasset:
1768 520 1959 594 Cyril-
1988 522 2042 589 Α
2073 524 2340 576 amatum
2361 523 2421 575 et
2448 518 2682 576 caeteris
2701 517 3016 592 praelatum
3056 516 3404 573 novissent?
3434 517 3649 583 Tertio,
3684 520 3733 574 si

237 612 459 682 luxuque
494 611 892 668 conditione
923 621 1186 688 accepta
1225 617 1541 673 diaconum
1571 615 1958 672 administra—
2068 610 2407 666 Heraclium
2432 627 2465 665 a
2488 610 2738 665 Maximo
2763 608 2877 665 sibi
2902 607 3294 663 substitutum
3319 608 3730 669 concedimus,

244 703 396 767 visse,
417 706 474 756 et
503 700 587 756 ob
649 718 809 758 eam
870 706 1264 778 impietatem
1313 707 1631 763 sacerdotii
1682 704 1958 761 mercede
2067 701 2377 757 fatendum
2398 699 2908 772 eritillegitimam
2936 698 3089 752 hanc
3116 698 3579 768 provincialibus
3617 699 3735 768 epi-

246 797 558 862 pensatum.
610 791 837 861 Hujus
866 793 1105 850 fabulas
1130 795 1447 851 falsitatem
1473 813 1592 851 non
1610 795 1801 850 multo
1826 798 1961 865 post
2070 792 2265 863 scopis
2295 790 2736 846 ordinationem
2768 790 2957 845 visam
2988 804 3155 853 esse;
3190 804 3324 842 cum
3360 804 3428 843 ea
3460 788 3731 853 neglecta

248 879 477 946 idoneis,
510 885 587 934 ut
620 880 922 945 videtur,
976 886 1350 957 argumentis
1400 885 1767 941 refellemus.
1803 882 1959 939 Nihil
2069 882 2378 945 canonice,
2400 887 2466 936 ut
2487 881 2661 936 modo
2685 878 3037 945 videbimus,
3062 878 3398 933 ordinarint
3419 878 3725 950 Cyrillum.

243 979 415 1025 tamen
450 976 628 1025 vetat
650 970 962 1044 aliquam
997 974 1162 1029 sedis
1212 976 1580 1031 vacationem
1613 973 1873 1037 admitti,
1911 972 1962 1027 si
2069 974 2336 1043 Tumque
2371 971 2523 1027 nihil
2572 970 2851 1026 adversus
2896 969 3174 1024 Ecclesiae
3202 975 3421 1023 statuta
3454 986 3731 1039 peccave-

238 1078 352 1132 quas
381 1059 909 1118 fundamentum
939 1063 1190 1136 aliquod
1212 1066 1711 1136 occasionemque
1733 1064 1963 1120 calum-
2070 1062 2441 1133 ritCyrillus,
2466 1062 2515 1117 si
2539 1077 2675 1117 cum
2715 1076 2873 1115 unus
2893 1065 3051 1115 esset
3082 1058 3381 1131 legitimus
3415 1059 3730 1129 episcopus

241 1152 343 1206 nio:
358 1150 900 1221 praestiterit;sed
914 1154 1128 1209 nullus
1146 1154 1962 1227 aliusprasterHieronymum
2072 1152 2430 1210 Heraclium.
2455 1151 2557 1222 qui
2579 1167 2641 1206 se
2664 1150 2899 1206 dicebat
2938 1149 3306 1220 episcopum,
3331 1166 3449 1204 non
3478 1150 3623 1207 vi.ut
3644 1150 3733 1203 fa-

241 1240 564 1297 vacationis
599 1242 753 1312 ejus
789 1243 1264 1315 meminitzqure
1298 1244 1541 1316 quidem
1573 1243 1795 1316 optime
1827 1258 1962 1298 cum
2072 1246 2233 1297 tetur
2253 1241 2668 1313 Hieronymus.
2694 1240 2799 1296 sed
2832 1239 3109 1295 suasione
3143 1245 3202 1293 et
3232 1239 3346 1309 piis
3377 1239 3607 1293 artibus
3630 1255 3731 1309 pe-

246 1330 476 1386 Maximi
512 1332 758 1387 mortis
792 1338 861 1387 et
887 1333 1230 1404 Cyrillianm
1253 1333 1650 1390 ordinationis
1679 1331 1965 1405 tempori-
2073 1331 2296 1405 sbyteri
2345 1331 2533 1405 gradu
2577 1335 2928 1386 contentum
2960 1345 3091 1385 esse
3122 1328 3456 1400 perfecerit.
3495 1329 3733 1383 Nicmna

247 1422 345 1477 bus
375 1420 798 1477 conciliatur.
847 1422 995 1487 Quae
1041 1423 1365 1478 vacationis
1415 1423 1712 1478 diuturnae
1761 1437 1962 1487 causa,
2074 1422 2359 1494 synodus,
2386 1438 2516 1477 can.
2537 1423 2569 1475 8
2591 1420 2943 1477 Novatianos
2967 1419 3275 1491 episcopos
3302 1418 3375 1473 ad
3407 1417 3730 1472 Ecclesiam

255 1514 736 1583 incompertum.
778 1515 1115 1568 Possumus
1149 1512 1208 1567 in
1243 1529 1311 1569 ea
1342 1529 1521 1584 quam
1570 1513 1965 1583 Hieronymus
2073 1512 2394 1569 redeuntes
2426 1511 2619 1567 solum
2665 1509 3148 1583 presbyterorum
3189 1510 3478 1563 honorem
3512 1507 3732 1562 habere

265 1604 447 1659 innuit
475 1602 934 1674 acquiescere.
960 1605 1181 1675 Nempe
1212 1604 1492 1660 Acacium
1518 1602 1962 1674 metropolitam

265 1712 388 1750 cum
418 1693 808 1765 Patrophilo
842 1693 1103 1766 aliisque
1133 1694 1402 1750 fortassis
1432 1710 1629 1750 moras
1660 1693 1962 1761 nexuisse,

266 1783 396 1840 dum
428 1782 749 1838 idoneum
766 1783 900 1838 suis
935 1783 1415 1856 consiliis,atque
1447 1784 1521 1839 ad
1543 1782 1961 1838 arbitriumsui

262 1873 609 1930 versatilem
645 1872 1025 1944 episcopum
1075 1879 1367 1944 quaerunt,
1417 1877 1475 1928 et
1504 1871 1803 1943 quomodo
1836 1870 1962 1926 sedi
1996 1903 2039 1967 Β

266 1963 573 2035 Hierosoly
588 1962 858 2018 mitanae
893 1963 1125 2033 possint
1154 1962 1461 2033 imponere
1492 1961 1785 2017 laborant.
1812 1962 1967 2016 Praa-

267 2061 420 2110 terea
456 2069 696 2109 omnes
731 2051 1137 2124 provinciales
1169 2052 1450 2124 episcopi,
1484 2068 1605 2106 non
1629 2052 1712 2106 ita
1731 2050 1965 2123 pridem

276 2143 504 2200 concilii
563 2140 962 2198 Sardicensis
1008 2141 1260 2196 decretis
1311 2140 1762 2208 subscribendo,
1797 2156 1858 2195 se
1890 2139 1964 2196 ab

277 2233 466 2289 Acacii
499 2230 952 2288 communione
985 2231 1339 2286 avulserant.
1383 2231 1491 2286 Ille
1519 2236 1729 2286 contra
1755 2247 1964 2301 super-

276 2322 415 2378 bum
449 2321 744 2395 erigebat
775 2326 979 2392 caput,
1013 2336 1122 2374 nec
1154 2336 1262 2375 sua
1279 2321 1418 2392 jura
1448 2319 1655 2375 violari
1694 2318 1961 2390 patieba-

279 2418 392 2468 tur.
422 2413 581 2468 Dum
616 2411 734 2467 illa
777 2409 1161 2482 componitur
1209 2409 1526 2480 dissensio,
1580 2415 1816 2482 tempus
1860 2409 1961 2465 in-

285 2502 563 2557 terfluxit.
600 2502 750 2556 Hanc
784 2500 1150 2572 conjectura.

355 2593 524 2664 [XXI]
557 2592 655 2646 26.
692 2590 803 2645 Hic
847 2590 1028 2645 etiam
1078 2589 1522 2646 discutiendum
1573 2589 1735 2661 quod
1768 2588 1966 2643 Hiero-

280 2700 493 2755 nymus
534 2682 604 2737 in
638 2680 904 2753 allegato
926 2682 1055 2753 jam
1089 2697 1242 2753 saepe
1289 2680 1559 2736 Chronico
1591 2680 1663 2735 de
1711 2679 1962 2735 Maximo

278 2777 522 2829 narrat:
594 2770 894 2825 nimirum
953 2787 1076 2825 eum
1146 2772 1463 2826 morientem
1522 2770 1844 2825 Heracliam
1902 2770 1963 2823 in

278 2881 441 2921 suum
494 2864 693 2918 locum
750 2861 1143 2926 substituisse;
1195 2879 1355 2933 quem
1400 2863 1639 2932 Cyrillus
1680 2864 1962 2933 episcopus

277 2956 462 3024 factus
491 2955 670 3009 varia
728 2952 932 3021 fraude
985 2951 1293 3008 sollicitans
1321 2953 1389 3008 de
1437 2954 1691 3023 episcopo
1744 2954 1803 3007 in
1826 2968 1964 3023 pre-

278 3045 565 3116 sbyterum
600 3041 1015 3113 regradaverit.
1052 3043 1148 3098 Ha:
1171 3043 1225 3099 S.
1261 3043 1604 3114 Hieronymi
1635 3058 1807 3097 voces
1838 3057 1960 3096 non

276 3134 674 3198 designatum
710 3131 1069 3203 simpliciter
1102 3138 1159 3189 et
1180 3132 1530 3196 indicatum,
1556 3131 1717 3204 quod
1749 3130 1959 3202 primis

278 3224 403 3280 illis
436 3223 732 3279 Ecclesiw
766 3222 1132 3294 temporibus
1165 3223 1474 3278 insitatum
1507 3238 1628 3278 non
1669 3226 1818 3285 erat,
1851 3220 1956 3276 sed

279 3320 713 3371 consecratum
745 3318 804 3367 et
833 3312 1177 3368 ordinatum
1208 3330 1242 3370 a
1272 3313 1521 3368 Maximo
1550 3327 1955 3368 successorem

282 3403 638 3478 signiﬁcant
668 3419 681 3457 :
724 3402 883 3473 quod
914 3404 997 3459 uti
1029 3402 1230 3457 liberae
1254 3402 1446 3475 plebis
1470 3409 1528 3457 et
1548 3402 1690 3457 cleri
1721 3401 1932 3457 electio

284 3494 372 3561 ni,
432 3492 897 3565 provincialium
969 3492 1385 3565 episcoporum
1448 3498 1505 3548 et
1565 3491 1956 3563 metmpolitaa

290 3582 632 3655 praesertim
657 3581 940 3655 legitimis
963 3582 1315 3638 electionem
1333 3581 1608 3638 firmandi
1626 3588 1684 3635 et
1700 3580 1957 3637 electum

292 3672 693 3728 consecrandi
727 3672 966 3742 juribus
1015 3673 1350 3738 inimicum,
1401 3673 1473 3729 ab
1504 3673 1783 3728 Ecclesim
1815 3687 1961 3727 con-

295 3762 620 3818 suetudine
664 3778 901 3834 semper
938 3762 1200 3818 alienum
1238 3762 1352 3817 fuit
1381 3770 1440 3819 et
1468 3769 1604 3818 ante
1637 3779 1830 3818 annos
1862 3777 1956 3815 se-

294 3860 456 3925 ptem
472 3852 717 3908 concilii
739 3852 1092 3908 Antiocheni
1107 3870 1335 3908 canone
1356 3854 1420 3907 23
1436 3852 1783 3908 damnatum
1796 3854 1960 3907 .Rem

300 3944 502 4014 itaque
525 3942 694 3997 illam
718 3940 789 3996 ab
821 3941 1080 3997 inimicis
1111 3942 1314 4013 Cyrilli
1340 3942 1402 3997 in
1435 3942 1564 4013 ejus
1592 3941 1791 3997 odium
1812 3957 1959 3996 con-

300 4032 504 4087 fictam
556 4037 722 4103 puto.
775 4031 975 4086 Primo
1012 4031 1170 4087 enim
1204 4032 1275 4088 de
1327 4032 1381 4087 S.
1436 4032 1688 4087 Maximo
1739 4036 1962 4086 temere

299 4121 467 4177 credi
500 4138 624 4176 non
654 4120 828 4177 debet
857 4120 1079 4177 factum
1112 4121 1514 4178 ecclesiastico
1538 4121 1691 4177 mori
1715 4128 1960 4176 contra-

298 4212 482 4267 rium.
517 4210 683 4277 Quod
726 4212 888 4267 enim
933 4212 1212 4268 Ecclesiae
1264 4231 1385 4269 suae
1437 4212 1861 4285 praesentiebat
1888 4211 1960 4267 ab

298 4301 542 4358 Arianis
560 4302 916 4373 impendens
931 4303 1295 4371 periculum?
1307 4302 1669 4375 Tranquillis
1684 4302 1962 4358 Ecclesiae

294 4392 485 4449 rebus
514 4390 907 4453 moriebatur,
956 4393 1315 4464 compressis
1364 4392 1624 4459 Arianis,
1675 4392 1964 4448 revocatis

297 4498 545 4539 summa
572 4480 969 4555 gratulatione
1000 4482 1061 4537 in
1077 4499 1213 4539 suas
1244 4482 1416 4539 sedes
1447 4481 1779 4548 catholicis,
1794 4497 1963 4553 sepa-

294 4573 450 4628 ratis
477 4571 551 4627 ab
600 4572 820 4628 Ariana
867 4571 1125 4628 factione
1174 4579 1350 4645 atque
1402 4572 1514 4629 sibi
1557 4577 1617 4628 et
1653 4571 1963 4628 catholica)

297 4662 461 4735 parti
495 4677 706 4717 recens
735 4661 1045 4729 devinctis,
1079 4663 1378 4728 omnibus,
1415 4662 1464 4718 si
1506 4678 1694 4718 unum
1725 4667 1787 4718 et
1813 4660 1964 4717 alte-

298 4769 444 4809 rum
468 4753 751 4823 excipias,
775 4754 1237 4825 pr0vincialibus
1260 4755 1581 4827 episcOpis.
1598 4752 1895 4820 Secundo,
1913 4752 1964 4808 si

301 4858 720 4900 successorem
744 4842 855 4899 sibi
882 4860 1053 4899 suum
1080 4844 1354 4900 sufficere
1385 4860 1416 4900 e
1448 4861 1509 4898 re
1533 4841 1810 4899 Ecclesiae
1836 4858 1963 4897 cre-

302 4932 510 4999 debat,
538 4948 717 5003 quem
749 4932 932 4989 alium
957 4933 1176 5005 Cyrillo
1203 4950 1549 5005 praeponere
1572 4932 1781 5006 potuit.
1818 4931 1967 4988 cuia

297 5023 517 5079 multis
540 5022 668 5091 jam
699 5023 873 5079 annis
906 5030 1090 5079 totam
1122 5024 1213 5079 sui
1261 5025 1638 5096 episcopatus
1667 5022 1966 5079 sarcinam

302 5113 695 5170 crediderat?
722 5114 908 5178 Quem
956 5121 1316 5186 praeoptasse
1356 5114 1576 5170 dicitur
1605 5112 1965 5180 Heracliam,

303 5203 471 5259 idem
501 5204 631 5259 sine
657 5202 841 5258 dubio
874 5210 985 5270 est,
1018 5220 1196 5275 quem
1224 5210 1430 5276 postea
1447 5204 1519 5259 ab
1543 5203 1971 5274 Arianisoppo-

308 5294 491 5351 situm
516 5293 759 5368 Cyrillo,
792 5300 851 5349 et
881 5294 1011 5366 ejus
1034 5293 1163 5349 loco
1182 5292 1741 5366 substitutumapud
1762 5291 1969 5348 Socra-

305 5390 447 5449 tem.
497 5384 915 5450 Sozomenum,
964 5383 1360 5455 Nicephorum
1412 5383 1685 5456 legimus.
1730 5385 1821 5437 An
1852 5381 1970 5436 Ma-

300 5476 504 5531 ximus
548 5473 836 5531 Ecclesiaa
881 5490 1003 5528 sum
1052 5489 1286 5528 cavens.
1321 5489 1457 5528 eum
1508 5471 1625 5544 ipsi
1670 5469 1975 5527 custodem

298 5565 702 5639 praefecisset,
738 5580 876 5636 quae
900 5562 1103 5618 Ariani
1132 5562 1377 5634 dignum
1402 5579 1523 5616 suae
1541 5559 1867 5632 impietatis
1888 5559 1976 5614 in-

303 5660 713 5714 strumentum
746 5653 1125 5725 repererint;
1157 5658 1260 5708 aut
1287 5650 1489 5706 Ariani
1525 5649 1976 5722 ipsihominem

298 5747 747 5816 adhibuissent,
774 5758 959 5817 quem
977 5742 1048 5800 ab
1064 5743 1313 5800 Maximo
1342 5739 1591 5816 capitali
1603 5738 1849 5799 inimico
1867 5739 1981 5813 ad-_

2066 1603 2351 1675 jusserat,
2393 1602 2509 1657 nisi
2550 1601 2827 1672 episcopo
2876 1599 3221 1672 placuisset,
3279 1598 3439 1670 quod
3485 1598 3730 1653 omnino

2074 1693 2206 1765 ejus
2237 1692 2299 1747 in
2333 1691 2578 1748 arbitrio
2611 1695 2669 1746 et
2698 1694 2991 1762 potestate
3021 1689 3208 1760 ponit,
3242 1688 3315 1744 iis
3361 1688 3540 1743 etiam
3574 1689 3724 1758 epis-

2074 1789 2322 1856 copatus
2343 1798 2565 1838 nomen
2595 1780 2963 1853 permittere.

2144 1913 2232 1964 2‘7.
2266 1907 2526 1964 Tandem
2561 1905 2636 1962 ad
2671 1905 2864 1977 ipsam
2907 1903 3292 1975 pervenimus
3336 1902 3539 1975 Cyrilli
3569 1902 3728 1957 ordi-

2074 2001 2405 2063 nationem,
2430 2013 2608 2068 quam
2631 1996 2716 2050 sic
2747 1995 2931 2050 refert
2960 1994 3021 2049 in
3055 1995 3321 2049 Chronico
3354 1991 3602 2063 aequalis
3634 2009 3733 2047 au-

2075 2098 2204 2147 ctor
2233 2096 2292 2144 et
2320 2087 2481 2143 omni
2514 2086 2850 2141 reverentia
2881 2084 3094 2155 dignus
3130 2084 3730 2154 Hieronynms,qumn

2074 2188 2275 2237 tamen
2305 2177 2605 2233 incautius
2628 2174 3007 2229 inimicorum
3027 2173 3226 2244 Cyrilli
3248 2173 3561 2227 maledicta
3578 2180 3734 2226 tran-

2074 2270 2382 2343 scripsisse
2416 2283 2639 2323 remur.
2676 2271 2805 2319 Post
2834 2279 3014 2334 quem,
3050 2263 3386 2321 Maximum,
3428 2262 3727 2317 Ecclesium

2071 2360 2277 2417 Ariani
2307 2358 2618 2417 invadunt;
2659 2355 2719 2410 id
2772 2360 2869 2420 est,
2903 2352 3161 2424 Cyrillus.
3214 2352 3563 2421 Eutychius;
3594 2368 3722 2405 rur-

2070 2468 2191 2508 sum
2232 2449 2490 2521 Cyrillus,
2539 2449 2823 2507 1renmus;
2880 2445 3044 2498 tertio
3105 2442 3362 2510 Cyrillus,
3425 2443 3722 2508 Hilarius;

2071 2547 2271 2614 quarto
2305 2537 2563 2609 Cyrillus.
2627 2538 2869 2601 Quorum
2929 2532 3190 2603 Cyrillus,
3231 2548 3351 2585 cum
3387 2548 3419 2584 (ι
3476 2535 3719 2586 Maximo

2068 2633 2262 2702 fuisset
2288 2629 2577 2700 presbyter
2624 2625 2933 2685 ordinatus,
2990 2628 3041 2677 et
3076 2628 3204 2692 post
3234 2629 3461 2675 mortem
3494 2622 3609 2691 ejus
3644 2625 3726 2676 ita

2069 2725 2119 2777 ei
2147 2721 2214 2777 ab
2242 2721 2445 2775 Acacio
2476 2719 2729 2788 episcopo
2763 2712 3087 2768 Caesariensi
3116 2718 3167 2766 et
3201 2714 3409 2766 cmteris
3458 2712 3725 2781 episcopis

2071 2810 2272 2885 [XXII]
2302 2809 2538 2864 Arianz's
2568 2808 2911 2878 episcopatus
2936 2804 3377 2873 permitteretur,
3419 2803 3467 2855 si
3498 2804 3725 2854 ordina-

2070 2906 2269 2958 tionem
2326 2895 2563 2955 Maximi
2617 2894 3004 2966 repudiasset;
3064 2892 3329 2946 diaconus
3378 2894 3435 2945 in
3488 2893 3727 2945 Ecclesia

2068 2993 2517 3050 administravit:
2553 2985 2626 3041 ob
2660 3003 2839 3057 quam
2869 2986 3239 3059 impietatem
3273 2984 3568 3037 sacerdotii
3589 2998 3727 3035 mer-

2067 3085 2192 3141 cede
2214 3088 2499 3154 pensatus,
2533 3078 2871 3145 Heracliam,
2906 3082 3015 3131 etc.
3041 3075 3281 3130 Leviora
3313 3073 3586 3133 Rufinus,
3622 3070 3726 3126 sed

2068 3173 2263 3229 simile
2280 3168 2936 3243 quidpiaminsinuans,
2962 3165 3171 3220 eadem
3189 3181 3321 3219 cum
3345 3164 3726 3231 Hiemnymo,

1986 3268 2029 3336 C
2070 3270 2134 3318 ut
2161 3262 2416 3329 videtur,
2453 3258 2712 3315 scribere
2754 3258 2995 3322 veritus,
3028 3255 3283 3310 lileist.
3318 3253 3469 3319 eccl.,
3511 3269 3598 3304 ιο.
3634 3253 3723 3315 2'2,

2066 3356 2183 3413 ait:
2222 3352 2615 3422 Hierosolymis
2646 3349 2885 3420 Cyrillus
2928 3352 3054 3417 post
3102 3348 3424 3401 Maximum.
3475 3343 3723 3397 sacerdo-

2067 3449 2145 3503 tio
2175 3447 2404 3514 confusa
2440 3443 2565 3513 jam
2623 3440 2972 3494 ordinatione
3017 3441 3286 3504 suscepto,
3328 3433 3631 3502 aliquando
3667 3434 3723 3486 in

2063 3537 2189 3608 ﬁde,
2222 3549 2423 3604 smptus
2452 3535 2510 3587 in
2568 3531 2946 3586 communione
3000 3527 3253 3580 variabat
3306 3526 3489 3589 Quam
3522 3530 3717 3577 autem

2066 3623 2460 3682 ordinationis
2492 3621 2905 3676 confusionem
2938 3622 3161 3675 narrat,
3189 3616 3271 3670 sic
3296 3614 3584 3684 intelligo:
3621 3614 3722 3683 Cy-

2066 3716 2269 3773 rillum
2296 3731 2363 3769 eo
2384 3720 2650 3783 tempore
2673 3709 3013 3764 ordinatum
3039 3707 3529 3778 episcopum,quo
3551 3704 3716 3757 Aria—

2064 3821 2278 3862 norum
2312 3803 2567 3858 factione
2582 3800 2803 3871 passim
2826 3796 3267 3851 ordinationum
3294 3793 3723 3863 episcopalium

2067 3895 2209 3951 ordo
2235 3899 2292 3947 et
2314 3890 2716 3962 tranquillitas
2737 3885 3194 3948 perturbabatur
3220 3901 3232 3951 ;
3258 3884 3355 3954 hnj
3370 3900 3555 3952 usque
3590 3898 3724 3935 con-

2065 3983 2318 4040 fusionis
2346 3988 2574 4053 partem
2608 3980 2868 4049 aliquam
2896 3976 2956 4031 in
2990 3974 3375 4047 Cyrillianam
3408 3972 3729 4027 ordinatio-

2068 4091 2206 4132 nem
2240 4071 2599 4146 pervenissc.
2637 4070 2714 4124 De
2758 4068 2863 4123 illa
2890 4083 3025 4121 vero
3070 4064 3272 4137 Cyrilli
3308 4063 3444 4118 ﬁdei
3479 4069 3536 4115 ct
3565 4078 3724 4116 com-

2070 4164 2373 4221 munionis
2407 4161 2731 4218 variatione
2759 4158 2926 4213 alias.
2963 4156 3104 4211 Illos
3152 4154 3360 4210 omitto
3395 4153 3492 4223 qui
3527 4151 3725 4207 Acacii

2069 4260 2129 4311 et
2149 4253 2475 4325 Patrophili
2498 4251 2757 4307 factione
2774 4248 3011 4321 pulsum
3029 4246 3344 4302 Maximum
3363 4249 3418 4297 et
3438 4242 3724 4314 Cyrillum

2069 4345 2411 4400 institutum
2444 4340 2734 4403 scribunt,
2768 4353 3022 4409 quorum
3063 4334 3295 4390 falsam.
3331 4338 3619 4403 quantum
3653 4329 3726 4385 ad

2071 4433 2485 4507 expulsionem
2502 4428 2756 4493 Maximi,
2783 4426 3141 4483 sententiam
3158 4423 3532 4479 ostendimus
3551 4423 3723 4485 (num.

2070 4523 2180 4593 23).
2206 4522 2311 4579 Hic
2337 4536 2513 4594 porro
2545 4517 2988 4574 ostendendum
3022 4514 3401 4586 suscipimus.
3436 4528 3546 4577 nec
3578 4514 3728 4566 Aca—

1992 4647 2043 4715 Β
2073 4615 2261 4671 bitros
2283 4611 2603 4677 exstitisse,
2631 4625 2743 4664 nec
2760 4604 3047 4715 Cyrillum
3073 4622 3203 4706 sese
3223 4611 3290 4659 ut
3315 4604 3728 4715 episcopatum

1998 4692 2042 4729 θ’
2075 4705 2147 4762 ab
2172 4704 2257 4760 eis
2280 4704 2722 4775 promereretur
2744 4698 2815 4753 de
2845 4695 3175 4771 presbyteri
3200 4693 3385 4767 gradu
3417 4692 3727 4763 dejecisse;

2075 4782 2283 4853 sedlab
2315 4790 2613 4866 episcopis
2665 4788 2984 4862 provincias
3038 4786 3321 4843 canonice
3376 4784 3429 4842 ei
3461 4782 3543 4841 de
3566 4799 3731 4840 more

2073 4887 2416 4945 ordinatum
2447 4900 2599 4940 esse.

2147 5017 2235 5073 28.
2270 5012 2470 5069 Primo
2502 5009 2661 5066 enim
2693 5006 2814 5063 illis
2845 5002 3121 5062 omnibus
3135 4998 3527 5072 scriptoribus
3550 5015 3730 5070 oppo-

2076 5106 2277 5163 nimus
2306 5102 2479 5175 longe
2509 5098 2880 5172 superiorem
2909 5095 3147 5149 Patrum
3173 5091 3411 5147 concilii
3442 5091 3733 5145 Constan-

2081 5192 2458 5268 tinopolitani
2489 5186 2839 5248 mcumenici
2871 5202 2906 5241 ιι
2929 5183 3367 5246 auctoritatem,
3393 5181 3496 5252 qui
3526 5181 3585 5235 in
3608 5179 3731 5251 epi-

2080 5286 2237 5347 stola
2259 5284 2331 5341 ad
2356 5284 2676 5340 Damasum
2697 5275 3179 5333 etOccidentales
3194 5273 3733 5335 ecclesiasticarum

2081 5375 2340 5435 Orientis
2361 5387 2559 5428 rerum
2589 5374 2803 5425 statum
2827 5370 3194 5438 exponentes
3215 5364 3297 5419 ita
3315 5362 3388 5418 de
3406 5360 3624 5434 Cyrillo
3650 5360 3741 5433 lo»

2083 5472 2350 5541 quuntur
2401 5461 2560 5535 apud
2608 5456 2963 5514 Theodoret.
3017 5454 3120 5511 lib.
3172 5470 3202 5508 ν
3258 5455 3429 5519 Hist,
3488 5468 3617 5522 cap.
3651 5452 3733 5504 9:

2080 5546 3116 5625 HierosolymitanwmuemEcclesim.
3149 5560 3272 5615 qua:
3302 5548 3479 5597 mater
3516 5548 3591 5601 est
3621 5554 3734 5605 om:

2081 5650 2239 5704 nium
2265 5643 2657 5711 Ecclesiarum.
2704 5635 3461 5709 rwerendissimumﬂeoque
3495 5629 3743 5705 άὶιεσῑξδῖ

2083 5739 2285 5795 simum
2337 5726 2619 5805 Cyrillum.
2966 5764 2973 5767 μ
2984 5794 2991 5797 μ
3003 5740 3112 5785 esse
3474 5718 3745 5801 ,τεκέαμίειςξ

2952 6354 3035 6363 imm
3074 6332 3287 6366 '“EI'g‘u
3366 6336 3373 6339 -
3410 6334 3457 6361 Ξῖ
3494 6332 3551 6363 ὅλη
3610 6332 3677 6355 κλμ-μ
3698 6340 3705 6343 .
