4052 6426
320 404 401 468 ω
1612 386 1717 451 DE
1761 385 1952 449 VITA
1993 387 2062 450 8.
2105 386 2444 453 CYRlLLl.
3735 397 3818 458 86

323 539 584 602 canonice
613 536 747 595 olim
773 532 843 592 ab
867 531 1134 608 episcopis
1169 527 1470 604 prouincias
1505 525 1799 584 ordinatus
1839 524 1979 595 fuit,
2015 526 2064 595 Α
2097 523 2188 582 las
2210 531 2268 582 et
2289 527 2560 586 iterasse:
2581 529 2746 603 atqui
2767 531 3006 588 nullum
3040 533 3266 605 ejusrei
3297 539 3817 595 monumentum

321 627 624 689 κανονικῶς
669 644 730 681 τι
784 622 932 696 παρὰ
985 624 1094 676 τῶν
1170 617 1440 694 ἱππαρχίας
1519 613 1984 692 χειροτονηθέντα

2133 616 2228 672 stis
2265 619 2637 691 temporibus
2668 623 3004 694 reperitur:
3057 624 3298 679 nonnisi
3361 625 3563 698 longe
3601 635 3824 698 postea

323 717 519 789 πάλαι,
551 725 604 774 et
628 717 878 790 plurima
915 715 1088 770 variis
1143 713 1204 766 in
1237 711 1367 766 locis
1419 709 1730 764 certamina
1773 705 1974 761 subiit.

323 813 443 870 Hoc
473 801 1388 881 amplissimoillustrissimoque
1414 797 1679 860 concilii,
1705 793 1866 867 quod
1894 793 1986 848 in-

321 907 414 960 ter
425 897 794 957 mcumenica
807 883 1990 956 numeratur,testimonio,caduntomnia

323 1009 458 1065 qua:
489 991 550 1046 in
582 987 1026 1046 ordinationem
1060 983 1265 1055 Cyrilli
1313 982 1718 1054 congeruntur
1747 973 1986 1047 probra.

325 1063 600 1141 Eratsens
629 1081 825 1136 fuerat
861 1075 1118 1149 Cyrillus
1163 1090 1322 1130 anno
1376 1069 1685 1143 superiore
1735 1063 1990 1121 concilio

327 1167 988 1242 Constantinopolitano
1049 1182 1119 1221 ex
1153 1163 1377 1220 eisdem
1414 1157 1713 1233 episcopis
1743 1169 1989 1227 congre-

327 1267 484 1334 gato,
518 1259 737 1333 quibus
767 1258 895 1328 ipse
926 1255 1057 1312 sine
1088 1253 1270 1310 dubio
1304 1247 1702 1308 ordinationis
1729 1261 1850 1301 sua:
1893 1258 1990 1299 ra-

328 1351 553 1408 tionem
584 1353 826 1420 propter
847 1343 1169 1401 maledicta
1197 1341 1581 1397 inimicorum
1612 1335 1990 1407 exposuerat.

328 1439 594 1498 Aderant
623 1435 886 1510 episcopi
917 1432 1255 1506 complures
1299 1429 1613 1486 sanctitate
1645 1423 1914 1510 insignes
1938 1425 1999 1476 et

328 1501 751 1588 ecclesiasticis
790 1501 961 1581 fastis
986 1501 1230 1594 ascripti
1255 1537 1275 1577 :
1305 1533 1561 1592 quorum
1599 1501 1805 1588 plures
1835 1527 1866 1567 e
1890 1511 1997 1584 Sy-

330 1621 439 1690 ria,
459 1617 645 1690 aliqui
667 1633 740 1672 ex
764 1613 1084 1670 Palaestina
1104 1610 1399 1677 fortassis,
1433 1604 1766 1666 Orientales
1785 1616 1998 1657 omnes

333 1711 407 1768 de
439 1705 863 1767 ecclesiasticis
887 1703 1070 1777 Syria
1100 1702 1282 1758 rebus
1314 1699 1531 1756 melius
1558 1711 1702 1752 sane
1725 1688 2001 1749 instructi

335 1817 517 1876 quam
533 1799 951 1868 Hieronymus,
978 1793 1220 1849 Latinus
1261 1791 1462 1846 homo.
1487 1785 1837 1843 Scribebant
1876 1779 2002 1835 ιιωο

335 1873 399 1949 in
427 1892 817 1948 monumento
870 1883 1239 1950 authentico,
1279 1881 1342 1936 in
1374 1896 1491 1953 quo
1523 1877 1782 1935 maxime
1815 1873 2004 1953 inter:

335 1987 466 2039 erat
483 1979 640 2037 nihil
663 1978 780 2034 nisi
803 1975 946 2032 certi
969 1981 1148 2047 atque
1183 1970 1476 2044 explorati
1503 1966 1756 2041 proponi
1785 1981 1800 2030 ;
1826 1979 1926 2028 ne,
1960 1957 2010 2015 ει

350 2088 470 2146 qua
489 2071 552 2126 in
581 2085 646 2126 re
668 2066 800 2124 falsi
833 2063 1085 2122 convicti
1103 2061 1379 2128 fuissent,
1393 2056 1860 2118 Occidentalium
1871 2053 1998 2125 jam

349 2178 472 2220 non
504 2158 673 2216 valde
703 2155 1024 2213 faventium
1057 2151 1464 2226 querimonias
1523 2151 1825 2221 augerent.
1859 2140 2002 2209 Quis

348 2253 502 2310 hanc
525 2248 941 2306 auctoritatem
963 2260 1084 2300 non
1116 2243 1411 2299 anteferat
1453 2239 1633 2295 unius
1655 2230 2002 2304 Hieronymi

347 2340 576 2414 alioqui
606 2339 864 2396 maxime
896 2331 1294 2407 suspiciendas
1319 2326 1690 2387 auctoritati?
1713 2323 2002 2414 lllechro:

347 2431 552 2489 nicum
576 2444 746 2485 suum
755 2425 965 2500 junior
984 2438 1142 2480 anno
1161 2420 1469 2494 superiore
1489 2401 2004 2483 Constantinopoli

351 2537 420 2578 ex
451 2518 748 2576 variorum
775 2515 966 2571 relatu
998 2516 1104 2569 aut
1147 2509 1399 2583 vulgatis
1449 2503 1828 2563 sermonibus
1860 2501 2002 2558 scri-

350 2609 550 2676 hebet;
574 2624 707 2665 cum
729 2605 999 2662 nondum
1021 2602 1084 2658 in
1130 2601 1300 2673 Syria
1321 2597 1465 2656 satis
1487 2601 1751 2652 versatus
1774 2593 2004 2658 fuisset,

351 2707 422 2758 ut
449 2698 729 2756 Ecclesia:
761 2697 824 2752 in
853 2695 928 2750 iis
956 2690 1300 2766 regionibus
1348 2694 1568 2745 statum
1599 2685 1837 2759 penitus
1867 2699 2005 2756 per-

351 2794 645 2856 nosceret;
670 2803 800 2844 sese
852 2780 1227 2841 Paulinianis
1271 2780 1356 2835 ita
1384 2777 1652 2852 partibus
1676 2773 2004 2840 addixerat,

349 2886 417 2938 ut
445 2879 650 2937 omnia
678 2879 741 2934 in
771 2873 1035 2932 deterius
1065 2872 1138 2929 de
1165 2871 1411 2928 diversas
1443 2867 1628 2941 partis
1665 2862 2006 2922 hominibus

351 2969 668 3042 acciperet;
702 2965 803 3039 qui
831 2963 881 3020 si
931 2967 1066 3036 post
1108 2959 1258 3016 illud
1289 2957 1614 3016 concilium
1647 2955 2004 3027 scripsisset,

354 3059 627 3130 illudque
647 3072 777 3128 ejus
805 3053 876 3110 de
899 3051 1119 3126 Cyrillo
1160 3048 1565 3106 testimonium
1585 3045 1805 3119 [XXIII]
1828 3043 2008 3118 legis-

353 3155 466 3217 set,
489 3163 612 3204 non
631 3145 836 3202 dubito
859 3143 1004 3216 quin
1029 3141 1142 3215 ipsi
1163 3141 1377 3196 fuisset
1399 3137 1648 3211 sequior.
1682 3138 1765 3192 Ac
1789 3151 1850 3190 re
1873 3149 2011 3189 vera

354 3240 418 3296 in
437 3237 698 3307 Catalogo
729 3237 1058 3305 scriptorum
1088 3231 1576 3288 ecclesiasticarum
1605 3227 1780 3299 longe
1805 3229 2013 3298 postea

2097 722 2168 762 eo
2197 709 2478 764 amentim
2531 719 2947 782 pervenerunt.
3011 714 3272 768 Primum
3309 715 3376 768 id
3418 722 3749 772 tentatum
3783 736 3819 776 a

2098 797 2350 871 Georgio
2382 800 2786 857 Alexandrino
2803 804 2959 859 circa
2974 820 3196 859 annum
3217 807 3340 861 356.
3374 807 3556 876 apud
3587 809 3818 864 Athan.

2101 891 2343 961 Apolog.
2373 893 2448 945 ad
2469 893 2754 949 Constant.
2789 912 2847 950 n.
2896 899 2983 959 3I,
3030 901 3087 949 et
3122 913 3187 950 ex
3223 898 3529 952 Marcello
3565 905 3629 954 et
3662 901 3820 955 Fau-

2104 979 2262 1035 stino
2289 981 2478 1036 libelli
2507 983 2818 1055 supplicis,
2853 1002 2906 1056 p.
2943 989 3032 1051 77,
3071 986 3172 1040 sed
3207 987 3448 1040 malum
3483 993 3644 1043 tunc
3691 1006 3817 1044 non

2107 1069 2282 1141 longe.
2303 1080 2690 1144 prepagatum
2735 1076 2876 1129 Cum
2923 1076 3080 1130 enim
3107 1076 3362 1130 Basilius
3393 1077 3823 1134 inaudivisset

2109 1160 2876 1218 EustathiumSebastenum
2895 1166 3180 1235 quosdam
3202 1167 3580 1221 reordinare
3596 1185 3818 1224 ausum

2108 1263 2261 1318 esse,
2296 1250 2380 1302 ὅτι
2419 1251 2506 1304 καὶ
2557 1250 3044 1326 ἁναχειροτονῆσαί
3093 1274 3245 1315 τινας
3301 1252 3674 1326 ἐτόλμησεν,
3707 1275 3817 1314 ve-

2101 1354 2206 1394 rus
2233 1355 2308 1394 ne
2339 1358 2544 1398 rumor
2575 1350 2751 1409 esset,
2783 1345 2885 1416 qui
2919 1345 3222 1402 hominem
3246 1347 3542 1401 omnium
3573 1349 3820 1404 horrori

2107 1432 2167 1483 et
2196 1428 2574 1486 detestationi
2607 1433 2915 1504 objiceret.
2950 1451 3024 1489 an
3061 1435 3420 1506 figmentum
3459 1435 3544 1491 ad
3570 1437 3815 1493 calum-

2107 1518 2269 1574 niam
2304 1523 2725 1593 compositum,
2757 1523 3084 1592 dubitavit;
3116 1525 3275 1596 quod
3308 1525 3388 1580 ad
3441 1543 3567 1582 sua
3621 1544 3820 1599 usque

2110 1613 2387 1680 tempora
2417 1612 2624 1666 nullus
2667 1613 2726 1666 id
2776 1613 3194 1670 haereticorum
3246 1615 3532 1686 fecisset,
3572 1614 3607 1669 ε
3642 1619 3816 1691 μέχρι

2112 1698 2354 1773 σήμερον
2416 1697 2596 1756 οὐδεὶς
2655 1705 2764 1755 τῶν
2825 1701 3114 1777 αἶρε-πικῶν
3185 1705 3432 1773 ποιήσας
3531 1704 3793 1782 φαίνεται

2114 1766 2292 1846 Basil.
2326 1790 2497 1862 epist.
2536 1794 2654 1858 I96,
2711 1811 2841 1867 pag.
2887 1766 3013 1849 .213.
3065 1796 3181 1850 Cur
3228 1766 3440 1851 autem
3499 1766 3819 1870 praecipue

2117 1877 2439 1934 Maximum
2474 1880 2962 1951 oderatAcacius,
2987 1889 3050 1940 ut
3080 1885 3576 1957 presbyteralem
3602 1887 3817 1960 Cyrilli

2119 1968 2558 2026 ordinationem
2574 1971 2645 2026 ab
2660 1972 2787 2044 ipso
2806 1974 3020 2029 factam
3035 1975 3813 2046 repudiaret,diaconalem

2109 2057 2380 2130 ejusdem
2416 2075 2449 2114 a
2481 2062 2732 2117 Macario
2756 2063 3080 2135 probaret?
3111 2066 3257 2119 Num
3285 2065 3606 2121 infensior
3639 2066 3818 2122 Aria-

2109 2148 2206 2204 nis
2224 2147 2510 2205 Maximus
2532 2167 2710 2223 quam
2753 2155 3061 2214 Macarius.
3093 2171 3208 2226 quo
3231 2156 3539 2212 acriorem
3567 2157 3812 2211 nullum

2109 2253 2262 2310 pene
2286 2238 2517 2295 hostem
2541 2241 2848 2298 habuere?
2876 2261 3056 2314 quem
3095 2245 3269 2299 Arius
3297 2245 3382 2299 uti
3423 2247 3814 2318 prmcipuum

2113 2327 2204 2384 sui
2224 2328 2640 2386 adversarium
2666 2339 2851 2396 notat.
2881 2335 2980 2404 qui
3011 2335 3231 2389 Νῆιςωηί
3258 2336 3512 2391 concilii
3533 2337 3599 2391 in
3625 2336 3818 2392 Palua-

2113 2417 2280 2472 stina
2302 2417 2546 2475 decreta
2565 2415 3064 2492 promulgaverat;
3091 2439 3268 2494 quem
3301 2424 3688 2482 Sozomenus
3708 2424 3811 2480 lib.

2113 2504 2174 2576 ιι,
2206 2524 2334 2582 cap.
2367 2512 2458 2578 20,
2513 2511 2586 2566 ab
2634 2513 2872 2568 Eusebii
2908 2519 2966 2568 et
3015 2515 3341 2586 Patrophili
3401 2533 3470 2572 se
3535 2531 3815 2573 commu-

2114 2597 2297 2654 nione
2321 2603 2459 2655 ante
2479 2607 2734 2657 mortem
2759 2620 3106 2676 segregasse
3130 2605 3328 2659 refert.
3351 2607 3665 2662 Maximus
3683 2622 3819 2662 con-

2115 2687 2208 2743 tra
2237 2689 2429 2745 multa
2459 2692 2698 2748 Arianis
2731 2710 2835 2748 seu
2869 2693 3078 2748 fraude
3115 2693 3429 2766 deceptus,
3486 2713 3598 2750 seu
3629 2696 3684 2751 vi
3713 2694 3819 2750 ad-

2114 2783 2302 2846 actus,
2337 2796 2442 2836 seu
2478 2781 2818 2837 animorum
2871 2782 3106 2838 defectu
3145 2785 3532 2855 gratificatus
3566 2791 3717 2841 erat.
3752 2783 3805 2840 Si

2114 2872 2432 2940 postquam
2465 2887 2527 2925 se
2555 2871 2882 2927 Athanasio
2929 2872 3288 2944 adjunxerat
3336 2874 3651 2946 Cyrillum
3687 2889 3790 2947 pre

2118 2956 2426 3028 sbyterum
2461 2960 2721 3024 fecisset.
2755 2962 3221 3036 fuissetquidam
3242 2966 3466 3020 Acacio
3492 2965 3791 3038 repudian

2124 3044 2216 3101 dm
2249 3048 2427 3118 hujus
2459 3051 2855 3108 ordinationis
2886 3061 3230 3126 praatextus.
3266 3054 3381 3109 Sed
3415 3073 3493 3110 eo
3527 3061 3805 3125 tempore

2125 3135 2414 3207 Cyrillum
2459 3140 2834 3198 ordinaverat
2876 3160 2993 3214 quo
3041 3143 3210 3198 illum
3255 3143 3440 3200 etiam
3475 3141 3801 3200 Euscbiani

2124 3223 2284 3283 inter
2316 3246 2455 3286 suos
2485 3248 2802 3290 numerare
2833 3239 3128 3304 poterant.
3164 3233 3408 3302 Quinto,
3454 3237 3505 3290 si
3546 3235 3622 3290 ab
3655 3231 3806 3288 acci-

355 3328 579 3400 scripto
603 3293 758 3382 nihil
789 3293 864 3380 ad
899 3323 1029 3395 ejus
1059 3319 1299 3378 laudem
1335 3293 1824 3391 magnopereiat-
1862 3312 2016 3369 nihil
2051 3293 2096 3363 c
2135 3317 2355 3390 pienda
2387 3325 2506 3376 tam
2540 3321 2742 3377 infami
2767 3293 2985 3395 [Χὲίιγ]
3013 3293 3355 3378 conditione
3373 3293 3802 3396 Cyrill"mnon

356 3417 432 3476 ad
454 3413 940 3473 criminationem
960 3405 1630 3478 refert.Secundo,quod
1656 3403 1875 3460 diserte
1891 3403 2020 3458 sine

355 3508 494 3566 fuco
520 3510 698 3578 atque
720 3503 968 3577 ambage
990 3499 1276 3575 Cyrillum
1298 3497 1534 3555 Arianis
1549 3500 2020 3552 accenset.eum-

362 3614 482 3672 que
504 3611 639 3652 cum
661 3593 894 3650 caeteris
915 3590 1152 3647 Arianis
1173 3588 1452 3646 Ecclesia;
1468 3585 2020 3657 Hierosolymitanaa

361 3671 742 3744 invaseribus
764 3681 1097 3749 confundit;
1133 3678 1391 3752 primum
1423 3677 1484 3732 in
1509 3692 1578 3732 eo
1601 3680 1826 3748 peccat,
1861 3671 2020 3745 quod

363 3777 673 3834 hominem
717 3779 894 3831 sectae
917 3771 1154 3830 Arianaa
1194 3769 1357 3836 facit,
1381 3766 1484 3839 qui
1529 3765 1590 3822 in
1613 3763 2022 3822 catechesibus

362 3882 492 3924 eam
518 3864 658 3922 data
683 3880 867 3937 opera
889 3867 942 3918 et
965 3859 1192 3934 pluries
1234 3863 1292 3914 et
1326 3855 1671 3930 gravissime
1689 3852 1931 3917 refellit,
1966 3855 2026 3906 et

363 3955 556 4013 multa
583 3960 794 4026 postea
820 3953 895 4008 ab
927 3949 1164 4007 Arianis
1186 3953 1464 4020 expertus
1483 3952 1573 4002 est
1603 3943 2022 4009 incommoda;

366 4043 586 4102 deinde
617 4039 986 4114 separandus
1017 4043 1148 4094 erat
1184 4036 1256 4090 ab
1303 4035 1399 4101 iis,
1432 4034 1532 4106 qui
1561 4035 1688 4105 ipso
1721 4033 1783 4087 in
1822 4031 2025 4086 odium

364 4131 678 4191 catholica
711 4129 848 4184 fidei
879 4126 953 4184 ab
989 4124 1226 4182 Arianis
1273 4121 1468 4195 pulso,
1500 4121 1574 4176 ab
1608 4119 1693 4175 eis
1723 4121 1786 4175 in
1822 4117 2024 4173 sedem

366 4220 583 4280 intrusi
607 4220 862 4275 fuerant.
899 4215 1011 4272 Sed
1042 4213 1295 4270 Arianos
1320 4211 1622 4282 appellare
1640 4210 1792 4266 solet
1815 4208 2020 4264 Hiero-

365 4326 584 4385 nymus
615 4309 908 4378 quotquot
936 4301 1265 4359 Meletianis
1299 4299 1561 4372 partibus
1584 4297 1802 4354 addicti
1836 4300 2024 4352 erant.

363 4398 583 4464 Tertio,
617 4394 777 4468 quod
823 4393 1107 4450 Acacium
1159 4395 1218 4446 et
1256 4389 1570 4462 episcopos
1609 4388 1864 4444 Arianos
1894 4390 2030 4460 post

365 4492 623 4548 mortem
637 4483 872 4542 Maximi
886 4481 1167 4539 Ecclesia)
1183 4478 1736 4553 Hierosolymitanae
1750 4478 2028 4536 arbitros:

369 4583 430 4636 et
453 4577 830 4650 episcopatus
861 4573 990 4645 ejus
1023 4571 1240 4644 quibus
1271 4569 1491 4627 vellent
1520 4569 1908 4642 permittendi
1931 4567 2032 4625 do"

2132 3409 2479 3466 retrahebat
2504 3410 2712 3484 religio
2743 3419 2801 3467 et
2829 3413 3046 3467 Christi
3081 3421 3607 3469 sacramentorum
3639 3427 3803 3468 reve-

2131 3499 2351 3566 rentia,
2374 3516 2495 3556 non
2519 3500 2798 3570 tangebat
2817 3501 2987 3557 illum
3013 3502 3223 3573 pudor,
3251 3519 3370 3557 non
3397 3503 3665 3575 prOpria:
3683 3499 3805 3555 exi-

2134 3588 2499 3645 stimationis
2529 3591 2714 3646 cura?
2738 3591 2839 3662 qui
2875 3592 3094 3646 multos
3124 3608 3317 3646 annos
3347 3594 3438 3647 uti
3487 3591 3801 3665 presbyte-

2133 3694 2334 3734 rorum
2365 3681 2598 3751 primus
2631 3686 2810 3736 totam
2845 3697 2997 3752 pene
3023 3681 3348 3736 Ecclesiam
3375 3687 3640 3742 rexerat.
3678 3691 3802 3734 sese

2133 3765 2195 3823 in
2219 3768 2456 3824 diaconi
2479 3769 2728 3842 gradum
2754 3775 2812 3824 et
2833 3769 3095 3825 ofﬁcium
3111 3770 3309 3842 segnis
3324 3765 3804 3843 abjiceret?quis

2136 3857 2197 3912 in
2228 3857 2452 3928 populo
2493 3858 2740 3922 clamor,
2794 3875 2926 3930 quae
2959 3859 3112 3929 apud
3141 3860 3543 3930 provinciales
3575 3858 3802 3930 episcos

2134 3962 2242 4017 pos
2271 3946 2539 4017 infamia,
2573 3947 2841 4003 omnium
2891 3947 3269 4020 indignatio?
3317 3949 3495 4004 Sexto
3532 3945 3795 4008 tandem,

2135 4035 2490 4092 incredibile
2520 4053 2641 4092 non
2673 4037 2855 4092 videri
2890 4037 3066 4092 debet
3085 4038 3239 4092 hanc
3272 4037 3344 4093 ab
3377 4038 3650 4094 inimicis
3676 4033 3802 4104 ejus

2138 4124 2489 4180 intentatam
2520 4126 2582 4181 in
2600 4143 2732 4182 eum
2767 4127 3150 4182 calumniam.
3171 4129 3509 4184 Meletianis
3529 4124 3799 4200 partibus

2139 4212 2390 4274 favebat.
2417 4215 2649 4278 Meletio
2676 4217 2852 4271 etiam
2879 4215 2986 4270 fuit
3018 4217 3802 4272 intimafamiliaritatecon-

2130 4303 2406 4376 junctus.
2432 4305 2582 4360 Satis
2605 4306 2681 4362 id.
2709 4312 2776 4360 ut
2797 4305 3286 4361 Paulinianarum
3313 4308 3576 4378 partium
3597 4315 3804 4376 operas

2139 4394 2204 4449 in
2227 4409 2291 4448 se
2321 4395 2668 4462 concitaret;
2700 4395 3006 4466 multaque
3034 4395 3105 4450 ab
3139 4395 3282 4454 illis.
3316 4403 3381 4452 ut
3413 4414 3522 4452 5:20
3555 4395 3686 4450 loco
3719 4388 3805 4444 di-

2139 4499 2369 4558 cemus,
2397 4485 2785 4556 perpetienda
2807 4484 3030 4539 habuit.
3061 4487 3208 4540 Nola
3232 4503 3408 4558 porro
3425 4485 3636 4558 quasin
3657 4483 3803 4536 Pau—

2137 4556 2389 4629 1inianis
2415 4574 2685 4646 partibus
2703 4575 3032 4646 regnaverit
3063 4575 3133 4629 de
3166 4556 3526 4631 adversariis
3558 4567 3805 4628 maledi—

371 4668 571 4726 minos
603 4647 912 4736 supponit.
935 4661 1093 4717 male
1125 4659 1374 4716 omnino
1393 4675 1529 4715 cum
1556 4659 1832 4731 praesenti
1852 4658 2033 4714 Palaa—
2071 4647 2121 4718 Ῐ)
2152 4661 2324 4718 cendi
2349 4663 2608 4718 licentia.
2646 4664 2838 4718 Unum
2865 4665 3204 4735 exemplum
3239 4665 3461 4720 sufﬁcit
3483 4664 3554 4718 de
3575 4656 3800 4716 Meletio

375 4757 548 4815 stium
562 4753 840 4810 Ecclesiae
861 4750 1038 4808 condi
1049 4751 1206 4806 tione
1220 4754 1440 4805 etstatu
1453 4748 2036 4805 conciliatur.Ariani

377 4845 640 4921 episcOpi
671 4843 786 4899 duo
828 4846 1062 4898 tantum
1109 4837 1202 4893 vel
1232 4843 1354 4894 tres
1397 4838 1457 4893 in
1490 4838 1706 4910 quibus
1737 4838 1986 4895 Acacius
2018 4857 2032 4907 ;

375 4934 573 4992 caeteri
606 4947 816 4989 omnes
849 4945 1102 4986 numero
1133 4925 1752 5000 quatuordecim,ipso
1776 4943 1893 4998 quo
1917 4929 2035 4983 Ma-

375 5025 572 5080 ximus
589 5021 738 5078 obiit
757 5035 940 5085 anno,
959 5018 1033 5075 ab
1071 5016 1282 5074 Acacio
1305 5031 1369 5070 se
1392 5015 1750 5080 avulserant,
1781 5017 2030 5088 ejusque

375 5117 437 5170 et
457 5109 816 5183 depositioni
833 5113 892 5163 et
913 5105 1518 5162 excommunicationi
1533 5104 2028 5178 subscripserant;

375 5199 674 5275 quomodo
706 5197 844 5252 illos
875 5195 949 5250 ad
988 5196 1079 5251 sui
1129 5193 1442 5250 arbitrium
1491 5200 1612 5250 tam
1645 5197 1760 5251 cito
1792 5211 2027 5252 aversos

373 5289 642 5352 ﬂexerat,
670 5291 736 5341 ut
765 5283 989 5356 iniquis
1020 5283 1154 5355 ejus
1186 5281 1598 5339 molitionibus
1630 5285 2030 5358 sutl‘ragaren-

375 5383 478 5436 tur
505 5376 533 5431 ‘2

448 5467 538 5522 29.
565 5465 806 5530 Quarto,
830 5477 1010 5533 quam
1033 5459 1106 5516 ab
1133 5459 1344 5516 Acacio
1392 5461 1756 5534 propositam
1805 5463 2024 5534 Cyrillo

379 5553 562 5612 refert
577 5550 1074 5615 conditionem,ut
1087 5547 1319 5604 Maximi
1333 5551 1702 5607 ordinatione
1716 5552 2026 5624 repudiata

383 5642 461 5702 ad
490 5640 723 5698 diaconi
751 5639 998 5713 gradum
1029 5655 1091 5694 se
1124 5637 1424 5711 dejiceret,
1460 5657 1530 5697 ea
1558 5642 2020 5714 supponitAria—

387 5748 497 5792 nos
517 5727 954 5788 Catholicorum
975 5726 1380 5786 ordinationes
1409 5730 1492 5803 rej
1501 5730 1689 5788 ecisse
1705 5731 1872 5805 quasi
1885 5732 2024 5788 nul-

2148 4759 2209 4808 et
2229 4751 2481 4808 Eusebio
2500 4752 2898 4808 Samosatensi
2928 4770 2941 4818 ;
2977 4754 3098 4823 qui,
3133 4769 3268 4808 cum
3303 4753 3364 4808 in
3397 4752 3652 4809 concilio
3685 4750 3798 4802 An-

2145 4841 2424 4896 tiocheno
2448 4857 2605 4896 anno
2645 4843 2768 4907 363,
2813 4841 3438 4898 consubstantialith
3473 4843 3674 4898 essent
3707 4849 3796 4889 so-

2148 4930 2335 4986 lemni
2359 4929 2599 4986 decreto
2633 4929 3200 5001 amplcxi,inventus
3234 4937 3328 4987 est
3359 4933 3460 5003 qui
3508 4919 3796 5002 petulanti

2141 5019 2363 5090 scripto
2396 5018 2506 5074 sub
2536 5017 2780 5073 nomine
2813 5018 3127 5086 confutatio
3159 5019 3463 5088 hypocrisis
3494 5012 3716 5073 Eusebii
3743 5013 3792 5063 el

2138 5109 2364 5175 Meletii,
2397 5125 2498 5164 eos
2529 5112 2773 5179 negaret
2802 5123 2870 5162 ex
2902 5107 3100 5162 animo
3136 5114 3193 5162 et
3224 5109 3525 5164 sententia
3557 5123 3617 5160 se
3652 5095 3790 5156 ﬁdei

2139 5197 2390 5253 Nicaanaa
2422 5195 2758 5262 addixisse;
2794 5212 3050 5266 cumque
3096 5197 3274 5252 ambo
3308 5197 3665 5252 Arianorum
3698 5188 3779 5242 fa-

2137 5287 2336 5344 ctione
2367 5285 2728 5352 exsularent,
2763 5285 3144 5356 perfecerunt
3193 5292 3397 5342 tamen
3451 5279 3698 5342 inimici,
3729 5277 3792 5330 ut

2137 5379 2339 5432 Romm
2372 5375 2661 5432 Damasus
2692 5391 2792 5429 eos
2826 5374 3034 5429 eodem
3068 5381 3338 5448 tempore
3373 5379 3528 5431 inter
3549 5370 3789 5428 Arianos

2135 5468 2580 5531 annumeraret,
2629 5480 2698 5519 ex
2729 5463 2905 5518 Basil.
2959 5464 3131 5535 epist.
3179 5465 3306 5520 32L
3343 5464 3576 5521 Similia
3599 5453 3785 5516 credi-

2133 5571 2268 5610 mus
2281 5553 2566 5626 Cyrillum
2583 5552 2898 5608 maledicta
2915 5559 3218 5624 expertum
3231 5572 3381 5626 ,quac
3401 5556 3785 5620 Hieronymus

2134 5659 2346 5702 recens
2378 5659 2413 5698 a
2437 5641 2684 5698 Paulino
2717 5641 3049 5708 ordinatus,
3088 5643 3356 5714 ejusdem
3389 5642 3572 5717 partis
3603 5629 3782 5693 homi'

2131 5733 2310 5793 nibus
2340 5732 2476 5805 plus
2507 5749 2677 5804 aaquo
2709 5731 2988 5790 credulus
3019 5733 3466 5807 transcripserit
3495 5733 3587 5802 ;et
3619 5719 3776 5783 Rull-
