4052 6364
186 397 251 459 57

1639 390 2159 459 DISSERTATIO
2204 396 2255 458 Ι.

3592 384 3670 446 58

186 546 281 590 nus
307 529 681 587 earumdem
716 533 1017 605 partium
1066 530 1370 589 studiosus
1419 544 1544 585 non
1593 525 1901 601 rejecerit.
1927 527 1981 596 Α
2014 545 2137 587 non
2171 532 2377 604 paucis
2415 532 2638 587 mutuae
2693 522 3135 583 communionis
3182 518 3544 577 testimoniis
3579 536 3678 577 re-

249 622 327 678 30.
354 619 518 676 Illud
561 621 846 677 tandem
904 622 1260 696 Cyrillianm
1289 618 1655 676 ordinationi
1688 616 1900 689 objici-

198 718 301 778 tur,
329 710 479 783 quod
513 710 643 766 sibi
683 714 973 768 omnino
997 712 1075 768 ab
1107 711 1340 777 Acacio,
1364 725 1557 783 pravas
1575 724 1682 763 seu
1701 707 1902 780 potius

201 802 460 858 versatilis
494 818 571 857 ac
607 802 878 859 nullius
898 803 1051 858 ﬁdei
1070 802 1334 867 homine,
1368 816 1561 872 nuper
1588 797 1898 854 Sardicen-

200 894 265 950 sis
288 892 529 948 concilii
543 908 625 948 an
636 893 986 949 atbemate
1000 892 1278 965 perculso
1291 906 1506 946 manus
1525 886 1751 960 imponi
1768 902 1901 959 per-

201 984 660 1041 miserit.Primo
680 984 1068 1039 ordinatum
1100 984 1266 1037 illum
1282 982 1354 1037 ab
1379 979 1592 1035 Acacio
1612 994 1760 1034 esse.
1778 992 1902 1031 non

186 1076 254 1131 ita
280 1080 441 1130 certa
472 1090 583 1129 res
607 1079 713 1129 est
738 1074 907 1130 utin
922 1073 1176 1129 dubium
1194 1070 1385 1127 vocari
1408 1085 1529 1125 non
1543 1066 1904 1140 possit,soli-

188 1165 461 1236 dioraque
497 1164 707 1235 hujus
746 1163 1127 1220 assertionis
1166 1161 1559 1217 fundamenta
1586 1155 1899 1230 postulari.

190 1258 313 1313 Nam
335 1255 470 1311 sola
484 1255 917 1327 Hieronymi,
952 1253 1210 1310 Socratis
1241 1268 1311 1308 ac
1342 1248 1672 1314 Sozomeni,
1700 1246 1898 1302 Theo-

190 1345 387 1418 phanis
418 1360 493 1401 ac
527 1344 869 1401 similium
900 1343 1257 1400 auctoritate
1288 1340 1521 1407 nititur,
1547 1351 1804 1411 quorum
1836 1335 1899 1389 in

194 1434 484 1493 narranda
514 1434 756 1507 Cyrilli
783 1434 1177 1491 ordinatione
1203 1435 1539 1504 suspectam
1562 1426 1807 1483 omnino
1831 1424 1902 1480 fi-

204 1525 321 1583 dem
348 1525 797 1598 probavimus.
836 1525 1039 1581 Unum
1070 1524 1132 1579 id
1188 1524 1442 1589 constat,
1475 1518 1548 1576 ab
1604 1514 1901 1590 episcopis

206 1615 510 1690 provinciae
537 1615 870 1672 canonice
892 1614 1234 1671 ordinatum
1266 1628 1396 1669 esse
1437 1608 1744 1682 Cyrillum.
1800 1605 1901 1661 His

208 1711 392 1762 tamen
422 1706 817 1762 auctoribus
849 1705 1147 1762 assentire
1169 1717 1486 1776 possumus
1519 1698 1799 1755 Acacium
1832 1711 1903 1751 ex

208 1796 658 1869 metropolitico
687 1797 841 1867 jure
854 1793 1252 1850 ordinationis
1282 1789 1704 1847 administrum
1723 1783 1900 1841 exsti-

212 1888 343 1944 tisse
364 1886 581 1960 :idque
597 1903 678 1942 su
686 1902 767 1958 pe
775 1890 1172 1941 rstructarum
1197 1882 1260 1937 in
1273 1879 1562 1954 Cyrillum
1576 1876 1708 1968 calu
1718 1875 1903 1968 mnia-
1938 1902 1979 1968 Β

214 1995 339 2034 rum
368 1977 872 2033 fundamentum
896 1974 1232 2030 exstitisse:
1266 1970 1371 2028 sed
1415 1966 1805 2042 quamobrem
1839 1964 1903 2019 in

224 2068 433 2139 Cyrillo
465 2066 683 2123 fraudi
713 2080 851 2121 esse
886 2063 1101 2120 debeat
1119 2078 1238 2118 non
1267 2059 1459 2115 video.
1506 2054 1779 2113 Nondum
1835 2068 1907 2108 ea

230 2157 653 2231 designaverat
675 2154 936 2211 Aeacius
967 2170 1099 2226 quae
1115 2158 1400 2208 aeternam
1421 2146 1650 2204 nomini
1667 2145 1796 2217 ejus
1813 2143 1908 2197 in-

228 2246 465 2303 famiam
496 2245 913 2303 accersivere.
944 2244 1011 2299 In
1041 2241 1293 2298 concilio
1350 2235 1715 2294 Seleuciensi
1747 2247 1909 2289 anno

228 2340 325 2394 359
357 2345 417 2395 et
444 2334 1138 2408 Constantinopolitano
1172 2331 1314 2388 anni
1335 2324 1908 2402 sequentisAriano-

232 2446 361 2486 rum
391 2429 691 2502 princeps
732 2426 951 2492 factus,
983 2423 1201 2480 mirum
1234 2421 1296 2477 in
1326 2417 1572 2477 modum
1600 2416 1663 2470 in
1698 2413 1912 2469 Catho-

240 2521 387 2577 licos
406 2526 464 2575 et
492 2535 557 2575 se
568 2517 958 2574 mi-Arianos
983 2511 1521 2582 saeviit,orbemque
1540 2511 1730 2562 totum
1739 2504 1913 2576 jussa

247 2610 640 2667 Ariminensis
671 2606 952 2663 formula
1010 2602 1469 2676 subscriptione,
1516 2597 1651 2653 labe
1682 2593 1906 2650 infecit.

237 2703 369 2757 Post
399 2702 528 2757 haec
560 2706 776 2755 tamen
810 2695 1039 2753 scelera
1086 2699 1326 2750 sanctos
1374 2687 1674 2746 Meletium
1705 2684 1907 2740 Antio-

236 2791 495 2847 chenam
532 2796 597 2845 et
622 2787 937 2859 Pelagium
960 2775 1774 2849 Laodicenum,Athanasium
1795 2773 1911 2828 An-

228 2882 505 2953 cyrinum
571 2880 631 2935 S.
663 2877 867 2934 Basilii
897 2876 1051 2947 epist
1102 2875 1167 2929 53
1199 2879 1259 2930 et
1298 2874 1388 2931 66.
1435 2864 1723 2925 encomiis
1745 2861 1909 2918 cele-

227 2970 424 3039 brem,
466 2970 785 3041 aliosque.
817 2966 1008 3040 pulsis
1039 2964 1335 3037 episcopis
1361 2958 1556 3017 bonis.
1590 2960 1756 3011 extra
1773 2966 1910 3024 pro-

228 3063 426 3134 priam
458 3059 839 3133 provinciam
890 3056 1203 3113 ordinavit.
1229 3056 1463 3120 Quanto
1494 3046 1700 3120 Cyrilli
1732 3055 1914 3099 causa

225 3150 647 3217 favorabilior,
681 3165 861 3220 quem
894 3146 1222 3203 secundum
1254 3158 1518 3200 canones
1569 3138 1643 3196 ab
1673 3131 1911 3209 provin-

229 3243 341 3298 cia;
370 3239 768 3312 metrOpolita
798 3236 1062 3293 ordinari
1095 3232 1454 3308 Oportebat?
1474 3228 1640 3297 Quod
1669 3226 1742 3283 ab
1762 3239 1907 3280 con-

233 3332 373 3388 cilio
403 3328 757 3387 Sardicensi
772 3325 1394 3383 exauctoratusfuerat
1422 3317 1901 3379 Acacius.locum

234 3438 360 3478 non
393 3420 632 3476 habuit.
667 3419 1085 3490 Episcopatum
1140 3416 1267 3487 ipse
1299 3419 1359 3470 et
1414 3408 1901 3468 communionem

237 3511 718 3568 ecclesiasticam
751 3513 1094 3564 constanter
1134 3504 1348 3572 tenuit,
1380 3501 1547 3559 nullo
1596 3500 1659 3555 in
1689 3497 1780 3554 sui
1810 3496 1903 3551 loc

239 3619 376 3660 cum
408 3602 609 3676 [XXV]
643 3600 981 3673 subrogato.
1037 3600 1258 3669 Nempe
1311 3611 1449 3651 cum
1507 3589 1905 3648 conciliorum

244 3692 621 3749 Sardicensis
653 3698 715 3746 et
741 3687 1271 3762 Philippopolitani
1324 3687 1549 3751 Patres,
1601 3678 1906 3753 principes

247 3784 509 3839 adversm
542 3780 730 3854 partis
776 3779 1000 3835 mutuis
1043 3775 1440 3834 anathematis
1488 3769 1905 3844 perculissent,

252 3872 329 3929 de
350 3874 436 3929 rei
462 3870 844 3928 exsecutione
863 3886 983 3925 non
1005 3867 1326 3924 admodum
1349 3862 1592 3920 solliciti
1616 3864 1757 3915 sunt
1775 3855 1905 3912 visi.

252 3960 862 4033 Sardicenseslegatis
878 3959 952 4015 ad
974 3956 1383 4014 Constantium
1404 3948 1910 4021 missisEuphrata

254 4051 603 4109 Coloniensi
625 4056 687 4106 et
708 4049 1015 4106 Vincentio
1037 4049 1339 4119 Capuano,
1366 4044 1428 4100 id
1445 4047 1677 4099 tantum
1702 4043 1909 4111 postu-

252 4142 479 4205 lavere,
504 4148 573 4198 ut
602 4156 751 4213 quos
780 4138 1045 4212 synodus
1075 4154 1111 4194 a
1138 4137 1315 4209 culpa
1357 4134 1565 4191 abesse
1607 4129 1913 4202 judicarat

249 4234 588 4305 episcopos.
621 4231 944 4301 imperator
972 4227 1047 4283 ad
1078 4243 1214 4283 suas
1235 4223 1531 4282 Ecclesiae
1555 4220 1752 4277 redire
1775 4232 1911 4290 per-

246 4319 786 4393 mitteret,quando
809 4320 936 4391 ipse
961 4317 1267 4388 ejecisset:
1292 4313 1656 4372 Athan.Hist.
1687 4310 1909 4373 Arian.,

246 4430 311 4468 n.
346 4413 529 4468 20.De
561 4409 695 4466 aliis
723 4424 859 4464 vero
888 4408 949 4464 in
993 4409 1125 4463 loca
1164 4403 1479 4468 Theodori,
1526 4398 1749 4466 Acacii,
1801 4397 1909 4453 Ur-

245 4503 395 4559 sacii
428 4508 493 4558 et
523 4497 1181 4569 Valentisdepositione
1205 4501 1264 4552 et
1295 4487 1913 4550 excommunicatione

240 4591 676 4648 mnlctatorum
696 4588 881 4644 substi
893 4587 1198 4644 tuendi.ne
1210 4585 1452 4641 verbum
1467 4581 1916 4655 quidem.Atha-

240 4682 458 4739 nasius
503 4679 781 4735 Acacium
800 4694 1038 4749 semper
1064 4675 1150 4731 uti
1181 4675 1499 4731 toleratam
1534 4673 1608 4728 ab
1642 4670 1907 4727 Ecclesia
1942 4666 1982 4730 D

242 4773 617 4845 episcopum-
659 4767 963 4841 spectavit,
1000 4771 1074 4822 De
1104 4781 1227 4836 syn.
1283 4781 1345 4820 n.
1380 4766 1466 4819 13.
1501 4760 1904 4832 Basiliumque

240 4865 633 4936 Ancyranum
656 4874 774 4914 una
793 4874 928 4914 cum
942 4857 1077 4913 aliis
1096 4857 1155 4910 in
1173 4853 1428 4912 concilio
1447 4851 1782 4908 Sardicensi
1804 4866 1905 4906 ex-

241 4951 783 5011 communicatum,
812 4954 881 5004 ut
903 4947 1146 5003 fratrem
1179 4945 1376 5006 habet,
1411 4945 1534 4999 vivo
1568 4942 1710 4999 licet
1765 4944 1906 4998 Mar-

241 5041 421 5111 cello,
454 5039 601 5097 ibid.
636 5056 696 5095 n.
728 5040 818 5093 41.
851 5036 963 5093 Sed
994 5052 1188 5109 neque
1218 5032 1775 5092 Eusebianilulium
1794 5034 1905 5087 Ro-

244 5132 914 5203 manum.Protogenem
934 5124 1599 5186 Sardicensem.Osium.
1635 5121 1909 5179 Gauden-

244 5223 398 5279 tium
444 5220 913 5279 Ariminensem.
946 5216 1265 5272 Maximum
1316 5215 1726 5271 Trevirensem
1759 5227 1909 5285 quos

242 5314 507 5371 vicissim
540 5310 751 5367 eadem
778 5323 957 5380 pinna
987 5305 1363 5373 damnarant,
1394 5321 1502 5377 pro
1561 5302 1720 5359 veris
1779 5301 1907 5374 epi-

242 5405 438 5479 scopis
469 5401 695 5460 habere
725 5398 1056 5456 desierunt.
1091 5397 1236 5452 Nam
1295 5394 1455 5468 quod
1502 5394 1772 5450 Socrates
1803 5392 1907 5456 ait,

238 5494 340 5552 lib.
366 5512 425 5565 ιι,
462 5509 593 5565 cap.
624 5494 718 5558 22,
751 5492 991 5560 ruptam
1020 5486 1206 5542 fuisse
1237 5490 1374 5558 post
1416 5484 1741 5541 concilium
1774 5483 1906 5539 Sar-

246 5584 486 5642 dicense
518 5578 792 5639 Orientis
825 5591 962 5633 cum
993 5575 1312 5633 Uccidente
1332 5572 1909 5640 communionem,id

303 5767 382 5842 (2)
410 5762 620 5840 Cyrill.
645 5759 835 5837 epist.
857 5753 935 5815 ad
959 5754 1291 5827 Constant,
1312 5770 1376 5816 n.
1407 5756 1463 5827 ι,
1494 5757 1551 5813 Β.

2006 619 2134 676 felli
2168 627 2384 694 potest,
2420 636 2531 676 nec
2562 632 2810 674 necesse
2841 622 2934 671 est
2965 633 2979 682 ;
3009 630 3143 669 cum
3176 612 3384 667 eodem
3422 612 3552 667 loco
3582 609 3674 666 fa-

2006 714 2204 767 teatur
2229 713 2389 768 intra
2411 710 2717 768 Orientem
2750 707 3085 779 episcopos.
3121 703 3358 759 tametsi
3422 701 3671 757 diversas

2007 801 2144 856 ﬁdei
2180 801 2556 863 exsisterent,
2585 798 3033 854 indifferentem
3059 800 3258 850 tamen
3291 792 3672 847 communio-

2007 908 2147 947 nem
2177 892 2477 948 habuisse.
2513 891 2659 945 Cum
2691 888 2979 943 nimirum
3011 884 3323 942 Catholici.
3358 883 3670 954 episcopos

2007 982 2326 1038 Arianismi
2379 981 2724 1052 suspicione
2758 977 3101 1033 laborantes
3134 978 3192 1028 et
3223 974 3330 1028 sub
3366 972 3675 1027 catholicis

2006 1073 2069 1128 in
2102 1073 2360 1144 speciem
2394 1068 2867 1143 professionibus
2921 1065 3367 1129 delitescentes,
3402 1062 3670 1135 legitimo

1998 1162 2230 1234 judicio
2262 1162 2612 1217 convincere
2645 1164 2703 1214 et
2734 1157 2950 1229 ejicere
2968 1172 3092 1210 non
3112 1158 3673 1226 possent,necessa-

2007 1252 2160 1308 riam
2191 1267 2327 1307 cum
2361 1251 2481 1306 illis
2504 1247 2987 1305 communionem
3021 1243 3361 1299 retinebant
3394 1241 3491 1295 :id
3510 1239 3670 1312 quod

2010 1340 2252 1401 sufficit.
2273 1343 2339 1394 ut
2366 1338 2438 1393 ab
2470 1337 2682 1393 Acacio
2714 1334 2970 1407 Cyrillus
2992 1332 3255 1405 legitime
3289 1329 3552 1403 potuerit
3573 1344 3672 1384 or-

2009 1429 2379 1485 dinationem
2420 1428 2707 1499 recipere.

2079 1521 2165 1575 31.
2191 1517 2500 1591 Cyrilliani
2524 1517 2903 1588 episcopatus
2933 1513 3108 1569 initia
3137 1509 3429 1584 singulari
3464 1509 3672 1565 Hiero-

2010 1609 2255 1683 solymis
2286 1612 2560 1681 portento
2583 1606 2933 1677 consignata
2963 1609 3105 1658 sunt
3132 1603 3224 1673 (‘2).
3262 1599 3553 1656 Nimirum
3578 1597 3671 1653 die

2009 1700 2143 1756 Maii
2174 1699 2430 1772 septima
2458 1715 2554 1753 an.
2589 1698 2683 1752 35l
2723 1697 2883 1751 circa
2911 1695 3118 1749 horam
3143 1692 3259 1747 diei
3291 1689 3673 1754 tertiam,hoc

2009 1797 2101 1847 est
2128 1805 2352 1846 nonam
2411 1794 2684 1845 nostram
2738 1787 3114 1852 matutinam,
3153 1799 3369 1856 magna
3428 1798 3570 1837 crux
3600 1797 3671 1836 ex

2009 1879 2164 1943 luce,
2193 1879 2337 1935 solis
2371 1878 2571 1934 radios
2604 1876 2923 1948 splendore
2982 1889 3294 1945 superans,
3328 1871 3670 1943 complures

2009 1971 2188 2027 horas
2216 1970 2342 2025 visa
2366 1985 2546 2040 super
2575 1973 2843 2023 montem
2878 1964 3181 2036 Golgotha,
3242 1962 3316 2018 ad
3365 1962 3666 2018 Olivarum

2009 2076 2199 2133 usque
2230 2064 2498 2115 montem
2530 2074 2593 2113 se
2653 2056 3000 2111 extendens.
3052 2055 3345 2108 Continuo
3378 2057 3535 2106 totus
3567 2068 3670 2122 po-

2010 2150 2187 2223 pulus
2218 2148 2493 2214 civitatis,
2526 2147 2722 2201 omnis
2754 2146 2967 2210 aetatis,
3021 2160 3216 2210 sexus,
3279 2140 3668 2208 conditionis,

2010 2257 2133 2297 non
2166 2237 2461 2312 indigetes
2488 2242 2741 2304 tantum,
2776 2235 2880 2291 sed
2912 2239 2971 2289 et
3020 2232 3227 2299 exteri,
3260 2229 3582 2286 Christiani
3614 2232 3674 2284 et

2011 2329 2268 2406 gentiles
2300 2328 2374 2385 ad
2404 2327 2720 2383 ecclesiam
2756 2339 3217 2390 accurrere,uno
3239 2321 3439 2376 animo
3465 2325 3523 2374 et
3551 2335 3670 2374 uno

2012 2427 2300 2493 tanquam
2332 2434 2401 2474 ex
2432 2434 2534 2473 ore
2565 2416 2864 2472 Christum
2896 2413 3231 2478 laudantes,
3265 2428 3333 2466 ac
3365 2408 3673 2478 religionis

2015 2511 2147 2584 ejus
2175 2507 2484 2565 veritatem
2516 2505 2741 2562 ccelesti
2774 2504 2895 2559 viso
2943 2501 3392 2573 comprobatam
3416 2515 3536 2554 non
3562 2497 3675 2553 du-

2010 2600 2272 2657 bitantes
2298 2596 2555 2670 Cyrillus
2580 2596 2708 2667 ipse
2739 2593 2892 2663 signi
2923 2592 3193 2648 oculatus
3226 2590 3393 2645 testis
3423 2586 3675 2645 redditis

2013 2692 2274 2765 primum
2306 2690 2424 2744 Deo
2454 2686 2925 2761 gratiis,signum
2950 2683 3062 2738 hoc
3094 2697 3202 2753 per
3223 2681 3452 2735 litteras
3468 2678 3669 2734 statim

2013 2780 2358 2838 Constantio
2399 2776 2860 2851 significandum
2892 2772 3270 2838 existimavit,
3299 2770 3673 2841 ratusimpe-

2013 2877 2273 2928 ratorem
2305 2870 2369 2925 in
2428 2866 2737 2940 religionis
2768 2865 3120 2920 Christianas
3154 2877 3356 2917 amore
3385 2876 3491 2931 per
3521 2858 3673 2914 illud

2012 2961 2203 3034 magis
2228 2976 2297 3016 ac
2329 2958 2514 3030 magis
2548 2957 2971 3013 conﬁrmatum
3004 2953 3076 3007 iri
3110 2970 3122 3019 ;
3151 2958 3209 3006 et
3239 2965 3449 3005 novam
3470 2948 3545 3004 ad
3570 2948 3675 3003 de-

2012 3049 2326 3107 bellandos
2357 3049 2557 3104 hostes
2589 3063 2661 3102 ex
2692 3046 2803 3100 hoc
2825 3042 3010 3098 divini
3045 3056 3182 3113 erga
3213 3056 3274 3095 se
3335 3038 3560 3094 amoris
3612 3042 3672 3093 et

2013 3157 2171 3197 curm
2203 3140 2394 3213 signo,
2427 3137 2707 3193 fiduciam
2741 3140 2799 3190 et
2816 3132 3189 3190 alacritatem
3220 3133 3671 3199 concepturum.

2016 3229 2339 3302 Epistolam
2372 3228 2567 3283 fausta
2596 3225 2941 3298 precatione
2968 3220 3296 3286 concludit,
3316 3234 3447 3289 quas
3480 3216 3675 3272 laudis

2013 3321 2073 3375 in
2100 3318 2345 3375 modum
2371 3316 2712 3382 informata,
2740 3310 3153 3368 Constantium
3191 3309 3367 3364 tacite
3397 3312 3457 3360 et
3485 3306 3670 3361 oftlcii

2010 3416 2071 3466 et
2102 3426 2251 3465 vera:
2285 3407 2422 3464 fidei
2453 3403 2945 3463 admonet.Multa
2975 3402 3134 3456 circa
3164 3400 3344 3469 hujus
3359 3393 3577 3452 ostenti
3605 3398 3665 3448 et

2011 3498 2349 3572 Cyrillianae
2376 3495 2643 3569 epistolas
2665 3493 2972 3549 veritatem
2990 3490 3162 3545 circa
3192 3502 3421 3542 annum
3442 3484 3674 3539 etdiem

2014 3606 2132 3661 quo
2162 3587 2289 3643 visa
2318 3603 2482 3653 crux,
2515 3591 2576 3640 et
2602 3585 2865 3640 diversas
2890 3597 3021 3652 quae
3063 3579 3136 3634 ab
3169 3578 3303 3633 aliis
3333 3574 3678 3631 auctoribus

2014 3677 2357 3734 referuntur
2386 3674 2866 3731 circumstantias
2893 3669 3184 3741 disputari
3203 3667 3431 3722 solent:
3457 3666 3527 3719 de
3542 3666 3678 3736 qui-

2013 3769 2124 3824 bus
2156 3783 2291 3823 cum
2324 3766 2385 3821 in
2408 3764 2817 3821 admonitione
2844 3759 3064 3831 praevia
3103 3759 3163 3811 in
3223 3755 3540 3826 epistolam
3601 3753 3676 3809 ad

2015 3857 2428 3915 Constantium
2460 3854 2603 3910 satis
2635 3869 2744 3908 nos
2775 3850 2996 3906 dixisse
3030 3845 3463 3910 existimemus,
3496 3859 3566 3899 eo
3588 3843 3678 3898 le-

2016 3954 2241 4005 ctorem
2274 3943 2571 4018 ejusmodi
2628 3957 2832 3998 rerum
2882 3938 3186 3995 curiosum
3244 3932 3680 3990 remittendum

2009 4037 2374 4111 judicamus.

2519 4140 2739 4216 [xxvn
2798 4137 3030 4194 CAPUT
3086 4137 3178 4190 VL

2017 4238 2207 4305 Qualis
2235 4237 2295 4290 in
2322 4235 2670 4306 episcopatus
2715 4232 2888 4306 fuerit
2921 4225 3169 4306 Ityrillus
3198 4241 3217 4280 :
3276 4221 3511 4306 dissidia
3566 4221 3683 4292 ejus

2090 4325 2215 4365 cum
2243 4299 2449 4364 Αεᾱοὶο
2497 4299 2831 4363 Caesariensi
2860 4318 2883 4365 ;
2912 4307 2966 4355 et
3023 4305 3226 4353 mutua
3265 4299 3563 4366 utriusque
3590 4309 3682 4349 ac-

2091 4388 2417 4437 cusatzones.

2091 4492 2160 4545 32
2214 4486 2553 4543 Admodum
2568 4499 2759 4557 pauca
2771 4482 2843 4537 de
2857 4478 3061 4552 Cyrilli
3080 4478 3429 4550 episcopatu
3446 4491 3685 4531 conser-

2021 4578 2174 4635 vavit
2202 4576 2626 4633 historia.Eum
2655 4571 2860 4628 omnia
2890 4569 3163 4625 sublimis
3196 4567 3325 4638 ejus
3355 4565 3685 4621 ot'ficiimu-

2016 4671 2118 4727 nia
2133 4675 2376 4726 strenue
2394 4665 2821 4739 adimplevisse
2857 4669 3017 4719 certo
3051 4659 3349 4716 aestimare
3367 4673 3686 4729 possumus

2013 4767 2141 4817 tum
2156 4776 2223 4816 ex
2256 4756 2561 4814 laboribus
2584 4771 2733 4826 quos
2759 4753 2954 4809 adhuc
2980 4749 3293 4823 presbyter
3312 4747 3678 4819 perfunctus,

2015 4851 2252 4907 auxisse
2266 4849 2463 4921 potius
2483 4847 2544 4901 in
2559 4845 2906 4917 episcopatu
2923 4857 3101 4913 quam
3120 4838 3413 4894 minuisse
3431 4852 3680 4890 censen-

2016 4941 2130 4998 dus
2160 4944 2268 5007 est,
2305 4944 2432 4993 tum
2464 4952 2535 4991 ex
2556 4934 2795 4991 ﬂorenti
2822 4927 3375 4998 Hierosolymitanae
3402 4923 3681 4979 Ecclesiae

2017 5031 2148 5103 ejus
2179 5026 2549 5100 temporibus
2568 5031 2724 5080 statu
2754 5025 2939 5088 Quam
2954 5017 3114 5073 enim
3139 5015 3312 5071 multi
3337 5013 3463 5069 illic
3478 5018 3680 5068 essent

2018 5118 2230 5186 sancti,
2260 5135 2376 5190 quo
2405 5118 2467 5173 in
2500 5117 2728 5172 honore
2762 5112 2973 5185 pietas,
3002 5107 3302 5179 conjicere
3333 5105 3474 5161 licet
3506 5120 3576 5159 ex
3600 5103 3678 5159 iis

2019 5227 2151 5284 qum
2183 5208 2437 5266 Basilius
2468 5207 2531 5263 in
2566 5204 2740 5277 epist.
2771 5205 2804 5257 4
2826 5200 2902 5256 ad
2920 5196 3283 5254 monachum
3319 5196 3553 5268 lapsum
3577 5192 3679 5262 ait,

2017 5317 2151 5375 pag.
2187 5302 2287 5366 l2;
2322 5314 2458 5354 eum
2491 5309 2707 5364 nempe
2749 5306 2886 5347 cum
2934 5288 3149 5344 Basilio
3199 5287 3329 5358 ipso
3389 5285 3547 5341 circa
3576 5301 3677 5341 an.

2019 5393 2123 5447 357
2145 5388 2616 5459 Hierosolymam
2648 5383 2854 5449 ivisse;
2874 5380 3000 5435 illic
3021 5378 3240 5435 multos
3255 5383 3493 5434 sanctos
3509 5391 3679 5432 oscu-

2018 5481 2246 5547 latum;
2273 5478 2496 5534 multos
2528 5472 2707 5530 etiam
2726 5487 2941 5528 manus
2973 5469 3105 5542 ejus
3128 5468 3213 5523 uti
3248 5471 3680 5524 sanctasattre-

2018 5577 2212 5628 ctasse
2266 5574 2328 5625 et
2382 5565 2737 5635 confovisse,
2796 5560 3050 5635 genibus
3084 5558 3273 5631 ipsius
3313 5552 3676 5630 provolutos.
