4052 6430
1684 395 1789 457 DE
1835 393 2022 458 Vl'l‘A
2064 392 2130 454 Β.

2177 390 2523 460 CYRILLI.
3781 404 3870 466 ω

391 531 839 592 Prmdieationis
869 531 1134 589 ofllcium
1171 547 1281 606 per
1328 549 1391 590 se
1419 529 1840 605 adimplevisse
1854 526 2036 601 Cyril-
2068 525 2120 594 Α
2150 526 2364 584 Acacio
2394 543 2712 590 consessus
2733 538 2794 589 et
2808 532 3114 605 dignitatis
3139 534 3388 609 gradum
3409 535 3538 592 sibi
3563 534 3867 592 vindica-

394 624 520 680 lum
553 623 701 679 illud
735 622 1131 696 probat,quod
1158 623 1338 678 etiam
1362 621 1702 678 exsulTarsi
1733 619 1891 693 apud
1908 618 2046 675 hos-

393 715 580 786 pitem
620 713 942 776 Silvanum.
1005 711 1405 768 concionandi
1457 711 1722 768 ofﬁcium
1772 711 2049 784 episcopo

394 805 778 878 permittente
807 802 974 876 fungi
1005 802 1260 858 voluerit
1281 820 1349 858 ex
1363 801 1825 858 Theodoret.lib.
1851 816 2047 872 n,cap.

393 895 484 950 26.
513 895 698 960 Quam
731 894 1006 968 largusin
1030 910 1248 965 egenos
1279 899 1338 949 et
1354 895 1580 949 effusus
1607 894 1788 949 fuerit
1813 891 2050 948 abunde

391 985 760 1042 declaratum
792 991 882 1039 est
910 983 1223 1040 decantato
1254 984 1356 1039 illo
1379 984 1532 1040 facto
1565 983 1725 1056 quod
1757 983 1872 1056 ipsi
1903 985 2052 1038 Aea—

393 1076 520 1132 cius
549 1074 785 1130 crimini
818 1073 1162 1130 vertitCum
1183 1073 1347 1129 enim
1379 1073 1925 1146 Hierosolymorum
1957 1089 2052 1128 re-

392 1166 633 1240 gionem
664 1165 853 1220 fames
875 1168 1243 1235 occupasset,
1270 1163 1572 1236 egentium
1594 1162 1916 1218 multitudo
1945 1177 2053 1218 ne-

394 1253 668 1313 cessariis
726 1254 1030 1309 alimentis
1060 1253 1347 1309 destituta
1393 1253 1456 1308 in
1486 1251 1792 1324 Cyrillum,
1849 1257 2054 1324 utpote

397 1345 763 1418 episcopum,
797 1343 1003 1400 oculos
1033 1343 1310 1415 conjecit.
1343 1343 1486 1398 Cum
1538 1348 1738 1398 autem
1785 1341 2053 1414 pecunim

397 1432 692 1501 deessent,
727 1433 944 1506 quibus
975 1432 1272 1488 subveniri
1301 1439 1499 1503 posset
1529 1431 2052 1503 egentibus,Cyril-

397 1526 494 1582 lus
525 1525 837 1580 thesauros
848 1523 1126 1579 Ecelesim
1146 1528 1204 1578 et
1223 1538 1394 1579 sacra
1417 1522 1542 1578 vela
1564 1521 2052 1578 divendiditﬂmc

397 1615 650 1682 Sozom.,
681 1613 784 1668 lib.
823 1630 877 1668 ιν
905 1615 1076 1679 Hist,
1121 1629 1251 1684 cap.
1286 1615 1354 1667 25
1391 1629 1404 1667 :
1440 1611 1584 1683 quid
1611 1610 1751 1666 inde
1783 1616 2051 1668 secutum

395 1710 605 1777 postea
637 1701 1044 1758 narrabimus.

469 1794 556 1848 33.
583 1795 710 1848 Non
738 1791 841 1848 diu
871 1791 1112 1863 quietus
1141 1790 1203 1846 in
1237 1789 1375 1847 sede
1409 1808 1516 1848 sua
1537 1791 1759 1847 mansit
1776 1790 2050 1862 Cyrillus.

2156 615 2260 673 bat
2291 634 2306 672 :
2340 635 2517 691 quem
2538 623 2787 678 Aeacius
2808 623 3090 696 forte.qui
3121 625 3289 682 nulla
3321 626 3598 682 Nicaeum
3629 625 3868 698 synodi

2157 709 2490 765 reverentia
2523 711 3098 787 tenebatur,Cyrillo
3147 715 3422 788 negabat,
3463 722 3870 788 poteratque

2158 799 2468 855 nonnullis
2498 817 2740 858 suorum
2795 802 3176 860 decessorum
3209 805 3505 876 exemplis
3544 821 3619 860 se
3673 805 3867 874 tueri,

2159 905 2309 961 quos
2340 889 2400 944 in
2422 891 2885 948 Cmsariensibus
2897 893 3101 949 aliisve
3124 912 3244 950 suae
3279 894 3621 966 provincias
3641 897 3868 950 conci-

2157 977 2254 1033 liis
2281 994 2463 1050 supra
2519 980 3121 1055 Hierosolymitanum
3155 984 3381 1040 sedisse
3429 991 3869 1041 monumenta

2159 1069 2432 1141 quedam
2466 1070 2645 1126 fidem
2673 1071 2934 1142 faciunt;
2984 1074 3100 1130 vid.
3156 1075 3364 1131 Euseb.
3427 1075 3542 1132 lib.
3603 1093 3642 1129 v
3676 1077 3866 1144 Hist.,

2161 1175 2211 1214 c.
2245 1161 2336 1228 23,
2369 1165 2428 1214 et
2456 1159 2559 1216 lib.
2590 1177 2681 1229 vn,
2715 1178 2843 1234 cap.
2877 1166 2929 1218 5.
2963 1163 3220 1236 Cyrillus
3253 1171 3558 1237 prmterea
3620 1165 3867 1219 immu-

2160 1266 2300 1307 nem
2331 1257 2480 1320 se,et
2509 1252 2770 1309 solutum
2791 1254 3256 1327 ajurisdictione
3285 1257 3704 1312 Ciesariensis
3729 1256 3867 1327 epi-

2162 1341 2326 1414 scopi
2356 1358 2623 1399 asserere
2657 1343 2814 1400 visus
2844 1351 2952 1400 est.
3015 1348 3183 1412 Nam,
3230 1345 3374 1402 dum
3421 1345 3864 1418 apostolicum

2165 1432 2446 1488 thronum
2477 1432 2917 1506 ohtendit.quid
2947 1436 3112 1492 aliud
3133 1453 3313 1508 quam
3345 1437 3779 1509 superiorem,
3803 1442 3868 1492 et

2161 1521 2236 1578 ab
2255 1521 2522 1578 inferiori
2547 1523 2686 1580 sede
2703 1525 3032 1581 immunem
3059 1543 3227 1582 suam
3250 1525 3582 1582 ecclesiam
3605 1525 3866 1582 statuit?

2168 1613 2414 1669 Vocatus
2435 1613 2508 1669 ab
2530 1615 2744 1670 Acacio
2775 1615 2837 1670 in
2847 1616 2950 1686 jus
2979 1632 3086 1686 per
3101 1615 3412 1672 biennium
3443 1616 3860 1684 continuum,

2163 1703 2374 1760 sistere
2404 1720 2467 1759 se
2498 1706 2708 1761 Acacio
2723 1705 2915 1777 judici
2935 1708 3380 1763 recusavitnon
3401 1709 3862 1764 accusationes

2162 1792 2580 1856 reformidans,
2615 1801 2684 1850 ut
2711 1796 2899 1851 visum
2934 1797 3160 1852 Socrati
3191 1796 3296 1853 lib.
3334 1814 3394 1862 ιι,
3427 1813 3570 1869 cap.
3607 1799 3690 1854 40
3710 1797 3860 1868 (illa:

399 1885 480 1940 De
507 1881 768 1955 primatu
799 1886 858 1936 et
888 1879 1324 1952 metropolitico
1363 1881 1502 1952 jure
1557 1879 1715 1935 inter
1745 1880 1940 1952 ipsum
1999 1886 2057 1936 et
2089 1895 2141 1964 Β
2171 1883 2332 1938 enim
2356 1883 2690 1949 levissima,
2715 1892 2866 1941 teste
2897 1886 3268 1942 Theodoreto
3297 1887 3402 1943 lib.
3438 1904 3499 1955 ιι,
3554 1904 3703 1958 cap.
3764 1889 3860 1954 26,

399 1972 680 2028 Acacium
712 1969 922 2026 oborta
935 1969 1257 2034 contentio,
1268 1975 1504 2026 mutuas
1521 1969 1931 2027 accusationes
1944 1986 2055 2042 pe-

403 2061 579 2134 perit.
615 2063 866 2132 Arrepta
894 2058 1252 2115 criminandi
1286 2076 1464 2116 causa
1493 2059 1782 2132 Cyrillum
1817 2061 2067 2116 Aeacius

408 2151 471 2208 in
502 2150 756 2207 concilio
789 2167 858 2205 ex
891 2149 1186 2222 episcopis
1205 2150 1590 2206 sibifactione
1615 2151 1956 2222 conjunctis
1970 2150 2069 2206 de-

404 2241 606 2316 posuit
635 2241 792 2296 circa
819 2240 963 2296 anni
995 2241 1098 2295 357
1127 2240 1308 2296 ﬁnem
1367 2240 1460 2295 vel
1513 2242 1617 2296 358
1675 2240 1868 2296 initia.
1928 2241 2068 2306 Qum

402 2331 666 2388 omniaa
722 2329 895 2386 nobis
952 2330 1292 2386 accuratius
1349 2328 1709 2403 indaganda.
1744 2331 1826 2384 Ac
1875 2328 2068 2402 primo

403 2421 648 2496 quidem
679 2421 1130 2477 contentionem
1159 2419 1361 2493 Cyrilli
1390 2419 1462 2476 de
1479 2420 1739 2493 primatu
1761 2435 1912 2492 pene
1933 2435 2070 2476 cum

398 2512 531 2584 ipso
562 2511 766 2583 Cyrilli
789 2511 1135 2583 episcOpatu
1160 2509 1460 2582 incepisse
1489 2509 1828 2582 significare
1842 2509 2073 2565 videtur

404 2601 764 2658 Sozomenus
792 2601 896 2658 lib.
932 2617 984 2656 ιν
1037 2601 1211 2662 Hist..
1246 2616 1377 2672 cap.
1411 2599 1503 2667 25,
1546 2599 1642 2655 his
1681 2598 1911 2655 verbis:
1941 2601 2072 2656 Post

403 2698 716 2762 susceptum
798 2691 1308 2762 Hierosolymorum
1387 2691 1786 2760 episcopatum,
1881 2684 2070 2755 ἐπειδὴ

405 2776 685 2853 ἐπετράπη
708 2779 810 2848 τὴν
839 2777 1246 2850 Ἱεροσολύμων
1283 2776 1609 2847 ἐπισκοπήν,
1643 2777 1711 2833 de
1757 2778 1893 2849 jure
1948 2794 2070 2834 me-

409 2870 752 2940 tropolitano
821 2871 1082 2925 adversus
1133 2870 1397 2924 Acacium
1445 2868 1828 2924 Cesariensem
1857 2875 2076 2924 contro-

405 2962 640 3018 versiam
669 2967 1002 3031 susceperat,
1037 2966 1306 3030 tanquam
1345 2959 1705 3030 apostolicam
1737 2959 1918 3016 sedem
1935 2961 2074 3016 obti-

407 3067 559 3108 nens.
594 3051 833 3106 Brevius
856 3065 983 3106 rem
996 3048 1253 3121 explicat
1273 3047 1676 3105 Theodoretus
1695 3049 1794 3104 lib.
1830 3066 1866 3103 ιι
1900 3049 2034 3105 Hist.
2055 3090 2070 3117 ,

407 3157 536 3212 cap.
573 3143 642 3195 26
677 3156 689 3194 :
719 3139 797 3195 Hi
818 3155 943 3195 cum
971 3140 1038 3194 de
1083 3140 1337 3209 primatu
1379 3140 1525 3194 inter
1551 3155 1607 3194 se
1663 3139 2071 3197 contenderent.

410 3229 738 3301 reipublicae
771 3227 1098 3284 Christianae
1128 3230 1574 3298 gravissimorum
1630 3228 1901 3285 malorum
1931 3245 2062 3285 cau-
2095 3254 2138 3320 ο

409 3335 522 3376 sam
529 3317 996 3391 praebueraQuid
1007 3317 1264 3390 Cyrillus
1281 3317 1591 3389 apostolici
1607 3318 1804 3374 throni
1819 3317 2066 3374 obtentu

410 3409 524 3466 sibi
555 3409 839 3466 adversus
870 3408 1152 3464 Acacium
1183 3413 1507 3481 arrogaret,
1567 3413 1670 3463 aut
1717 3408 1968 3464 Aeacius
1999 3423 2071 3463 ex

412 3497 871 3572 metropolitano
895 3499 1034 3570 jure
1066 3496 2073 3568 eontenderet,inquirendum.Tria

408 3594 645 3646 tantum
677 3587 790 3644 sibi
821 3603 1100 3660 arrogare
1130 3591 1366 3658 poterat
1384 3585 1642 3660 Cyrillus
1670 3603 1684 3641 ε
1721 3585 2068 3659 metropoli-

407 3679 526 3736 tica
558 3679 619 3734 in
650 3677 997 3734 Palmstinas
1019 3676 1314 3734 Ecclesias
1363 3677 1524 3748 jura,
1562 3677 1652 3734 vel
1701 3677 2071 3749 superiorem

409 3769 622 3827 Acacio
655 3783 972 3826 consessus
993 3766 1267 3841 gradum,
1292 3765 1380 3822 vel
1416 3766 1864 3824 immunitatem
1949 3782 2071 3823 suis

411 3859 676 3918 ecclesiis
707 3858 780 3915 ab
812 3859 1008 3914 Aeacii
1025 3856 1474 3930 jurisdictione.
1511 3856 1802 3930 Cyrillum
1836 3872 1899 3912 se
1947 3871 2073 3912 me-

409 3950 842 4024 tropolitanum
873 3947 1329 4004 Palesstmarum
1357 3947 1762 4004 Ecclesiarum
1812 3945 1929 4002 dici
1973 3961 2074 4000 vo-

411 4039 830 4104 luisse,nullus
857 4039 1024 4094 testis
1055 4038 1290 4110 prodit:
1342 4053 1454 4094 nec
1502 4055 1678 4110 porro
1735 4036 1796 4093 id
1826 4041 2076 4092 conten-

411 4130 571 4187 disse
597 4127 924 4184 verisimile
945 4132 1054 4182 est.
1079 4126 1652 4198 Hierosolymitanos
1671 4125 1830 4180 enim
1848 4141 2072 4196 praesu-

412 4221 500 4277 les
530 4217 930 4275 honoriflcum
959 4215 1069 4272 sibi
1097 4215 1317 4271 Nicaeni
1339 4214 1580 4271 concilii
1603 4215 1914 4271 decretum
1936 4227 2070 4270 can.

408 4312 438 4362 7
459 4313 800 4379 aeceptasse
822 4310 882 4362 et
902 4305 964 4361 in
985 4321 1056 4362 eo
1080 4305 1452 4377 acquievisse
1482 4305 1742 4378 [XXVII]
1801 4303 2073 4360 dubitare

411 4415 532 4455 non
552 4399 692 4453 licet
723 4395 874 4452 Illud
907 4395 1197 4452 Macarius
1230 4411 1386 4450 unus
1409 4411 1440 4452 e
1483 4395 1808 4468 praecipuis
1831 4395 2072 4453 concilii

411 4487 686 4546 Patribus
708 4486 838 4544 sine
857 4485 1038 4542 dubio
1056 4484 1390 4542 Palaestinis
1413 4483 1697 4542 Eeclesiis
1721 4483 2076 4558 signiﬁcavit

2171 1969 2508 2041 Cyrilloque
2556 1972 2756 2042 potius
2781 1973 3129 2029 honoriﬁcis
3181 1991 3359 2046 quam
3391 1975 3717 2040 timendae,
3751 1975 3858 2031 So-

2169 2075 2317 2115 som.
2353 2059 2434 2115 lib
2487 2077 2561 2129 ιν,
2590 2077 2717 2132 cap.
2745 2066 2855 2132 25).
2888 2063 2992 2118 sed
3015 2063 3244 2120 nullam
3271 2065 3470 2120 Acacii
3502 2066 3576 2120 in
3645 2082 3716 2122 se
3752 2067 3856 2137 ju-

2171 2149 2582 2207 risdictionem
2613 2151 2928 2208 admittere
2987 2153 3212 2209 volens.
3270 2155 3570 2210 Joannem
3637 2154 3856 2227 Cyrilli

2173 2255 2577 2296 successorem
2611 2257 2740 2296 sese
2771 2242 2992 2313 pariter
3007 2243 3519 2315 abjurisdictione
3549 2261 3702 2300 eum
3725 2245 3858 2299 Ca3-

2174 2329 2458 2385 sariensis
2489 2330 2908 2402 metropolitaa,
2943 2339 3066 2388 tum
3092 2333 3446 2404 patriarcha:
3471 2333 3854 2390 Antiocheni

2173 2420 2503 2476 immunem
2534 2437 2941 2493 propugnasse
2991 2429 3153 2494 patet
3181 2439 3253 2478 ex
3283 2424 3686 2496 Hieronymo,
3751 2425 3853 2494 qui

2171 2514 2428 2589 graviter
2454 2529 2526 2568 ea
2555 2512 2628 2569 de
2658 2530 2723 2569 re
2753 2531 2887 2569 eum
2919 2515 3049 2586 ipso
3101 2515 3458 2586 expostulat,
3519 2523 3587 2572 et
3621 2516 3851 2572 Nicmni

2173 2603 2412 2661 concilii
2445 2604 2861 2659 auctoritatem
2887 2604 3106 2676 allegat
3123 2606 3297 2676 epist.
3331 2608 3419 2668 61,
3452 2605 3850 2662 nov.edit.38.

2175 2693 2424 2750 Aeacius
2454 2693 2584 2748 sine
2607 2691 2788 2748 dubio
2809 2694 3254 2766 metropolitica
3271 2711 3392 2750 sum
3414 2695 3476 2750 in
3501 2695 3853 2766 Hierosoly-

2176 2783 2466 2838 mitanam
2496 2781 2774 2838 Ecclesia:
2797 2784 2936 2854 jura
2967 2784 3263 2851 tuebatur,
3283 2791 3648 2856 poteratque
3673 2802 3738 2840 se
3757 2801 3849 2855 sy-

2176 2871 2319 2928 nodi
2347 2872 2618 2935 Nicaanm,
2643 2871 2938 2943 siquidem
2973 2888 3042 2928 ea
3071 2872 3321 2928 auderet
3350 2873 3458 2941 uti,
3497 2879 3847 2947 protegere.

2179 2962 2324 3016 llinc
2344 2961 2651 3033 pr0prium
2663 2961 2865 3034 Cyrilli
2883 2961 3150 3033 judicem
3170 2963 3552 3035 agebat,eum
3575 2961 3848 3020 vocando

2176 3051 2240 3107 in
2256 3051 2360 3123 jus
2376 3066 2444 3106 ac
2475 3050 2734 3122 denique
2760 3051 3115 3124 judicando.

2247 3143 2335 3196 34.
2368 3141 2695 3212 Cujusnam
2727 3148 2883 3198 esset
2908 3157 3088 3198 causa
3108 3142 3322 3214 potior,
3373 3143 3580 3199 Acacii
3635 3158 3714 3198 an
3735 3142 3847 3212 Cy-

2177 3230 2298 3288 rilli
2330 3230 2481 3285 forte
2503 3231 3008 3302 lectorinquirat;
3035 3237 3095 3288 et
3134 3239 3334 3287 utrum
3389 3249 3520 3287 vere
3558 3250 3672 3289 seu
3703 3247 3842 3287 con-

2178 3319 2497 3378 suetudine
2529 3336 2634 3375 seu
2655 3321 2792 3392 jure
2824 3320 3109 3377 immunis
3140 3327 3299 3378 esset
3323 3321 3397 3377 ab
3450 3319 3843 3378 Caesariensis

2178 3409 2440 3482 episcopi
2451 3409 2870 3480 jurisdictione
2891 3409 3466 3483 Hierosolymitanus
3491 3413 3840 3483 episcopus,

2178 3513 2525 3571 quanquam
2543 3498 2670 3570 ipse
2692 3498 2922 3554 nullam
2955 3499 3014 3554 in
3033 3499 3185 3556 alios
3207 3501 3306 3571 qui
3341 3500 3454 3556 sibi
3477 3500 3741 3573 subjecti
3759 3497 3839 3552 fo-

2179 3595 2313 3644 rent
2341 3593 2685 3652 exerceret;
2719 3603 2795 3643 an
2843 3588 3098 3644 aliorum
3153 3589 3617 3660 provincialium
3677 3599 3840 3644 more

2177 3677 2528 3734 Ctesariensi
2561 3677 2880 3750 metropoli
2908 3677 3200 3744 subesset,
3247 3679 3443 3750 priore
3491 3681 3656 3734 inter
3683 3679 3841 3750 ipsos

2178 3767 2308 3824 loco
2330 3773 2390 3822 et
2408 3766 2593 3840 gradu
2609 3773 2744 3838 post
2765 3767 3292 3839 metropolitanum
3313 3768 3836 3833 contentus?Quaa-

2179 3857 2292 3913 stio
2318 3862 2408 3912 est
2427 3856 2797 3912 eruditorum
2821 3858 3310 3914 contentionibus
3330 3859 3594 3915 maxime
3617 3857 3837 3930 agitata

2179 3951 2240 4002 et
2265 3951 2700 4018 versata,quam
2731 3945 2980 4002 definire
3011 3963 3131 4003 non
3151 3947 3326 4004 facile
3345 3954 3456 4005 est.
3500 3949 3646 4004 Eam
3671 3947 3835 4002 litem

2180 4051 2541 4106 componere
2571 4036 2758 4091 nostri
2791 4052 2914 4092 non
2937 4042 3028 4091 est
3054 4037 3312 4092 instituti
3341 4053 3454 4092 nec
3497 4038 3718 4093 virium
3739 4047 3840 4090 no-

2181 4128 2458 4180 strarum.
2493 4125 2679 4190 Quam
2736 4129 2936 4181 tamen
2966 4141 3211 4196 prorsus
3257 4125 3544 4181 intactam
3575 4117 3838 4194 relinqui

2178 4212 2346 4269 locus
2377 4213 2488 4268 iste
2518 4231 2636 4269 non
2665 4215 2909 4286 patitur.
2944 4214 3188 4270 Videtur
3218 4215 3394 4270 nobis
3420 4210 3839 4288 Cyrilluslegio

2181 4303 2326 4359 tima
2355 4302 2634 4360 Ecclesias
2657 4319 2780 4360 sum
2810 4303 2883 4359 ab
2937 4303 3102 4360 omni
3157 4303 3541 4360 Caesariensis
3573 4295 3839 4376 episcopi

2170 4392 2595 4480 jurisdictione
2647 4392 2852 4448 liberas
2899 4393 3044 4465 jura
3099 4393 3478 4449 sustinuisse.
3536 4392 3602 4448 Id
3635 4388 3843 4448 suadet

2179 4483 2371 4556 primo
2389 4481 2702 4555 apostolici
2727 4482 2924 4538 throni
2941 4483 3168 4538 titulus.
3194 4483 3458 4538 Primum
3491 4483 3836 4555 episcopum

415 4583 473 4634 et
491 4577 922 4650 promulgavit;
973 4575 1242 4647 ejusque,
1277 4579 1334 4630 et
1366 4591 1781 4630 successorum
1813 4575 2068 4633 maxime
2100 4614 2150 4683 Β
2182 4571 2475 4629 habuerat
2504 4573 2559 4627 S.
2611 4572 2894 4628 Jacobum
2947 4573 3191 4628 fratrem
3231 4573 3490 4639 Domini,
3549 4573 3654 4644 qui
3714 4570 3836 4640 ipse

415 4671 424 4682 ι
481 4675 490 4683 .
678 4673 688 4683 ι
773 4673 784 4683 ι
951 4671 962 4683 ι
1051 4682 1062 4683 γ
1126 4665 1137 4676 ο
1191 4670 1272 4683 1,,
1341 4681 1414 4683 γέ-
1477 4682 1480 4683 ,
1606 4681 1650 4683 μί
1721 4682 1762 4683 ,,
1851 4681 1865 4683 _
1897 4672 1961 4683 ,,.
2181 4662 2498 4683 _____la___-____
2545 4661 2815 4683 -..ἐ-2-..-
2853 4662 2960 4683 1³.-ιι
2988 4662 3380 4683 __-_4_I____.__
3413 4679 3565 4683 ____--
3633 4660 3832 4683 --ιιι-ηρ*

410 4671 700 4726 intererat
727 4673 794 4722 ut
847 4671 1074 4723 sartum
1122 4665 1546 4738 integrumque
1594 4672 2061 4722 conservaretur-

413 4759 591 4830 Atqui
623 4756 948 4814 concilium
979 4756 1284 4812 Nicaenum
1314 4771 1445 4811 can.
1479 4759 1534 4824 7,
1571 4754 1712 4810 dum
1736 4772 1808 4811 ex
1825 4771 2070 4812 consue-

412 4849 618 4906 tudine
640 4854 701 4904 et
751 4847 1000 4918 antiqua
1049 4844 1389 4907 traditione.
1433 4851 1904 4916 consequentem
1936 4849 2072 4918 post

410 4945 532 4996 tres
550 4939 850 5011 majorum
881 4936 1112 4992 sedium
1157 4937 1475 5008 episcopos
1525 4935 1908 5006 (Romanum.
1941 4936 2070 4992 Ale-

408 5029 772 5087 xandrinum
794 5032 854 5083 et
873 5023 1420 5088 Antiochenum,de
1441 5023 1660 5097 quibus
1684 5025 1806 5097 agit
1827 5041 1959 5081 can.
1988 5025 2066 5098 6],

416 5117 950 5190 Hierosolymitano
973 5115 1224 5172 honoris
1267 5112 1515 5187 gradum
1550 5119 1762 5178 tuetur,
1802 5114 1963 5170 salva
2013 5120 2074 5172 et

410 5209 644 5279 integra
674 5204 1145 5276 metropolitanae
1176 5204 1310 5260 urbi
1323 5203 1464 5276 jura
1492 5219 1735 5260 manere
1755 5204 2027 5260 decernit
2055 5221 2069 5260 :

413 5296 624 5371 Ἐχέτω
680 5295 781 5361 τὴν
837 5291 1170 5348 ἀκολουθίαν
1224 5293 1326 5360 τῆς
1376 5299 1570 5364 τιμῆς,
1620 5295 1688 5365 τῇ
1724 5291 2071 5366 μητροπόλει

410 5386 726 5455 σωζομένου
753 5382 960 5440 οἰκείου
991 5382 1324 5456 ἀξιώματος.
1387 5383 1549 5439 Nihil
1605 5399 1742 5456 ergo
1781 5383 2071 5456 Cyrillum

410 5483 689 5550 putamus
720 5473 1140 5547 metropolitiei
1168 5474 1228 5528 in
1244 5472 1626 5530 Palaestinam
1648 5472 1806 5546 juris
1837 5472 1949 5529 sibi
1972 5488 2072 5528 ar-

411 5582 674 5640 rogasse.
707 5569 782 5622 At
809 5582 882 5622 ex
909 5563 1344 5622 consuetudine
1395 5569 1456 5621 et
1499 5563 1640 5637 jure
1697 5563 2072 5637 superiorem

479 5746 502 5783 ³
536 5745 720 5804 Galat.
759 5763 816 5815 ιι,
853 5748 906 5801 9.

2181 4662 2508 4718 multorum
2537 4661 2821 4734 opinione
2851 4662 2960 4718 fuit
2985 4662 3387 4734 apostolorum
3413 4679 3604 4728 unus;
3629 4660 3836 4718 saltem

2177 4758 2424 4826 propter
2469 4752 2747 4808 eximiam
2825 4752 2934 4808 viri
2983 4752 3229 4825 [XXVII]
3276 4753 3554 4809 virtutem
3597 4759 3658 4808 et
3706 4761 3836 4805 cum

2179 4842 2436 4898 Domino
2469 4842 3050 4914 consanguinitatem
3074 4859 3182 4914 par
3210 4842 3358 4914 ipsis
3388 4841 3678 4914 apostolis
3699 4851 3838 4894 cen—

2185 4931 2448 4988 sebatur.
2482 4933 2628 4987 Eum
2660 4931 2883 4987 Paulus
2903 4937 3044 4987 ante
3075 4933 3316 4987 Petrum
3347 4931 3528 4988 etiam
3577 4938 3637 4988 et
3655 4929 3834 4986 Joan-

2179 5037 2318 5077 nem
2351 5021 2824 5083 nominans,tres
2855 5018 2992 5076 illas
3010 5019 3288 5076 Ecclesiae
3309 5019 3622 5076 columnas
3634 5011 3834 5090 appel-

2179 5110 2266 5167 lat
2293 5110 2672 5183 °.Epistolam
2707 5110 2838 5183 ejus
2870 5109 3137 5166 Ecclesia
3163 5127 3301 5166 cum
3333 5111 3569 5167 casteris
3597 5111 3831 5182 aposto—

2181 5201 2376 5258 lorum
2427 5199 2666 5272 scriptis
2716 5200 2778 5255 in
2827 5199 3171 5256 divinorum
3220 5199 3512 5256 librorum
3546 5205 3832 5256 canonem

2181 5291 2552 5349 contulit.Ab
2573 5292 2702 5364 ipso
2717 5291 2966 5348 Domino
2986 5291 3540 5363 Hierosolymitanas
3561 5284 3830 5346 Ecclesias

2181 5381 2452 5438 omnium
2482 5381 2691 5438 matris
2719 5381 3122 5455 gubernacula
3169 5381 3508 5452 suscepisse
3563 5369 3832 5436 nonnulli

2182 5471 2625 5528 existimabant.
2685 5470 2920 5526 Nullam
2953 5485 3088 5526 vero
3121 5471 3183 5525 in
3241 5471 3507 5526 Romano
3566 5462 3827 5538 imperio.

2182 5576 2382 5632 neque
2413 5576 2590 5633 porro
2621 5560 2686 5617 in
2715 5559 2852 5618 aliis
2880 5559 3044 5616 orbis
3083 5559 3407 5632 provinciis
3453 5555 3829 5632 apostolicam
