4052 6392
186 392 248 455 Oi
1635 401 1882 473 DISSE]

1991 398 2165 465 ATIO
2210 402 2259 464 Ι.
3591 407 3669 471 62

182 529 362 587 sedem
383 531 710 599 novimus,
750 550 906 606 qua
931 533 1121 593 alteri
1145 536 1419 610 episcopo
1447 537 1891 610 subjectapare-
1920 540 1977 606 Α
2007 535 2367 605 Pauliniani,
2401 533 2475 592 ab
2505 533 2834 607 Epiphanio
2856 534 3008 590 citra
3025 534 3270 590 Joannis
3304 550 3666 595 consensum

181 626 275 676 ret.
297 620 597 689 Secundo,
628 625 947 695 quamvis
968 626 1171 683 civilis
1187 627 1494 699 dispositio
1517 628 1883 701 metropoles

186 711 606 769 ecclesiasticas
640 722 937 786 regeret,
970 717 1154 790 vulgo
1185 723 1382 773 tamen
1431 734 1500 773 ea
1530 718 1882 789 metropolis

191 801 540 869 censebatur,
577 818 662 858 ex
698 819 931 875 quase
966 804 1046 859 ad
1069 804 1404 860 aliasurbes
1431 805 1752 877 pradicato
1767 804 1882 860 dif-

187 892 406 948 fuderat:
444 908 525 947 ex
555 908 637 948 ea
678 892 905 966 legem
966 893 1257 951 credendi
1305 900 1364 950 et
1390 893 1622 950 vivendi
1655 899 1884 950 catera

181 981 498 1038 sumebant.
549 983 714 1038 Cum
749 983 1021 1056 imperii
1073 984 1381 1057 dispositio
1414 984 1885 1058 Hierosolymam

176 1072 495 1129 Palastina
530 1075 973 1146 metropolim
1007 1092 1139 1132 esse
1160 1092 1280 1131 non
1299 1075 1540 1144 sineret,
1575 1075 1787 1131 saltem
1816 1092 1887 1131 ea

172 1163 445 1226 Ecclesia,
467 1180 617 1235 qua
643 1165 969 1221 omnibus
996 1165 1235 1222 initium
1267 1164 1885 1237 dederat,apostolos-

174 1270 274 1325 que
290 1258 349 1308 et
373 1252 569 1309 fidem
614 1254 771 1310 orbi
808 1255 1263 1323 transmiserat,
1296 1255 1532 1311 caeteris
1563 1272 1694 1327 qua
1727 1254 1779 1311 ei
1815 1254 1881 1309 fi-

176 1343 376 1401 liarum
398 1343 540 1400 loco
572 1344 1063 1410 erant,subdita
1085 1361 1213 1402 esse
1224 1362 1344 1401 non
1366 1345 1639 1402 debebat.
1665 1345 1883 1415 Tertio,

182 1435 491 1508 peculiaris
519 1436 670 1508 ejus
698 1436 1008 1493 Ecclesia
1041 1442 1230 1493 status
1257 1453 1379 1492 non
1405 1452 1618 1509 parum
1648 1437 1723 1491 ad
1754 1452 1886 1491 eam

189 1543 304 1583 rem
327 1526 508 1581 volet.
538 1526 640 1582 Ab
679 1527 941 1583 cateris
988 1527 1321 1584 Palastina
1343 1526 1622 1583 Ecclesiis
1644 1526 1798 1583 victu
1830 1531 1889 1582 et

192 1616 345 1673 cultu
372 1623 707 1690 segregata
742 1623 923 1674 erat:
958 1634 1067 1690 per
1108 1633 1297 1673 annos
1342 1622 1583 1673 centum
1631 1635 1701 1673 ex
1742 1616 1885 1673 solis

188 1706 303 1763 fere
325 1707 601 1763 Hebrais
658 1714 988 1771 constans,
1023 1724 1095 1763 ex
1140 1723 1209 1764 ea
1235 1713 1408 1780 gente
1439 1707 1749 1779 episcOpos
1780 1706 1883 1762 ba-

190 1795 928 1866 bens,circumcisionem
951 1802 1011 1854 et
1030 1797 1349 1854 maximam
1364 1796 1645 1870 legalium
1659 1796 1885 1852 rituum

194 1892 413 1959 partem
434 1887 761 1943 retinens:
787 1887 984 1959 pulsis
1010 1887 1420 1960 Hierosolyma
1433 1884 1654 1942 Judais
1668 1902 1882 1941 novam

195 1976 443 2033 formam
465 1978 724 2050 recepit
744 1977 1039 2044 Ecclesia,
1075 1993 1145 2032 ex
1163 1975 1483 2050 gentilibus
1505 1974 1882 2031 solummodo

199 2068 545 2139 composita.
583 2070 670 2122 At
704 2067 896 2123 etiam
927 2067 1149 2123 multos
1188 2066 1300 2122 sibi
1351 2066 1683 2138 peculiares
1712 2065 1882 2132 ritus,

203 2157 390 2230 quoad
411 2157 923 2214 observationem
945 2157 1184 2213 Pascha
1206 2156 1477 2223 retinuit,
1503 2160 1650 2213 teste
1675 2155 1887 2211 Firmi-

203 2248 355 2304 liano
385 2248 663 2320 epistola
697 2247 778 2303 ad
823 2247 1223 2320 Cyprianum;
1271 2246 1585 2318 adhucque
1636 2245 1746 2301 sub
1775 2246 1882 2319 Cy-

202 2338 337 2394 rillo
368 2339 728 2411 peculiares
764 2337 1029 2394 habebat
1059 2343 1118 2393 et
1145 2354 1179 2394 a
1214 2341 1563 2393 caterarum
1594 2336 1889 2393 Ecclesia-

208 2446 337 2484 rum
367 2446 535 2485 more
570 2429 906 2485 distinctas
936 2427 1682 2498 consuetudines,quaru1n
1700 2425 1885 2497 pluri-

225 2536 351 2576 mas
379 2537 481 2577 suo
508 2520 654 2576 loco
689 2519 1161 2575 observavimus.
1193 2520 1332 2575 Erat
1359 2523 1558 2574 autem
1589 2517 1650 2573 id
1682 2517 1886 2585 moris,

222 2616 285 2665 ut
302 2611 578 2668 Ecclesia
604 2610 755 2666 aliis
777 2609 908 2682 subj
919 2615 1063 2666 ecta
1079 2625 1281 2666 earum
1300 2609 1452 2664 ritus
1471 2607 1646 2679 vulgo
1671 2624 1888 2678 seque—

216 2706 437 2755 rentur.
471 2703 623 2767 Qua
659 2700 1038 2756 Alexandria
1070 2700 1385 2773 disciplina
1407 2698 1656 2773 vigebat,
1692 2714 1762 2755 ea
1793 2702 1889 2752 to-

206 2792 323 2847 tius
349 2792 587 2865 :Egypti
612 2791 942 2858 censenda;
969 2808 1101 2862 qua
1122 2788 1666 2855 Antiochia,totius
1683 2788 1894 2845 Orien-

212 2881 310 2947 tis;
337 2899 473 2953 qua
498 2883 738 2947 Roma,
765 2880 1105 2937 Occidentis
1130 2881 1251 2937 fere
1270 2880 1553 2938 universi.
1588 2879 1726 2944 Qua
1760 2893 1895 2951 ergo

216 2970 491 3027 Ecclesia
527 2970 831 3043 separatis
862 2969 1128 3027 moribus
1174 2969 1404 3043 agebat,
1440 2985 1510 3025 ea
1541 2967 1630 3024 sui
1649 2968 1807 3040 juris
1841 2970 1898 3023 et

215 3062 436 3118 soluta
457 3079 495 3117 a
523 3068 888 3118 caterarum
910 3062 1217 3117 dominatu
1242 3061 1561 3117 censenda.
1596 3061 1836 3125 Quarto,
1862 3058 1896 3112 S

213 3152 437 3208 Iacobo
470 3152 736 3219 vivente,
769 3152 903 3223 quis
945 3151 1265 3208 crediderit
1307 3151 1733 3207 Caesariensem
1769 3148 1893 3220 epi-

215 3258 474 3313 scOpum
506 3240 960 3313 metropolitica
989 3241 1052 3296 in
1082 3242 1277 3313 ipsum
1292 3241 1434 3313 jura
1456 3255 1730 3296 exercere
1754 3254 1898 3294 con—

214 3331 489 3387 tendisse
506 3330 537 3386 ?
568 3332 651 3386 Eo
674 3336 909 3386 mortuo
941 3330 1170 3387 cladem
1190 3330 1790 3403 Hierosolymitanam
1816 3345 1886 3384 ex

212 3422 542 3493 prophetia
572 3421 807 3490 fugiens
837 3420 1104 3478 Ecclesia
1140 3438 1202 3477 se
1253 3420 1479 3477 Pellam
1509 3421 1571 3476 in
1602 3419 1884 3476 Arabiam

216 3511 476 3567 contulit
510 3526 525 3565 :
564 3511 722 3567 nihil
752 3516 877 3567 tum
911 3511 972 3566 in
1005 3527 1136 3567 eam
1186 3516 1420 3584 pateret
1473 3511 1879 3567 Caesariensis.

226 3603 372 3658 Post
400 3618 584 3658 suum
631 3601 710 3657 ad
754 3602 1040 3674 pristinas
1084 3601 1254 3658 sedes
1300 3601 1580 3669 reditum,
1631 3617 1708 3657 an
1758 3605 1883 3654 tum

224 3692 487 3764 primum
509 3692 972 3765 metrOpolitano
994 3709 1199 3765 parere
1218 3691 1462 3764 incepit,
1481 3707 1617 3747 cum
1637 3690 1888 3746 haberet

226 3781 569 3837 Simeonem
595 3783 934 3855 episcopum
949 3799 1067 3837 non
1082 3782 1280 3838 minus
1303 3780 1689 3854 spectabilem
1704 3793 1884 3851 quam

229 3880 510 3937 Jacobum
544 3881 792 3952 ipsum?
818 3881 1075 3937 Tandem
1109 3898 1243 3937 cum
1280 3881 1339 3935 in
1371 3896 1585 3936 novam
1630 3878 1883 3934 formam

231 3977 461 4026 mutata
492 3975 608 4039 est,
649 3970 868 4043 elapsis
917 3977 1154 4027 centum
1202 3971 1399 4035 annis,
1450 3969 1667 4042 quibus
1698 3967 1887 4024 libera

230 4058 526 4127 fuerat,an
550 4066 828 4132 putamus
842 4061 1266 4118 Caesariensem
1290 4061 1884 4133 episcoPum,novum

234 4156 293 4204 et
321 4150 739 4206 decessoribus
769 4150 893 4207 suis
931 4151 1291 4207 intentatum
1334 4151 1437 4223 jus
1466 4151 1528 4206 in
1558 4148 1885 4206 Ecclesiam

228 4240 396 4296 omni
442 4256 682 4311 semper
726 4240 1104 4297 veneratione
1157 4258 1191 4296 a
1237 4239 1591 4296 Christianis
1619 4237 1885 4297 habitam

228 4330 732 4402 prasumpsisse?
761 4330 975 4396 Quinto
1010 4330 1270 4395 tandem,
1301 4330 1655 4391 inusitatum
1681 4328 1745 4385 in
1777 4329 1886 4385 Ec-

225 4417 413 4474 clesia
439 4424 569 4474 erat
598 4424 663 4474 ut
693 4419 964 4491 superior
1000 4425 1240 4492 pareret
1284 4418 1573 4476 inferiori.
1606 4416 1882 4491 Superio-

224 4522 355 4562 rem
372 4505 727 4562 Casariensi
749 4505 1026 4579 episcopo
1059 4505 1368 4562 obtinebat
1398 4502 1888 4578 Hierosolymita-

221 4612 342 4651 nus
356 4595 608 4651 honoris
628 4601 687 4651 et
707 4611 1021 4653 consessus
1042 4595 1625 4669 gradum,quemipsi
1640 4611 1711 4652 ex
1731 4594 1888 4651 anti-

2004 626 2067 682 in
2098 626 2462 683 monasterio
2482 623 2952 697 quodam,'quod
2976 624 3085 680 iste
3109 625 3662 698 Hierosolymitana

2005 717 2277 773 diacesis
2310 733 2439 772 esse
2472 715 2798 782 asserebat,
2846 715 2942 769 isti
2993 716 3314 788 negabant,
3349 717 3608 773 ordinati
3645 735 3658 786 ;

1999 809 2258 863 Joannes
2289 806 2603 878 utriusque
2635 805 3118 861 accusationibus
3142 807 3298 861 circa
3332 807 3510 862 ﬁdem
3529 809 3661 880 pul-

2001 903 2185 963 satus,
2218 898 2440 953 omisso
2468 896 2816 952 Casariensi
2855 902 2911 950 et
2936 896 3306 951 Antiocheno
3338 897 3656 970 episcopis,

1999 987 2073 1044 ad
2104 987 2576 1044 Alexandrinum
2627 1002 2903 1056 quarens
2955 985 3223 1041 subsidia
3271 987 3657 1060 confugisset.

1998 1077 2092 1133 Sic
2117 1078 2201 1133 ait
2233 1094 2400 1133 num.
2432 1079 2499 1132 63
2529 1093 2542 1132 :
2581 1079 2659 1132 Tu
2689 1078 2788 1147 qui
2816 1076 3037 1147 regulas
3081 1080 3285 1147 quaeris
3334 1078 3661 1134 ecclesiasti-

1998 1184 2108 1236 cas,
2139 1175 2192 1223 et
2237 1169 2450 1223 Nicceni
2480 1167 2702 1222 concilii
2759 1167 3065 1222 canonibus
3122 1167 3360 1223 uteris...
3392 1168 3659 1238 responde

1997 1256 2159 1324 mihi,
2188 1257 2263 1312 ad
2321 1257 2759 1313 Alemandrinum
2816 1258 3129 1327 episcopum
3183 1257 3489 1312 Palazstina
3521 1259 3660 1328 quid

1990 1350 2237 1419 pertinet
2267 1350 2294 1402 7
2326 1349 2394 1403 Ni
2421 1345 2614 1417 fallor,
2652 1345 2748 1401 hoc
2781 1346 2858 1400 ibi
2883 1346 3219 1413 decernitur,
3250 1354 3312 1400 ut
3345 1347 3656 1402 Palaestinae

1997 1438 2314 1509 metropolis
2346 1438 2593 1496 Caesarea
2630 1438 2721 1501 sit,
2754 1443 2807 1491 et
2839 1438 3006 1490 totius
3055 1437 3295 1492 Orientis
3332 1437 3653 1493 Antiochia.

1996 1531 2102 1586 Aut
2136 1532 2314 1601 igitur
2338 1529 2412 1585 ad
2442 1527 2832 1585 Caesariensem
2862 1527 3176 1598 episcopum
3214 1531 3424 1598 referre
3454 1529 3657 1584 debue—

1996 1636 2110 1687 ras,
2167 1623 2257 1675 cui
2299 1625 2487 1692 spreta
2543 1620 2921 1674 communione
2981 1623 3077 1672 tua
3107 1621 3507 1674 communicare
3560 1636 3655 1675 nos

1994 1727 2221 1766 noveras
2248 1729 2269 1776 ;
2301 1716 2419 1771 aut.
2475 1710 2522 1765 si
2544 1709 2745 1780 procul
2775 1708 3140 1778 expetendum
3182 1708 3464 1780 judicium
3512 1716 3653 1778 erat,

1994 1803 2335 1859 Antiochiam
2360 1805 2553 1873 potius
2598 1801 2799 1856 littera:
2830 1801 3158 1870 dirigendae.
3201 1802 3410 1856 Verum
3442 1801 3504 1856 in
3536 1807 3659 1857 tota

1998 1892 2109 1948 hac
2139 1892 2392 1966 epistola
2424 1897 2587 1947 tanto
2620 1890 2806 1947 animi
2844 1890 3072 1946 fervore
3100 1895 3277 1963 atque
3310 1891 3536 1963 impetu
3591 1892 3654 1947 in

1988 1985 2277 2040 Joannem
2311 1983 2611 2037 invehitur
2641 1981 3039 2053 Hieronymus
3061 1981 3655 2052 domesticisinjuriis

1992 2075 2295 2139 incensus,
2322 2078 2387 2128 ut
2402 2077 2567 2127 actor
2596 2071 3016 2126 controversia
3036 2071 3222 2144 magis
3252 2088 3428 2142 quam
3448 2088 3656 2143 aquus

1992 2164 2175 2237 hujus
2206 2161 2557 2218 dirimenda
2591 2160 2815 2217 arbiter
2844 2176 2911 2216 ac
2935 2160 3124 2232 judex
3177 2176 3306 2216 esse
3366 2160 3654 2230 videatur,

1993 2254 2156 2310 Alias
2188 2258 2329 2309 nata
2356 2251 2760 2308 controversia
2811 2256 2939 2305 erat
2976 2250 3048 2305 de
3098 2250 3655 2321 Hierosolymitana

1991 2344 2263 2417 paracia
2296 2343 2541 2410 finibus,
2576 2358 2721 2396 num
2780 2340 3125 2412 Hieronymi
3183 2356 3249 2394 ac
3306 2340 3648 2395 Pauliniani

1993 2432 2423 2490 monasterium
2446 2430 2520 2487 ad
2556 2448 2683 2486 eam
2708 2430 3053 2503 pertineret.
3073 2430 3215 2502 Ejus
3233 2428 3512 2501 reijudex
3530 2445 3653 2485 non

1992 2522 2431 2580 Alexandrinus
2463 2521 2708 2594 prasul,
2751 2519 2855 2575 sed
2907 2518 3224 2591 provincia
3270 2519 3655 2591 metrOpolita

1993 2612 2192 2686 potius
2224 2612 2448 2668 assumi
2482 2610 2754 2667 debebat.
2789 2610 3121 2682 Opponitur
3146 2624 3383 2681 quoque
3408 2608 3565 2681 quod
3589 2609 3652 2664 in

1992 2701 2456 2776 provincialibus
2470 2700 2803 2757 Palaestina
2819 2699 3111 2767 conciliis,
3128 2699 3509 2754 Caesariensis
3530 2715 3654 2753 me-

1993 2793 2275 2866 tr0polita
2295 2790 2662 2863 praesideret.
2687 2790 2751 2845 Id
2774 2794 2937 2863 patet
2961 2789 3032 2844 de
3056 2788 3387 2843 concilioin
3411 2794 3651 2844 contro-

1992 2882 2185 2939 versia
2205 2881 2531 2947 Paschatis,
2556 2879 2728 2952 cujus
2751 2878 3035 2951 praesides
3060 2877 3131 2933 ab
3154 2877 3406 2933 Eusebio
3439 2878 3648 2933 dicun-

1994 2980 2088 3030 tur
2110 2973 2211 3028 lib.
2237 2989 2290 3037 v,
2315 2988 2444 3043 cap,
2472 2972 2560 3038 23,
2613 2968 2976 3042 Theophilus
3001 2968 3382 3022 Casariensis
3415 2973 3474 3022 et
3496 2970 3648 3022 Nar-

1993 3063 2184 3120 cissus
2235 3060 2829 3131 Hierosolymitanus.
2859 3057 3102 3113 Atidem
3155 3074 3282 3129 cap.
3313 3060 3403 3125 27,
3437 3057 3648 3113 eadem

1993 3169 2315 3209 recensens
2347 3151 2687 3207 Narcissum
2711 3150 3008 3222 praeponit
3027 3148 3495 3220 TheOphilo.Diu
3516 3152 3651 3219 post

1996 3242 2201 3317 Cyrilli
2232 3247 2521 3314 tempora,
2574 3257 2708 3296 cum
2757 3241 3015 3296 Joannes
3073 3238 3649 3311 Hierosolymitanus

1997 3333 2368 3407 Dispolitano
2392 3337 2601 3388 contra
2624 3330 2926 3403 Pelagium
2952 3330 3204 3385 concilio
3228 3346 3323 3385 an.
3346 3330 3650 3383 315inter-

1989 3426 2289 3491 fuisset,S.
2314 3422 3094 3498 Augustinusactaconcilii,
3126 3421 3444 3494 utquidem
3474 3421 3645 3476 vide-

1992 3522 2086 3573 tur
2118 3521 2357 3572 secutus
2386 3514 2490 3570 lib.
2517 3532 2535 3569 ι
2575 3520 2771 3572 contra
2815 3514 3123 3580 lulianum,
3157 3511 3248 3567 bis
3290 3512 3483 3584 capite
3515 3511 3646 3567 vide

1990 3606 2291 3670 licet5,n.
2346 3607 2431 3665 19.
2484 3610 2540 3660 et
2589 3620 2721 3676 cap.
2772 3606 2824 3673 ’7,
2875 3619 3039 3658 num.
3073 3603 3160 3661 3i.
3193 3603 3481 3657 Joannem
3513 3605 3647 3673 post

1988 3694 2301 3769 Eulogium
2332 3694 2756 3750 Caesariensem
2786 3690 3197 3749 nominat.Sed
3227 3691 3378 3746 nihil
3410 3691 3514 3745 illa
3535 3692 3654 3746 Ca-

1991 3784 2276 3842 sariensis
2308 3783 2370 3839 in
2418 3783 2688 3839 conciliis
2738 3798 2860 3836 suae
2920 3780 3235 3852 provincia
3266 3780 3653 3850 prasidentia

1991 3875 2271 3931 adversus
2294 3871 2898 3945 Hierosolymitanum
2923 3869 3243 3931 concludit.
3262 3884 3395 3923 cum
3416 3885 3487 3925 ex
3507 3874 3646 3925 ante

1992 3965 2165 4021 dictis
2187 3968 2421 4020 constet
2444 3963 2754 4028 Joannem,
2791 3960 2892 4031 qui
2918 3959 3179 4016 secundo
3220 3959 3315 4015 hic
3337 3958 3466 4015 loco
3500 3975 3644 4014 con-

1992 4060 2190 4113 tentus
2212 4060 2358 4121 erat,
2385 4069 2553 4109 suam
2574 4052 2646 4108 ab
2671 4050 3041 4116 Caesariensi,
3083 4051 3204 4106 imo
3237 4054 3297 4105 et
3324 4050 3396 4105 ab
3429 4051 3643 4106 Antio-

1991 4147 2182 4203 cheno
2207 4143 2650 4200 immunitatem
2675 4140 3038 4198 defendisse.
3061 4140 3459 4213 Alioquinihil
3483 4157 3655 4212 pror-

1993 4254 2093 4295 sus
2116 4254 2187 4293 ex
2206 4237 2340 4309 ipsa
2376 4234 2763 4308 prasidentia
2804 4232 3077 4289 concludi
3102 4238 3316 4306 potest.
3350 4233 3557 4287 Nonne
3587 4232 3650 4286 in

1991 4327 2246 4385 concilio
2278 4328 2515 4382 Nicano
2548 4329 2686 4381 ante
2726 4323 3133 4380 Alexandrum
3164 4327 3222 4378 et
3250 4322 3645 4392 Eustathium,

1991 4418 2162 4474 illum
2188 4416 2543 4484 Antiochia,
2566 4416 2727 4471 hunc
2746 4411 3122 4471 Alexandria
3146 4413 3485 4485 praesulem.
3501 4413 3655 4469 sedit

1992 4508 2166 4569 Osius
2188 4507 2356 4564 nulla
2371 4506 2626 4580 propria
2650 4505 2809 4562 sedis
2826 4504 3113 4579 dignitate
3139 4504 3201 4560 in
3223 4503 3382 4560 hunc
3398 4502 3648 4577 gradum

1992 4597 2294 4657 sublatus?
2312 4597 2421 4664 Qui
2440 4597 2488 4653 si
2521 4602 2772 4668 negatur
2792 4595 3029 4652 concilii
3074 4611 3295 4667 prases
3327 4594 3647 4664 exstitisse,

221 4703 346 4757 qua
364 4685 802 4742 consuetudine
822 4686 1126 4742 Nicanum
1147 4686 1469 4743 concilium
1490 4685 1879 4743 conservavit:
1914 4671 1960 4737 Ι)
1990 4689 2283 4746 honorem
2305 4689 2465 4746 hunc
2496 4692 2854 4745 consecutus
2898 4686 3126 4743 videtur
3144 4685 3512 4755 Eustathius,
3546 4685 3649 4757 qui

219 4777 295 4832 ab
315 4775 672 4831 Casariensi
688 4774 1034 4848 igiturliber
1054 4781 1197 4832 erat.
1225 4777 1367 4832 Cum
1381 4774 1703 4841 concilium
1724 4775 1876 4831 Con-

219 4864 826 4936 stantinopolitanum
850 4864 1156 4936 ejusurbis
1177 4866 1457 4937 episcopo
1473 4863 1876 4923 secundumin

218 4955 491 5012 Ecclesia
519 4954 764 5010 honoris
795 4954 1045 5028 gradum
1062 4954 1352 5020 attribuit,
1378 4954 1558 5011 simul
1588 4953 1663 5011 ab
1682 4954 1876 5017 Hera.-

216 5045 466 5102 cliensis
494 5043 757 5117 episcopi
789 5044 1184 5117 metropolita
1231 5044 1534 5117 quondam
1566 5043 1659 5109 sui
1683 5043 1874 5117 juris-

220 5134 483 5193 dictione
511 5134 784 5192 absolvit.
817 5134 883 5190 Id
908 5132 985 5190 ad
1016 5134 1354 5207 exemplum
1384 5132 1876 5207 Hierosolymita-

220 5242 311 5282 na
343 5226 600 5281 Eccesia
630 5223 854 5280 factum
887 5223 1131 5281 credere
1162 5242 1268 5297 par
1297 5231 1406 5283 est.

281 5313 515 5390 [XXIX]
547 5316 637 5371 35.
671 5313 819 5369 Huic
850 5314 1166 5370 sententia
1196 5331 1328 5386 qua
1375 5314 1629 5381 liberam
1660 5315 1878 5381 asserit

216 5403 822 5476 Hierosolymitanam
853 5402 1181 5460 Ecclesiam
1199 5403 1353 5461 nihil
1384 5404 1505 5460 fere
1524 5405 1751 5478 opponi
1766 5420 1875 5478 po-

219 5500 330 5551 test
356 5501 579 5569 prater
608 5493 667 5549 S.
702 5492 1050 5565 Hieronymi
1072 5493 1516 5550 auctoritatem.
1538 5494 1607 5553 Is,
1624 5486 1879 5568 cpistola

218 5602 367 5643 nunc
382 5587 477 5653 38,
502 5583 651 5641 olim
674 5583 768 5647 61,
794 5580 867 5638 de
884 5581 1110 5638 Joanne
1137 5583 1325 5638 nostri
1350 5598 1697 5641 successore
1732 5598 1874 5653 con-

220 5692 495 5752 querens,
523 5671 717 5749 quod,
755 5686 894 5728 cum
924 5686 1059 5727 eum
1082 5671 1239 5729 inter
1270 5677 1328 5728 et
1357 5673 1787 5747 Hieronymum
1805 5688 1878 5732 ac

204 5766 610 5842 Epiphaniam
651 5765 869 5821 exorta
919 5766 1080 5820 esset
1121 5762 1528 5847 controversia
1560 5763 1876 5835 magum

1988 4782 2147 4835 certe
2177 4775 2584 4834 Alexandrino
2604 4775 2853 4832 inferior
2883 4780 3030 4832 erat.
3062 4775 3226 4832 Idem
3253 4774 3426 4831 Osius
3448 4773 3650 4832 Sardi-

1985 4867 2151 4925 censi
2177 4882 2414 4940 quoque
2435 4865 2690 4923 concilio
2710 4864 2968 4938 prafuit,
2993 4880 3125 4922 cum
3151 4863 3372 4921 omisso
3384 4862 3646 4935 Athana-

1986 4955 2074 5012 sio
2120 4954 2222 5028 qui
2252 4961 2419 5011 actor
2447 4959 2596 5022 erat,
2645 4953 2821 5010 multi
2864 4953 3146 5009 adessent
3172 4950 3644 5024 metropolitani,

1986 5044 2205 5120 quibus
2234 5044 2364 5118 ipse
2392 5043 2646 5102 inferior
2682 5041 3011 5100 concedere
3061 5040 3280 5098 debere
3309 5039 3640 5098 videbatur.

1986 5135 2123 5206 Sed,
2155 5141 2222 5191 ut
2248 5136 2312 5192 in
2359 5135 2740 5205 Palastinam
2778 5137 3059 5201 revertar,
3093 5149 3228 5189 cum
3261 5134 3645 5193 Casariensis

1987 5225 2645 5297 solusjurisdictionem
2660 5225 2722 5281 in
2736 5223 3390 5298 provinciapossideret
3408 5225 3471 5281 in
3505 5241 3648 5283 con-

1985 5316 2145 5375 ciliis
2165 5333 2274 5374 sua
2295 5316 2649 5374 auctoritate
2671 5313 3008 5372 convocatis
3031 5318 3090 5370 et
3113 5313 3430 5373 celebratis
3453 5316 3648 5375 nemi-

1984 5422 2127 5473 nem
2157 5405 2345 5464 alium
2371 5404 2693 5480 praesidere
2724 5420 2832 5478 par
2862 5408 3006 5462 erat.
3041 5407 3118 5463 At
3145 5405 3209 5462 in
3238 5406 3511 5465 conciliis
3539 5402 3644 5483 ge-

1986 5495 2295 5567 neralibus
2313 5495 2405 5567 vel
2430 5501 2598 5552 extra
2640 5493 2836 5570 [XXX]
2857 5495 3247 5569 provinciam,
3269 5501 3407 5570 post
3437 5486 3644 5555 Hiero-

1984 5584 2413 5660 solymitanum
2433 5585 2604 5657 nulla
2624 5584 2979 5644 altercation
3010 5584 3274 5645 sedebat.
3304 5585 3401 5669 Sic
3428 5578 3507 5644 in
3520 5588 3643 5669 An-

1970 5675 2265 5745 .tiocheno
2284 5681 2505 5743 contra
2530 5673 2783 5733 Paulum
2831 5674 3325 5755 Samosatensem‘
3362 5666 3643 5761 concilio,

1970 5764 2433 5857 sentiebam
2447 5764 2805 5861 Tamense!!!
2820 5764 3172 5849 9011931332.?!
3193 5770 3469 5857 αέμεείε

3308 6296 3315 6303 ι
3358 6300 3361 6303 .
3448 6292 3455 6295 “
3572 6296 3575 6297 ν
3616 6294 3619 6295 ν

3348 6348 3349 6351 η
3378 6342 3409 6365 γ’
3448 6332 3507 6365 ‘V‘L‘
3538 6330 3651 6365 ‘hU-t‘r‘

2932 6378 2953 6385 Ἰ-
2966 6378 3019 6385 ήυ-
3038 6386 3047 6389 μ
3070 6380 3075 6389 ι
3096 6346 3665 6389 ,ἷπωεᾟὶᾰὼ-ὲ-ιιδζιξιτεω
