4052 6364
451 411 533 472 63
1737 400 1840 465 DE
1881 398 2068 464 VITA
2109 395 2176 462 8.
2219 395 2565 461 CYRILLI.
3791 407 3862 466 δι

453 541 980 617 sidem,proximus
1001 545 1066 602 in
1087 539 1616 619 synodicislitteris
1628 535 1964 612 appellatur
1981 535 2102 609 Hy-
2137 532 2184 600 Α
2222 530 2419 589 Acacii
2441 547 2640 589 rerum
2665 537 2876 600 status,
2899 537 2968 590 ut
2987 534 3467 610 AcaciusCyrillo
3487 536 3862 596 consubstan-

453 650 718 692 menaaus
745 637 1322 710 Hierosolymitanus
1367 638 1504 690 ante
1552 632 1953 687 Theotecnum
1981 629 2108 684 Cm-

454 725 802 794 sariensem,
847 728 1002 799 apud
1074 725 1242 782 useb.
1270 725 1374 780 lib.
1405 739 1482 777 vn
1521 722 1682 787 Hist,
1727 736 1857 791 cap.
1885 720 1974 773 30.
2007 720 2110 772 At-

453 831 569 887 que
593 815 720 888 ipse
741 817 1031 872 Eusebius
1052 833 1179 888 cap.
1201 816 1291 883 28,
1315 815 1555 869 Patrum
1576 810 1677 882 qui
1701 807 1773 865 ad
1787 807 2108 864 concilium

453 911 864 960 convenerunt
895 905 1143 963 nomina
1174 919 1520 967 recensens,
1553 898 1856 972 Hymenaei
1887 911 2109 952 nomen

456 999 595 1049 ante
618 993 934 1050 Theotecni
985 993 1186 1050 refert.
1223 993 1582 1047 Sozomenus
1614 989 1652 1043 l.
1689 1005 1729 1052 ι,
1761 1003 1812 1043 c.
1848 989 1934 1047 17.
1967 1000 2110 1056 apo-

455 1082 800 1138 stolicarum
836 1082 1067 1138 sedium
1100 1081 1410 1154 praesules,
1443 1079 1544 1152 qui
1576 1078 1813 1134 Nicmno
1855 1073 2110 1130 concilio

452 1178 740 1244 tanquam
772 1171 1073 1244 principes
1105 1170 1429 1228 interfuere
1453 1182 1816 1233 memorans,
1839 1163 2110 1220 omnium

450 1261 714 1334 primum
739 1263 1054 1317 Macarium
1078 1261 1362 1334 appellat,
1387 1259 1563 1315 etiam
1586 1263 1723 1314 ante
1736 1254 2110 1310 Eustathium

453 1351 894 1406 Antiochenum
919 1356 976 1406 et
997 1349 1396 1406 Alexandrum
1420 1346 1813 1404 Alexandriae.
1838 1345 1903 1399 In
1933 1341 2113 1398 rebus

449 1457 688 1514 quoque
721 1440 794 1496 ad
833 1440 1202 1513 provinciam
1252 1437 1631 1494 Palaestinam
1671 1431 2113 1508 pertinentibus

447 1530 711 1602 priorem
738 1529 1062 1602 aliquando
1111 1529 1312 1584 locum
1351 1525 1593 1582 tenebat
1624 1521 2112 1595 Hierosolymita'

450 1618 1004 1674 nus.Eusebiuslib.
1020 1617 1247 1678 viHist..
1265 1633 1393 1688 cap.
1416 1615 1579 1674 19.de
1601 1613 1821 1670 litteris
1842 1627 2114 1668 commu-

449 1707 628 1764 nibus
660 1707 934 1780 loquens,
965 1707 1192 1779 quasin
1217 1705 1472 1762 favorem
1496 1703 1767 1778 Origenis
1797 1701 1870 1758 ad
1902 1703 2114 1758 Deme-

451 1799 633 1854 trium
649 1792 1084 1853 Antiochenu'm
1101 1796 1317 1852 dedere
1332 1795 1663 1866 Alexanper
1679 1791 2115 1864 Hierosolymo-

450 1903 586 1945 rum
609 1893 668 1943 et
688 1887 1058 1942 Theoctistus
1080 1887 1385 1952 Caesareas,
1409 1883 1809 1940 Alexandrum
1836 1880 2108 1937 Theocti-
2143 1905 2185 1970 Β

455 1981 547 2032 sto
570 1976 1314 2049 prmponit.Constantinus
1336 1975 1476 2030 dum
1502 1973 1731 2029 litteras
1761 1971 1833 2027 ad
1866 1971 2108 2028 univer-

455 2081 553 2122 sos
584 2066 914 2121 Palmstinm
959 2065 1267 2137 episcopos
1313 2063 1517 2120 scribit
1548 2061 1620 2118 de
1651 2060 2004 2118 mdificanda
2032 2059 2107 2117 ad

455 2169 741 2227 quercum
775 2154 1035 2212 Mambre
1065 2155 1338 2220 ecclesia,
1371 2170 1503 2225 quas
1536 2169 1631 2208 res
1662 2151 1734 2208 ad
1765 2149 2104 2224 Hierosoly-

453 2245 742 2302 mitanam
765 2243 1068 2302 dimcesim
1093 2244 1282 2300 nihilo
1305 2243 1494 2315 magis
1515 2258 1694 2314 quam
1707 2240 1780 2295 ad
1807 2241 1956 2296 alias
1983 2255 2110 2311 spe-

454 2334 672 2398 ctabat,
708 2351 808 2390 eas
840 2334 1132 2400 inscribit,
1180 2334 1426 2389 Macario
1451 2338 1504 2386 et
1561 2332 1772 2386 castoris
1802 2330 2109 2385 Palaestinas

451 2424 742 2495 episcopis,
775 2424 934 2496 apud
978 2421 1188 2478 Euseb.
1225 2421 1328 2477 lib.
1365 2438 1421 2476 ιιι
1459 2421 1607 2478 Vita
1636 2419 1941 2485 Constant.,
1973 2435 2104 2491 cap.

453 2515 541 2568 52.
566 2514 759 2584 Atque
782 2513 864 2568 ita
888 2510 1354 2582 habebatipsum
1370 2509 1676 2581 exemplar
1689 2507 1762 2564 ad
1783 2507 2105 2565 Eusebium

453 2600 981 2673 metropolitanum
1005 2598 1446 2666 transmissum,
1465 2612 1600 2653 cum
1615 2613 1686 2652 ex
1709 2611 1776 2651 eo
1789 2594 2105 2667 epistolam

455 2707 518 2748 se
549 2689 944 2747 transcribere
968 2695 1238 2760 testetur,
1264 2706 1312 2745 c.
1335 2692 1395 2744 51
1447 2691 1527 2744 Ex
1551 2688 1766 2760 quibus
1797 2687 2107 2744 concludi-

453 2797 610 2848 mus,
643 2781 690 2836 si
723 2779 960 2852 quando
991 2779 1374 2836 Caesariensis
1405 2778 1701 2851 episcopis
1731 2783 1868 2833 ante
1901 2777 2102 2834 Hiem-

456 2870 880 2944 solymitanum
929 2870 1279 2926 nominatur
1307 2873 1410 2924 aut
1455 2867 1683 2924 sedisse
1731 2866 2008 2934 refertur,
2042 2865 2104 2922 id

453 2961 632 3032 hujus
689 2977 800 3018 nec
857 2959 1149 3034 superiori
1206 2958 1536 3027 consessui,
1597 2957 2103 3014 uecimmunitati

453 3050 772 3107 adversari.

2218 621 2363 678 tiale
2385 627 2589 695 posset
2608 623 2891 696 objicere,
2917 625 3372 681 similitudinem
3391 626 3859 685 substantiaanon

2214 717 2437 785 posset.
2461 713 2716 784 Cyrillus
2747 730 2868 770 una
2897 732 3032 771 cum
3066 715 3314 772 Maximo
3346 717 3408 772 in
3441 718 3698 773 concilio
3729 720 3857 775 Hie-

2213 801 2650 873 rosolymitano
2677 820 2771 860 an.
2795 806 2922 870 349,
2947 804 3318 861 Sardicensis
3340 806 3580 861 concilii
3615 807 3858 875 decreta,

2216 897 2273 949 et
2286 901 2727 966 consequenter
2738 896 2956 951 Nicaani
2974 896 3153 952 fidem
3169 897 3340 954 verisi
3352 898 3858 956 miterassentien-

2214 982 2289 1040 do
2310 991 2675 1056 susceperat;
2710 985 2867 1041 idem
2893 986 3064 1042 initio
3087 987 3464 1060 episcopatus
3488 989 3560 1044 ad
3585 991 3857 1045 Constan-

2219 1071 2364 1127 tium
2381 1073 3007 1131 scribens'l‘rinitatem
3024 1076 3332 1131 confessus
3347 1077 3864 1134 eratconsubstan-

2215 1161 2439 1216 tialem.
2467 1162 2600 1218 Haec
2623 1162 2938 1236 plusquam
2971 1164 3333 1220 sufficientia
3356 1167 3572 1222 Acacio
3594 1167 3665 1222 ad
3695 1183 3858 1224 accu-

2217 1250 2507 1306 satienem
2529 1252 2800 1308 crimina.
2829 1252 2942 1309 Sed
2973 1253 3100 1325 ipse
3137 1255 3397 1314 Acacius.
3431 1273 3690 1328 quonam
3739 1263 3857 1313 tan-

2215 1338 2352 1395 dem
2372 1339 2548 1397 modo
2563 1341 3018 1398 similitudinem
3041 1342 3284 1400 substan
3295 1345 3387 1399 tim
3400 1346 3620 1418 Cyrillo
3633 1346 3854 1402 crimini

2219 1426 2410 1493 daret.
2445 1446 2623 1501 quam
2658 1431 2931 1504 ipsejam
2963 1433 3188 1489 dudum
3221 1434 3468 1506 pluries,
3520 1443 3578 1491 et
3607 1437 3668 1492 in
3699 1436 3852 1492 libris

2217 1517 2330 1574 hoc
2351 1525 2620 1592 tempore
2642 1521 2817 1576 editis
2841 1523 3172 1578 tutabatur?
3189 1525 3251 1579 In
3274 1524 3644 1597 professione
3664 1527 3854 1581 Antio-

2218 1607 2393 1664 cheni
2421 1624 2518 1664 an.
2554 1611 2649 1665 341
2688 1612 2927 1668 οοιιοιιὶἰ
2959 1612 3174 1668 Filium
3207 1614 3268 1669 in
3301 1614 3470 1669 nullo
3513 1615 3851 1670 dissimilem

2216 1703 2467 1770 paterna
2494 1698 2841 1760 divinitatis.
2869 1701 3238 1767 substantias,
3265 1705 3502 1760 consilii
3524 1711 3584 1760 et
3613 1711 3851 1777 potesta-

2215 1788 2292 1843 tis
2323 1787 2644 1861 imaginem
2682 1799 3022 1848 asseruerat
3059 1808 3130 1848 ex
3182 1794 3526 1849 Athanasio.
3575 1796 3646 1849 De
3672 1795 3848 1866 synod.

2215 1893 2276 1934 n.
2311 1880 2399 1934 36.
2432 1879 2571 1944 Qum
2597 1880 2839 1952 quidem
2869 1883 3107 1938 aoncilii
3140 1884 3496 1940 Antiocheni
3521 1885 3768 1941 formula
3787 1884 3850 1940 ab

2217 1967 2364 2039 ipsis
2395 1969 2816 2027 semi-Arianis
2838 1971 2902 2027 in
2922 1972 3175 2028 concilio
3204 1973 3592 2039 Seleucieusi,
3632 1975 3850 2047 quando

2215 2057 2277 2113 in
2301 2057 2552 2114 Arianos
2575 2075 2610 2115 a
2631 2075 2694 2115 se
2724 2060 2942 2116 divisos
2984 2077 3199 2135 magno
3222 2062 3474 2132 fervore,
3505 2065 3850 2123 ferebantur.

2214 2165 2322 2221 pro
2345 2150 2649 2205 communi
2675 2149 2812 2206 fidei
2835 2157 3058 2207 tessero
3082 2161 3367 2225 usurpata
3391 2161 3502 2212 est.
3551 2159 3696 2210 Ante
3725 2171 3851 2211 con-

2215 2235 2419 2294 cilium
2452 2237 2830 2296 Seleuciense
2863 2241 3175 2312 epistolam
3207 2243 3281 2299 ad
3305 2244 3710 2300 Macedonium
3729 2243 3852 2299 scri-

2213 2333 2436 2400 pserat,
2470 2333 2529 2384 et
2553 2327 2771 2384 librum
2798 2329 3090 2397 ediderat,
3114 2349 3230 2403 quo
3248 2332 3702 2390 similitudinem
3727 2332 3853 2388 sub-

2216 2416 2450 2473 stantias
2468 2416 2846 2474 defendebat.
2873 2421 3084 2476 Narrat
3104 2422 3262 2477 enim
3287 2423 3649 2479 Sozomenus
3683 2423 3756 2478 lib
3804 2439 3850 2476 iv

2215 2509 2384 2573 Hist,
2410 2523 2538 2579 cap.
2563 2509 2653 2571 22,
2680 2513 2811 2564 orta
2829 2508 2890 2564 in
2913 2511 3169 2566 concilio
3191 2510 3561 2568 Seleuciensi
3593 2513 3848 2569 Acacium

2213 2596 2372 2652 inter
2401 2603 2460 2652 et
2489 2597 2926 2655 semi-Arianae
2956 2601 3338 2657 contentione
3369 2603 3442 2658 de
3483 2603 3849 2660 similitudine

2211 2687 2366 2752 Filii,
2401 2688 2684 2745 Acacium
2714 2690 3164 2748 cumvoluntate
3180 2693 3440 2750 similem
3481 2701 3702 2751 tantum
3728 2709 3849 2766 pro-

2212 2777 2501 2840 fiteretur,
2527 2794 2562 2835 a
2582 2778 2730 2834 semi
2759 2780 2994 2836 Arianis
3015 2780 3349 2838 substantia
3364 2783 3630 2840 similem
3643 2783 3850 2839 fortiter

2213 2868 2674 2925 defendentibus
2696 2871 3032 2927 convictum
3047 2888 3115 2927 ex
3147 2872 3324 2940 libro,
3339 2890 3453 2945 que
3473 2892 3529 2930 ιιι
3555 2875 3851 2946 scripserat

2211 2965 2270 3017 et
2290 2957 2576 3023 ediderat.
2599 2958 2806 3024 fuisse,
2827 2961 2985 3033 quod
3005 2961 3227 3018 similia
3247 2980 3382 3019 cum
3398 2964 3555 3034 ipsis
3577 2971 3706 3019 ante
3729 2977 3849 3017 sen-

2209 3049 2427 3106 sisset:
2483 3045 2587 3106 Καὶ
2643 3049 2762 3103 κατ’
2819 3048 3012 3103 οὐσίαν
3071 3051 3268 3122 ὅμοιον
3327 3050 3500 3107 αὐτὸν
3555 3051 3842 3128 ἶσχοίζοντο

523 3142 611 3196 36.
635 3139 839 3213 Cyrilli
863 3143 921 3196 et
942 3137 1140 3195 Acacii
1163 3137 1234 3194 de
1274 3137 1534 3210 primatu
1573 3152 1641 3194 ac
1661 3135 2098 3209 metropolitico

2217 3134 2298 3190 sui
2323 3134 2416 3190 τὸν
2447 3134 2694 3191 Ἀκπκιον
2725 3133 2972 3211 ἤλεγχον
3024 3133 3116 3192 διὰ
3161 3137 3254 3194 τὸν
3303 3136 3486 3214 λόγον
3517 3141 3573 3196 ὃν
3606 3139 3845 3212 συνεργὰ-

443 3230 581 3305 jure
605 3228 852 3286 dissidia
875 3229 1204 3285 subsecutaa
1223 3232 1362 3283 sunt
1387 3234 1606 3283 mutum
1628 3225 1787 3282 circa
1809 3225 1988 3282 fldem
2001 3241 2096 3283 ac-

2217 3228 2350 3300 ψατο
2361 3225 2450 3281 καὶ
2470 3222 2788 3294 ἱκδὲὃωκιν,
2803 3226 2878 3290 ὡς
2900 3226 3112 3300 ὁμοίως
3132 3229 3321 3292 αὐτοῖς
3345 3227 3565 3306 ἰδόξαζε
3582 3231 3841 3306 πρότερον.

450 3321 811 3384 cusationes,
839 3319 914 3376 de
942 3317 1158 3392 quibus
1207 3319 1335 3375 hinc
1374 3317 1532 3390 apud
1555 3317 1944 3373 Sozomenum
1975 3333 2098 3373 non

449 3408 823 3481 sinejudicio
867 3407 1256 3465 admittenda.
1307 3407 1399 3463 Sic
1440 3407 1543 3462 ille
1565 3405 1667 3462 lib.
1700 3422 1772 3473 iv,
1802 3422 1851 3462 ο.
1885 3409 1975 3474 25,
2011 3409 2101 3463 Ea:

447 3515 558 3572 quo
585 3503 798 3570 factum
826 3502 1034 3568 fuerat,
1053 3504 1118 3552 ut
1145 3497 1468 3553 inimicitias
1487 3498 1633 3552 inter
1659 3511 1716 3552 se
1743 3499 2100 3567 susciperent,

445 3605 664 3661 seseque
691 3596 883 3644 mutuo
915 3593 1240 3644 accusarent
1268 3587 1418 3658 quod
1435 3592 1580 3642 recte
1608 3586 1676 3642 de
1708 3586 1812 3641 Deo
1839 3602 1951 3641 non
1980 3602 2104 3643 sen-

448 3680 635 3734 tirent.
685 3679 821 3734 Nam
853 3684 906 3734 et
936 3684 1104 3733 antea
1135 3683 1368 3747 uterque
1417 3692 1600 3732 eorum
1649 3678 1709 3730 in
1738 3677 2106 3746 suspicionem

447 3775 671 3826 venerat
698 3785 721 3834 ;
751 3767 992 3824 Aeacius
1021 3767 1244 3840 quidem
1291 3766 1443 3839 quod
1490 3783 1613 3823 cum
1643 3767 1782 3822 Aria
1811 3767 1955 3821 idem
1983 3782 2102 3822 sen-

449 3863 577 3917 tiret
605 3877 628 3924 ;
658 3859 900 3930 Cyrillus
955 3873 1084 3914 vero
1114 3857 1266 3930 quod
1308 3873 1396 3913 eos
1423 3863 1728 3913 sectaretur
1771 3854 1872 3927 qui
1899 3855 2108 3911 Filium

449 3950 610 4005 Patri
665 3948 905 4004 similem
979 3949 1283 4003 secundum
1341 3948 1713 4003 substantiam
1770 3945 2105 4000 asserebant.

450 4036 675 4104 Quibus
697 4053 769 4092 ex
791 4033 986 4091 verbis
1007 4040 1360 4107 sequeretur
1375 4035 1677 4095 Acacium.
1699 4033 1978 4105 cumipse
2002 4049 2110 4104 pu-

447 4142 550 4182 rus
574 4124 830 4180 Arianus
853 4129 1010 4180 esset
1031 4121 1212 4194 idque
1225 4120 1462 4194 publice
1485 4120 2112 4194 profiteretur,Cyrillo

448 4213 685 4272 crimini
705 4212 940 4269 dedisse
953 4211 1494 4284 quodFiliumPatri
1509 4210 1768 4267 similem
1782 4209 2114 4266 secundum

451 4305 847 4362 substantiam
871 4307 1183 4358 assereret.
1219 4301 1412 4376 Longe
1445 4301 1621 4358 aliter
1649 4317 1712 4356 se
1745 4317 1870 4356 rem
1897 4300 2116 4358 habere

452 4395 630 4452 modo
654 4392 1061 4466 probabimus.
1082 4391 1450 4464 Nicephorus
1467 4389 1748 4447 Callistus
1764 4390 1924 4447 hunc
1953 4391 2117 4447 Sozo-

453 4483 617 4540 meni
641 4483 839 4539 locum
865 4481 928 4537 in
950 4497 1118 4538 suam
1146 4482 1440 4538 Historiam
1467 4481 1568 4536 lib.
1604 4497 1679 4547 iv,
1711 4497 1762 4536 c.
1796 4481 1886 4544 46,
1920 4487 2113 4538 trans-

2214 3316 2446 3373 Similia
2475 3323 2680 3374 narrat
2711 3318 2978 3375 Socrates
3004 3319 3109 3378 lib.
3140 3337 3196 3389 ιι,
3230 3338 3358 3394 cap.
3390 3325 3465 3379 40
3495 3344 3518 3392 ;
3545 3328 3620 3386 2°.
3651 3329 3714 3378 ut
3751 3335 3840 3376 se-

2213 3407 2293 3463 mi
2324 3407 2678 3462 Arianorum
2713 3413 2772 3462 et
2803 3409 3158 3466 Arianorum
3209 3411 3419 3468 divisio
3473 3422 3607 3471 ante
3637 3424 3838 3468 annum

2211 3497 2312 3552 357
2333 3496 2422 3552 vel
2473 3498 2576 3552 358
2610 3496 2766 3553 facta
2800 3505 3190 3572 supponatur.
3220 3503 3368 3557 semi
3409 3506 3642 3560 Arianis
3662 3511 3838 3557 tamen

2212 3585 2450 3644 omissis
2481 3585 2556 3641 ad
2605 3587 2856 3642 Arianos
2905 3604 2968 3643 se
3023 3591 3398 3647 transtulisse
3457 3611 3577 3649 non
3631 3591 3840 3646 videtur

2214 3675 2463 3732 Aeacius
2519 3679 2657 3730 ante
2713 3675 2918 3747 Cyrilli
2973 3676 3434 3748 depositionem.
3507 3676 3844 3752 Epiphanius

2215 3763 2430 3820 hmresi
2451 3764 2608 3830 73,11.
2631 3765 2726 3823 23.
2749 3765 2834 3820 ait
2853 3767 3135 3823 Acacium
3159 3768 3219 3823 in
3243 3771 3502 3827 concilio
3520 3761 3853 3827 Seleuciensi

2217 3868 2326 3926 pro
2351 3867 2420 3908 eo
2454 3869 2571 3925 quo
2603 3853 2664 3909 in
2708 3853 2996 3927 Cyrillum
3047 3855 3336 3929 flagrabat
3381 3860 3543 3916 odio.
3577 3876 3636 3915 se
3665 3853 3854 3913 Basilio

2219 3945 2559 4014 Ancyrano,
2591 3942 2842 4015 Sylvano
2903 3944 3178 4000 Tarsensi
3238 3952 3298 4002 et
3353 3947 3494 4005 aliis
3526 3965 3671 4020 quos
3698 3941 3855 4000 semi-

2220 4030 2472 4088 Arianos
2500 4047 2799 4092 vocamus.
2833 4048 2966 4090 cum
3021 4034 3156 4091 aliis
3186 4053 3338 4108 quos
3389 4038 3506 4094 sibi
3539 4036 3854 4094 devinxerat

2224 4121 2770 4194 opposuisse,quasi
2788 4128 2910 4178 tum
2929 4124 3188 4196 primum
3205 4133 3416 4182 contra
3431 4129 3570 4184 illos
3589 4144 3648 4184 se
3661 4137 3858 4182 armas-

2225 4216 2334 4278 set,
2367 4210 2652 4267 nimirum
2687 4212 2922 4285 Sylvani
2955 4229 3094 4284 erga
3135 4215 3421 4288 Cyrillum
3476 4215 3853 4290 hospitalitate

2223 4299 2508 4357 otl‘ensus.
2533 4301 2769 4358 Certum
2793 4307 2997 4360 tamen
3021 4308 3111 4359 est
3135 4304 3308 4361 initio
3326 4323 3421 4362 an.
3448 4310 3574 4368 328.
3601 4304 3856 4364 Acacium

2216 4389 2345 4462 jam
2365 4397 2490 4445 tum
2513 4390 2774 4448 Eudoxio
2793 4392 3167 4450 Antiocheno
3181 4394 3532 4466 adjunctum
3551 4389 3860 4462 fuisse.qui-

2225 4494 2362 4536 cum
2394 4479 2456 4535 in
2489 4481 2740 4536 concilio
2771 4482 3144 4540 Antiocheno
3191 4490 3252 4540 et
3289 4483 3786 4544 consubstantiale
3809 4482 3860 4533 et

451 4571 690 4630 cribens
727 4572 800 4628 de
858 4571 1155 4628 industria
1202 4575 1532 4627 commutat
1581 4570 1674 4626 his
1721 4569 1919 4626 verbis
1953 4588 1965 4626 :
2000 4573 2119 4637 Qua
2152 4645 2159 4646 ί
2228 4569 3047 4626 similitudinemsubstantim
3065 4572 3387 4646 abrogavit.
3414 4576 3636 4632 Sozom.
3662 4572 3758 4628 lib.
3788 4583 3854 4630 IV.

451 4664 517 4720 de
547 4677 712 4718 causa
741 4665 800 4716 in
834 4667 1086 4716 mutuum
1133 4661 1323 4716 odium
1374 4659 1624 4726 adducti,
1678 4659 1824 4714 alter
1873 4659 2109 4716 alterum
2145 4645 2191 4712 Ι)
2219 4675 2346 4731 cap.
2378 4661 2444 4714 12
2490 4658 2601 4714 Sed
2642 4659 2769 4716 hmo
2795 4661 2990 4732 prima
3022 4645 3240 4735 legitur
3260 4666 3454 4720 Acacii
3487 4667 3758 4722 adversus
3787 4657 3860 4711 si-

449 4753 598 4826 quod
625 4768 735 4807 non
763 4756 912 4807 recte
940 4748 1006 4806 de
1035 4751 1149 4806 Deo
1179 4749 1432 4817 sentiret,
1467 4754 1547 4804 est
1575 4749 1922 4804 criminatus.
1957 4749 2086 4804 Aca

447 4845 564 4900 cius
594 4843 740 4898 enim
765 4841 928 4912 prius
954 4840 1174 4896 Ariona
1204 4839 1464 4908 dogmata
1495 4839 1842 4909 praedicabat
1875 4853 1888 4894 :
1923 4839 2114 4910 Cyril-

451 4933 530 4990 lus
550 4948 677 4988 vero
712 4946 822 4997 eos,
855 4931 955 5002 qui
995 4927 1451 4986 consubstantiali
1487 4927 1860 4996 adhaerebant,
1893 4944 1930 4984 a
1951 4929 2120 5000 prin-

455 5023 603 5092 cipio
628 5020 979 5090 sequebatur.
1003 5017 1282 5085 Quamvis
1315 5022 1374 5072 et
1398 5021 1665 5089 tempore
1677 5023 1736 5072 et
1764 5016 2117 5073 auctoritate

457 5109 786 5166 Sozomeno
822 5108 998 5180 longe
1045 5107 1294 5163 inferior
1335 5105 1398 5162 in
1429 5105 1681 5163 historia
1728 5105 2114 5180 Nicephorus.

455 5197 678 5256 certius
709 5203 913 5253 tamen
949 5195 1262 5252 amborum
1311 5195 1640 5270 praesulum
1693 5197 2116 5254 controversias

455 5293 676 5346 statum
710 5284 945 5340 videtur
969 5284 1274 5358 attigisse:
1319 5289 1376 5340 1ο
1423 5286 1581 5342 enim
1615 5290 1681 5341 ut
1709 5286 1980 5342 omittam
2012 5285 2116 5342 illo

450 5378 808 5434 Arianorum
835 5383 893 5430 et
913 5375 1062 5430 semi
1101 5375 1460 5432 Arianorum
1493 5381 1736 5449 propter
1765 5376 2116 5434 similitudi-

451 5483 590 5522 nem
615 5463 967 5522 substantias
989 5463 1264 5530 divortio,
1287 5464 1657 5538 antiquiores
1674 5464 1861 5522 videri
1879 5472 2117 5522 mutuas

457 5553 710 5611 duorum
745 5551 1072 5626 prmsulum
1099 5553 1531 5617 accusationes,
1564 5560 1734 5610 natas
1766 5571 1836 5610 ex
1873 5561 2116 5612 conten-

456 5643 620 5700 tione
647 5643 718 5700 de
749 5642 1009 5716 primatu
1039 5659 1175 5700 cum
1207 5643 1336 5716 ipso
1366 5660 1518 5717 pene
1547 5642 1750 5717 Cyrilli
1770 5643 2116 5718 episcopatu

461 5740 776 5809 suspecta;
807 5732 860 5790 is
908 5738 1039 5791 erat
1085 5734 1198 5793 hoc
1234 5739 1506 5811 tempore
1551 5733 1775 5812 [XXXI]
1821 5735 2027 5810 Cyrilli
2055 5739 2117 5794 et

2227 4746 2631 4804 militudinem
2663 4748 3012 4805 substantias
3060 4751 3290 4808 molitio
3317 4770 3331 4819 ;
3363 4754 3424 4809 3'
3473 4752 3698 4810 etiamsi
3730 4761 3861 4804 con-

2225 4837 2585 4894 cesserimus
2615 4837 2916 4905 Acacium,
2941 4855 3060 4912 quo
3089 4847 3358 4914 tempore
3388 4844 3668 4917 Cyrillum
3684 4833 3862 4895 crimi-

2226 4926 2501 4995 nabatur,
2516 4931 2646 5000 jam
2669 4935 2794 4984 tum
2817 4929 2876 4984 in
2896 4929 3251 4988 Arianorum
3273 4940 3470 5004 partes
3490 4928 3857 4990 concessisse.

2227 5015 2386 5073 haud
2419 5024 2620 5074 tamen
2650 5016 2755 5073 illo
2787 5023 3055 5091 tempore
3103 5019 3412 5077 devenisse
3455 5039 3524 5078 eo
3559 5026 3774 5094 putem,
3803 5015 3859 5067 ut

2227 5105 2683 5164 similitudinem
2715 5107 3062 5166 substantia:
3092 5111 3364 5167 criminis
3385 5112 3514 5168 loco
3536 5111 3668 5167 aliis
3689 5107 3861 5176 impu-

2227 5200 2399 5252 taret.
2430 5198 2575 5253 Nam
2601 5196 2779 5253 etiam
2801 5205 3010 5270 postea
3029 5198 3092 5254 in
3110 5201 3364 5256 concilio
3387 5198 3858 5265 Constantinopo-

2225 5284 2414 5342 litano
2445 5301 2603 5342 anno
2631 5288 2757 5351 360,
2791 5305 2928 5344 cum
2977 5289 3230 5346 Aeacius
3266 5290 3540 5347 factionis
3579 5288 3856 5361 princeps,

2227 5381 2287 5432 et
2305 5375 2611 5448 conjuncti
2643 5375 2908 5451 episcOpi
2939 5379 3377 5436 semi-Arianos
3399 5382 3521 5436 fere
3552 5390 3752 5434 omnes
3777 5367 3860 5425 di-

2223 5465 2408 5520 versis
2435 5464 2632 5521 causis
2675 5465 3022 5540 episcopatu
3069 5467 3421 5540 dejicerent,
3468 5468 3599 5526 fidei
3633 5471 3855 5519 causam

2225 5570 2348 5611 non
2374 5555 2720 5628 allegavere.
2771 5563 3014 5613 auctore
3061 5557 3303 5614 Socrate
3327 5559 3431 5615 lib.
3488 5575 3522 5614 ιι
3573 5557 3704 5617 Hist,
3736 5563 3855 5618 cal)-

2221 5646 2312 5700 42.
2347 5645 2604 5702 Rediens
2635 5661 2667 5701 e
2696 5647 2950 5704 concilio
2999 5647 3062 5703 in
3109 5646 3306 5706 locum
3359 5649 3854 5708 exauctoratorum

2222 5735 2446 5794 multos
2467 5733 2900 5812 subsutuigqui
2911 5737 3369 5798 similitudinem
3381 5733 3725 5797 substantia
3735 5743 3851 5786 om-
