4052 6368
180 278 239 338 65
1607 275 2137 348 DISSLRTATIO
2179 279 2233 343 Ι.
3563 290 3645 353 86

175 411 295 466 nino
322 408 397 465 ad
432 426 709 469 sensum
744 416 1312 477 consubstantialis
1347 417 1774 493 pradicabant,
1807 421 1874 473 ut
1903 430 1953 497 Α
2056 413 2146 473 38.
2171 412 2299 470 Sive
2334 412 2409 470 ob
2458 411 2617 469 hanc
2635 411 2979 486 Cyrilliana
3013 414 3155 471 fidei
3186 416 3541 479 intentatam
3573 424 3649 481 ab

172 501 261 557 Mel
283 501 467 565 tium.
512 504 860 578 Pelagium
893 509 1335 579 Laodicenum,
1365 510 1636 583 aliosque
1681 509 1783 582 qui
1815 508 1877 565 in

171 592 597 648 Catholicorum
638 603 707 649 et
743 606 1130 656 sanctorum
1157 601 1332 657 etiam
1358 600 1599 675 [ΧλΧιι]
1625 616 1876 656 numero

180 689 484 739 censentur.
523 687 724 741 Anno
766 690 1071 761 sequenti
1106 692 1168 746 in
1201 692 1450 748 concilio
1482 691 1875 756 Antiocheno,

188 791 297 830 cum
311 791 498 828 coram
516 775 922 834 Constantio
939 781 1402 838 concionaretur
1414 780 1878 854 postGeorgium

186 863 583 931 Laodicenum,
615 865 1004 924 doctrinam
1039 869 1311 942 exposuit
1339 887 1471 942 qua
1521 886 1727 926 revera
1753 870 1879 925 sin-

184 970 347 1009 cerum
383 970 456 1008 ac
494 972 738 1026 purum
759 959 1136 1029 apostolica
1169 959 1304 1015 ﬁdei
1326 960 1732 1016 characterem
1756 975 1877 1014 non

176 1049 438 1110 tueretur,
474 1044 557 1098 ab
595 1045 807 1118 hujus
846 1054 1060 1104 tamen
1108 1048 1480 1122 blasphemia
1527 1048 1877 1123 longissimo

172 1134 468 1189 intervallo
512 1136 925 1207 sejunctam.
968 1138 1099 1193 Vid.
1125 1138 1470 1195 Theodoret.
1496 1139 1601 1196 lib.
1636 1156 1673 1194 ιι
1707 1140 1876 1207 Hist.,

171 1239 283 1297 cap.
335 1226 425 1279 3t.
462 1226 665 1296 Atqui
738 1227 1049 1301 Georgius
1097 1229 1258 1300 prius
1307 1235 1593 1301 tanquam
1651 1245 1807 1283 unus
1847 1243 1878 1282 e

176 1314 587 1371 semi-Arianae
604 1317 824 1387 partis
843 1317 1220 1389 principibus
1234 1317 1876 1391 habebatur,epriph.

174 1405 366 1460 hares.
400 1406 496 1463 73.
533 1422 604 1460 n.
646 1410 706 1461 1.
747 1407 1063 1464 Credibile
1093 1408 1272 1481 igitur
1309 1425 1431 1465 non
1462 1415 1554 1465 est
1594 1408 1876 1465 Acacium

182 1495 380 1566 Cyrillo
405 1496 926 1553 similitudinem
954 1498 1302 1556 substantia
1325 1500 1491 1572 quasi
1519 1500 1749 1556 crimen
1772 1498 1875 1555 ob—

184 1584 400 1657 jecisse,
432 1586 560 1641 nisi
603 1586 858 1643 dixeris
881 1605 1021 1643 eum
1049 1589 1504 1645 similitudinem
1530 1588 1879 1646 substantia

188 1676 524 1732 velutidem
578 1694 739 1733 cum
795 1678 1297 1736 consubstantiali
1348 1680 1649 1736 habuisse.
1691 1681 1878 1745 Quam

1990 504 2205 561 Acacio
2236 504 2708 566 accusationem,
2742 503 2862 560 sive
2893 504 2967 559 ob
3017 504 3165 561 alias
3222 524 3370 580 quas
3404 510 3649 570 historia

1992 611 2113 650 nou
2149 594 2294 652 satis
2348 594 2662 667 expressit,
2697 611 2948 665 seseque
2979 595 3255 668 ignorare
3300 598 3521 657 fatetur
3552 603 3658 658 So-

1991 691 2204 752 crates,
2232 683 2464 739 duobus
2485 683 2984 739 annisrontinuis
3015 686 3302 757 Cyrillum
3334 689 3395 745 in
3420 692 3523 762 jus
3549 709 3649 748 vo-

1988 775 2138 830 cavit
2162 773 2433 830 Acacius.
2464 773 2576 829 Sed
2597 775 2817 829 frustra
2838 774 2968 837 fuit,
2993 790 3290 846 nusquam
3320 782 3656 850 comparuit

1988 863 2264 938 Cyrillus.
2320 863 2588 918 Socrates
2634 880 2704 918 ex
2754 879 2871 936 quo
2914 863 3040 918 hac
3071 864 3411 931 didicimus.
3446 870 3549 924 lib.
3587 889 3648 940 ιι,

1990 970 2117 1027 cap.
2152 955 2240 1021 40,
2275 953 2426 1008 hanc
2450 969 2687 1008 causam
2721 954 2912 1019 affert,
2947 970 3106 1025 quon
3148 956 3434 1030 [XXXIII]
3465 960 3651 1031 Cyril-

1989 1042 2082 1099 lus
2115 1043 2529 1098 accusationes
2556 1043 2922 1098 formidaret:
2957 1044 3114 1114 quod
3148 1045 3410 1115 quidem,
3446 1049 3653 1107 Socra-

1989 1131 2065 1187 tis
2088 1132 2245 1189 bona
2265 1132 2435 1188 venia
2456 1133 2679 1188 dictum
2705 1133 2800 1201 sit,
2827 1149 2902 1187 ne
2931 1134 3253 1190 verisimile
3277 1136 3519 1206 quidem
3539 1146 3649 1195 est.

1991 1223 2258 1278 Primum
2277 1224 2437 1279 enim
2462 1223 2619 1279 leves
2641 1240 2886 1301 prorsus
2900 1222 3017 1278 illa
3034 1226 3443 1283 accusationes
3458 1236 3651 1298 erant,

1990 1312 2358 1369 Theodoreto
2389 1317 2539 1369 teste
2568 1312 2674 1369 lib.
2707 1329 2766 1378 ιι,
2794 1328 2922 1385 cap.
2949 1314 3038 1382 '26,
3068 1313 3169 1384 qui
3193 1315 3522 1373 levissimas
3546 1336 3646 1376 eas

1989 1401 2191 1475 Cyrilli
2222 1402 2561 1476 deponendi
2593 1419 2804 1458 causas
2835 1402 2908 1458 ab
2954 1404 3168 1458 Acacio
3221 1414 3487 1479 arreptas
3518 1409 3603 1464 ait
3632 1425 3645 1464 :

1986 1488 2050 1547 Ὀ
2082 1489 2178 1563 μὲν
2210 1491 2314 1566 γὰρ
2344 1489 2602 1552 Ἀκᾶκιος
2637 1492 2835 1564 μικράς
2866 1511 3013 1552 τινας
3045 1490 3215 1567 εὑρὼν
3244 1492 3521 1572 ἀφορμὰς,
3554 1517 3646 1552 κα.

1992 1576 2141 1634 θεῖλε
2169 1580 2261 1635 τὸν
2298 1578 2596 1650 Κυριλλθν,
2629 1580 2718 1634 καὶ
2748 1584 2856 1635 τῶν
2908 1579 3307 1653 Ἰεροσολύμων
3362 1582 3643 1657 ἐξήλασεν,

1990 1671 2135 1742 ipsa
2167 1669 2240 1727 ob
2274 1671 2577 1727 levitatem
2637 1677 2696 1727 et
2734 1671 3077 1726 futilitatem
3123 1672 3345 1729 Socrati
3379 1676 3645 1750 incogni-

188 1767 410 1838 quidem
426 1769 761 1823 rationem
778 1768 1127 1825 Sirmiensis
1148 1786 1244 1826 an.
1262 1769 1663 1834 357,formula
1682 1774 1879 1825 aucto-

1990 1765 2082 1816 ιω.
2122 1762 2252 1816 Sua
2285 1778 2479 1817 causa
2511 1760 2658 1817 adeo
2692 1760 3051 1829 conﬁdebat,
3084 1768 3151 1817 ut
3179 1762 3251 1818 ab
3282 1766 3495 1821 Acacio
3544 1767 3643 1823 de-

190 1874 274 1911 res
295 1858 513 1912 afferre
545 1858 877 1925 solebant,
912 1866 1062 1914 teste
1102 1859 1321 1916 Hilario
1354 1861 1425 1916 De
1453 1862 1643 1931 synod.
1668 1877 1728 1915 n.
1758 1862 1826 1914 79
1861 1876 1874 1915 :

196 1944 482 2003 Excusout.
517 1964 578 2003 se
614 1949 939 2018 (Ursacius
972 1955 1033 2004 et
1062 1949 1296 2019 Valens)
1319 1951 1525 2005 idcirco
1556 1950 1876 2006 homousion

196 2043 242 2089 et
271 2035 619 2091 homausion
654 2039 843 2092 taceri
871 2038 1123 2099 voluisse.
1155 2040 1290 2108 quia
1336 2054 1507 2094 unum
1536 2046 1703 2109 atque
1732 2038 1876 2093 idem

197 2128 485 2196 signiﬁcari
508 2128 692 2181 verba
706 2134 947 2198 utroque
967 2129 1376 2185 existimarunt.
1400 2127 1621 2184 Eadem
1646 2128 1876 2185 ratione

199 2215 402 2270 adduci
434 2217 648 2287 potuit
678 2217 960 2284 Aeacius,
984 2233 1118 2272 cum
1143 2216 1204 2273 in
1225 2217 1482 2273 concilio
1508 2217 1876 2275 Antiocheno

203 2305 518 2361 formulam
552 2307 967 2363 Sirmiensem
1016 2306 1277 2363 laudavit
1305 2313 1365 2363 et
1407 2314 1644 2365 secutus
1676 2315 1786 2371 est.
1820 2315 1879 2365 et

202 2396 545 2451 auctoribus
566 2397 805 2466 gratias
830 2396 1090 2469 agendas
1111 2396 1552 2471 decrevit,apud
1570 2399 1874 2456 Sozomen.

204 2485 305 2539 lib.
340 2502 415 2546 ιγ.
446 2503 583 2558 cap.
622 2490 695 2541 l2
751 2489 896 2542 Eam
928 2486 1109 2542 fuisse
1135 2487 1493 2544 Arianorum
1514 2489 1876 2545 sententiam

217 2574 461 2630 dubitari
480 2594 611 2631 non
638 2581 863 2648 potest.
893 2592 963 2630 ex
998 2576 1382 2649 Philostorgio
1414 2578 1515 2650 qui
1546 2575 1874 2650 ὁμοιούσιον

214 2670 269 2718 et
299 2664 597 2735 epos-Saxo»;
632 2682 745 2737 pro
780 2681 898 2720 uno
934 2664 1175 2732 habuit;
1208 2672 1266 2721 et
1297 2666 1581 2723 Basiliam
1615 2670 1872 2740 Ancyra-

206 2770 371 2817 nuru,
405 2755 800 2810 Eustathium
832 2754 1220 2811 Sebastenum
1253 2756 1523 2828 aliosque
1553 2755 1877 2828 ὁμοιουσίου

204 2844 557 2900 defensores
584 2844 815 2916 ubique
844 2861 951 2917 pro
983 2842 1264 2917 ὁμοουσίῳ
1296 2846 1670 2903 decertantes
1700 2847 1878 2903 indu-

205 2934 304 2989 cit.
330 2934 462 2990 Vid.
492 2934 604 2989 lib.
662 2951 753 2994 ιιι,
788 2951 845 2989 ιι.
883 2937 971 3000 16ς
1002 2934 1106 2990 lib.
1141 2952 1215 3004 1v,
1247 2952 1309 2992 ιιι
1342 2939 1396 3005 9,
1437 2939 1518 3004 10,
1558 2938 1640 2994 12.
1675 2940 1876 3010 Neque

202 3041 379 3095 porro
400 3025 664 3079 omnino
689 3024 1071 3080 fallebantur:
1102 3042 1240 3082 nam
1274 3027 1619 3092 Athanasio,
1653 3026 1877 3083 Hilario

200 3120 262 3169 et
292 3114 872 3186 Basiliojudicibus,
906 3121 1062 3170 recte
1095 3116 1399 3173 intellecta
1432 3117 1779 3174 substantia
1801 3119 1877 3174 si-

1988 1851 2218 1923 positus
2250 1852 2442 1924 majus
2495 1851 2817 1907 concilium
2868 1852 3237 1924 appellaret;
3283 1854 3346 1909 in
3392 1851 3646 1914 concilio

1990 1940 2352 1997 Seleuciensi
2385 1957 2634 1997 securus
2665 1941 2928 1997 etlidens
2959 1942 3315 2014 provocabat
3345 1947 3649 2018 Acacium,

1987 2030 2087 2103 qui
2112 2030 2412 2103 judicium
2444 2047 2618 2086 suum
2675 2030 2870 2085 noluit
2913 2030 2984 2086 ad
3046 2032 3285 2087 concilii
3327 2050 3642 2094 censuram

1984 2120 2243 2176 revocari
2272 2121 2478 2192 ;justa
2519 2120 2774 2175 concilio
2805 2120 2929 2175 visa
2977 2127 3067 2175 est
3097 2120 3300 2194 Cyrilli
3332 2140 3531 2195 causa,
3566 2129 3647 2183 ei-

1986 2228 2101 2284 que
2135 2211 2464 2267 honorifice
2496 2210 2856 2282 adjudicata.
2887 2211 3148 2266 Tandem
3173 2212 3508 2284 Cyrilliana
3540 2218 3645 2273 de-

1982 2301 2300 2374 positionis
2328 2317 2567 2357 causam
2598 2303 2772 2356 aﬂ‘ert
2801 2301 3158 2357 Sozomenus
3180 2302 3283 2359 lib.
3318 2321 3393 2372 IV,
3425 2322 3531 2379 cap
3551 2310 3643 2378 25,

1987 2389 2205 2462 Cyrillo
2242 2389 2428 2463 magis
2461 2390 2853 2446 honorificam
2885 2407 3065 2462 quam
3114 2393 3641 2462 reformidandam,

1987 2495 2203 2552 nempe
2233 2479 2512 2535 Ecclesia
2546 2479 2793 2552 pallium
2823 2481 2883 2534 in
2916 2486 3175 2553 egestate
3207 2482 3447 2553 publica
3486 2502 3644 2541 mer-

1987 2569 2171 2625 catori
2205 2569 2511 2625 venditum
2543 2586 2578 2625 a
2617 2570 2856 2641 Cyrillo,
2907 2578 2966 2625 et
3012 2570 3252 2626 mulieri
3307 2574 3557 2630 scenicae
3607 2593 3643 2631 a

1988 2667 2357 2726 mercatore;
2391 2659 2464 2713 de
2497 2676 2613 2731 quo
2646 2661 2920 2731 sequenti
2953 2661 3146 2732 capite
3177 2661 3465 2718 dicemus.
3512 2666 3638 2721 Non

1989 2748 2169 2822 igitur
2186 2748 2485 2805 accusatio
2495 2766 2565 2805 ne
2590 2754 2750 2804 metu
2765 2749 2954 2820 judici
2966 2767 2996 2803 ιι
3008 2766 3063 2803 m
3086 2749 3347 2822 fugiebat
3362 2752 3491 2823 Cyri
3503 2752 3640 2825 llus,

1989 2839 2092 2895 sed
2123 2846 2227 2895 aut
2254 2839 2370 2895 vim
2405 2846 2464 2895 et
2487 2839 2725 2895 fraudes
2752 2839 3107 2910 nequissimi
3123 2856 3192 2895 ac
3222 2842 3642 2899 vaferrimiho-

1987 2929 2167 2985 minis
2191 2929 2630 2995 verebatur,aut
2655 2928 2714 2983 id
2738 2928 2896 3000 quod
2918 2945 3024 3001 ego
3044 2930 3423 2985 verisimilius
3438 2932 3640 3003 credo,

1987 3020 2327 3076 absolutum
2359 3037 2423 3075 se
2467 3035 2534 3075 ac
2576 3020 2830 3074 liberum
2878 3019 2950 3074 ab
2995 3020 3641 3092 Acaciijurisdictione

1987 3108 2372 3182 pertendens,
2415 3107 2725 3179 apostolici
2780 3107 2979 3162 throni
3039 3108 3280 3179 praesul,
3340 3108 3642 3167 inferioris

201 3205 514 3273 militudo’
568 3205 811 3276 qualem
862 3206 1116 3277 Cyrinus
1161 3208 1288 3264 sine
1321 3206 1503 3264 dubio
1533 3225 1870 3282 propugna-
1907 3186 1950 3254 C
1982 3199 2211 3272 judicio
2244 3214 2305 3255 se
2337 3198 2549 3254 sistere
2588 3197 2924 3265 recusabat,
2985 3203 3089 3252 aut
3117 3198 3359 3254 tandem
3391 3199 3619 3256 inimici

204 3294 330 3362 bat,
361 3296 530 3350 idem
565 3301 659 3350 est
690 3295 932 3350 omnino
965 3312 1101 3351 cum
1133 3297 1653 3354 consubstantiali.

285 3386 372 3439 37.
404 3387 489 3439 Ex
513 3385 610 3440 his
635 3384 873 3440 abunde
894 3390 960 3440 ut
977 3391 1118 3457 puto
1142 3386 1461 3460 colligitur,
1487 3388 1765 3445 Acacium
1790 3388 1883 3445 ni-

218 3472 309 3527 hil
338 3473 588 3544 Cyrillo,
632 3473 750 3528 nisi
781 3474 1076 3530 Nicanam
1127 3474 1308 3532 fidem
1341 3476 1653 3550 objecisse.
1688 3477 1801 3535 Sed
1831 3478 1881 3534 si

224 3563 499 3628 Aeacius,
532 3579 743 3618 earum
767 3562 978 3619 saltem
993 3566 1466 3621 accussationem
1480 3573 1767 3639 tempore,
1799 3569 1884 3624 si-

225 3652 636 3707 militudinem
655 3652 848 3723 quoad
863 3654 1338 3726 omniaetquoad
1355 3655 1753 3714 substantiam
1785 3675 1881 3715 se-

224 3742 695 3814 quebatur,quid
708 3742 1128 3815 aliudCyrillus
1146 3744 1207 3799 in
1228 3746 1438 3802 Acacio
1453 3747 1885 3804 criminabatur

222 3830 338 3884 nisi
364 3847 431 3885 ex
458 3830 555 3885 his
576 3830 809 3886 duobus
839 3831 1091 3887 alterum
1123 3832 1150 3888 ‘I
1180 3840 1283 3889 aut
1311 3835 1776 3893 insufflcientem
1807 3836 1881 3892 ad

221 3919 466 3990 plenam
499 3926 562 3975 et
590 3921 880 3991 integram
912 3922 1218 3979 catholica
1251 3923 1537 3981 doctrina
1570 3927 1885 3999 professio-

224 4024 387 4071 nem,
422 4009 889 4066 similitudinem
922 4010 1269 4068 sibstantia
1300 4015 1698 4085 pertendebat
1726 4031 1879 4085 esse;

220 4106 346 4161 aut,
378 4099 664 4170 quoniam
697 4116 831 4156 cum
849 4101 1029 4171 hujus
1052 4103 1363 4159 sententia
1395 4103 1883 4163 defensoribuset

219 4189 489 4244 amicitia
511 4195 570 4243 et
599 4191 1020 4246 communione
1042 4193 1395 4264 conjunctus
1418 4201 1566 4264 erat,
1597 4197 1881 4254 Acacium

218 4278 544 4333 accusabat
592 4280 747 4351 quod
780 4297 909 4337 eam
942 4281 1381 4339 confessionem
1416 4283 1552 4340 dolo
1586 4292 1645 4341 et
1672 4287 1881 4344 fraude

216 4371 978 4441 corrumperetpravisque
1002 4372 1551 4444 interpretamentis
1568 4374 1878 4449 alegilimo

218 4473 406 4512 sensu
440 4456 804 4514 deflecteret.
840 4460 1138 4516 Utrumvis
1188 4478 1460 4534 sequare,
1491 4466 1878 4538 perspicuum

1992 3295 2052 3346 et
2079 3306 2114 3345 a
2144 3305 2207 3345 se
2238 3287 2499 3344 accusati
2532 3287 2796 3342 hominis
2838 3287 3137 3360 judicium
3189 3287 3389 3344 subire
3421 3305 3642 3346 secun-

1990 3379 2132 3435 dum
2163 3378 2325 3452 leges
2350 3375 2739 3433 detrectabat.

2059 3471 2149 3525 39.
2174 3471 2286 3524 Per
2306 3468 2459 3524 illud
2487 3467 2797 3522 biennium
2830 3465 3051 3522 factum
3080 3471 3242 3538 puto,
3276 3468 3434 3539 quod
3458 3469 3616 3542 Cyril

1986 3559 2082 3615 Ius
2113 3558 2471 3615 Melitinensi
2501 3555 2738 3612 cuidam
2769 3556 2834 3611 in
2864 3557 3148 3612 Armenia
3175 3558 3427 3614 concilio
3460 3559 3646 3616 inter-

1985 3648 2171 3704 fuisse
2196 3654 2495 3713 narratur,
2547 3644 2706 3718 apud
2736 3647 2939 3702 Sozom
2997 3645 3101 3701 lib.
3137 3662 3213 3715 ιν,
3246 3664 3373 3719 cap.
3409 3650 3497 3703 25.
3532 3648 3647 3705 Ob-

1989 3755 2162 3795 scura
2191 3754 2436 3811 prorsus
2467 3736 2646 3806 hujus
2672 3735 2913 3791 concilii
2947 3735 3239 3790 memoria
3263 3753 3276 3802 ;
3302 3742 3441 3791 ante
3465 3737 3616 3809 depo

1987 3829 2267 3884 sitionem
2298 3826 2500 3898 Cyrilli
2532 3841 2609 3880 an
2665 3826 2791 3892 357,
2839 3824 3058 3879 factam
3090 3822 3458 3879 celebratum
3491 3842 3647 3891 esse,

1988 3916 2760 3986 signiﬁcantAnomaorum
2781 3912 2841 3965 in
2864 3911 3117 3967 concilio
3147 3912 3645 3986 Constantinopo-

1986 4005 2174 4062 litano
2207 4021 2305 4061 an.
2341 4005 2463 4067 360,
2499 4001 2796 4075 querela;
2842 4001 2902 4056 in
2948 4001 3165 4073 quibus
3198 4003 3434 4058 concilii
3470 4003 3651 4076 hujus

1986 4105 2311 4168 antequam
2344 4092 2738 4151 abdicationis
2770 4092 2977 4164 ipsius.
3006 4093 3375 4148 mentionem
3400 4094 3649 4151 faciunt.

1987 4190 2131 4245 Cum
2157 4184 2630 4256 inimicitiajam
2657 4182 2813 4237 inter
2838 4181 3086 4237 Arianos
3109 4188 3168 4236 et
3191 4184 3337 4238 semi
3378 4184 3654 4251 Arianos,

1987 4284 2091 4335 aut
2119 4276 2332 4334 saltem
2364 4273 2598 4331 divortii
2631 4272 2864 4329 semina
2894 4273 3073 4344 hujus
3106 4278 3373 4344 tempore
3406 4274 3652 4330 concilii

1989 4367 2287 4425 exstitisse
2319 4365 2652 4427 videantur,
2688 4361 2839 4417 illud
2874 4368 3013 4417 ante
3047 4379 3276 4417 annum
3309 4365 3436 4425 357.
3469 4364 3656 4419 collo-

1988 4456 2245 4516 candum
2276 4471 2399 4510 non
2435 4468 2771 4508 censemus.
2809 4450 3059 4506 Arianos
3093 4451 3153 4506 in
3188 4467 3255 4506 eo
3288 4450 3650 4531 dominatos,

217 4554 313 4602 est
346 4547 658 4603 catholica
683 4548 885 4620 Cyrilli
918 4549 1202 4606 doctrina
1231 4558 1674 4625 argumentum.
1710 4555 1876 4622 Quod

1990 4550 2241 4621 ejusque
2272 4545 2513 4601 decreta
2542 4558 2575 4597 a
2604 4541 2755 4597 semi
2792 4540 3032 4596 Arianis
3064 4546 3265 4612 spreta
3291 4547 3350 4595 et
3389 4542 3661 4614 neglecta

216 4638 287 4702 si,
320 4644 387 4691 ut
418 4637 547 4692 vult
574 4640 953 4708 Sozomenus,
987 4640 1266 4715 quodque
1298 4659 1409 4699 nos
1447 4660 1584 4701 cum
1632 4644 1877 4704 illorum

215 4732 560 4798 temporum
590 4727 836 4784 historia
857 4745 1009 4802 agre
1040 4730 1348 4787 conciliari
1372 4732 1877 4805 probavimus,si-

210 4815 632 4872 militudinem
664 4816 1012 4873 substantia
1029 4836 1287 4891 sequens
1308 4821 1565 4894 Cyrillus
1585 4826 1881 4896 purumin

212 4906 433 4961 Acacio
472 4907 953 4978 reprehendebat
989 4909 1396 4966 Arianismum
1429 4929 1443 4975 ;
1476 4912 1739 4984 primum
1770 4913 1883 4971 hoc

216 4995 449 5065 Cyrillo
472 4997 649 5068 praei
660 5014 836 5069 puum
852 4996 1219 5070 decusquod
1243 4999 1472 5071 primus
1488 5000 1551 5057 in
1565 5005 1882 5061 Anomaos

220 5084 491 5157 gladium
546 5088 855 5143 strinxerit
887 5104 900 5155 ;
959 5086 1174 5144 deinde
1219 5105 1353 5145 cum
1386 5096 1615 5148 certum
1650 5108 1721 5148 ex
1751 5094 1882 5166 ejus

222 5177 468 5247 scriptis
491 5176 569 5231 sit
590 5193 724 5233 eum
738 5177 1029 5233 catholice
1060 5195 1302 5250 prorsus
1318 5186 1378 5235 et
1397 5180 1880 5250 orthodoxe,tum

214 5264 285 5320 de
313 5268 467 5335 Filii,
499 5286 633 5325 cum
659 5270 731 5325 de
754 5269 1010 5341 Spiritus
1040 5271 1231 5325 sancti
1253 5270 1563 5329 divinitate
1595 5274 1880 5344 sensisse;

212 5358 532 5415 Auomaos
564 5359 638 5415 ab
672 5360 822 5431 ipso.
849 5374 971 5413 non
992 5358 1322 5425 dimidiata,
1359 5366 1431 5417 ut
1456 5360 1701 5434 quidam
1730 5363 1882 5421 forte

213 5447 358 5501 semi
384 5450 591 5504 Ariani
622 5456 684 5505 et
715 5447 1126 5504 Macedoniani
1162 5447 1453 5520 fecerunt,
1487 5450 1598 5508 sed
1626 5452 1806 5525 plena
1826 5461 1887 5512 et

214 5535 441 5612 integra
485 5539 805 5597 catholica
865 5537 1005 5595 ﬁdei
1060 5537 1438 5611 defensione,
1498 5539 1883 5618 impugnatos

213 5625 507 5689 dicemus.

190 6308 195 6315 ι
246 6296 257 6299 “
280 6310 283 6311 ν
310 6296 369 6311 δέ’*
420 6296 467 6313 ’ἓν
512 6300 515 6303 “

502 6322 507 6331 Ἰ

1989 4642 2241 4705 constat,
2277 4651 2343 4689 ex
2381 4636 2797 4689 Anomaorum
2831 4630 2891 4685 in
2923 4630 3178 4686 concilio
3228 4632 3653 4687 Constantino-

1990 4730 2261 4804 politano
2293 4724 2457 4781 illius
2508 4722 2749 4779 concilii
2808 4721 3076 4777 vindices
3106 4728 3284 4794 atque
3331 4723 3559 4779 ultores
3591 4739 3653 4779 se

1991 4816 2402 4894 profitentium
2425 4814 2497 4869 de
2530 4811 2950 4869 semi-Arianis
2982 4816 3226 4883 propter
3251 4828 3377 4868 eam
3404 4828 3531 4868 rem
3559 4826 3657 4868 ex-

1993 4904 2498 4983 postulationibus
2520 4902 2678 4974 apud
2722 4902 2948 4957 Sozom.
2996 4898 3098 4953 lib.
3122 4915 3201 4967 iv,
3228 4915 3360 4971 cap,
3383 4901 3453 4954 24
3475 4905 3535 4955 et
3559 4900 3651 4955 25.

1991 5003 2059 5057 In
2082 5016 2150 5055 eo
2163 4997 2468 5070 depositus
2481 4987 3341 5049 fuitEustathiusSebastenus.
3363 5007 3433 5045 ex
3448 4989 3653 5045 Basilii

1993 5095 2165 5168 epist.
2181 5092 2270 5151 74.
2296 5088 2475 5161 quise
2499 5086 2897 5142 nihilominus
2920 5087 2985 5137 ut
3006 5081 3660 5154 episc0pumhabuit.et

1994 5183 2145 5242 semi
2183 5180 2535 5237 Arianorum
2572 5175 2846 5232 conciliis
2877 5179 3085 5245 postea
3126 5172 3420 5241 interfuit,
3452 5190 3658 5229 eorum

1995 5269 2394 5348 legationibus
2424 5266 2499 5324 ad
2537 5268 2961 5339 imperatorem
3013 5260 3365 5319 honestatus
3399 5280 3413 5319 :
3447 5262 3659 5318 Meliti-

1993 5362 2321 5434 nensisque
2378 5355 2619 5414 concilii
2675 5355 2916 5411 decreta
2974 5350 3264 5425 abrogare
3300 5358 3362 5408 et
3389 5358 3659 5408 evertere

1996 5453 2252 5514 studeat:
2276 5466 2370 5522 ap.
2423 5447 2648 5503 Sozom.
2702 5444 2806 5501 lib.
2857 5460 2933 5517 iv,
2955 5456 3083 5512 cap.
3137 5442 3526 5514 24-.Elpidius
3559 5440 3660 5497 Sa-

1994 5547 2253 5604 talorum
2278 5538 2615 5613 episcopus,
2632 5536 2734 5607 qui
2756 5530 3012 5591 concilio
3035 5529 3379 5588 interfuisse
3402 5531 3657 5598 videtur,

1993 5632 2321 5699 Eusebium
2348 5625 2672 5703 quemdam
2709 5617 3054 5701 presbiterii
3113 5619 3302 5694 gradu
3331 5618 3659 5695 dejectum,
