4052 6364
485 313 566 374 67
1769 301 1874 364 DE
1915 294 2105 365 VITA
2143 299 2214 367 8.
2257 299 2596 371 CYRlLLl.

493 453 704 505 contra
728 447 858 520 ejus
888 444 1126 503 concilii
1152 448 1392 511 statuta,
1417 441 1694 498 restituit.
1729 437 2016 512 Cyrillum
2047 455 2140 495 ve-
2176 441 2228 508 Α
2259 446 2492 504 bratum
2526 462 2655 504 esse
2687 447 2938 522 probare
2967 446 3199 505 videtur
3219 447 3378 520 quod
3399 447 3485 505 ait
3502 446 3886 508 Theodoretus

490 537 743 594 risimile
767 538 1040 611 esthujus
1081 535 1318 592 concilii
1351 533 1606 589 decretis
1640 530 2051 587 intercessisse
2083 533 2141 584 et

493 629 841 700 opposuisse
867 645 927 684 se
953 646 968 694 ;
1003 627 1212 683 saltem
1244 642 1313 681 ea
1339 625 1400 679 in
1429 622 1682 679 concilio
1713 619 2136 677 Constantino-

488 718 754 790 politano
781 719 911 790 ejus
937 716 1251 773 abdicandi
1311 731 1489 770 causa
1543 712 1615 769 ab
1673 712 1972 767 Anommis
1993 710 2136 765 alle-

485 813 620 880 gata
650 814 755 871 est,
787 807 945 880 quod
987 825 1122 863 cum
1155 805 1461 861 Eustathio
1519 809 1579 859 et
1609 801 1838 874 Elpidio
1869 817 2135 856 commu-

480 897 760 964 nicasset,
813 898 916 969 qui
950 896 1338 952 Melitinensis
1372 894 1604 968 synodi,
1656 893 1750 948 cui
1803 891 1928 964 ipse
1961 890 2136 945 inter-

476 985 688 1056 fuerat,
749 987 986 1043 decreta
1039 986 1322 1059 abrogare
1405 983 1776 1040 studuerant.
1838 983 1962 1037 Non
2021 980 2133 1052 ipsi

477 1077 738 1148 propria,
772 1077 875 1132 sed
907 1093 1044 1132 cum
1077 1076 1210 1132 aliis
1245 1075 1450 1130 multis
1483 1072 1822 1128 communis
1881 1087 1951 1126 ea
1999 1086 2135 1125 cum

477 1167 786 1222 Eustathio
847 1173 906 1222 et
962 1166 1194 1238 Elpidio
1254 1164 1617 1221 communio.
1676 1163 1920 1234 Oportet
1957 1159 2137 1233 igitur

475 1255 671 1327 ipsum
707 1255 996 1312 Eustathii
1018 1262 1075 1311 et
1095 1255 1310 1328 Elpidii
1328 1254 1587 1326 querelis
1607 1270 1745 1308 suas
1762 1249 2132 1322 adjunxisse,

479 1361 806 1417 eorumque
837 1346 1122 1401 adversus
1180 1345 1500 1402 concilium
1542 1341 1690 1398 illud
1720 1339 2133 1397 molitionibus

469 1431 896 1507 favissequue
913 1436 987 1492 ad
1013 1433 1535 1505 [XXXIV-XXXIX]
1553 1433 1787 1488 laudem
1807 1429 2010 1504 Cyrilli
2035 1445 2129 1485 ce-

484 1523 756 1595 dit,quod
788 1525 1162 1597 displicuerit
1189 1525 1302 1597 ipsi
1335 1523 1680 1588 concilium,
1714 1523 2131 1576 Anomaaorum

480 1613 760 1670 laudibus
791 1620 850 1670 et
879 1615 1208 1688 patrocinio
1240 1611 1832 1670 inlame.Eustathius
1861 1626 2039 1682 porro
2073 1613 2133 1663 et

469 1701 737 1774 Elpidius
781 1703 874 1758 his
929 1704 1298 1776 temporibus
1357 1701 1738 1757 similitudini
1774 1699 2126 1754 substantiaa

471 1791 713 1862 addicti,
776 1793 1056 1848 adversus
1087 1795 1401 1848 Anommos
1429 1790 1655 1846 fervide
1685 1787 2077 1845 decertabant
2111 1803 2124 1840 :
2160 1819 2206 1884 Β

472 1886 530 1935 et
560 1887 812 1953 uterque
843 1889 1049 1953 postea
1078 1883 1378 1938 Nicaanam
1430 1880 1611 1936 ﬁdem
1643 1879 1956 1952 amplexus
2016 1881 2126 1932 est.

467 1969 736 2041 Elpidius
768 1971 968 2026 Basilii
997 1972 1285 2027 encomiis
1315 1971 1650 2026 celebratur
1688 1968 1862 2041 epist.
1894 1968 1963 2022 72
1990 1982 2126 2041 pag.

469 2059 592 2116 H8.
627 2058 750 2115 Vid.
785 2075 877 2132 ep.
912 2063 1014 2115 215
1055 2067 1114 2116 et
1143 2062 1264 2115 322.

1085 2168 1319 2224 CAPUT
1376 2169 1494 2222 νυ.

483 2277 839 2348 Cyrillusab
895 2279 1100 2333 Acacio
1143 2278 1464 2348 deponitur,
1523 2275 1772 2346 appellat
1828 2275 1903 2329 ad
1949 2277 2130 2347 majus

575 2347 894 2416 concilium,
923 2365 978 2404 se
1007 2348 1084 2404 ad
1125 2347 1430 2418 Sylvanum
1459 2349 1770 2403 Scrsensem
1802 2347 2020 2416 recipit.

538 2465 626 2518 40.
684 2463 956 2530 Acacius,
1013 2463 1235 2518 frustra
1291 2464 1469 2519 citato
1546 2463 1620 2518 ad
1666 2461 1964 2534 judicium
2021 2478 2128 2534 per

468 2551 776 2609 biennium
806 2553 1158 2609 continuum
1175 2553 1414 2624 Cyrillo,
1441 2552 1612 2608 illum
1640 2551 2126 2625 prmveniendum

471 2641 814 2708 arbitratus,
848 2659 963 2698 una
1007 2660 1131 2698 cum
1189 2643 1459 2713 episcopis
1508 2645 1813 2714 provincia
1851 2644 1950 2712 qui
1984 2641 2128 2697 idem

489 2747 610 2786 cum
639 2733 758 2802 ipso
780 2733 1107 2800 sentiebant,
1170 2733 1443 2803 deposuit.
1508 2733 1595 2787 lta
1643 2732 2004 2787 Sozomenus
2043 2730 2126 2786 lib

475 2837 550 2886 ιν,
582 2837 710 2893 cap.
745 2824 838 2876 25.
893 2822 1058 2878 Adde
1119 2838 1187 2877 ex
1217 2821 1587 2877 Theodoreto
1614 2821 1720 2876 lib.
1759 2839 1819 2885 ιι,
1847 2837 1976 2893 cap.
2010 2823 2079 2876 26
2112 2838 2126 2886 ;

462 2915 520 2964 et
551 2910 975 2982 Hierosolymis
1019 2911 1266 2984 expulit.
1301 2913 1382 2967 Ea
1409 2912 1713 2966 Sozomeni
1745 2910 1943 2977 verba,
1974 2927 2123 2981 prae-

458 3001 677 3055 veniens
707 3002 984 3070 deposuit,
1018 3001 1203 3077 φθάνει
1251 2997 1515 3058 καθελών.
1548 3001 1886 3073 signiﬁcare
1918 3001 2126 3055 viden-

458 3089 890 3158 tur,Acacium,
924 3107 1060 3146 cum
1113 3089 1347 3145 timeret
1372 3106 1448 3144 ne
1478 3090 1732 3162 Cyrillus
1765 3107 1826 3146 se
1858 3090 1930 3146 ad
1949 3090 2114 3161 judi-

2253 535 2356 592 lib.
2391 554 2455 605 ιι,
2489 555 2617 612 cap.
2650 539 2742 605 26,
2781 555 2902 595 non
2952 537 3290 611 depositum
3337 537 3410 594 ab
3463 537 3676 596 Acacio
3707 539 3882 596 solum

2252 626 2540 699 Cyrillum
2601 628 2806 696 fuisse,
2841 628 2945 684 sed
2994 636 3052 684 et
3081 628 3509 701 Hierosolymis
3567 628 3881 702 expulsum.

2253 719 2378 774 Non
2402 719 2560 774 enim
2594 719 2724 774 sine
2748 719 2802 774 vi
2827 717 3082 791 quadam
3107 726 3166 774 et
3185 720 3408 792 impetu
3442 719 3753 792 praesentis
3779 723 3886 776 Aca

2252 808 2324 863 cii
2351 807 2454 862 illa
2480 808 2678 880 peragi
2703 809 2966 880 potuisse
2995 808 3228 864 videtur
3249 808 3539 881 expulsio.
3574 809 3882 864 Concilium

2251 897 2360 952 sub
2386 898 2567 952 ﬁnem
2586 915 2681 953 an.
2707 899 2835 964 357,
2856 899 2948 953 vel
2998 898 3231 953 initium
3256 901 3380 962 358,
3434 903 3701 954 coactum
3726 904 3881 970 puta-

2249 1004 2406 1050 mus.
2438 987 2764 1044 circaidem
2783 993 3017 1060 tempus
3048 1004 3164 1060 quo
3191 987 3471 1043 Leontius
3495 988 3881 1044 Antiochenus

2248 1075 2523 1132 decessit.
2559 1079 2767 1133 Narrat
2797 1077 2954 1132 enim
2989 1077 3391 1133 Theodoretus
3424 1077 3530 1133 lib.
3567 1093 3622 1138 ιι,
3646 1092 3766 1149 cap.
3802 1079 3880 1144 26,

2246 1165 2532 1237 Cyrillum
2566 1167 2765 1221 statim
2823 1167 2896 1222 ab
2929 1183 3036 1222 sua
3093 1165 3475 1223 abdicatione
3526 1166 3878 1222 Antiochiam

2246 1255 2646 1322 contendisse,
2682 1272 2933 1329 eamque
2963 1261 3200 1328 pastore
3247 1255 3519 1312 orbatam
3553 1255 3876 1321 oﬁ‘endisse,

2245 1345 2511 1417 ποιμένος
2541 1344 2708 1413 αὐτὴν
2738 1341 3104 1422 ἐστερημένην
3133 1344 3551 1420 ἐὖρώνηΑιᾳιιὶ
3575 1346 3880 1402 Leontinus

2244 1437 2484 1492 nonnisi
2511 1436 2620 1491 sub
2663 1437 2840 1492 ﬁnem
2901 1453 2998 1492 an.
3047 1439 3176 1504 357,
3232 1436 3322 1491 vel
3381 1437 3565 1491 etiam
3621 1434 3878 1492 anni358

2244 1526 2414 1581 initia
2444 1533 2715 1581 mortuus
2746 1531 2836 1581 est
2869 1543 2883 1580 :
2916 1527 3017 1598 qui
3049 1525 3122 1582 ab
3155 1526 3480 1581 Athanasio
3536 1525 3702 1597 quasi
3733 1525 3879 1580 vivus

2243 1621 2591 1670 recensetur
2643 1614 2704 1670 in
2735 1615 2944 1671 Histor.
3000 1617 3200 1670 Arian.
3242 1615 3388 1686 [XL]
3422 1615 3497 1670 ad
3524 1613 3795 1678 monach.,
3821 1630 3872 1668 ιι.

2241 1707 2274 1759 4
2304 1723 2317 1770 ς
2351 1721 2468 1776 quo
2502 1705 2562 1758 in
2592 1721 2769 1776 opere
2795 1705 3008 1760 Liberii
3036 1710 3094 1760 et
3129 1705 3281 1759 Vosii
3314 1704 3554 1776 lapsum
3596 1705 3874 1775 hujusque

2241 1801 2492 1849 mortem
2555 1799 2614 1849 et
2671 1795 2733 1849 in
2786 1799 2977 1849 morte
3036 1795 3526 1850 retractationem
3583 1798 3871 1858 memorat,

2237 1898 2405 1939 num.
2462 1886 2523 1938 41
2564 1889 2621 1938 et
2650 1885 2739 1950 45,
2801 1901 2933 1955 quas
2994 1883 3236 1956 quidem
3294 1884 3369 1940 ad
3429 1899 3727 1940 summum
3778 1880 3874 1938 sub

2238 1979 2503 2028 extrema
2533 1989 2630 2027 an.
2666 1975 2768 2027 357
2800 1973 3122 2045 contigere.

2307 2101 2396 2154 41.
2431 2100 2650 2156 Cousas
2700 2099 3093 2171 depositionis
3123 2099 3327 2172 Cyrilli
3376 2099 3453 2157 ab
3482 2099 3693 2157 Acacio
3723 2114 3867 2156 sum-

2237 2194 2370 2260 ptas
2400 2188 2804 2245 Theodoretus
2834 2188 2939 2244 lib.
2975 2207 3032 2257 ιι,
3065 2206 3194 2262 cap.
3225 2192 3315 2256 26,
3350 2189 3647 2247 levissimas
3683 2187 3869 2262 appel-

2237 2278 2338 2334 lat.
2375 2279 2643 2334 Socrates
2673 2278 2777 2344 lib,
2809 2296 2872 2344 ιι,
2907 2296 3034 2351 cap.
3070 2281 3160 2345 40,
3193 2279 3535 2351 depositum
3567 2277 3724 2344 dicit,
3737 2295 3866 2349 pro-

2227 2376 2424 2440 pterea
2455 2369 2606 2440 quod
2651 2371 2848 2439 saepius
2907 2371 2964 2424 in
3013 2369 3293 2438 judicium
3348 2378 3576 2426 vocatus
3622 2386 3722 2440 per
3746 2369 3866 2423 duos

2233 2461 2524 2514 continuos
2553 2475 2726 2514 annos
2757 2475 3071 2529 comparere
3099 2459 3478 2527 detrectasset,
3521 2460 3865 2514 accusationes

2228 2548 2619 2619 reformidans.
2695 2548 2919 2614 Quibus
2976 2548 3176 2604 verbis
3235 2548 3472 2605 videtur
3556 2548 3864 2621 signiﬁcare

2230 2639 2511 2694 Acacium
2573 2637 2683 2692 hoc
2741 2637 2958 2708 Cyrillo
3047 2637 3274 2694 crimen
3342 2637 3669 2694 intendisse
3722 2632 3864 2706 quod

2229 2745 2406 2784 suum
2439 2727 2700 2783 tribunal
2732 2743 2853 2782 non
2895 2734 3274 2800 agnosceret;
3307 2728 3402 2783 vel
3434 2728 3648 2800 potius,
3678 2722 3856 2796 Cyrilli

2227 2817 2560 2874 absentiam
2583 2817 3103 2890 etfugamjudicii,
3129 2817 3299 2889 quasi
3324 2814 3858 2888 tacitamimposito-

2227 2924 2359 2962 rum
2391 2907 2710 2962 criminum
2741 2905 3182 2962 confessionem
3216 2912 3275 2962 et
3317 2907 3684 2980 agnitionem
3715 2917 3856 2959 sum-

2225 2997 2439 3068 psisse,
2495 3003 2673 3068 atque
2704 2996 3022 3052 aconcilio
3078 3011 3184 3051 suo
3237 2997 3560 3068 approbari
3619 3007 3854 3056 curasse,

2224 3087 2530 3158 nullisque
2552 3093 2839 3158 praeterea
2859 3085 3212 3157 conquisitis
3243 3087 3616 3159 argumentis
3641 3080 3855 3139 inaudi-

462 3177 1241 3251 ciumappellaret,atquein
1264 3179 1519 3234 concilio
1550 3186 1864 3252 propterea
1888 3180 1960 3234 de
1979 3181 2114 3252 qui-
2143 3191 2185 3257 ρ
2225 3183 2349 3232 tum
2379 3177 2699 3234 damnasse
2753 3176 3085 3234 inimicum.
3140 3176 3354 3248 Iniqua
3405 3194 3551 3235 sane
3581 3171 3852 3232 sententia

463 3265 572 3322 bus
603 3267 922 3323 accusabat
943 3269 1520 3336 Acacium,damnari
1554 3270 2112 3342 procuraret.Cyril-

453 3355 576 3410 lum
593 3357 790 3428 ipsum
807 3357 932 3413 sine
947 3375 1115 3413 mora
1141 3358 1489 3430 episcopatu
1505 3357 1594 3428 dej
1608 3357 2121 3429 iciendum,seque

448 3446 510 3500 in
535 3452 660 3501 tuto
692 3446 1519 3517 collocandumjudicavisse.
1556 3447 1885 3503 Concilium
1918 3448 2120 3520 itaque

446 3551 514 3590 ex
538 3537 835 3608 episcopis
860 3554 984 3593 suae
1006 3538 1319 3592 sententia
1345 3537 1598 3608 sibique
1629 3537 1881 3593 addictis
1901 3538 2096 3611 coegit

454 3626 1012 3682 numerosumillud
1036 3643 1154 3680 non
1177 3626 1359 3681 fuisse
1411 3624 1553 3680 inde
1605 3625 1922 3697 colligitur.
1959 3625 2117 3697 quod

447 3715 1157 3789 numerosiusappellarit
1176 3715 1432 3788 Cyrillus
1465 3716 1525 3771 in
1559 3731 1628 3770 eo
1657 3715 1796 3770 sede
1820 3715 2108 3786 dejectus,

442 3804 683 3876 alioqui.
710 3822 845 3862 cum
879 3813 1010 3862 octo
1033 3813 1170 3863 ante
1201 3823 1394 3862 annos
1427 3805 1770 3878 quindecim
1796 3805 1857 3860 in
1881 3804 2099 3860 Palma-

441 3893 571 3950 tiua
601 3895 863 3968 episcopi
894 3903 1096 3952 essent
1146 3897 1565 3952 Athanasianas
1603 3911 1800 3950 causas
1851 3893 2104 3966 addicti,

441 3986 577 4035 utut
605 3983 848 4052 quidam
883 3983 998 4039 fato
1033 3985 1382 4051 sublati,alii
1407 3984 1480 4039 ab
1500 3985 1712 4039 Acacio
1737 3984 1798 4038 in
1823 4000 1960 4039 suas
1981 4001 2109 4055 par.

435 4075 524 4124 tes
555 4069 737 4125 illecti
767 4073 1542 4142 supponantur,nonnullos
1566 4081 1764 4127 tamen
1798 4071 2018 4144 Cyrillo
2043 4077 2102 4128 et

438 4158 577 4215 ﬁdei
607 4160 963 4217 favorabiles
1022 4161 1384 4234 superfuisse
1417 4160 1704 4217 credibile
1751 4167 1844 4216 est
1874 4177 1886 4216 :
1919 4178 2102 4232 quare

445 4249 650 4305 cmteri
691 4250 752 4305 in
785 4257 1102 4322 angustum
1162 4267 1481 4306 numerum
1517 4251 1808 4306 contracti
1834 4257 2100 4308 manent.

446 4339 512 4394 lu
543 4339 638 4394 his
671 4357 990 4397 numerare
1013 4359 1333 4413 possumus
1354 4341 2097 4414 PatropbilumScythopo-

2222 3267 2419 3322 Acacii
2445 3273 2571 3322 erat
2620 3268 2666 3322 si
2687 3267 2982 3338 pendente
3004 3266 3290 3338 Cyrillum
3308 3266 3477 3323 inter
3503 3267 3758 3338 etipsum
3787 3259 3851 3314 de

2221 3355 2922 3428 metropoliticisjuribus
2937 3356 3079 3412 etde
3103 3355 3219 3412 ﬁde
3240 3356 3718 3414 accusationibus
3738 3352 3848 3414 lite,

2220 3447 2347 3518 ipse
2363 3446 2608 3517 judiciis
2632 3446 2692 3501 in
2715 3446 2957 3518 propria
2977 3462 3156 3502 causa
3175 3446 3332 3502 vices
3355 3446 3841 3520 fungeretur,cum

2219 3542 2384 3592 actor
2409 3542 2469 3592 et
2496 3541 2806 3591 accusator
2836 3541 3016 3591 esset.
3079 3535 3244 3600 Quod
3276 3536 3324 3591 si
3358 3537 3640 3608 Cyrillum
3671 3527 3848 3600 legiti-

2218 3625 2334 3681 mis
2365 3625 2560 3681 causis
2585 3625 2812 3696 judicio
2868 3641 2930 3681 se
2963 3625 3175 3680 sistere
3213 3624 3662 3686 detrectantem,
3695 3613 3844 3692 quasi

2217 3716 2474 3770 crimina
2499 3731 2604 3786 per
2627 3714 2838 3785 judicii
2870 3714 3070 3786 fugam
3103 3716 3496 3773 conﬁtentem
3527 3707 3845 3770 damnabat;

2217 3804 2484 3874 iniquius
2508 3810 2635 3859 erat
2653 3820 2864 3860 causas
2885 3803 3194 3860 detrectati
3214 3804 3455 3876 judicii,
3489 3797 3844 3859 dissimulau-

2218 3893 2293 3948 do
2326 3891 2648 3948 adversarii
2707 3895 3138 3958 innocentiam,
3174 3895 3537 3967 opprimere.
3571 3893 3846 3948 Diversam

2215 3999 2460 4055 prorsus
2503 3984 2676 4038 affert
2704 3983 3061 4039 Sozomenus
3087 3983 3188 4042 lib.
3237 4001 3308 4052 iv,
3341 4002 3393 4040 c.
3429 3987 3519 4049 25,
3551 3970 3844 4038 abdicandi

2213 4073 2412 4144 Cyrilli
2466 4089 2707 4130 causam
2757 4073 2830 4130 ab
2891 4075 3105 4130 Acacio
3159 4082 3482 4148 arreptam.
3517 4074 3645 4129 Cum
3681 4061 3846 4136 Cyril-

2211 4162 2295 4220 lus
2323 4165 2382 4219 in
2443 4171 2678 4234 egestate
2699 4164 2928 4235 publica
2987 4165 3269 4222 thesauros
3326 4165 3588 4222 Ecclesia:
3629 4165 3678 4215 et
3702 4166 3844 4213 sacra

2207 4255 2330 4310 vela
2384 4255 2736 4317 divendisset.
2792 4257 2954 4310 aiunt
3007 4255 3296 4326 quemdam
3358 4253 3653 4312 donarium
3705 4254 3844 4301 suum

2209 4348 2495 4415 agnovisse
2545 4347 2605 4400 in
2636 4344 2863 4401 muliere
2921 4347 3135 4400 scenica
3186 4361 3309 4416 qua
3343 4345 3441 4402 illo
3495 4343 3694 4399 amicta
3717 4333 3839 4394 erat,

441 4427 717 4497 litauum,
750 4448 819 4486 ex
853 4433 1208 4487 Arianorum
1233 4431 1509 4504 pessimis
1526 4431 2094 4504 unum;Eutychium
2201 4435 2687 4505 inquii-cutemque
2742 4435 2990 4490 curiosus
3020 4433 3168 4490 unde
3200 4433 3343 4490 illud
3371 4433 3618 4495 haberet,
3674 4423 3844 4492 ἀφη-

432 4517 1122 4624 I-Ileutheropolitanum,
1158 4522 1352 4624 si'jam
1387 4527 1516 4577 tum
1548 4536 1683 4622 cum
1713 4521 2092 4624 Cyrillq'sus-
2125 4557 2174 4622 Β
2206 4522 2454 4580 hendisse
2488 4525 2659 4624 quod
2713 4529 2986 4624 mercator
3040 4522 3186 4624 illud
3241 4522 3465 4580 mulieri
3517 4510 3843 4624 vendidit-sil,

436 4607 695 4679 cepisset
747 4610 1145 4678 inimicitias;
1207 4612 1448 4667 Petrum
1504 4610 1849 4682 episcopum
1899 4611 2094 4684 Hippi,

431 4697 752 4754 Eusebium
783 4699 1063 4768 Sebastaa,
1090 4699 1425 4756 Charisium
1455 4699 1636 4762 Azoti,
1669 4700 1770 4772 qui
1796 4701 2000 4757 Acacio
2031 4701 2093 4757 in

427 4786 688 4842 concilio
743 4788 1108 4845 Seleuciensi
1167 4789 1436 4862 adjuncti
1496 4789 1882 4861 reperiuntur
1936 4791 2094 4863 apud

427 4875 636 4948 Epiph.
673 4877 887 4933 haeresi
917 4881 1005 4938 73.
1039 4896 1098 4934 n.
1133 4879 1342 4934 26.Eos
1366 4877 1526 4934 solos
1555 4879 1810 4934 concilio
1832 4896 2096 4951 praesen-

428 4971 517 5019 tes
549 4965 751 5035 fuisse,
787 4969 968 5024 verba
997 4969 1306 5025 Sozomeni
1337 4968 1512 5023 initio
1545 4969 1757 5040 capitis
1783 4970 1964 5026 citata
2011 4971 2093 5027 si-

427 5053 709 5126 gniﬁcare
742 5065 1018 5128 possunt.
1051 5059 1344 5131 Cyrillum
1398 5057 1722 5114 verisimile
1753 5065 1842 5114 est
1863 5060 2093 5131 judicio

429 5159 490 5197 se
513 5143 722 5200 sistere
755 5146 1041 5206 noluisse.
1066 5165 1201 5204 cum
1234 5165 1341 5220 per
1371 5147 1526 5203 duos
1555 5164 1748 5204 annos
1779 5151 2094 5207 continuos

424 5231 625 5286 venire
655 5233 718 5288 in
742 5235 844 5305 jus
879 5237 1422 5292 recusarit.Absens
1453 5237 1656 5308 itaque
1697 5244 1756 5293 et
1788 5239 2093 5296 inauditus

425 5319 742 5377 damnatus
773 5323 886 5378 fuit
929 5325 1054 5390 Quo
1081 5326 1210 5381 loco
1245 5325 1614 5380 celebratum
1639 5326 1718 5381 sit
1743 5329 2089 5394 concilium,

427 5409 696 5466 historici
729 5412 926 5468 silent.
959 5414 1386 5486 Hierosolymis
1417 5415 1709 5471 celebrari
1747 5419 2094 5488 postulabat

425 5499 704 5556 Ecclesiae
758 5505 1152 5567 consuetudo.
1214 5511 1280 5561 ut
1339 5505 1400 5560 in
1459 5505 1534 5562 iis
1592 5504 1739 5562 locis
1791 5507 2092 5578 judicium

431 5589 803 5659 instituatur,
855 5593 919 5649 in
981 5595 1200 5666 quibus
1257 5594 1588 5652 admissum
1659 5595 1888 5654 crimen
1940 5599 2088 5658 dici-

427 5684 548 5751 tur,
583 5688 960 5758 possuntque
989 5689 1173 5742 testes
1227 5683 1446 5744 audiri.
1501 5683 1588 5741 lbi
1637 5700 1878 5760 quoque
1933 5689 2093 5747 cele-

2203 4615 2500 4669 mercatori
2526 4629 2655 4668 vero
2684 4615 2987 4684 episcopus.
3047 4613 3210 4669 Hanc
3271 4629 3409 4686 ergo
3439 4619 3673 4668 causam
3703 4611 3838 4674 ρω-

2208 4711 2415 4761 texens
2437 4704 2687 4760 Acacius
2709 4703 2995 4777 Cyrillum
3020 4702 3318 4776 deposuit.
3347 4702 3566 4760 Eadem
3596 4689 3838 4770 profecto

2203 4794 2452 4850 historia
2481 4800 2589 4861 est,
2621 4807 2800 4866 quam
2833 4793 3084 4849 Acacius
3135 4799 3268 4866 post
3297 4792 3617 4850 concilium
3649 4779 3835 4875 sele}?

2204 4884 2681 4940 ciense.diversis
2703 4900 2948 4956 prorsus
2970 4883 3044 4939 ad
3067 4882 3562 4940 inﬂammandam
3578 4877 3637 4932 in
3666 4861 3838 4942 Cyril'

2203 4973 2326 5030 lum
2361 4973 2740 5044 imperatoris
2758 4971 3028 5028 animum
3060 4971 3546 5037 circumstantiis,
3581 4963 3834 5021 ornatam

2203 5064 2470 5137 regessit.
2497 5065 2640 5120 Rem
2665 5063 2746 5117 ita
2770 5067 2977 5118 narrat
2995 5061 3398 5118 Theodoretus
3430 5060 3533 5116 lib.
3559 5073 3614 5120 ιι,
3646 5068 3695 5106 c.
3729 5045 3793 5100 27
3824 5053 3836 5091 ε

2201 5154 2308 5210 Sed
2329 5154 2614 5224 praecipue
2671 5153 3024 5222 imperatoris
3083 5154 3328 5207 animum
3362 5139 3756 5208 commoverunt
3781 5141 3840 5184 εα

2204 5259 2325 5314 quae
2354 5245 2592 5298 Aeacius
2622 5241 2881 5297 adem-sus
2939 5241 3207 5310 Cyrillum
3237 5245 3570 5297 commentus
3606 5235 3679 5287 est
3711 5242 3722 5279 :
3751 5233 3834 5314 sa_°

2203 5350 2354 5388 cram
2382 5335 2526 5387 enim
2582 5339 2780 5388 restem
2837 5347 3006 5402 quam
3037 5332 3435 5389 Constantinus
3489 5325 3634 5383 omni
3688 5305 3839 5402 ιαῑξάε

2201 5421 2556 5478 celebrandas
2587 5422 2660 5477 ad
2715 5398 3094 5478 exornandam
3151 5423 3651 5492 Hierosolymorum
3677 5398 3838 5502 eccle-

2199 5513 2340 5570 siam
2370 5513 2613 5568 Macario
2643 5514 2760 5583 ejus
2789 5512 2899 5568 loci
2927 5512 3181 5583 episcopo
3210 5511 3532 5574 donaverat,
3577 5506 3636 5558 ut
3661 5511 3724 5553 ca
3751 5502 3831 5583 tn-

2201 5603 2366 5659 dutus
2418 5600 2596 5656 divini
2664 5579 2971 5673 baptismi-
2997 5579 3365 5657 ministerium
3415 5592 3702 5671 perageret
3729 5579 3834 5673 “(ea

2197 5693 2360 5751 vestis
2387 5693 2572 5750 aureis
2593 5689 2706 5764 filis
2737 5669 3007 5750 contacta
3060 5691 3223 5765 erat),
3256 5669 3524 5764 Cyrillum
3550 5669 3833 5740 vendidit“
