4052 6378
98 262 106 270 ’
188 309 247 370 ορ
1599 304 1877 372 mesen

1996 308 2129 372 TIO
2175 310 2225 374 Ι.
3556 318 3636 383 70

182 442 310 506 dixit,
336 455 591 512 eamque
648 451 1001 500 mercatum
1058 445 1349 517 quemdam
1401 461 1471 500 ea:
1521 445 1591 501 iis
1649 445 1748 515 qui
1804 444 1862 498 in
1895 444 1943 508 Α
1976 450 2162 502 stram
2193 449 2473 519 pertinet,
2502 465 2639 506 nam
2676 450 2722 506 si
2748 450 3050 523 appellare
3081 452 3481 525 appellatione
3504 471 3635 526 pro-

180 533 342 587 (λεαίνει)
367 532 603 588 saltare
632 534 861 603 solent,
896 534 1158 592 induisse
1190 534 1428 607 quidem,
1458 535 1552 589 sed
1580 536 1726 589 inter
1752 533 1860 589 sal-

183 623 363 678 tandum
423 622 799 693 collapsum,
844 626 1237 697 obtritumque
1288 626 1578 681 interiisse.
1639 624 1774 679 Haec
1831 639 1866 679 a

187 716 337 788 prima
360 715 744 771 narratione
776 716 1060 783 diversa,
1088 722 1144 772 1ο
1170 734 1262 772 res
1280 716 1532 772 scenicis
1558 716 1862 783 distracta,

194 822 321 862 sacra
344 806 525 861 vestis
560 806 821 862 dicitur
855 824 894 863 a
926 808 1321 863 Constantino
1352 805 1426 862 ad
1455 823 1629 861 usum
1661 805 1863 877 bapti-

191 896 272 950 smi
295 895 441 959 data,
479 912 631 950 cum
659 896 975 953 Socrates
1000 914 1187 952 unum
1215 914 1282 954 ex
1306 898 1491 953 sacris
1521 896 1665 950 velis
1693 894 1869 949 corti-

183 987 303 1040 nisve
330 985 699 1057 signiﬁcare
736 986 1075 1054 videatur;
1110 990 1168 1041 2°
1198 987 1378 1043 vestis
1410 986 1515 1041 illa
1563 1003 1597 1041 a
1646 983 1864 1058 Cyrillo

176 1074 368 1131 scenico
402 1075 527 1147 ipsi
565 1076 843 1132 vendita
868 1076 1091 1145 fertur,
1127 1093 1302 1149 quam
1333 1077 1602 1132 Socrates
1636 1091 1864 1131 merca-

174 1165 261 1219 tori
290 1164 355 1220 ab
388 1165 729 1237 episcopo,
786 1167 990 1222 mimo
1023 1184 1058 1222 a
1089 1173 1413 1222 mercatore
1462 1166 1863 1221 venundatam

173 1254 361 1318 refert;
392 1255 455 1307 3°
484 1254 739 1309 dicitur
775 1256 1071 1310 scenicus
1097 1272 1167 1310 ea
1186 1254 1431 1310 indutus
1452 1254 1865 1310 saltassecum

175 1362 231 1400 ea
254 1343 576 1399 mulierem
615 1345 689 1399 in
727 1345 985 1400 theatro
1020 1345 1291 1401 indutam
1322 1345 1590 1400 Socrates
1622 1347 1863 1410 narret;

179 1437 226 1489 4ο
250 1433 485 1490 additur
508 1434 862 1489 scenicum
891 1434 1040 1491 dum
1064 1434 1308 1491 saltaret
1328 1433 1657 1505 collapsum
1687 1432 1869 1487 inter-

184 1524 340 1589 lisse;
368 1522 528 1578 nihil
569 1540 653 1579 ea
690 1523 773 1578 de
811 1540 879 1579 re
907 1524 1197 1580 Socrates.
1226 1525 1359 1579 Haec
1390 1523 1754 1579 narrationis
1785 1520 1870 1576 di-

191 1614 403 1668 versitas
435 1630 587 1684 quas
621 1612 945 1669 malitiam
983 1613 1181 1686 prodit
1209 1614 1428 1681 Acacii,
1459 1618 1653 1685 potest
1685 1612 1746 1666 in
1778 1617 1866 1666 to-

191 1711 294 1759 tam
322 1720 443 1759 rem
476 1704 671 1758 illam
707 1703 942 1759 fabulae
974 1704 1373 1775 suspicionem
1405 1701 1866 1776 aspergere.Sed

1972 535 2101 607 prie
2133 535 2291 593 dicta
2321 539 2543 612 Cyrillo
2603 539 2842 596 licuerit
2901 541 3019 596 sive
3067 558 3139 596 ex
3175 542 3312 614 jure
3346 541 3629 609 naturali,

1974 626 2094 681 sive
2153 643 2222 683 ex
2279 629 2559 685 Ecclesia;
2616 629 3069 703 approbatione,
3130 649 3342 704 parum
3383 633 3634 687 interest

1974 721 2174 772 utrum
2205 717 2464 775 aliorum
2496 720 2771 792 exempla
2803 727 3063 790 secutus,
3098 738 3173 776 an
3205 721 3434 793 primus
3465 721 3526 776 id
3554 721 3637 777 fe-

1975 807 2120 861 cerit
2152 825 2165 876 ;
2200 825 2332 864 cum
2369 810 2571 866 nullus
2603 816 2740 866 ante
2790 810 3001 866 eodem
3024 812 3161 883 jure
3192 812 3499 879 voluisset,
3532 814 3637 866 aut

1974 894 2174 952 rerum
2207 915 2450 955 suarum
2483 901 2838 956 necessitate
2867 907 3106 956 coactus
3137 900 3349 956 fuisset
3378 901 3498 966 uti;
3533 917 3634 956 ea-

1976 984 2232 1057 demque
2264 987 2322 1042 in
2357 1005 2515 1057 eum,
2550 990 2649 1062 qui
2682 990 2911 1060 primus
2945 995 3083 1046 ante
3113 990 3398 1062 Cyrillum
3432 990 3632 1062 appel-

1974 1074 2178 1146 lasset,
2212 1079 2593 1147 querimonia
2620 1078 3069 1134 intenderetur:
3121 1079 3226 1134 sed
3275 1079 3387 1134 hoc
3418 1080 3632 1150 agitur,

1979 1168 2034 1219 1ο
2064 1171 2263 1222 utrum
2289 1168 2507 1240 Cyrillo
2530 1169 2891 1240 permissum
2914 1169 3093 1223 fuerit
3122 1170 3507 1240 pronuntiato
3530 1168 3634 1224 ad-

1975 1270 2209 1310 versum
2243 1273 2304 1311 se
2329 1256 2558 1329 judicio
2590 1273 2709 1312 non
2743 1261 2920 1326 stare,
2954 1260 3013 1310 2°
3044 1257 3180 1313 dato
3217 1257 3474 1327 primam
3506 1274 3635 1312 om-

1976 1344 2144 1399 nium
2163 1346 2366 1418 Cyrilli
2388 1346 2851 1419 appellationem
2873 1363 3024 1417 esse,
3045 1352 3246 1402 utrum
3270 1346 3517 1402 crimem
3545 1345 3630 1401 illi

1974 1433 2158 1489 fuerit
2177 1434 2477 1491 forensem
2503 1436 2844 1510 appellandi
2871 1452 3097 1491 morem
3120 1436 3182 1491 in
3198 1436 3525 1491 Ecclesiam
3548 1436 3638 1491 in-

1977 1523 2313 1593 troducere,
2347 1542 2481 1581 cum
2516 1532 2654 1582 ante
2685 1543 2804 1581 non
2861 1526 3368 1598 appellationibus
3397 1526 3636 1598 proprie

1978 1612 2286 1677 dictis,sed
2310 1615 2710 1671 revisionibus
2733 1615 3496 1687 solummodojudiciorum
3521 1615 3640 1687 epi-

1978 1704 2308 1776 scopalium
2340 1712 2540 1761 actum
2573 1711 2750 1761 esset.
2786 1710 2864 1760 Ac
2909 1706 3165 1777 primam
3200 1705 3443 1777 quidem
3477 1722 3639 1776 quaa-

190 1793 391 1865 siquid
441 1793 547 1849 hic
614 1793 780 1853 veri.
846 1793 1039 1866 magis
1092 1793 1154 1848 in
1205 1794 1400 1865 prima
1427 1800 1486 1849 et
1514 1791 1865 1864 simpliciori
1904 1824 1949 1888 Β
1981 1794 2235 1849 stionem
2269 1794 2521 1851 definire
2575 1813 2695 1851 non
2746 1795 2991 1851 difficile
3027 1800 3151 1850 est:
3185 1793 3445 1866 optabile
3496 1809 3637 1850 sane

191 1884 452 1949 Socratis,
482 1883 671 1954 [XLI]
697 1899 891 1954 quam
915 1882 976 1937 in
1000 1882 1185 1939 altera
1209 1883 1405 1939 Acacii
1435 1883 1573 1939 dolo
1598 1888 1876 1954 corrupta

180 1974 529 2029 narratione
552 1973 1109 2044 acquiescendum.
1135 1973 1419 2046 Cyrillum
1439 1990 1575 2029 vero
1598 1972 1875 2045 deposuit

202 2064 432 2122 Aeacius
466 2062 563 2118 vel
593 2062 680 2117 ob
713 2078 923 2118 rerum
946 2079 1247 2119 sacrarum
1266 2064 1329 2119 in
1355 2068 1612 2137 egestate
1633 2062 1873 2135 publica

205 2154 682 2220 distractionem,
718 2154 815 2209 vel
848 2154 922 2209 ob
957 2154 1302 2211 earumdem
1333 2154 1395 2209 in
1426 2154 1657 2210 theatro
1683 2154 1874 2227 prola-

204 2246 490 2300 nationem
522 2250 587 2299 et
618 2244 1226 2301 contaminationem.
1251 2244 1362 2300 Sed
1384 2260 1505 2300 non
1537 2242 1742 2299 debuit
1765 2245 1869 2299 im-

202 2336 385 2406 putari
415 2335 653 2407 Cyrillo
711 2333 915 2390 scelus
969 2334 1232 2402 alterius,
1264 2334 1354 2390 vel
1384 2334 1609 2390 scenici
1641 2350 1869 2390 sacram

208 2433 420 2482 vestem
454 2426 875 2498 profanantis,
918 2424 1007 2480 vel
1057 2426 1403 2482 mercatoris
1451 2442 1575 2481 rem
1609 2431 1870 2497 emptam

218 2516 390 2571 mimo
416 2515 906 2571 vendentis.Erit
925 2513 998 2570 ad
1023 2531 1320 2571 summum
1344 2514 1747 2587 imprudentia
1764 2514 1869 2585 Cy-

217 2605 441 2665 rilli,rei
471 2621 663 2660 sacrae
698 2621 825 2659 non
855 2604 999 2659 satis
1030 2604 1320 2659 caveatis:
1351 2605 1486 2675 quis
1514 2609 1714 2660 autem
1745 2618 1871 2658 cre-

213 2694 308 2749 dat
328 2711 457 2749 eum
486 2694 879 2749 necessarias
900 2694 1203 2748 cautiones
1231 2694 1563 2766 neglexisse
1586 2693 1613 2748 ‘?
1633 2693 1799 2759 Quod
1822 2693 1869 2747 si

202 2785 311 2840 hoc
340 2784 569 2857 Cyrillo
596 2784 837 2841 crimen
859 2782 1185 2839 intenderit
1205 2783 1450 2839 Acacius
1482 2782 1641 2854 quod
1672 2782 1872 2838 Eccle-

206 2875 306 2929 siae
323 2874 648 2929 thesauros
667 2873 745 2929 ad
763 2878 1079 2943 egestatem
1100 2889 1429 2944 pauperum
1449 2872 1871 2928 sublevandam

202 2964 596 3020 distraxerit:
659 2980 779 3029 nae,
836 2963 995 3035 quod
1044 2963 1131 3018 illi
1183 2963 1378 3020 scelus
1407 2962 1872 3031 arbitrabantur,

204 3071 315 3109 nos
345 3055 683 3110 maximam
715 3052 919 3125 Cyrilli
951 3052 1188 3109 laudem
1221 3052 1494 3109 ducimus
1522 3052 1687 3118 Quod
1713 3053 1875 3107 enim

201 3144 485 3215 Cyrinus.
519 3143 691 3199 idem
724 3149 928 3214 postea
957 3144 1012 3198 S.
1043 3142 1387 3199 Ambrosius
1419 3141 1877 3198 Mediolanensis

1979 1891 2045 1940 ut
2067 1885 2296 1956 judicia
2326 1887 2729 1943 ecclesiastica
2759 1886 3105 1960 hujusmodi
3151 1902 3386 1958 semper
3418 1890 3637 1953 essent,

1980 1980 2047 2030 ut
2076 1974 2136 2029 in
2170 1976 2256 2031 eis
2283 1992 2592 2048 nunquam
2621 1976 2967 2032 innocentia
2989 1976 3446 2047 opprimeretur.
3481 1976 3639 2040 Quo-

1982 2063 2144 2119 niam
2180 2070 2380 2120 tamen
2412 2065 2471 2120 id
2501 2064 2699 2121 divina
2735 2064 3112 2120 Providentia
3142 2063 3214 2119 ab
3246 2063 3510 2119 Ecclesia
3540 2080 3637 2119 ar—

1982 2154 2235 2209 cendum
2260 2170 2383 2209 non
2407 2155 2788 2225 censuit,non
2813 2154 3007 2209 solum
3031 2170 3383 2209 concessum
3403 2170 3641 2224 semper

1984 2243 2085 2298 sed
2119 2261 2149 2299 e
2178 2261 2241 2299 re
2276 2250 2333 2298 et
2362 2244 2618 2300 utilitate
2671 2243 2947 2299 Ecclesiae
2991 2243 3181 2315 [XLII]
3214 2242 3346 2305 fuit,
3380 2246 3447 2297 ut
3475 2240 3643 2313 deje-

1981 2341 2111 2389 ctus
2137 2350 2245 2406 per
2265 2333 2547 2406 injuriam
2573 2351 2887 2406 episc0pus
2909 2332 3252 2405 praasidium
3280 2332 3641 2387 innocentia

1983 2430 2309 2497 quaereret;
2338 2440 2414 2479 ne
2445 2424 2804 2496 injustorum
2859 2423 3173 2478 hominum
3211 2421 3496 2477 violentia
3525 2422 3638 2476 im-

1984 2515 2214 2586 punita,
2247 2513 2320 2569 ad
2352 2514 2631 2569 Ecclesia)
2665 2513 2922 2568 dedecus
2949 2519 3009 2567 et
3036 2510 3644 2584 peruiciem,veritati

1984 2609 2042 2659 et
2071 2603 2335 2674 aequitati
2368 2604 2735 2675 praevaleret.
2767 2603 2993 2658 Idcirco
3017 2601 3280 2673 probatae
3304 2600 3637 2671 Athanasii,

1983 2692 2240 2749 Marcelli
2266 2692 2855 2764 Ancyrani,Asclepze
2887 2691 3162 2748 Gazensis
3182 2690 3639 2763 appellationes,

1985 2784 2104 2839 sive
2134 2783 2208 2839 ad
2239 2785 2569 2861 Romanum
2602 2783 2947 2855 pontificem
2977 2780 3271 2853 coniugia,
3296 2786 3354 2834 et
3375 2779 3641 2850 postula-

1985 2880 2180 2935 tiones
2212 2895 2499 2934 novorum
2532 2878 2921 2933 conciliorum
2948 2895 2962 2943 ;
2995 2882 3061 2931 ut
3105 2892 3194 2942 ea,
3229 2893 3361 2947 quae
3392 2876 3453 2929 in
3485 2875 3644 2947 prio-

1986 2969 2153 3024 ribus
2185 2968 2457 3024 conciliis
2491 2969 2803 3024 adversum
2837 2984 2919 3031 se,
2942 2983 3048 3021 seu
3074 2967 3127 3019 vi
3153 2982 3257 3020 seu
3289 2965 3644 3036 ignorantia,

1989 3065 2211 3115 statuta
2257 3059 2514 3124 fuerant,
2566 3057 3050 3114 emendarentur.
3103 3056 3320 3111 Eorum
3352 3055 3645 3127 prmcibus

1989 3165 2272 3205 concessa
2303 3147 2559 3204 concilia
2604 3149 2940 3203 Romanum
2974 3152 3033 3201 et
3079 3145 3448 3201 Sardicense.
3481 3145 3647 3201 Idem

214 3196 485 3215 ,ιη-η-.
974 3196 1010 3198 η
1328 3196 1382 3198 η-
1698 3196 1733 3197 η
1776 3196 1783 3197 γ
1991 3196 2272 3205 um---—
2305 3196 2559 3204 ---ω--.-
2604 3196 2940 3203 -ηψπ-κ
2980 3196 3030 3201 --
3080 3196 3448 3201 η--η--η-
3484 3196 3646 3201 mn“

206 3234 283 3288 ad
312 3233 805 3306 redemptionem
865 3233 1252 3304 captiVUrum,
1289 3232 1443 3304 quod
1505 3248 1638 3287 cum
1673 3232 1875 3288 Ariani
1908 3196 1950 3263 Ο
1990 3237 2432 3293 Donatistarum
2476 3236 2913 3308 importunitati
2966 3234 3151 3289 semel
3199 3240 3259 3290 et
3305 3234 3546 3301 iterum,
3578 3250 3646 3290 ac

202 3325 420 3378 Acacio
438 3323 678 3378 similes
701 3323 1180 3385 criminarentur,
1200 3322 1335 3378 facti
1355 3321 1446 3377 sui
1469 3321 1880 3377 defensionem

210 3414 482 3486 suscepit
512 3413 599 3467 lib
658 3429 720 3477 ιι,
771 3413 955 3481 0_ffic..
1007 3428 1135 3484 cap.
1188 3413 1278 3479 2R,
1330 3428 1389 3467 n.
1446 3412 1546 3466 136
1597 3417 1654 3466 et
1709 3427 1876 3483 seqq.

212 3503 531 3573 sanctique
565 3500 868 3557 Laurentii
910 3517 973 3555 se
1020 3501 1291 3573 exemplo
1324 3506 1546 3557 tutatus
1579 3506 1669 3556 est
1721 3500 1881 3556 Fecit

212 3591 378 3647 idem
410 3592 466 3646 S.
501 3590 836 3663 Exuperius
866 3590 1216 3657 Tolosanus,
1251 3606 1321 3647 ea
1347 3589 1419 3645 de
1448 3606 1514 3644 re
1546 3588 1820 3646 laudatus
1846 3604 1881 3644 a

216 3682 273 3736 S.
309 3683 674 3753 Hieronymo
724 3680 1031 3737 Rusticum
1075 3680 1350 3736 hortante
1382 3685 1449 3735 ut
1476 3680 1657 3753 hujus
1690 3679 1880 3736 sancti

217 3772 466 3844 vestigia
496 3769 1077 3842 consectetur.epist.
1110 3772 1200 3837 95,
1232 3770 1381 3826 alias
1412 3772 1465 3837 4,
1503 3769 1644 3825 fecit
1668 3769 1723 3825 S.
1754 3770 1882 3825 Cm-

225 3862 416 3916 sarius
442 3860 829 3921 Arelatensis.
856 3866 1005 3915 teste
1028 3860 1317 3932 Cypriano
1356 3860 1501 3915 Vitaa
1533 3860 1662 3930 ejus
1693 3860 1884 3932 scrip-

225 3956 378 4017 tore,
407 3967 574 4005 num.
613 3953 699 4006 17.
732 3949 873 4005 fecit
903 3951 1200 4006 Meroveus
1249 3950 1619 4005 Pictavorum
1650 3950 1880 4021 episco-

224 4055 361 4109 pus,
391 4056 426 4095 a
456 4038 737 4112 Gregorio
771 4039 1098 4095 Turonensi
1149 4045 1650 4095 commemoratus
1672 4038 1777 4094 lib.
1806 4055 1882 4094 vn

225 4129 438 4185 Hister.
472 4130 697 4196 Franc,
732 4145 781 4183 c.
816 4130 903 4182 24.

296 4239 391 4292 42.
427 4237 666 4307 Cgrillus
715 4253 836 4292 cum
878 4236 1156 4307 depositus
1182 4239 1397 4307 fuisset,
1447 4237 1646 4308 inquit
1675 4237 1877 4293 Socra-

222 4332 315 4382 tes
351 4327 454 4382 lib.
489 4344 551 4396 ll,
584 4343 713 4399 cap.
744 4328 833 4396 40,
878 4327 1240 4384 nihilominus
1276 4327 1671 4399 appellationis
1703 4325 1883 4382 libello

220 4418 298 4471 ad
357 4434 446 4473 eos
506 4420 607 4488 qui
655 4433 710 4472 se
760 4417 1122 4487 deposuerant
1171 4420 1352 4487 misso,
1415 4418 1489 4473 ad
1517 4418 1698 4488 majus
1718 4417 1879 4487 judi-

219 4509 373 4561 cium
426 4508 774 4577 provocavit,
837 4510 1019 4577 μεῖζον
1080 4504 1441 4561 ἐπεκαλέσατο
1501 4502 1880 4580 δικαστήριον.

1987 3327 2193 3399 paucis
2222 3333 2361 3382 ante
2407 3327 2584 3382 annis
2639 3326 3048 3381 haeresiarchas
3107 3324 3382 3387 Photino,
3416 3325 3643 3380 datum.

1989 3417 2254 3473 (loncilia
2280 3417 2460 3472 etiam
2494 3433 2563 3472 ea
2592 3416 2666 3472 de
2688 3432 2752 3470 re
2776 3419 2939 3487 leges
2961 3413 3376 3480 condiderant,
3402 3414 3487 3468 uti
3520 3414 3648 3469 Sar-

1991 3506 2231 3563 dicense
2264 3505 2593 3562 canonibus
2623 3508 2676 3570 3,
2708 3508 2741 3559 4-
2773 3510 2831 3560 et
2878 3508 2931 3573 ’7,
2965 3509 3023 3560 et
3070 3504 3513 3559 Antiochenum
3545 3520 3648 3559 sex

1990 3602 2128 3651 ante
2168 3611 2360 3652 annos
2413 3594 2744 3651 canonibus
2804 3597 2890 3661 12,
2927 3596 2992 3648 14
3023 3600 3082 3647 et
3112 3595 3196 3648 15.
3231 3593 3409 3664 Atqui
3445 3592 3647 3648 multa

1992 3690 2051 3740 et
2079 3683 2439 3757 gravissimas
2484 3701 2676 3739 causas
2728 3682 2947 3754 Cyrillo
2999 3681 3373 3747 exstiterunt,
3408 3698 3483 3736 ne
3516 3682 3649 3737 latas

1992 3774 2305 3830 adversum
2337 3790 2401 3828 se
2430 3773 2626 3828 Acacii
2651 3778 2709 3827 et
2730 3772 3154 3827 .‘tcacianarum
3175 3786 3493 3841 operarum
3519 3785 3627 3826 sen

1993 3860 2193 3917 tentias
2226 3864 2428 3915 staret.
2462 3862 2517 3922 1ο
2538 3853 2826 3913 Αοειοίιλπί
2848 3858 3000 3912 forte
3024 3857 3290 3927 judicem
3322 3872 3443 3910 non
3471 3871 3653 3928 agno-

1995 3952 2215 4015 scebat,
2248 3949 2336 4006 uti
2368 3949 2441 4005 ab
2486 3950 2617 4020 ejus
2656 3947 3079 4020 jurisdictione
3128 3947 3358 4001 solutus
3392 3953 3450 4001 et
3476 3945 3651 4015 liber,

1993 4042 2112 4097 imo
2144 4041 2274 4113 ipso
2307 4041 2595 4112 superior.
2628 4040 2982 4109 Quanquam
3029 4039 3342 4110 episcopus
3383 4037 3656 4109 superior

1992 4135 2052 4186 et
2073 4130 2532 4201 metropolitana
2554 4144 2588 4183 a
2612 4127 2897 4201 subjectis
2920 4127 3034 4182 sibi
3058 4127 3353 4199 episcopis
3374 4125 3654 4182 Ecclesia

1993 4219 2393 4292 legejudicari
2417 4219 2626 4291 possit,
2652 4217 3158 4290 quemadmodum
3184 4217 3518 4288 Stephanus
3536 4219 3659 4271 An-

1995 4310 2311 4366 tiochenus
2344 4317 2482 4364 ante
2514 4325 2705 4363 annos
2733 4307 2939 4363 decem
2981 4307 3053 4362 ab
3102 4306 3502 4364 Orientalibus
3534 4306 3660 4379 epi-

1996 4401 2196 4473 scopis
2229 4400 2549 4456 damnatus
2578 4399 2810 4466 fuerat;
2846 4403 2906 4453 et
2934 4396 3299 4468 Theophilus
3330 4396 3391 4451 in
3423 4402 3657 4453 contro-

1994 4493 2207 4562 versia,
2243 4491 2526 4548 adversus
2582 4492 2871 4546 Joannem
2925 4490 3436 4563 Chrysostomum,
3488 4504 3572 4554 se,
3607 4489 3656 4544 si

220 4597 329 4652 Cui
360 4597 587 4668 quidem
619 4596 983 4668 appellationi
1032 4598 1382 4654 Constantius
1416 4600 1717 4669 imperator
1737 4578 1877 4653 lasti-

1990 4581 2357 4657 judicandus
2379 4586 2537 4637 esset
2557 4581 2629 4636 ab
2650 4580 2932 4653 [Egyptiis
2954 4578 3661 4652 episcopis,judicandum

211 4688 453 4756 putatus
485 4693 583 4743 est.
637 4687 795 4743 Solus
825 4690 1000 4757 igitur
1049 4704 1113 4744 ac
1162 4690 1381 4758 primus
1432 4689 1677 4743 omnium
1707 4685 1890 4757 Cyril-

222 4776 329 4832 lus.
368 4783 571 4832 contra
615 4775 965 4832 ecclesiastici
1014 4779 1239 4832 canonis
1287 4777 1755 4843 consuetudinem,
1788 4792 1893 4847 ap-

212 4866 615 4937 pellationem,
647 4868 790 4921 sicut
844 4868 902 4920 in
947 4866 1191 4936 publicis
1208 4865 1445 4937 judiciis
1472 4867 1594 4935 ﬁeri
1622 4866 1778 4929 solet,
1800 4866 1888 4920 in-

221 4958 524 5027 terposuit.
553 4955 1101 5011 Ecclesiasticarum
1131 4956 1601 5028 appellationum
1633 4955 1889 5027 primam

220 5044 416 5101 fuisse
449 5045 615 5100 illam
652 5061 685 5099 a
712 5044 932 5117 Cyrillo
963 5045 1360 5115 interjectam.
1393 5062 1515 5101 non
1545 5060 1756 5101 omnes
1784 5044 1890 5100 So-

221 5138 375 5191 crati
406 5135 784 5202 assentiunt;
818 5135 1038 5190 multas
1090 5137 1250 5190 enim
1307 5135 1427 5191 sive
1480 5134 1552 5190 ad
1585 5150 1886 5190 summum

220 5225 599 5294 pontiﬁcem.
634 5224 753 5279 sive
786 5223 860 5278 ad
905 5224 1098 5293 majus
1144 5223 1361 5280 concili
1408 5241 1487 5285 m.
1524 5224 1641 5279 sive
1672 5222 1746 5277 ad
1777 5223 1890 5277 im-

221 5322 561 5384 peratorem
596 5314 797 5387 ipsum
828 5313 891 5367 in
937 5312 1049 5367 hoc
1102 5319 1162 5369 et
1213 5313 1621 5385 superioribus
1652 5311 1888 5368 sarculis

218 5406 603 5474 praecessisse
632 5403 807 5459 multi
839 5402 1230 5459 contendunt.
1268 5403 1381 5458 Has
1411 5403 1513 5459 alii
1538 5419 1657 5457 non
1687 5401 1888 5473 appel-

218 5492 472 5552 lationes
504 5495 748 5569 proprie
799 5492 1015 5561 dictas,
1049 5493 1155 5549 sed
1202 5492 1292 5548 vel
1340 5492 1636 5565 confugia,
1669 5491 1761 5547 vel
1790 5507 1887 5547 re—

216 5584 440 5644 visendi
463 5585 687 5659 judicii
720 5582 1165 5656 postulationes
1191 5582 1310 5638 dici
1338 5588 1616 5655 Oportere
1646 5587 1888 5637 conten-

221 5674 543 5739 dunLEam
574 5677 752 5736 litem
807 5687 1168 5747 componere
1217 5672 1373 5731 nihil
1402 5672 1477 5731 ad
1505 5688 1749 5732 causam
1776 5687 1884 5730 no-

2004 4691 2134 4731 esse
2164 4673 2461 4730 fatebatur
2490 4672 2781 4745 (Pallad).
2829 4675 2888 4727 2°
2919 4674 3121 4744 Itaque
3153 4670 3426 4742 Cyrillus.
3463 4671 3661 4726 Acacii

2000 4772 2287 4837 tanquam
2317 4762 2569 4834 professi
2600 4761 2831 4817 inimici
2856 4760 3176 4832 judicium,
3213 4760 3300 4816 uti
3333 4758 3567 4814 nullum
3603 4765 3663 4814 et

2000 4871 2257 4919 cassum,
2292 4853 2422 4926 ipso
2446 4855 2585 4926 jure
2616 4852 2931 4924 repudiare
2971 4856 3221 4924 poterat.
3258 4851 3349 4905 Sic
3396 4849 3661 4905 Caecilia—

2000 4963 2113 5002 nus
2145 4943 2630 5017 Carthagiuensis
2690 4942 3072 4998 inimicorum
3132 4938 3386 4994 concilio
3444 4939 3661 4994 citatus

1999 5050 2345 5107 comparere
2373 5033 2740 5097 detrectavit,
2774 5038 2833 5087 et
2851 5031 2923 5086 ab
2950 5031 3022 5085 iis
3054 5029 3489 5084 condemnatus
3520 5027 3662 5083 sede

1998 5144 2119 5182 non
2153 5124 2351 5187 cessit,
2378 5122 2481 5178 sed
2513 5122 2829 5179 ecclesiam
2857 5137 3023 5175 suam
3048 5126 3395 5175 constanter
3416 5119 3664 5174 retinuit

1998 5219 2165 5289 (Aug.
2200 5214 2371 5286 epist.
2431 5214 2521 5272 43.
2583 5230 2642 5267 n.
2703 5215 2779 5283 7).
2841 5208 2934 5265 Sic
2994 5210 3244 5283 Egyptii
3289 5208 3574 5282 praesules
3600 5209 3661 5264 in

1997 5306 2252 5365 concilio
2303 5302 2573 5375 Tyriensi
2618 5301 3069 5373 postulaverunt
3116 5306 3182 5355 ut
3213 5299 3517 5355 Athanasii
3550 5300 3661 5354 ho-

1996 5404 2116 5454 stes
2150 5411 2436 5452 consessu
2462 5393 3013 5455 submovenentur;
3051 5390 3208 5462 apud
3256 5392 3473 5446 Athan.
3508 5396 3663 5461 Apo-

1999 5489 2109 5559 log.
2144 5490 2288 5541 cont.
2325 5484 2552 5547 Arian.,
2601 5498 2661 5536 n.
2715 5484 2802 5535 77.
2868 5481 3120 5537 Aeacius
3157 5486 3357 5536 autem
3391 5496 3525 5534 cum
3559 5479 3670 5550 Cy-

1993 5577 2132 5635 rillo
2174 5572 2450 5649 publicas
2483 5571 2819 5627 simultates
2863 5577 3219 5627 exercuerat
3255 5570 3329 5626 ab
3383 5569 3514 5640 ipso
3543 5568 3670 5623 fere

1993 5666 2304 5745 Cyrilliani
2333 5664 2713 5738 episcopatus
2743 5659 3009 5733 exordio,
3034 5668 3286 5734 propter
3312 5655 3670 5732 metropoli-
