4052 6368
471 287 545 346 τι
1755 281 1860 344 ne
1902 279 2094 344 vrra
2134 281 2204 346 ι.
2249 282 2584 351 emam.
3791 313 3860 371 is

465 417 586 474 tica
605 415 890 488 jura.Nec
920 413 1214 472 Acaciano
1238 412 1470 486 judicio
1521 413 1718 487 majus
1747 410 1932 470 robur
1955 427 2121 470 acce-
2155 415 2206 484 Α
2237 423 2449 489 sceret,
2482 423 2772 494 quaaritur
2791 441 2936 486 num
2949 429 3164 502 judicii
3189 433 3547 493 revisionem
3567 453 3636 495 ex
3661 441 3858 499 usitato

468 508 645 564 debat
665 524 735 563 ex
759 507 1076 581 praesentia
1099 507 1355 563 aliorum
1383 506 1821 579 episcoporum,
1840 521 1988 578 quos
2011 504 2126 561 sibi

464 601 778 656 sententiis
810 601 1165 672 conjunctos
1199 599 1533 670 eodemque
1558 601 1697 668 jure
1727 598 1970 670 Cyrillo,
2005 613 2123 670 quo

465 691 715 746 Aeacius
744 691 894 762 ipse,
927 697 1238 762 suspectos
1269 690 1488 762 raptim
1519 695 1578 744 et
1606 688 1961 744 festinanter
1991 687 2122 742 col-

465 779 690 852 legerat
719 781 820 835 ille
855 786 1001 835 teste
1042 781 1389 840 Sozomeno.
1447 778 1552 834 lib.
1604 795 1684 841 ιν,
1733 794 1862 850 cap.
1892 779 1982 838 25.
2017 773 2120 829 Σὺν

463 873 584 930 τοῖς
637 867 702 922 τὰ
759 867 924 922 αὐτοῦ
993 871 1283 944 φρονοῦσιν
1370 865 1689 922 ἐπισκόποις
1747 864 1934 943 φθάνει
1989 865 2121 919 καθ-

466 954 627 1026 ελών,
661 959 918 1014 exclusis
949 959 1076 1014 sine
1109 958 1289 1014 dubio
1323 957 1533 1013 amicis
1565 963 1623 1012 et
1653 955 1984 1012 fautoribus
2015 955 2121 1028 Cy-

463 1048 606 1105 rilli.
640 1050 699 1103 3ο
733 1047 946 1103 Mutuis
982 1065 1044 1103 se
1075 1046 1555 1104 accusationibus
1580 1045 1738 1101 circa
1761 1045 1940 1100 ﬁdem
1972 1043 2120 1116 peti~

465 1142 633 1192 erant
662 1136 914 1192 Aeacius
948 1142 1006 1190 et
1058 1135 1351 1209 Cyrillus:
1411 1133 1570 1190 unde
1619 1134 1840 1189 factum
1873 1138 1941 1188 ut
1970 1135 2122 1187 Aca-

463 1226 610 1294 cius,
641 1231 928 1297 tanquam
957 1231 1291 1293 accusatus,
1325 1223 1607 1280 inimicus
1637 1221 2001 1279 accusatoris
2029 1220 2121 1277 sui

463 1322 832 1383 censeretur,
861 1321 919 1371 et
931 1315 1114 1388 judex
1143 1331 1272 1370 esse
1294 1331 1414 1370 non
1443 1320 1680 1386 posset;
1705 1319 1769 1368 ut
1789 1317 2120 1378 accusator,

464 1405 652 1462 multo
684 1407 902 1461 minus.
957 1407 1101 1460 Nam
1161 1409 1228 1459 ut
1283 1411 1445 1461 recte
1503 1404 1750 1474 Optatus
1798 1400 1903 1456 lib.
1935 1417 2030 1468 vn,
2058 1399 2120 1454 in

461 1496 716 1568 append.
742 1513 871 1570 pag.
907 1498 1010 1551 370
1035 1513 1048 1550 :
1081 1496 1198 1550 Non
1225 1500 1407 1566 potest
1438 1495 1563 1564 quis
1593 1495 1654 1548 in
1683 1509 1796 1548 una
1826 1508 1995 1547 causa
2025 1507 2116 1546 eo-

459 1585 580 1640 dem
622 1593 892 1641 momento
923 1586 1060 1641 duas
1108 1584 1377 1640 sustinere
1429 1599 1718 1655 personas,
1751 1587 1812 1637 ut
1843 1580 1903 1636 in
1934 1580 2121 1636 eodem

450 1675 667 1747 judicio
698 1681 986 1730 accusator
1016 1691 1123 1730 esse
1173 1676 1342 1745 possit
1392 1680 1445 1728 et
1483 1673 1686 1746 judex.
1733 1671 1980 1727 Aeacius
2010 1670 2119 1742 Cy-

459 1764 666 1820 rillum
695 1781 900 1820 revera
921 1781 1041 1820 non
1063 1764 1353 1836 judicavit
1373 1780 1444 1819 ex
1468 1769 1603 1819 ante
1629 1761 1942 1817 intentatis
1962 1759 2120 1814 circa
2151 1795 2197 1861 Β

464 1853 644 1910 ﬁdem
675 1871 711 1910 a
741 1871 803 1909 se
857 1854 986 1926 ipso
1041 1853 1560 1910 accusationibus:
1621 1857 1684 1908 at
1724 1848 2026 1907 damnavit
2053 1854 2119 1904 ut

466 1949 878 2000 contumacem
905 1949 962 1999 et
985 1961 1105 1999 sum
1129 1943 1395 1999 citationi
1426 1960 1533 2016 per
1553 1941 1862 1998 biennium
1890 1938 2122 1994 obtem-

460 2048 668 2104 perare
699 2033 1128 2088 detrectantem
1161 2050 1174 2098 ;
1208 2032 1368 2104 quod
1400 2036 1528 2088 erat
1558 2046 1727 2086 suam
1759 2030 1947 2101 ipsius
1978 2043 2121 2084 cau-

461 2137 586 2176 sam
603 2121 895 2194 judicare.
923 2125 982 2176 4ο
1007 2123 1132 2177 Levi
1145 2130 1231 2177 tas
1253 2122 1693 2177 accusationem
1721 2118 1937 2192 quibus
1958 2116 2122 2172 dam-

459 2216 636 2267 natus
665 2218 794 2268 erat
822 2211 1096 2283 Cyl-illus,
1129 2228 1264 2266 cum
1304 2210 1378 2265 ob
1429 2226 1561 2266 eam
1609 2225 1737 2264 rem
1785 2204 2120 2263 laudandus

462 2301 658 2368 potius
685 2301 856 2366 foret,
892 2300 1090 2372 palam
1122 2300 1320 2355 Acacii
1351 2299 1728 2369 iniquitatem
1754 2294 2121 2368 publicabat,

467 2394 526 2444 et
553 2389 885 2462 legitimum
917 2387 1134 2460 Cyrillo
1167 2388 1306 2442 huic
1356 2387 1668 2442 sententias
1717 2401 1838 2440 non
1882 2383 2123 2454 acquie-

464 2479 704 2544 scendi;
742 2479 862 2533 imo
896 2484 954 2532 et
985 2478 1265 2533 Acacium
1296 2477 1380 2532 uti
1406 2480 1698 2548 potestate
1732 2490 1838 2530 sua
1867 2473 2118 2529 abuten-

461 2573 580 2623 tem
610 2570 672 2623 in
695 2568 993 2640 judicium
1017 2567 1262 2624 vocandi
1287 2569 1380 2638 ius
1401 2566 1598 2622 dabat.
1625 2565 1844 2620 Eadem
1875 2579 2120 2620 accusa.

459 2659 690 2713 tionum
740 2659 997 2718 levitate.
1031 2659 1290 2730 seposita
1321 2657 1500 2712 etiam
1535 2655 1812 2712 falsitate.
1846 2653 2113 2710 Caacilia-

457 2765 571 2804 nus
585 2749 797 2820 [XLIII]
814 2749 958 2804 olim
977 2747 1351 2820 septuaginta
1367 2747 1785 2820 episcOporum
1803 2743 2119 2800 sententias

459 2845 668 2902 contra
713 2855 774 2893 se
820 2838 954 2893 latae
987 2854 1196 2910 parere
1227 2836 1698 2903 detractaverat;
1732 2835 1891 2906 apud
1925 2834 2120 2905 Optat.

466 2925 572 2982 lib.
608 2943 647 2992 ι,
683 2944 738 2982 n.
780 2931 864 2983 19.
898 2931 952 2982 5⁸
990 2926 1340 2982 Violentiam
1364 2926 1669 2998 injudicio
1703 2925 1918 2980 factam
1949 2938 2124 2978 accu-

465 3033 597 3073 sare
631 3023 862 3088 poterat
890 3016 1166 3088 Cyrillus,
1190 3032 1325 3070 cum
1347 3033 1486 3071 eum
1509 3015 1754 3071 Aeacius
1785 3031 1906 3070 non
1940 3013 2124 3084 depo-

473 3106 694 3162 suisset
719 3107 936 3172 solum,
969 3104 1129 3177 quod
1160 3121 1345 3161 unum
1397 3105 1814 3162 ecclesiasticae
1847 3107 2124 3176 potestati

467 3211 852 3262 concessum;
877 3195 980 3250 sed
1005 3194 1431 3267 Hierosolymis
1448 3194 1627 3250 etiam
1652 3191 2126 3266 expulisset,non
2157 3171 2199 3238 C

466 3285 596 3340 sine
619 3285 670 3340 vi
705 3291 764 3340 et
793 3285 1038 3357 impetu.
1073 3287 1132 3340 6°
1164 3285 1256 3341 Uti
1307 3285 1648 3357 apostolica:
1688 3283 1846 3340 sedis
1878 3280 2118 3356 praasul,

464 3383 523 3433 et
554 3395 710 3434 unus
742 3394 772 3434 e
805 3379 1137 3450 majoribus
1163 3377 1440 3433 Ecclesia:
1474 3377 1841 3450 proceribus,
1874 3382 2121 3432 conten-

462 3467 602 3523 dere
634 3473 869 3540 poterat
897 3485 958 3523 se
993 3484 1114 3523 non
1153 3467 1216 3522 in
1249 3467 1458 3540 exiguo
1510 3466 1766 3539 quodam
1799 3481 2122 3538 paucorum

465 3557 882 3629 episcoporum
915 3557 1194 3618 concilio.
1238 3556 1413 3628 quale
1468 3556 1618 3611 illud
1675 3556 1869 3611 fuerat
1900 3556 2117 3623 Acacii,

463 3647 568 3703 sed
592 3647 652 3702 in
683 3647 870 3702 multo
888 3647 1301 3704 numerosiore
1324 3653 1382 3701 et
1403 3663 1472 3702 ex
1495 3647 1766 3718 pluribus
1792 3647 2117 3718 provinciis

459 3737 947 3810 eoaetojudicari
979 3737 1340 3810 oportuisse.
1392 3739 1534 3792 Nam
1584 3737 1801 3792 Paulus
1841 3736 2118 3794 Samosa-

457 3834 634 3884 tenus
667 3828 992 3883 Antiochiaa
1025 3829 1339 3900 episcopus
1371 3827 1676 3899 superiore
1710 3826 1928 3882 saeculo
1953 3827 2116 3899 judi-

457 3923 622 3972 catus
652 3917 848 3972 fuerat
877 3917 938 3970 in
971 3919 1224 3972 concilio
1250 3917 1459 3984 majori
1487 3917 1746 3987 plurium
1783 3916 2118 3987 provincia-

457 4020 614 4069 rum,
649 4005 722 4057 ad
756 4003 914 4074 quod
960 4005 1139 4058 etiam
1193 4005 1512 4076 Dionysius
1543 4004 1978 4060 Alexandrinus
2010 4020 2113 4076 ap-

2233 507 2400 600 prius
2423 527 2587 571 more
2612 513 2686 571 ab
2711 516 3072 590 imperatore
3097 525 3398 596 postulare
3429 527 3716 600 debuerit,
3747 550 3856 592 non

2234 613 2301 654 ex
2332 597 2554 695 forensi
2581 610 3013 668 consuetudine
3036 615 3306 672 omnium
3340 618 3569 689 primus
3593 621 3665 676 ad
3688 597 3859 695 majus

2232 690 2555 750 concilium
2586 697 2910 769 appellare.
2945 702 3179 776 Loquor
3230 722 3301 762 ex
3352 723 3558 766 eorum
3590 690 3862 771 sententia

2233 781 2332 850 qui
2381 782 2579 840 nullas
2623 794 2759 844 ante
2809 791 3194 862 Cyrillianam
3245 795 3307 852 in
3356 797 3622 856 Ecclesia
3655 802 3864 860 auditas

2230 869 2416 926 fuisse
2437 875 2870 946 appellationes
2893 883 3280 941 contendunt.
3307 887 3524 943 Verum
3545 890 3688 946 adeo
3709 899 3865 948 tenue

2231 969 2323 1017 est
2343 964 2426 1018 rei
2450 965 2761 1038 utriusque
2781 969 3126 1042 discrimen,
3150 990 3216 1031 ut
3236 993 3371 1033 cum
3393 977 3643 1036 alterum
3666 981 3862 1053 Cyrillo

2231 1067 2581 1143 concessum
2611 1056 2795 1114 fuisse
2836 1061 3156 1132 fateantur,
3209 1066 3370 1138 quod
3423 1069 3677 1126 alterum
3726 1087 3862 1143 prai-

2232 1142 2471 1212 optarit,
2505 1143 2564 1199 id
2593 1146 2863 1206 criminis
2894 1151 3024 1208 loco
3055 1153 3316 1226 objicere
3341 1156 3663 1214 ridiculum
3687 1142 3864 1217 videa-

2230 1235 2346 1288 tur.
2380 1233 2500 1290 Hoc
2529 1236 2686 1294 inter
2715 1241 3072 1301 revisionem
3093 1246 3307 1318 judicii
3333 1255 3392 1304 et
3415 1251 3864 1322 appellationem

2229 1323 2469 1394 proprie
2501 1325 2721 1385 dictam
2777 1331 3029 1390 interest
3081 1352 3154 1392 ex
3203 1338 3267 1393 D.
3328 1339 3504 1396 Petro
3561 1339 3633 1397 de
3673 1343 3864 1408 Mares,

2228 1411 2387 1483 quod
2417 1413 2478 1470 in
2502 1417 2790 1475 revisione
2805 1422 3019 1493 judicii
3047 1424 3229 1483 iidem
3252 1427 3472 1485 iterum
3485 1429 3717 1502 judices
3745 1445 3860 1487 esse

2229 1517 2350 1592 non
2379 1507 2830 1580 prohibeantur,
2853 1520 3061 1571 contra
3082 1515 3140 1570 in
3161 1518 3566 1589 appellatione
3582 1521 3860 1592 judicium

2230 1591 2324 1656 iis.
2355 1609 2391 1648 a
2422 1595 2640 1666 quibus
2687 1605 2778 1655 est
2821 1603 3166 1674 appellatio,
3212 1607 3506 1679 eripiatur
3559 1591 3638 1665 Ex
3669 1609 3860 1666 eodem

2231 1689 2520 1754 praeterea
2550 1686 2652 1742 lib.
2687 1706 2785 1752 vn.
2817 1693 3153 1760 Concordiae,
3187 1712 3236 1751 c.
3268 1699 3324 1764 2,
3359 1714 3420 1753 n.
3454 1701 3508 1756 6.
3543 1699 3654 1754 hoc
3682 1700 3740 1755 in
3768 1701 3862 1754 Ec-

2231 1772 2415 1830 clesia
2442 1792 2478 1831 a
2510 1780 2877 1850 temporibus
2933 1785 3285 1842 Antiocheni
3318 1788 3559 1844 concilii
3592 1794 3857 1844 statutum

2231 1863 2480 1936 vigebat,
2512 1872 2578 1921 ut
2605 1869 2708 1940 qui
2738 1886 2773 1925 a
2794 1871 3042 1942 judiciis
3081 1876 3482 1948 appellarent,
3515 1884 3652 1934 ante
3684 1877 3870 1933 amnia

2227 1955 2623 2028 impetrarent
2649 1963 3004 2034 rescriptum
3036 1982 3140 2038 pro
3181 1967 3476 2024 revisione
3500 1969 3708 2039 judicii
3741 1968 3823 2024 sui
3851 1985 3865 2034 ς

2229 2045 2291 2100 in
2323 2062 2512 2119 eoque
2537 2057 2826 2108 versatam
2871 2054 2956 2109 ait
3007 2071 3068 2110 n.
3117 2058 3181 2111 l0
3231 2058 3677 2114 innovationem
3709 2075 3742 2114 a
3767 2057 3862 2128 Cy-

2227 2133 2364 2190 rillo
2387 2135 2808 2209 introductam,
2842 2143 3001 2214 quod
3032 2145 3156 2201 suis
3189 2145 3501 2218 judicibus
3529 2147 3862 2220 appellatio-

2228 2240 2367 2281 nem
2393 2243 2463 2281 ex
2495 2244 2657 2285 more
2685 2229 2904 2286 forensi
2935 2234 3135 2290 statim
3169 2236 3663 2308 significaritnec
3695 2237 3858 2308 impe-

2230 2315 2452 2371 ratoris
2469 2325 2829 2391 rescriptum
2849 2323 3166 2393 postularit
3183 2341 3251 2381 ac
3271 2325 3743 2399 impetrarit.nisi
3758 2330 3871 2397 post

2233 2405 2627 2477 signiﬁcatam
2646 2411 3130 2482 appellationem.
3155 2415 3282 2481 Qua
3301 2415 3363 2471 in
3390 2431 3453 2472 re
3475 2433 3510 2473 a
3526 2416 3736 2488 Cyrillo
3757 2414 3867 2469 vio-

2227 2493 2347 2550 lata
2378 2496 2456 2551 sit
2487 2497 2762 2554 Ecclesiae
2792 2500 3071 2574 dignitas,
3125 2503 3351 2578 ignoro.
3391 2505 3544 2562 Illud
3585 2521 3720 2562 sane
3751 2503 3858 2575 epi-

2235 2585 2428 2656 scopis
2459 2601 2581 2641 non
2613 2587 2918 2658 decorum,
2942 2591 3100 2662 quod
3122 2594 3591 2665 eorumjudiciis
3617 2610 3729 2648 non
3758 2597 3860 2648 ste-

2233 2678 2349 2740 tur,
2382 2691 2654 2748 novaque
2676 2679 2761 2733 uti
2783 2680 3048 2751 mquiora
3071 2683 3548 2753 prmcedentibus
3579 2683 3864 2756 postulen-

2232 2766 2347 2816 tur.
2383 2762 2496 2818 Sed
2526 2764 2644 2819 sive
2675 2767 2996 2838 appellatio
3047 2769 3483 2844 interponatur.
3518 2774 3638 2830 sive
3678 2769 3864 2828 revisio

2225 2851 2440 2923 judicii
2473 2855 2828 2926 postuletur,
2860 2857 3040 2932 idque
3072 2867 3212 2917 ante
3243 2861 3332 2918 vel
3365 2869 3499 2936 post
3539 2862 3867 2934 rescriptum

2233 2942 2522 3015 principis
2545 2945 2666 3009 fiat,
2692 2946 2851 3004 idem
2874 2955 2964 3004 est
2983 2950 3056 3006 ad
3075 2951 3335 3008 dedecus
3356 2953 3867 3011 ecclesiasticorum

2227 3031 2616 3104 judiciorum.
2645 3039 2717 3091 At
2747 3039 3004 3110 Cyrillns
3034 3041 3331 3114 legitimas
3363 3060 3572 3100 causas
3603 3041 3795 3098 habuit
3817 3042 3871 3093 ut

2237 3137 2358 3177 non
2415 3124 2800 3182 revisendum
2861 3129 3153 3187 duntaxat
3201 3132 3500 3204 judicium
3561 3148 3745 3198 suum,
3782 3125 3870 3184 sed

2239 3209 2450 3283 [XLIV]
2483 3213 2662 3270 etiam
2693 3233 2930 3280 novum.
2966 3235 3002 3275 a
3031 3237 3148 3293 quo
3180 3223 3435 3279 Aeacius
3465 3228 3523 3280 et
3553 3222 3640 3278 sui
3663 3218 3872 3294 judices

2231 3301 2712 3373 excluderentur,
2736 3307 3084 3378 postularet.
3113 3311 3312 3366 Primo
3343 3312 3510 3368 enim
3533 3313 3666 3384 jure
3696 3305 3870 3380 requi-

2233 3405 2365 3445 rere
2397 3397 2633 3463 poterat
2662 3411 2737 3450 ne
2762 3397 3032 3466 Aeacius,
3058 3405 3123 3454 ut
3143 3399 3450 3470 inimicus,
3479 3408 3545 3458 ut
3572 3402 3869 3460 accusator.

2232 3483 2291 3534 et
2320 3495 2355 3535 a
2385 3497 2448 3536 se
2478 3490 2818 3553 accusatus,
2841 3485 3057 3543 iterum
3079 3487 3152 3545 de
3175 3505 3237 3545 se
3250 3489 3864 3562 judicaretpostquam

2231 3570 2291 3626 in
2321 3571 2504 3642 priori
2531 3571 2786 3643 judicio.
2820 3583 3028 3633 contra
3057 3594 3266 3635 omnes
3297 3581 3577 3637 Ecclesim
3606 3579 3753 3650 leges
3779 3574 3862 3628 in-

2231 3659 2456 3724 stituto,
2491 3667 2612 3717 tam
2649 3663 2892 3734 publica
2921 3673 2981 3721 et
3009 3668 3324 3740 perspicua
3355 3669 3600 3726 dederat
3628 3663 3860 3722 inimici-

2229 3749 2446 3805 tiarum
2506 3749 2819 3808 adversum
2879 3771 2942 3810 se
3001 3765 3374 3829 argumenta.
3437 3757 3722 3815 Secundo.
3756 3766 3860 3808 non

2229 3839 2712 3896 emendationem
2735 3849 2967 3900 tantum
2987 3846 3201 3915 judicii
3225 3848 3572 3920 requirebat
3596 3843 3858 3918 Cyrillus;

2226 3927 2330 3982 Sed
2360 3944 2422 3982 se
2453 3934 2714 3987 actorem
2746 3932 3026 3991 adversus
3068 3937 3347 3992 Acacium
3382 3945 3443 3994 et
3480 3939 3858 3993 accusatorem

2227 4016 2554 4088 professus,
2588 4037 2724 4076 eum
2770 4022 3049 4094 plurimis
3100 4023 3174 4081 de
3227 4026 3577 4084 sceleribus.
3609 4024 3678 4079 de
3708 4021 3774 4086 vi.
3804 4015 3865 4071 ἀθ

457 4093 716 4165 pellatus
749 4092 877 4148 fuit.
911 4093 966 4146 S.
1003 4092 1345 4147 Eustathius
1375 4091 1779 4148 Antiochenus
1811 4092 2117 4164 depositus

2230 4106 2767 4167 ecclesiasticarum
2790 4112 2988 4187 legum
3009 4122 3358 4189 contemptu
3389 4118 3463 4174 de
3484 4116 3705 4173 inﬂicta
3720 4108 3868 4167 levis-

459 4189 598 4239 ante
629 4198 822 4237 annos
851 4182 1056 4254 viginti
1079 4187 1307 4254 septem
1338 4181 1551 4241 fuerat.
1580 4181 1644 4236 in
1675 4180 2117 4253 concilio,quod

458 4271 890 4344 Philostorgius
923 4270 1024 4325 lib.
1061 4287 1122 4336 ιι,
1163 4287 1222 4324 n.
1275 4273 1328 4336 7,
1362 4275 1654 4325 memorat
1682 4285 1781 4326 cer.
1811 4270 2114 4343 episcopo-

458 4377 592 4416 rum
623 4361 828 4416 fuisse.
862 4360 1228 4416 Athanasius
1277 4358 1715 4415 Alexandrinus
1759 4359 1820 4414 in
1859 4361 2112 4416 concilio

459 4451 726 4522 Tyriensi
758 4451 1274 4517 numerosissimo,
1328 4455 1387 4504 et
1444 4467 1514 4505 ex
1562 4455 1685 4505 toto
1715 4449 1838 4505 fere
1871 4451 2109 4508 Oriente

2227 4195 2394 4252 simis
2426 4197 2498 4253 de
2527 4201 2724 4256 causis
2774 4204 3124 4276 gravissima
3179 4205 3575 4278 depositionis
3605 4210 3662 4260 et
3689 4195 3860 4257 exsilii

2222 4301 2494 4357 pceua,ac
2515 4288 2784 4347 fortassis
2809 4292 2882 4348 de
2924 4301 3212 4367 usurpata
3254 4295 3568 4353 adversum
3600 4309 3660 4350 se
3684 4292 3863 4346 aucto-

2221 4374 2396 4432 ritate
2428 4378 2766 4449 postulabat
2809 4381 2876 4437 Id
2899 4399 2966 4438 ex
2991 4384 3200 4457 Cyrilli
3232 4386 3420 4455 pestis
3441 4387 3502 4442 in
3525 4380 3762 4442 concilio
3781 4375 3866 4430 Se-

2219 4462 2507 4522 leuciensi
2529 4475 2794 4540 apparet.
2821 4471 3185 4530 Athanasius
3212 4476 3374 4530 enim
3411 4476 3485 4531 de
3508 4469 3866 4547 synodis,nu-

459 4539 729 4595 οοηθοιο·
763 4544 822 4594 7°
857 4541 1146 4631 Ββιιίίιαθν
1168 4538 1492 4631 ρφληείιίιιιη
1523 4538 2114 4631 Αμξί-οοῒιθηιιξειῄοᾶ-ηο
2149 4542 2194 4608 D
2229 4570 2393 4610 mero
2428 4559 2512 4612 t2.
2549 4538 2860 4631 perspicue
2887 4561 3070 4618 tradit
3093 4565 3374 4621 Acacium
3399 4538 3698 4622 cum'aliis
3717 4566 3868 4612 accu-

457 4631 546 4696 15,
581 4635 783 4684 ratum
813 4635 872 4684 et
901 4628 1288 4684 irrevocabile
1318 4627 1698 4700 provincialis
1731 4626 2114 4701 synodijudi-

454 4717 635 4779 cium.
667 4717 953 4774 adversus
983 4723 1328 4774 accusatum
1377 4717 1554 4772 certis
1604 4716 1958 4774 criminibus
1987 4719 2115 4791 epi-

454 4825 722 4880 scopum,
757 4825 824 4864 eo
873 4814 1110 4864 tantum
1162 4825 1303 4864 casu
1361 4807 1720 4873 decreverat,
1753 4809 1802 4863 si
1829 4815 2114 4865 accusatus

454 4898 846 4954 condemnetur
894 4900 961 4954 ab
1022 4899 1272 4954 omnibus
1329 4899 1596 4968 episcopis
1627 4897 1869 4967 ejusdem
1887 4903 2114 4969 provin-

455 4991 576 5054 ciaz,
637 4991 927 5059 cunctique
1002 4994 1366 5044 consonanter
1423 4985 1664 5041 eamdem
1745 4993 1934 5043 contra
1991 5005 2114 5045 eum

451 5076 687 5144 formam
719 5077 926 5130 der-reti
963 5078 1302 5146 protulerint
1375 5074 1550 5144 Atqui
1603 5074 1857 5146 Cyrillus
1891 5094 2008 5132 non
2037 5078 2110 5134 ab

459 5163 739 5218 omnibus
766 5165 1057 5236 episcopis
1083 5165 1404 5237 provinciae
1437 5163 1892 5232 condemnatus,
1911 5167 2015 5222 sed
2038 5167 2110 5224 ab

457 5251 767 5308 nonnullis
799 5261 1051 5318 tantum,
1072 5271 1223 5325 quos
1253 5257 1313 5309 in
1349 5269 1518 5309 suam
1549 5253 1868 5310 factionem
1901 5262 1960 5311 et
1981 5274 2110 5313 sen-

455 5342 706 5398 tentiam
741 5343 884 5398 olim
919 5350 1248 5414 pertractos
1279 5343 1498 5416 raptim
1527 5359 1596 5399 ac
1628 5343 1907 5402 festinato
1929 5347 2113 5403 colle-

459 5437 626 5505 gerat
653 5432 920 5487 Aeacius.
1150 5446 1182 5490 ι

528 5523 596 5576 43
649 5521 792 5576 Cum
823 5528 944 5576 tam
975 5521 1178 5577 multa;
1209 5521 1429 5594 Cyrillo
1477 5527 1865 5595 suppeterent
1892 5542 2109 5598 causa,

455 5611 776 5684 quominus
794 5611 1034 5668 informi
1048 5611 1278 5685 judicio
1296 5612 1610 5670 adversum
1632 5629 1694 5669 se
1715 5613 1836 5672 lato
1867 5621 2112 5693 acquie-

2227 4651 2422 4701 satum
2453 4646 2636 4703 fuisse
2667 4664 2996 4722 eorumque
3025 4654 3382 4727 principem,
3415 4655 3517 4728 qui
3556 4666 3686 4709 eum
3717 4655 3866 4702 accu-

2227 4742 2490 4792 satorum
2521 4753 2766 4795 suorum
2799 4740 3080 4799 adversus
3102 4761 3164 4800 se
3196 4745 3644 4802 vociferantium
3674 4729 3861 4793 crimi-

2225 4825 2501 4882 nationes
2534 4828 2832 4899 timerent,
2857 4830 3160 4904 adjunctis
3181 4835 3292 4890 sibi
3327 4834 3560 4891 Arianis
3591 4821 3858 4887 secessio-

2226 4930 2362 4970 nem
2401 4915 2676 4974 fecerunt
2700 4935 2713 4974 :
2743 4919 2942 4990 aitque
2969 4922 3238 4979 Socrates
3268 4923 3371 4980 lib.
3400 4941 3459 4992 ιι,
3487 4937 3613 4992 cap.
3641 4915 3864 4976 40,Αο8-

2225 5003 2386 5060 cium
2418 5021 2453 5062 a
2479 5007 2754 5064 Patribus
2797 5010 3036 5067 concilii
3085 5014 3372 5083 (instante
3405 5019 3464 5069 et
3493 5001 3862 5084 persequente

2225 5093 2470 5165 Cyrillol
2499 5096 2559 5151 in
2583 5097 2688 5168 jus
2713 5106 3006 5157 vocatum.
3032 5109 3096 5156 ut
3126 5119 3306 5160 causa
3336 5105 3468 5172 ejus
3489 5097 3858 5172 judicaretur.

2225 5182 2568 5256 Eademque
2623 5203 2780 5260 pene
2837 5187 3136 5247 habentur
3189 5192 3346 5264 apud
3406 5191 3626 5247 Sozom.
3669 5180 3763 5238 lib.
3793 5188 3859 5234 ιν.

2227 5287 2278 5326 c.
2313 5274 2402 5326 22.

2296 5362 2384 5416 44.
2446 5363 2703 5435 Cyrillus
2761 5367 2880 5424 sive
2928 5370 3351 5441 appellationis
3400 5363 3706 5426 beneﬂcio.
3751 5353 3857 5411 sive

2222 5451 2756 5522 perspicuajudicii
2772 5473 2889 5528 quo
2909 5457 3177 5530 dejectus
3197 5460 3390 5516 fuerat
3406 5453 3857 5528 iniquitateﬂu‘”

2223 5537 2490 5612 legitima
2518 5542 2744 5613 multis,
2768 5545 2878 5603 hac
2906 5553 2966 5602 et
2993 5549 3386 5621 sequentibus
3415 5544 3702 5605 aetatibus,
3733 5545 3857 5621 θεῷ’

2223 5628 2334 5686 ctis
2364 5629 2660 5707 episcOpis
2690 5635 2912 5709 gradus
2941 5638 3034 5698 sui
3078 5619 3380 5698 retinendi
3410 5649 3590 5697 causa
3613 5629 3730 5687 visa
3757 5619 3854 5682 est,
