4052 6378
199 341 254 400 73
1645 347 1906 410 DlSSEH

2010 351 2164 414 LTIO
2209 354 2256 414 Ι.
3583 361 3660 420 ’74

193 494 240 533 se
263 493 498 552 semper
527 482 607 534 ut
640 479 1036 554 episcopum
1068 481 1298 553 habuit,
1330 483 1451 539 sive
1491 481 1650 556 apud
1684 481 1889 556 Sylva—
1921 485 1968 552 Α
2005 488 2418 546 semi-Arianis
2453 495 2596 546 sunt
2615 492 2856 564 prOpria
2877 491 3168 548 duntaxat
3195 508 3576 550 recenseam:
3603 494 3664 550 in

193 585 302 624 num
327 569 682 641 hospitem,
726 571 866 628 sive
895 573 964 628 in
999 573 1254 630 concilio
1277 573 1660 642 Seleuciensi,
1680 573 1742 628 in
1763 590 1881 644 quo

197 675 299 714 cum
319 660 584 732 reliquis
629 662 976 736 episcopis
1027 664 1319 731 consedit,
1352 681 1546 736 neque
1579 669 1645 719 ut
1673 680 1705 718 e
1739 677 1883 719 con-

199 767 334 806 sessu
353 750 722 808 discederet
745 753 894 809 ulla
915 755 1156 810 ratione
1179 755 1368 826 potuit
1385 754 1630 810 adduci:
1657 753 1889 809 eodem-

203 857 290 911 que
305 840 423 894 loco
457 841 740 898 habitus
779 849 908 912 est,
944 844 1357 917 nequidquam
1389 843 1682 899 fremente
1713 849 1771 898 et
1796 843 1887 898 in-

200 928 440 1003 dignante
475 933 749 1000 Acacio,
790 933 926 990 sive
959 951 996 990 a
1027 933 1275 1007 Sylvano
1308 939 1367 990 et
1396 933 1737 1006 conjunctis
1769 933 1893 1004 epi-

193 1021 374 1092 scopis,
411 1021 545 1076 sive
583 1039 622 1078 ιι
650 1024 968 1080 Patribus
1001 1025 1242 1080 concilii
1285 1023 1709 1090 Seleuciencis,
1744 1022 1890 1078 Pul-

187 1128 260 1168 sus
285 1113 708 1192 Hierosolymis
751 1115 1063 1170 Acaciana
1108 1117 1184 1183 vi,
1226 1114 1582 1170 Antiochiam
1605 1114 1886 1184 perrexit,

189 1219 330 1273 quam
353 1219 484 1258 cum
512 1210 772 1274 pastore
797 1206 1065 1261 orbatam
1085 1206 1310 1272 videret,
1338 1204 1515 1260 verba
1535 1209 1673 1259 sunt
1702 1203 1890 1258 Theo-

190 1293 358 1348 doreti
387 1293 502 1348 lib.
540 1311 610 1362 ιι,
644 1295 848 1364 Hist.,
884 1313 937 1350 c.
971 1297 1043 1350 26
1081 1297 1330 1360 (Leontio
1360 1295 1614 1351 videlicet
1642 1299 1887 1360 mortuo,

188 1383 393 1438 necdum
422 1383 763 1454 subrogato
819 1391 876 1440 et
924 1385 1222 1453 Eudoxio),
1246 1391 1678 1456 praetergressus
1707 1390 1806 1452 est,
1839 1388 1891 1438 et

195 1475 399 1528 Tarsum
454 1476 783 1544 profectus
845 1491 974 1530 cum
1029 1475 1360 1530 admirando
1425 1473 1664 1544 Sylvano
1721 1473 1887 1530 vixit.

202 1563 336 1628 Quod
385 1579 514 1618 cum
583 1565 858 1619 Aeacius
911 1565 1234 1630 rescivisset,
1297 1562 1511 1620 litteras
1565 1565 1787 1633 scripsit
1817 1563 1892 1617 ad

204 1651 507 1722 Sylvanum,
565 1655 754 1724 eique
801 1654 1201 1725 depositionem
1235 1653 1433 1724 Cyrilli
1477 1654 1780 1708 nuntiavit.
1819 1653 1892 1708 At

201 1742 287 1796 ille
311 1749 360 1798 et
388 1742 691 1813 Cyrillum
737 1742 1038 1806 reveritus,
1097 1749 1146 1798 et
1193 1743 1468 1814 populum
1520 1741 1893 1814 reformidans

2003 578 2258 634 concilio
2285 581 2600 653 Ancyrano
2626 597 2766 636 ann.
2797 581 2922 644 358,
2949 583 3104 638 circa
3132 582 3378 649 Pascha,
3415 583 3667 639 Gallica-

2001 685 2215 724 norum
2251 669 2669 742 episcOporum
2703 672 2804 743 qui
2829 671 3217 727 Sirmiensem
3250 688 3388 727 ann.
3430 675 3532 726 357
3565 673 3668 728 im-

2001 758 2222 830 pietam
2267 759 2759 827 condemnarant,
2797 761 2934 816 ﬁdei
2974 761 3422 834 imperturbata)
3446 763 3653 818 incon-

2002 865 2312 920 cussaaque
2350 849 2509 905 fama
2539 850 2769 906 incitati
2803 858 2944 906 sunt
2972 857 3038 906 ut
3067 852 3339 907 eamdem
3373 852 3480 906 sub
3513 868 3662 908 ana-

1993 939 2260 994 themate
2293 940 2758 1010 proscribereut,
2789 946 2847 996 et
2877 941 2948 996 ab
2977 941 3124 1013 ipsis
3154 941 3498 998 auctoribus
3533 959 3663 997 eam

1992 1028 2055 1082 in
2087 1029 2342 1084 concilio
2373 1029 2684 1085 Sirmiensi
2719 1047 2860 1086 ann.
2915 1033 3019 1085 358
3073 1031 3294 1103 ejurari
3324 1037 3670 1102 satagerent

1993 1117 2196 1190 (Hilar.
2256 1119 2334 1173 De
2388 1120 2602 1189 synod.,
2656 1137 2717 1175 n.
2762 1123 2838 1190 3).
2896 1123 2962 1176 In
3021 1121 3293 1192 proxime
3329 1122 3513 1176 citato
3549 1123 3670 1176 Sir-

1995 1206 2210 1262 miensi
2239 1208 2495 1266 concilio
2545 1215 2803 1281 quatuor
2859 1209 3170 1266 Africanos
3207 1211 3521 1282 episcopos
3556 1211 3668 1266 sibi

1993 1296 2382 1370 conjunxere.
2431 1315 2502 1354 ex
2548 1299 2871 1356 Sozomeno
2924 1299 3030 1355 lib.
3095 1317 3168 1367 1v,
3215 1317 3264 1354 c.
3304 1303 3389 1366 15,
3422 1306 3668 1371 tumque

1991 1386 2263 1442 fortassis
2293 1387 2368 1442 ad
2398 1388 2571 1443 Afros
2593 1394 2653 1444 et
2677 1389 3013 1444 Orientales
3034 1405 3243 1444 omnes
3276 1389 3667 1460 scripserunt,

1991 1480 2060 1530 ut
2089 1475 2378 1547 ejicerent
2412 1493 2446 1532 a
2479 1483 2689 1534 sancta
2721 1477 2989 1534 Ecclesia
3041 1475 3364 1548 ὁμοούσιον,
3399 1477 3666 1536 dicentes

1995 1581 2202 1621 secum
2237 1567 2460 1622 sentire
2489 1571 2547 1622 et
2576 1568 2744 1624 Afros
2777 1573 2837 1623 et
2861 1567 3196 1624 Orientales
3227 1585 3471 1636 omnes;
3511 1569 3669 1639 quod

2002 1659 2257 1712 testatur
2285 1658 2502 1712 Marius
2536 1657 2874 1713 Victorinus
2904 1657 2990 1713 lib
3026 1675 3078 1742 ι.
3112 1675 3170 1729 p.
3200 1662 3324 1726 262,
3356 1675 3544 1728 eoque
3576 1675 3666 1714 re-

2000 1742 2142 1800 ferri
2176 1751 2372 1817 potest
2401 1746 2560 1818 quod
2602 1747 2674 1802 de
2709 1747 2926 1803 Basilio
2976 1750 3290 1819 Ancyrano
3331 1765 3666 1818 conquere-

204 1838 374 1903 utpote
405 1835 512 1904 qui
545 1833 774 1902 Cyrilli
807 1833 1166 1889 concionibus
1188 1833 1482 1888 admodum
1496 1832 1884 1899 delectaretur,
1921 1863 1968 1929 Β
2000 1834 2223 1890 bantur
2254 1836 2530 1892 Acaciani
2563 1838 2623 1891 in
2668 1837 2923 1892 concilio
2980 1837 3664 1909 Constantinopolitano,

205 1938 316 1976 eum
346 1923 416 1976 ab
446 1922 852 1978 ecclesiastico
881 1921 1189 1978 ministerio
1235 1923 1670 1994 haudquaquam
1689 1921 1888 1992 prohi-

212 2012 337 2069 buit.
372 2013 908 2069 Communionem
941 2029 1179 2085 quoque
1223 2029 1290 2070 ac
1319 2013 1473 2068 forte
1504 2009 1890 2068 consuetudi-

213 2118 340 2156 nem
369 2109 499 2158 tum
543 2103 706 2158 fovit
753 2119 894 2158 cum
945 2102 1162 2158 Basilio
1217 2104 1531 2175 Ancyrano
1563 2106 1622 2156 et
1647 2099 1892 2174 Georgio

217 2190 563 2258 Laodiceno,
607 2209 754 2264 quas
788 2193 900 2264 ipsi
923 2191 997 2247 ab
1019 2191 1254 2247 Arianis
1284 2191 1521 2247 crimini
1553 2190 1690 2246 data
1719 2193 1897 2258 est,et

215 2281 273 2335 in
304 2281 563 2336 concilio
597 2281 1274 2353 Constantinopolitano
1295 2281 1437 2336 anni
1461 2281 1586 2348 360,
1619 2279 1691 2336 ab
1723 2279 1810 2335 eis
1833 2279 1894 2334 in

217 2372 402 2426 causis
434 2373 573 2444 ejus
608 2371 1018 2442 depositionis
1067 2369 1351 2443 allegata;
1400 2369 1558 2442 apud
1588 2369 1892 2426 Sozomen.

221 2459 323 2517 lib.
349 2479 420 2529 Iv,
451 2479 504 2517 c.
541 2463 644 2516 25.
679 2461 860 2516 Forte
891 2459 1145 2532 Cyrillus
1177 2461 1491 2533 Georgium
1519 2465 1580 2516 et
1609 2458 1896 2514 Basilium

233 2551 472 2606 consilio
491 2557 551 2606 et
576 2567 777 2624 opera
802 2549 1132 2622 adjuverat,
1156 2551 1215 2606 in
1240 2551 1314 2606 iis
1339 2567 1470 2622 quae
1493 2549 1670 2606 ambo
1691 2549 1895 2604 adver-

235 2656 332 2695 sus
344 2641 676 2697 Eudoxium
694 2640 804 2696 illo
825 2645 1088 2712 tempore
1101 2639 1292 2696 moliti
1306 2645 1610 2708 sunt,cum
1626 2643 1897 2694 coactum

227 2730 450 2804 Georgii
473 2733 732 2788 hortatu
755 2734 1134 2804 Ancyranum
1159 2731 1480 2788 concilium
1508 2730 1898 2785 Sirmiensem

221 2821 548 2877 famulam
580 2839 730 2877 ann.
763 2823 889 2889 357,
921 2821 994 2878 ab
1027 2821 1288 2877 Eudoxio
1340 2821 1402 2876 in
1452 2820 1667 2876 concil.
1691 2819 1900 2874 Antio-

223 2911 416 2966 cheno
447 2911 776 2983 probatam
807 2911 1125 2972 damnavit.
1149 2917 1206 2968 et
1233 2911 1306 2968 ab
1333 2909 1675 2966 auctoribus
1707 2913 1900 2964 retra-

223 3004 366 3056 ctari
403 3001 775 3074 procuravit.
829 3000 956 3056 Vid.
1011 3001 1232 3056 Sozom.
1287 3001 1392 3056 lib.
1425 3017 1500 3068 1v,
1531 3016 1581 3054 c.
1621 3001 1686 3052 f2
1717 3002 1775 3054 et
1808 2999 1894 3052 13.

221 3092 413 3148 Erunt
431 3098 654 3147 contra
677 3091 779 3162 qui
803 3091 1092 3162 Cyrillum
1113 3097 1414 3158 accusent,
1440 3087 1598 3160 quod
1619 3087 1693 3144 ad
1715 3087 1899 3142 semi-

215 3183 479 3238 Arianos
511 3183 874 3254 confugerit,
901 3197 1226 3253 eorumque
1249 3181 1532 3236 societate
1557 3185 1616 3235 et
1635 3191 1898 3234 commu-

2003 1940 2143 1980 ann.
2181 1927 2306 1990 360,
2339 1943 2473 1981 eum
2499 1942 2716 1998 nempe
2737 1926 3047 1982 Valentem
3071 1933 3131 1982 et
3161 1927 3469 1982 Ursacium
3503 1929 3662 1997 apud

2005 2015 2316 2087 episcopos
2347 2015 2555 2070 Africae
2590 2015 2744 2071 datis
2773 2016 2845 2071 ad
2897 2033 2998 2072 eos
3028 2017 3242 2071 litteris
3276 2017 3660 2072 insimulasse

2005 2105 2238 2177 (Sozom.
2274 2105 2376 2159 lib.
2413 2121 2488 2172 Iv,
2523 2122 2573 2159 c.
2608 2106 2717 2176 24).
2772 2107 2835 2160 In
2895 2107 3126 2161 concilio
3157 2106 3506 2172 Seleuciensi,
3540 2123 3659 2162 cum

2003 2201 2220 2250 sanctus
2249 2193 2502 2250 Hilarius
2550 2211 2611 2250 eo
2669 2211 2789 2250 cum
2845 2197 3055 2250 caeteris
3085 2198 3438 2257 convenisset.
3471 2199 3666 2266 quasi-

2006 2291 2121 2340 tum
2151 2285 2218 2339 ab
2251 2300 2328 2352 eo,
2365 2283 2449 2339 ait
2479 2283 2777 2356 Sulpicius
2809 2284 2912 2342 lib.
2953 2301 3016 2350 ιι,
3069 2284 3213 2339 Hist.
3249 2301 3413 2348 sacr.,
3447 2302 3502 2355 p.
3536 2288 3662 2357 235,

2005 2391 2128 2446 quae
2159 2381 2294 2430 esset
2343 2375 2630 2430 Gallorum
2676 2375 2846 2444 ﬁdes:
2891 2377 3027 2444 quia
3077 2381 3190 2429 tum
3232 2377 3461 2428 Arianis
3488 2392 3663 2444 prava

2005 2465 2072 2520 de
2101 2467 2169 2518 iis
2197 2464 2573 2534 vulgantibus,
2608 2467 2848 2534 suspecti
2876 2465 2944 2518 ab
2975 2465 3350 2520 Orientalibus
3385 2466 3664 2520 halmban-

2011 2560 2100 2608 tur
2129 2557 2461 2624 trionymam
2491 2555 2735 2610 solitarii
2796 2555 2895 2609 Dei
2948 2554 3209 2609 unionem
3239 2556 3534 2609 secundum
3567 2556 3664 2610 Sa-

2009 2643 2230 2699 bellium
2253 2644 2564 2700 credidisse.
2590 2645 2716 2706 Sed,
2741 2646 2995 2715 exposita
3014 2644 3120 2714 ﬁde
3150 2662 3249 2698 sua.
3263 2646 3433 2714 jurla
3457 2663 3517 2700 ea
3539 2661 3662 2714 qua:

2013 2733 2154 2786 Nicer
2213 2739 2371 2787 erant
2449 2750 2484 2788 a
2570 2735 2829 2788 Patribus
2888 2736 3222 2804 conscripta,
3291 2735 3666 2789 Orientalibus

2002 2822 2290 2892 perhibuit
2329 2822 2705 2878 testimonium
2758 2825 2844 2878 Ita
2869 2823 3136 2879 absolutis
3168 2827 3412 2878 omnium
3444 2826 3664 2892 ammis,

2009 2913 2161 2966 intra
2187 2914 2575 2967 conscientiam
2607 2912 3027 2980 communionis,
3051 2929 3262 2968 necnon
3293 2917 3460 2968 etiam
3492 2916 3548 2967 in
3578 2930 3664 2968 so-

2009 3004 2267 3058 cietatem
2315 3008 2564 3072 receptus
2607 3003 2953 3073 concilioque
2997 3005 3198 3058 ascitus
3248 3010 3346 3058 est.
3395 3004 3537 3056 Post
3566 3002 3664 3055 Sc-

2010 3091 2313 3147 leuciense
2347 3091 2690 3158 concilium,
2721 3093 2902 3162 hujus
2933 3091 3106 3164 legati
3157 3091 3671 3161 Constantinopoli

2011 3186 2272 3254 agentes,
2293 3181 2689 3236 Ariminensis
2709 3181 2918 3253 synodi
2941 3181 3149 3253 legatis
3172 3198 3321 3252 quos
3345 3198 3519 3252 prava
3545 3197 3672 3236 scn-

215 3230 478 3238 ““’““’“”“’
515 3230 874 3254 ⁹⁷““⁸“Ο“’““’⁷
906 3230 1222 3253 ν”““···“ι’“·
1249 3230 1528 3236 ””⁷“““““⁷“
1563 3230 1612 3235 ν’
1642 3230 1829 3234 “⁷”’”“”ν
1867 3230 1870 3231 ⁷
2013 3230 2687 3254 “Ο“““““’”7“““““’““““”““”’“”
2709 3230 2918 3253 “”α1“’““’
2943 3230 3147 3253 ““Ὀ’“““““
3177 3230 3317 3252 Ὶ⁹““”““
3348 3230 3519 3252 Ι’“““““
3545 3230 3552 3234 ⁷
3581 3230 3646 3236 ““’““

214 3273 404 3327 nione
438 3272 518 3328 sit
547 3289 720 3328 usus.
754 3273 898 3327 Nam
931 3276 1051 3326 tres
1077 3271 1252 3326 modo
1286 3269 1600 3326 memorati
1633 3267 1895 3340 episcopi
1923 3230 1972 3298 Ο
2013 3271 2121 3326 tire
2154 3270 2522 3338 nesciebant,
2553 3270 2798 3341 impiam
2832 3271 2983 3324 Aetii
3019 3272 3294 3326 hmresim
3322 3277 3380 3324 et
3406 3271 3670 3324 occultas

218 3362 539 3434 Sylvanus,
564 3361 844 3428 Basilius,
869 3361 1173 3435 Georgius,
1197 3361 1378 3432 hujus
1407 3359 1688 3416 factionis
1718 3356 1896 3413 verbo

220 3450 768 3507 consubstantialis
800 3450 1057 3506 inimica)
1105 3451 1409 3524 principes
1451 3453 1641 3504 erant.
1674 3448 1778 3502 His
1809 3451 1900 3502 est

221 3539 490 3597 breviter
518 3540 1040 3613 respondendum.

295 3633 387 3685 45.
422 3631 620 3703 {XLV}
653 3630 854 3686 Primo
885 3647 1002 3702 quo
1035 3647 1098 3686 se
1128 3630 1444 3702 reciperet,
1479 3643 1657 3700 quem
1688 3625 1897 3698 appel-

230 3719 384 3776 laret
411 3720 674 3792 Cyrillus
696 3719 725 3774 ?
773 3720 1039 3776 Liberius
1071 3721 1264 3776 adhuc
1323 3718 1490 3776 exsul
1521 3717 1751 3791 agebat,
1784 3713 1900 3771 sibi

233 3810 347 3882 ipsi
381 3810 773 3866 succurrendi
819 3810 1052 3882 impos;
1103 3815 1280 3882 atque
1326 3809 1439 3864 hoc
1472 3809 1601 3880 ipso
1633 3813 1901 3877 tempore

233 3897 402 3954 urbis
433 3916 640 3954 amore
698 3898 1085 3954 Athanasium
1131 3903 1190 3952 et
1241 3897 1544 3953 Nicaenum
1579 3895 1900 3951 concilium

237 3989 398 4060 turpi
425 3989 602 4060 lapsu
627 3987 940 4043 deserebat
965 3985 1337 4043 Alexandriae
1364 3985 1901 4057 incubabatlupus,

248 4075 552 4150 Georgius.
582 4077 753 4149 pulso
783 4094 889 4150 per
921 4077 1034 4132 vim
1068 4076 1389 4138 Athanasio
1422 4074 1580 4130 sedis
1613 4074 1742 4145 ejus
1774 4089 1903 4129 sce-

243 4164 433 4222 lestus
463 4167 721 4222 invasor.
774 4166 1088 4223 Antiochia
1137 4167 1414 4238 episcopo
1447 4165 1732 4220 destituta
1758 4167 1902 4218 erat.

2005 3362 2358 3416 Arianorum
2374 3377 2448 3415 ne
2467 3360 2573 3414 illa
2592 3360 3334 3416 damnareturmolitiones
3354 3361 3673 3415 denuntia-

2003 3456 2360 3521 runt;eaque
2378 3450 2579 3505 omnia
2596 3450 3078 3506 Occidentalibus
3098 3450 3378 3506 Ecclesiis
3397 3451 3676 3504 nuntian-

2006 3539 2082 3596 da
2111 3555 2478 3611 suggessere,
2520 3539 2679 3611 apud
2729 3539 2911 3596 Hilar.
2963 3541 3188 3611 Fragm.
3233 3543 3315 3603 lO,
3350 3557 3409 3593 ιι.
3450 3543 3496 3593 1.
3533 3541 3671 3592 Post

2007 3627 2330 3684 concilium
2373 3627 3126 3699 Constantinopolitanum,
3159 3645 3316 3682 anno
3359 3631 3483 3694 360,
3517 3627 3672 3682 datis

2009 3717 2231 3772 Hilario
2283 3717 2356 3772 ad
2403 3717 2739 3772 Gallicanos
2787 3717 3024 3777 litteris.
3064 3717 3418 3770 Arianorum
3453 3717 3668 3770 trium-

2010 3807 2192 3879 phum
2227 3811 2284 3861 et
2310 3813 2585 3878 suscepta
2615 3813 2822 3861 contra
2871 3805 3049 3860 ﬁdem
3083 3805 3333 3858 consilia
3365 3805 3669 3873 signiﬁca—

2009 3903 2168 3954 runt.
2205 3896 2422 3968 quibus
2467 3895 2706 3950 concilii
2757 3895 2968 3966 [XLVI]
3019 3895 3372 3950 Parisiensis
3405 3893 3666 3966 episcopi

2009 3987 2291 4042 fraternis
2325 3991 2383 4040 et
2413 3985 3042 4040 honoriﬁcentissimis
3096 3984 3311 4038 litteris
3342 3984 3670 4056 responde«

2012 4083 2155 4133 runt
2183 4076 2580 4148 Hilarfragm.
2610 4078 2808 4143 H,n.1
2839 4079 2897 4130 et
2917 4076 2964 4128 4.
2995 4076 3110 4129 Nec
3133 4074 3543 4130 Occidentales
3566 4089 3675 4144 pe-

2013 4169 2177 4222 nitus
2197 4166 2269 4222 ab
2291 4182 2496 4221 eorum
2517 4164 2938 4220 communione
2957 4163 3427 4219 abstinebant:id
3449 4179 3567 4216 non
3590 4179 3679 4216 so-

247 4257 382 4311 Veri
414 4262 476 4312 et
505 4257 723 4312 sinceri
755 4255 893 4312 fidei
924 4255 1268 4312 defensores
1300 4255 1388 4308 vel
1421 4255 1484 4308 in
1511 4253 1738 4308 exsiliis
1769 4269 1910 4324 pro—
2013 4259 2140 4314 lum
2172 4274 2242 4313 ex
2268 4258 2446 4312 modo
2478 4257 2827 4312 memoratis
2857 4255 3063 4310 Hilarii
3097 4256 3157 4310 in
3187 4255 3443 4310 concilio
3479 4253 3684 4310 Seleu-

243 4347 452 4418 scripti
471 4345 746 4419 agebant,
771 4346 860 4400 vel
887 4347 949 4400 in
971 4344 1217 4401 latebris
1239 4343 1696 4399 occultabantur
1721 4341 1906 4396 Semi-

244 4436 454 4491 Ariani
490 4453 642 4507 quos
675 4435 897 4496 dicunt.
929 4434 1164 4490 fervens
1195 4440 1320 4489 tum
1355 4431 1636 4488 adversus
1659 4432 1910 4487 Arianos

246 4526 522 4581 studium
555 4525 1052 4581 demonstrabant
1084 4527 1144 4578 2°
1183 4523 1581 4580 Semi-Ariani
1610 4527 1776 4576 extra
1803 4523 1908 4576 Ec-

2017 4348 2225 4416 ciensi,
2259 4351 2318 4402 et
2347 4345 2702 4402 Parisiensis
2731 4345 2970 4401 concilii
2997 4345 3285 4417 exemplis
3301 4349 3553 4408 constat,
3581 4343 3685 4400 sed

2019 4444 2076 4492 et
2107 4443 2244 4493 ante
2282 4435 2539 4491 Hilarius
2569 4435 2673 4490 lib.
2709 4437 2785 4490 De
2816 4434 3062 4506 synodis,
3095 4451 3156 4491 ιι.
3193 4437 3282 4501 77,
3319 4452 3470 4506 quos
3503 4433 3686 4490 semi-

2016 4528 2270 4583 Arianos
2305 4524 2580 4587 dicimus,
2611 4531 2780 4580 vocat
2808 4531 3023 4580 sanctos
3052 4527 3200 4580 viros
3220 4526 3528 4582 Orientales
3557 4524 3686 4595 epi-

243 4616 454 4672 clesiae
476 4616 962 4671 communionem
985 4632 1105 4670 non
1127 4619 1319 4671 erant.
1342 4613 1515 4669 Nullo
1546 4612 1787 4686 publico
1809 4613 1910 4667 Ec-
1941 4609 1986 4672 D
2017 4633 2248 4688 scopas;
2277 4631 2336 4671 ιι.
2374 4617 2463 4682 78,
2495 4615 2769 4671 studiosos
2801 4615 3116 4686 apostolicae
3167 4621 3333 4686 atque
3363 4615 3690 4684 evangelicae

244 4702 900 4776 clesizejudicio,quod
919 4701 1159 4774 quidem
1179 4699 1916 4757 exsecutionimandatum
2029 4707 2298 4762 doct-ring
2343 4706 2532 4769 viros;
2578 4721 2640 4760 ιι.
2691 4707 2780 4772 79,
2831 4705 3038 4774 fratres
3085 4705 3468 4770 charissimos;
3501 4721 3560 4758 ιι.
3601 4705 3693 4769 80,

241 4794 492 4862 fuisset,
516 4793 777 4850 damnati
800 4798 903 4848 aut
924 4793 1240 4864 proscripti
1270 4791 1530 4847 fuerant.
1557 4791 1624 4844 In
1655 4790 1919 4854 Oriente,

243 4891 316 4938 ut
343 4884 630 4949 vidimus,
654 4883 996 4956 promiscua
1017 4882 1362 4938 communio
1383 4885 1530 4935 erat.
1553 4881 1770 4935 Omnes
1795 4879 1920 4935 fere

248 4973 438 5044 hujus
461 4974 651 5048 partis
673 4977 859 5030 erant.
878 4971 1134 5044 demptis
1161 4971 1392 5028 Arianis
1417 4985 1668 5024 numero
1691 4970 1920 5040 paucis,

248 5069 318 5118 ut
347 5070 600 5136 apparet
626 5079 696 5118 ex
725 5061 984 5118 concilio
1009 5059 1400 5125 Seleuciensi,
1423 5059 1486 5114 in
1521 5074 1637 5130 quo
1669 5073 1922 5114 numero

255 5159 360 5211 «οδ
419 5156 667 5212 fuerunt
725 5171 795 5210 ex
845 5153 1024 5209 Hilar.
1088 5151 1192 5208 lib.
1254 5167 1338 5218 In,
1400 5157 1548 5207 cont.
1611 5151 1920 5220 Constant.,

2029 4797 2119 4863 88,
2153 4799 2288 4862 etc.,
2321 4796 2694 4850 sanctissimos
2725 4795 2894 4860 viros,
2919 4799 3030 4848 etc.
3065 4794 3422 4849 Athanasius
3454 4807 3694 4864 quoque

2035 4888 2104 4942 Dc
2135 4886 2358 4957 synod.,
2385 4902 2446 4943 n.
2481 4887 2572 4947 41,
2619 4885 2927 4941 Acacianis
2974 4883 3252 4939 refutatis
3285 4883 3370 4939 sic
3401 4883 3474 4938 ad
3509 4881 3691 4937 semi-

2034 4979 2284 5034 Arianos
2315 4977 2720 5032 convertitur:
2771 4977 2928 5031 Viros
2977 4977 3076 5046 qui
3115 4975 3230 5030 alia
3260 4975 3479 5046 quidem
3511 4975 3698 5029 omnia

2034 5069 2229 5122 Nicmce
2259 5067 2468 5136 scripta
2497 5069 2799 5137 recipiunt,
2848 5064 2916 5119 de
2961 5063 3079 5118 solo
3123 5070 3308 5119 autem
3339 5064 3697 5119 consubstan-

2036 5157 2192 5212 tialis
2219 5155 2484 5212 vocabulo
2534 5156 2846 5225 ambigunt,
2901 5169 3012 5208 non
3069 5159 3133 5208 ut
3185 5155 3436 5209 inimicos
3464 5155 3704 5225 spectari

251 5261 423 5301 num.
455 5249 541 5300 12.
574 5247 720 5301 Cum
753 5241 1232 5301 Occidentalibus
1282 5240 1397 5312 ipsi
1436 5241 1923 5296 communionem
2028 5262 2142 5317 par
2169 5251 2246 5301 est
2263 5261 2286 5309 ;
2317 5261 2494 5316 neque
2520 5246 2665 5301 enim
2711 5243 2863 5300 velut
2911 5244 3294 5299 Ariomanitas
3322 5250 3420 5300 aut
3469 5246 3705 5298 Patrum

254 5352 380 5392 non
410 5335 790 5393 recusabant.
817 5334 892 5390 Ut
920 5332 1082 5388 enim
1113 5332 1392 5387 omittant
1420 5336 1635 5386 cmtera
1665 5345 1926 5385 commu-

253 5427 454 5484 nionis
479 5427 685 5498 hujus,
706 5442 843 5498 qua:
866 5422 1402 5479 semi-Arianorum
1422 5419 1494 5474 ab
1517 5419 1753 5475 Arianis
1773 5419 1929 5476 divi-

257 5517 489 5574 sionem
518 5517 971 5590 praecesserunt
999 5516 1370 5586 argumenta.
1400 5523 1471 5565 ex
1495 5508 1770 5564 conciliis
1795 5509 1931 5565 Phi-

255 5605 716 5683 lippopolitano,
762 5601 1198 5660 Mediolanensi
1241 5617 1384 5658 ann.
1431 5600 1555 5670 349,
1617 5597 1928 5658 Sirmiensi

254 5714 395 5756 ann.
429 5703 552 5766 351,
591 5692 1034 5754 Mediolanensi
1077 5707 1220 5749 ann.
1259 5693 1386 5759 355,
1415 5693 1674 5762 sumpta,
1707 5696 1768 5746 et
1795 5709 1929 5764 quis

571 5821 861 5882 ΡΑτιιοι..
906 5813 1024 5874 Gn.
1069 5809 1346 5875 XXXIII.

2038 5335 2382 5392 adversarios
2431 5334 2677 5390 homines
2751 5332 3149 5404 aggredimur;
3210 5334 3306 5390 sed
3361 5335 3706 5404 disputamus

2038 5426 2213 5482 veluti
2239 5426 2448 5494 fratres
2479 5441 2600 5480 cum
2625 5423 2920 5493 fratribus,
2953 5425 3054 5494 qui
3091 5425 3279 5480 eadem
3311 5439 3423 5494 qua
3450 5440 3547 5479 nos
3577 5426 3705 5479 sunt

2037 5516 2332 5580 sententia,
2391 5514 2510 5570 solo
2565 5515 2788 5569 nomine
2847 5515 2907 5568 in
2966 5517 3390 5570 controversiam
3443 5515 3703 5569 adducto.

2041 5604 2222 5660 Addit
2250 5602 2407 5660 infra
2435 5604 2616 5660 talem
2645 5619 2776 5660 esse
2811 5602 3096 5659 Basilium
3130 5606 3374 5676 Ancyra:
3398 5603 3458 5658 in
3488 5603 3612 5658 suis
3633 5599 3704 5655 de

2043 5693 2160 5750 ﬁde
2185 5693 2451 5765 scriptis;
2476 5691 2921 5765 quibus,quoad
2943 5698 3250 5748 externam
3273 5693 3485 5750 saltem
3510 5697 3567 5747 et
3587 5686 3715 5753 oris

3349 5810 3387 5867 3
