4052 6396
439 415 516 474 75
1725 410 1826 472 DE
1871 409 2056 472 γιΤΑ

2212 409 2315 472 CY
2326 411 2532 472 RILLI
2546 455 2560 470 .
3757 419 3824 478 76

435 545 891 619 professionem,
925 543 1290 618 adjungendi
1321 542 1628 615 conjuncti
1653 542 1766 615 ipsi
1797 543 2082 616 episcopi.
2116 546 2170 611 Α
2198 559 2464 616 ρι-ωεεῐιε
2496 547 2755 616 tempus.
2787 541 3074 616 Sylvanus
3100 543 3369 613 demum,
3393 561 3568 618 quem
3594 546 3827 604 Theodo.

435 636 632 692 Tertio
666 637 888 710 itaque,
923 636 1158 692 tametsi
1205 635 1278 690 de
1329 633 1582 690 occultis
1615 634 1928 688 hominum
1961 649 2102 688 sen-
2205 641 2370 690 retus
2400 635 2793 691 admirandum
2825 637 3016 691 virum
3047 636 3250 692 dicere
3291 653 3409 692 non
3443 634 3682 705 dubitat,
3710 653 3821 694 san-

436 727 638 780 tentiis
659 725 893 781 nullum
909 725 1208 798 judicium
1231 725 1463 779 institui
1488 724 1696 796 possit.
1723 731 1782 779 et
1805 740 1874 778 ex
1898 737 2103 777 conse-

435 815 756 886 quentibus
787 813 1080 872 Eustathii
1127 813 1460 880 Sebasteni,
1497 813 1726 885 Georgii
1763 809 2102 875 Laodiceni,

435 905 654 960 Eleusii
689 905 978 976 Cyziceni,
1021 909 1158 971 etc.,
1209 903 1412 976 gestis,
1466 903 1567 974 qui
1599 902 1660 957 in
1691 902 1968 957 haeresim
2001 904 2105 955 aut

437 995 698 1050 schisma
728 995 878 1066 lapsi
911 1000 1068 1062 sunt,
1103 993 1314 1067 ingens
1359 993 1620 1065 suspicio
1655 992 1715 1047 in
1748 1007 1956 1047 eorum
1991 991 2102 1044 hoc

435 1088 700 1156 tempore
733 1082 914 1138 fidem
945 1087 1336 1156 aspergatur;
1364 1087 1566 1137 tamen
1599 1097 1670 1136 ex
1703 1096 1908 1136 eorum
1943 1084 2104 1134 exte-

433 1173 577 1228 riori
609 1173 1000 1246 professione,
1029 1189 1163 1245 quas
1217 1172 1370 1228 nihil
1421 1189 1456 1227 a
1505 1171 1745 1227 Nicmna
1775 1169 1895 1226 nisi
1927 1167 2102 1223 verbo

435 1270 610 1318 tenus
633 1261 981 1330 dissidebat,
1005 1269 1284 1334 recteque
1310 1260 1619 1316 intellecta
1641 1261 1848 1315 eodem
1871 1257 2107 1314 redibat

425 1353 628 1425 judice
656 1353 983 1408 Athanasio
1007 1351 1136 1407 loco
1161 1352 1362 1418 citato,
1387 1356 1447 1405 et
1472 1349 1727 1414 Hilario,
1754 1350 1828 1404 De
1857 1347 2103 1419 synodis,

436 1460 495 1499 n.
529 1445 618 1510 72,
652 1443 741 1507 76,
775 1445 864 1510 77,
915 1443 1004 1509 89,
1037 1447 1096 1496 et
1139 1457 1210 1495 ex
1256 1456 1466 1495 eorum
1507 1439 1788 1495 adversus
1824 1439 2104 1493 Arianam

435 1533 807 1604 impietatem
831 1531 1050 1598 studio,
1073 1529 1330 1602 Cyrillus
1353 1547 1454 1585 eos
1476 1529 1560 1584 uti
1584 1529 1800 1584 fratres
1820 1533 1879 1582 et
1903 1544 2103 1583 secum

440 1621 651 1677 eadem
679 1621 1007 1675 sentientes
1032 1625 1300 1691 spectare
1324 1624 1576 1691 poterat,
1603 1634 1812 1673 eorum
1845 1633 2108 1672 commu-

439 1711 685 1766 nionem
717 1709 1019 1780 amplecti,
1043 1715 1103 1764 et
1133 1709 1195 1764 in
1227 1707 1405 1764 rebus
1437 1707 1673 1763 afflictis
1705 1706 2104 1779 patrocinium

447 1817 732 1873 quaerere.
772 1800 886 1854 Nec
918 1798 1138 1854 idcirco
1171 1803 1273 1854 aut
1323 1799 1384 1853 in
1435 1798 1572 1861 fide,
1607 1803 1712 1853 aut
1743 1797 1805 1852 in
1836 1813 2102 1852 commu-

2206 724 2282 780 cti
2317 741 2554 796 quoque
2586 725 2786 781 Basilii
2817 725 3026 798 elogiis
3051 726 3384 781 honoratur
3415 727 3580 799 epist.
3614 729 3694 793 82,
3716 745 3827 802 pag.

2209 817 2304 869 151
2336 831 2351 879 ;
2386 815 2559 886 epist.
2591 818 2681 878 79,
2715 833 2772 887 p.
2810 817 2901 870 141
2936 840 2950 882 ς
3007 816 3179 887 epist.
3230 819 3318 882 50,
3372 833 3430 888 p.
3486 819 3571 871 78.
3598 816 3830 887 Elpidius

2207 919 2364 958 unus
2397 921 2427 958 e
2457 904 2694 960 concilii
2730 905 3131 960 Seleuciensis
3163 905 3370 977 legatis
3402 905 3533 971 fuit,
3566 905 3660 977 qui
3689 907 3828 962 Occi-

2208 992 2542 1048 dentalium
2573 993 2857 1049 adversus
2881 996 3200 1050 Anomazos
3232 994 3412 1050 fidem
3436 994 3828 1066 imploravere;

2209 1087 2268 1136 et
2298 1081 2358 1137 in
2392 1099 2600 1138 eorum
2633 1083 2734 1156 qui
2763 1083 2838 1138 ad
2873 1083 3171 1138 Liberium
3222 1083 3562 1154 delegavere
3592 1099 3720 1139 ann.
3745 1085 3830 1138 366

2210 1187 2460 1226 numero
2492 1172 2624 1239 fuit,
2657 1179 2716 1227 et
2745 1189 2779 1228 a
2811 1173 3028 1228 Basilio
3078 1174 3250 1244 epist.
3287 1177 3377 1241 72,
3410 1191 3463 1244 p.
3503 1175 3620 1238 118,
3650 1172 3829 1228 lauda-

2211 1265 2326 1315 tur-
2362 1261 2488 1318 Vid.
2523 1263 2695 1334 epist.
2725 1265 2828 1316 215
2861 1269 2919 1317 et
2948 1264 3072 1317 322.
3103 1263 3384 1335 Superest
3414 1263 3684 1335 Georgius
3709 1261 3830 1316 Lao-

2209 1347 2477 1417 dicenus,
2510 1350 2682 1422 cujus
2714 1350 2886 1406 initia
2934 1357 2994 1405 et
3045 1351 3228 1406 finem
3274 1367 3394 1406 non
3433 1351 3705 1406 damnare
3731 1366 3832 1405 non

2209 1455 2547 1509 possumus.
2583 1442 2658 1494 At
2688 1456 2784 1494 an.
2820 1442 2922 1495 358
2954 1441 3187 1495 fervens
3217 1439 3529 1496 adversum
3551 1444 3832 1496 Anomceos

2211 1528 2472 1583 studium
2505 1528 2971 1585 demonstrabat.
3027 1529 3325 1586 Eudoxius
3377 1531 3558 1598 enim,
3590 1529 3686 1602 qui
3726 1529 3831 1584 sine

2213 1617 2341 1690 ejus
2373 1624 2432 1671 et
2461 1617 2715 1673 aliorum
2741 1617 2816 1674 ad
2842 1635 2992 1690 quos
3013 1619 3225 1675 electio
3256 1621 3591 1692 pertinebat
3613 1634 3831 1676 consen-

2213 1724 2302 1773 su,
2328 1709 2759 1765 Antiochenam
2783 1709 3108 1765 Ecclesiam
3133 1717 3678 1784 occupaverat,cum
3698 1709 3834 1764 Aria-

2212 1813 2352 1852 nam
2387 1798 2667 1854 heresim
2719 1799 2916 1870 palam
2965 1817 3033 1855 ac
3083 1798 3316 1856 detecta
3357 1801 3548 1857 fronte
3578 1799 3833 1872 praedica-

438 1890 617 1945 nione
645 1888 910 1955 variavit,
946 1888 1107 1960 quod
1139 1888 1253 1959 ipsi
1286 1905 1321 1944 a
1352 1887 1564 1943 Ruﬁno
1605 1887 1920 1960 objicitur:
1955 1903 2104 1958 quos
2132 1919 2183 1988 Β
2213 1892 2305 1942 ret
2331 1888 2430 1959 (3),
2464 1888 2684 1944 multos
2714 1889 2817 1960 qui
2851 1889 2964 1944 sibi
3014 1889 3482 1946 adversabantur
3515 1891 3747 1946 clericos
3773 1885 3831 1942 ab

441 1981 602 2036 enim
633 1979 998 2035 Athanasius
1044 1985 1102 2034 et
1147 1979 1404 2035 Hilarius
1432 1984 1498 2034 ut
1525 1978 1739 2034 fratres
1779 1977 2102 2046 habebant,

441 2089 516 2130 an
539 2073 664 2146 ipse
685 2090 792 2145 pro
817 2073 1078 2128 inimicis
1098 2071 1456 2128 habuisset?
1486 2075 1685 2144 Neque
1708 2071 1929 2128 idcirco
1961 2087 2099 2127 con-

443 2164 851 2220 substantialis
874 2171 976 2219 aut
998 2164 1177 2220 fidem
1209 2170 1312 2220 aut
1341 2179 1544 2219 vocem
1577 2163 1967 2236 rejecit,sicut
1995 2178 2104 2217 ne-

441 2271 557 2327 que
588 2255 846 2310 Hilarius
879 2271 1016 2310 cum
1049 2255 1134 2310 eis
1166 2255 1226 2310 in
1267 2254 1522 2310 concilio
1555 2253 1920 2310 Seleuciensi
1951 2252 2103 2308 resi-

440 2345 658 2411 dendo,
691 2362 885 2416 neque
910 2345 1186 2400 Dianaius
1208 2344 1594 2399 Cmsariensis
1620 2343 1681 2398 in
1703 2342 2098 2414 Cappadocia,

441 2433 533 2487 vel
559 2433 872 2505 Gregorius
896 2434 1287 2489 Nazianzenus
1311 2433 1500 2488 sancti
1524 2438 1724 2505 patres
1747 2431 1809 2486 in
1835 2429 2098 2504 generali

441 2522 699 2577 Orientis
751 2523 1175 2578 communione
1219 2522 1610 2584 remanendo.
1644 2520 1880 2577 tametsi
1921 2519 2096 2576 ambo

437 2617 645 2684 postea
678 2612 1038 2667 Ariininensi
1062 2611 1336 2668 formula:
1361 2611 1864 2683 subscripserint;
1897 2625 2094 2681 neque

434 2701 607 2756 multi
638 2701 739 2756 alii
775 2701 835 2756 in
859 2701 1120 2769 Oriente,
1146 2701 1248 2756 ubi
1271 2701 1574 2756 neminem
1599 2700 1692 2755 his
1726 2699 2094 2772 temporibus

430 2790 958 2848 consubstantialis
981 2797 1483 2865 propugnatorem
1505 2789 1803 2845 exstitisse
1831 2788 2094 2844 incredi-

427 2880 566 2937 bilis
596 2899 838 2954 prorsus
871 2899 964 2938 res
996 2888 1104 2937 est.

497 2975 587 3028 46.
619 2975 836 3039 Quarto
886 2973 1168 3044 denique,
1223 2973 1264 3027 ii
1309 2971 1667 3044 quibuscum
1719 2970 2090 3026 communio-

426 3079 566 3118 nem
585 3068 688 3117 aut
704 3063 1048 3117 societatem
1067 3061 1179 3116 hoc
1200 3067 1466 3134 tempore
1489 3059 1788 3116 retinebat
1809 3059 2085 3132 Cyrillus,

426 3152 718 3224 majorem
749 3151 1032 3206 omnibus
1076 3151 1214 3207 fidei
1260 3151 1537 3207 ardorem
1568 3150 2082 3207 demonstrabant.

2211 1976 2474 2032 Ecclesia
2507 1978 2717 2050 ejecit:
2751 1978 2853 2050 qui
2875 1996 3009 2034 cum
3037 1979 3111 2034 ad
3133 1980 3449 2053 Georgium
3474 1978 3832 2035 Laodicenum

2211 2084 2274 2122 se
2305 2068 2692 2139 recepissent,
2724 2067 2954 2124 litteras
3003 2068 3106 2124 ille
3158 2069 3245 2124 eis
3290 2070 3456 2126 dedit
3495 2071 3568 2126 ad
3598 2065 3833 2124 Macedo-

2210 2156 2397 2226 nium,
2456 2157 2740 2212 Basilium
2788 2163 2848 2212 et
2903 2158 3257 2232 Cecropium
3316 2158 3830 2220 Nicomediensem;

2209 2245 2424 2316 quibus
2443 2245 2740 2318 signiﬁcat
2757 2247 3084 2303 Eudoxium
3108 2248 3260 2303 Aetii
3281 2248 3602 2322 discipulos
3621 2247 3688 2303 ab
3709 2244 3832 2318 ipsis

2205 2334 2452 2390 infamia
2491 2335 2795 2404 multatos,
2828 2337 2889 2391 in
2940 2337 3167 2393 clerum
3207 2339 3596 2410 promovisse,
3626 2334 3830 2392 Aetium

2203 2442 2324 2498 pra:
2355 2427 2586 2482 caateris
2616 2427 2679 2482 in
2709 2427 2941 2482 deliciis
2973 2427 3192 2483 habere
3217 2445 3232 2496 ;
3266 2428 3539 2484 hortatur
3566 2434 3628 2482 ut
3672 2440 3826 2497 quani

2207 2517 2468 2572 maximo
2501 2535 2753 2574 numero
2797 2518 3030 2590 possint
3063 2519 3124 2574 in
3157 2536 3350 2575 unum
3397 2519 3753 2576 conveniant.
3782 2518 3829 2567 et

2201 2607 2456 2662 aliorum
2487 2607 2904 2680 episcoporum
2937 2607 3415 2681 subscriptiones
3446 2602 3827 2682 postulent,uti

2204 2696 2501 2752 Eudoxius
2532 2698 2767 2752 Aetium
2819 2697 3081 2753 Ecclesia
3135 2699 3418 2770 expellat,
3466 2703 3753 2772 promotos
3777 2693 3826 2746 iii

2199 2785 2426 2841 clerum
2452 2787 2582 2859 ejus
2604 2787 2929 2859 discipulos
2947 2787 3277 2860 dejiciat,et
3292 2789 3532 2845 desinat
3550 2791 3830 2843 Anomaaos

2197 2875 2750 2933 dissimilitudinem
2772 2877 3166 2949 praedicantes
3189 2879 3493 2934 contraria
3511 2873 3830 2932 docentibus

2195 2972 2561 3038 anteponere
2589 2967 2690 3022 His
2721 2967 2951 3040 Georgii
2987 2967 3201 3023 litteris
3241 2967 3492 3036 factum,
3516 2973 3580 3022 ut
3604 2961 3826 3020 Basilius

2195 3062 2254 3110 et
2281 3055 2384 3111 alii
2415 3055 2476 3111 in
2508 3057 2734 3128 synodo
2763 3057 3079 3128 Ancyrana
3111 3064 3170 3112 et
3196 3063 3413 3129 postea
3441 3049 3826 3119 Sirmiensi,si-

2193 3145 2598 3201 militudinem
2631 3146 2982 3201 substantias
3030 3147 3492 3214 confirmarent,
3524 3152 3580 3202 et
3607 3141 3824 3210 impiam

425 3241 695 3312 Quinque
729 3242 986 3296 maxime
1031 3240 1103 3296 ab
1130 3241 1428 3297 historicis
1459 3247 1888 3305 memorantur,
1921 3239 2080 3296 Basi-
2113 3285 2153 3312 ε
2191 3235 2579 3292 Sirmiensem
2627 3253 2765 3291 anu.
2823 3237 2926 3290 359
2972 3236 3296 3293 formulam
3343 3256 3472 3294 non
3501 3234 3825 3293 damnarent

423 3288 540 3386 lius
565 3288 836 3402 chyraz.
857 3331 1141 3403 Sylvanus
1167 3332 1494 3398 Tarsensis,
1518 3331 1784 3403 Elpidius
1809 3288 2072 3387 Salalen-
2108 3288 2154 3369 Β
2191 3324 2408 3389 SOlum.
2439 3325 2544 3380 sed
2575 3330 2635 3380 et
2663 3325 2734 3380 ab
2775 3326 3016 3381 Ursacio
3061 3332 3120 3380 et
3167 3327 3422 3383 Valente
3451 3321 3824 3384 damnandam

425 3421 528 3488 sis,
563 3421 848 3493 Georgius
880 3421 1265 3490 Laodiceniis,
1320 3421 1665 3477 Eustathius
1695 3419 2076 3476 Sebastenus.

419 3509 500 3564 De
539 3510 758 3565 Basilio
811 3526 992 3580 supra
1037 3509 1292 3566 vidimus
1339 3510 1597 3584 elogium
1643 3510 1973 3566 Athanasii.
2022 3511 2078 3566 Is

419 3600 688 3654 omnium
713 3617 844 3671 quae
867 3603 1111 3673 Ancyrae
1135 3605 1193 3656 et
1211 3601 1408 3656 Sirmii
1431 3601 1746 3656 adversum
1768 3604 2076 3657 Anommos

410 3696 577 3761 gesta
596 3696 736 3764 sunt
756 3695 921 3744 actor
941 3697 1000 3745 et
1021 3689 1302 3746 incitator
1325 3707 1393 3746 ac
1415 3689 1788 3762 conscriptor
1807 3689 1956 3757 fuit;
1989 3691 2074 3746 si-

408 3778 814 3835 militudinem
841 3779 974 3834 Filii
999 3796 1136 3835 cum
1154 3780 1327 3836 Patre
1348 3779 1424 3836 ad
1447 3780 1649 3834 omnia
1668 3796 1914 3851 prorsus
1937 3795 2073 3835 eum

408 3868 744 3923 extendisse
765 3867 945 3923 [idem
967 3867 1108 3924 facit
1125 3869 1254 3940 ejus
1279 3869 1640 3941 subscriptio
1659 3868 1934 3923 formulas
1958 3867 2072 3923 Sir-

407 3957 658 4012 miensis
692 3974 834 4013 ann.
861 3957 1154 4030 359,apud
1181 3959 1388 4030 Epiph.
1422 3960 1636 4016 haires.
1669 3976 1868 4027 Lxxui,
1893 3976 1953 4014 n.
1978 3961 2069 4014 22.

409 4045 696 4117 Sylvanus
718 4045 924 4116 Cyrilli
952 4046 1172 4118 hospes
1190 4047 1250 4101 in
1273 4049 1527 4104 concilio
1545 4048 1912 4103 Seleuciensi
1934 4065 2070 4103 con-

411 4134 722 4190 firmanda)
744 4134 1016 4189 formula:
1039 4135 1429 4190 Antiochensi
1459 4143 1670 4192 auctor
1691 4136 1973 4191 fuit.Inde
1994 4137 2069 4192 ad

411 4225 837 4296 imperatorem
862 4222 1167 4296 delegatus
1197 4239 1333 4279 cum
1356 4225 1594 4293 Basilio,
1627 4225 1860 4297 [XLVII]
1897 4226 2070 4281 Eleu-

2185 3421 2593 3485 procurarent.
2629 3415 2728 3470 His
2761 3415 3151 3486 temporibus,
3185 3433 3316 3488 quas
3357 3419 3580 3490 optima
3609 3428 3739 3470 sane
3767 3411 3819 3463 in

2181 3504 2300 3560 vita
2330 3504 2589 3559 hominis
2619 3505 2890 3576 alioquin
2921 3503 3192 3560 illaudati
3225 3499 3816 3575 eluxerunt.Cyrillus

2181 3593 2684 3649 consuetudinem
2709 3611 2842 3649 cum
2870 3611 2939 3649 eo
2960 3595 3187 3663 habuit,
3210 3612 3394 3668 quam
3415 3593 3649 3667 abrupit
3668 3603 3816 3649 sane.

2180 3693 2499 3758 postquam
2533 3701 2595 3740 se
2627 3683 2728 3739 ille
2756 3685 2952 3741 Acacii
2983 3685 3254 3756 partibus
3277 3687 3563 3754 reddidit,
3587 3689 3716 3739 ante
3737 3675 3819 3732 vel

2177 3775 2356 3848 paulo
2378 3781 2513 3848 post
2533 3775 2855 3830 concilium
2875 3775 3606 3848 Constantinopolitanum
3627 3768 3816 3829 an.360

2177 3882 2250 3921 ex
2279 3865 2484 3937 Epiph.
2520 3865 2733 3920 haeres.
2765 3881 2957 3930 Lxxiii,
2989 3882 3049 3922 n.
3084 3868 3172 3923 28.

2799 3954 3034 4011 CAPUT
3077 3956 3218 4012 Vill.

2174 4045 2252 4099 De
2279 4045 2671 4100 successoribus
2703 4043 2908 4113 Cyrillo
2938 4045 3166 4101 diversis
3197 4047 3534 4117 temporibus
3563 4044 3630 4100 ab
3661 4041 3815 4099 Aria-

2278 4151 2355 4189 na
2380 4136 2623 4204 factione
2660 4133 2831 4194 datis.
2865 4150 2930 4189 ac
2953 4136 3304 4204 potissimum
3336 4137 3406 4191 de
3433 4134 3717 4206 Eutychio.

2242 4225 2330 4277 47.
2365 4223 2645 4296 Cyrillum
2677 4223 2970 4295 tantisper
2997 4225 3160 4280 Tarsi
3211 4224 3618 4297 hospitantem
3647 4219 3816 4276 relin-

409 4314 520 4382 sio,
549 4313 875 4377 Eustathio,
899 4313 961 4368 in
983 4313 1301 4369 collatione
1325 4330 1461 4370 cum
1484 4315 1745 4370 Eudoxio
1769 4321 1828 4370 et
1855 4316 2066 4372 Acacio
2171 4329 2446 4384 quamus,
2505 4319 2571 4368 ut
2619 4313 3050 4385 Jerosolymam
3092 4313 3312 4369 reversi
3366 4315 3431 4370 in
3482 4312 3814 4371 substitutos

407 4420 612 4458 coram
662 4403 1024 4475 imperatore
1071 4403 1294 4471 habita,
1327 4405 1608 4477 princeps
1641 4405 2064 4478 disputationis
2168 4402 2282 4476 ipsi
2306 4419 2680 4460 successores
2701 4403 3249 4474 inquiramus.Cum
3271 4403 3532 4476 Cyrillus
3552 4418 3702 4474 saape
3723 4398 3814 4453 de-

399 4492 548 4560 fuit;
583 4493 643 4548 in
675 4510 793 4564 qua
833 4502 1146 4548 Anommos
1201 4493 1394 4567 coegit
1436 4499 1503 4550 ut
1549 4494 1768 4551 multas
1811 4495 2063 4552 Arianas
2167 4493 2397 4564 positus
2427 4497 2488 4548 et
2514 4491 2772 4548 Ecclesia
2802 4492 3010 4564 pulsus
3062 4493 3139 4548 sit
3186 4491 3457 4565 [XLVIII]
3496 4491 3670 4550 annis
3701 4487 3816 4551 358,

397 4578 803 4655 blasphemias
825 4583 1205 4638 anathemate
1222 4582 1558 4652 ferirent,et
1579 4584 2060 4642 consubstantia-
2165 4583 2291 4648 360,
2317 4584 2443 4651 367,
2477 4581 2637 4654 quod
2667 4581 2949 4636 ultimum
2982 4582 3260 4638 exsilium
3285 4599 3586 4639 annorum
3618 4577 3816 4636 duode-

393 4671 513 4728 lem
545 4673 702 4728 Patri
735 4671 958 4728 Filium
991 4671 1359 4728 credendum
1386 4689 1515 4729 esse
1545 4673 1839 4746 probavit,
1875 4673 2058 4746 siqui-
2093 4673 2138 4736 ι)
2169 4673 2288 4728 cim
2318 4670 2466 4739 fuit;
2500 4671 2716 4726 diversi
2751 4689 2988 4744 quoque
3019 4671 3133 4744 ipsi
3181 4672 3434 4729 diversis
3461 4667 3815 4744 temporibus

393 4759 530 4816 dem
565 4761 934 4818 Theodoreto
966 4761 1116 4818 ﬁdes
1165 4759 1541 4831 adhibeatur,
1581 4763 1684 4818 lib.
1720 4781 1784 4828 ii,
1815 4765 2050 4832 Histor.,

390 4867 518 4923 cap.
544 4855 632 4908 27.
658 4854 772 4909 Nec
799 4851 998 4908 minus
1020 4851 1082 4908 in
1107 4869 1176 4908 eo
1202 4851 1486 4908 conﬂictu
1513 4853 1734 4909 Eleusii
1765 4859 1825 4909 et
1851 4855 2053 4910 Eusta-

388 4941 500 4995 thii
538 4941 723 4998 eluxit
753 4941 1108 4998 constantia.
1143 4941 1308 4996 Idem
1358 4941 1644 5013 Sylvanus
1675 4959 1812 4998 cum
1843 4944 2053 5000 Eusta-

389 5029 514 5084 thio
541 5037 598 5085 et
619 5031 946 5102 Theophilo
967 5031 1397 5098 Castabalensi,
1423 5031 1748 5088 multorum
1771 5033 2050 5100 aliorum,

389 5117 453 5172 in
485 5119 702 5188 quibus
733 5127 824 5175 est
849 5120 1138 5191 Elpidius,
1188 5121 1433 5176 nomine
1473 5137 1613 5176 ann.
1661 5123 1764 5176 366
1795 5122 2051 5194 delegati

386 5207 460 5262 ad
493 5207 792 5263 Liberium
835 5209 1202 5280 pontiﬁcem,
1253 5207 1721 5266 declarationem
1756 5229 1878 5268 sum
1910 5211 2052 5299 ﬁdei

383 5295 701 5363 dederunt,
729 5298 792 5352 in
823 5314 940 5369 qua
969 5298 1276 5355 Nicaanum
1307 5298 1650 5370 symbolum
1681 5295 2052 5374 amplectun:

379 5389 500 5449 tur.
529 5403 778 5460 seseque
809 5391 986 5444 antea
1033 5389 1298 5444 tenuisse
1345 5389 1734 5460 profitentur,
1765 5409 2048 5466 κεκρατη-

371 5473 519 5528 κέναι
549 5476 638 5529 καὶ
687 5480 921 5551 κρατεῖν,
973 5477 1130 5550 apud
1183 5479 1404 5534 Socrat.
1458 5478 1564 5534 lib.
1613 5497 1767 5549 iv,c.
1811 5485 1896 5537 12.
1933 5482 2049 5538 Eu-

367 5565 622 5622 stathius
667 5571 876 5639 postea
905 5566 969 5624 in
1025 5566 1305 5624 haeresim
1364 5567 1612 5641 lapsus:
1647 5569 1753 5626 sed
1784 5570 1940 5628 nihil
1971 5571 2048 5627 ad

447 5745 526 5816 (3)
560 5745 710 5815 Soz.,
744 5745 850 5804 lib.
886 5763 958 5816 iv,
993 5763 1045 5802 c.
1080 5747 1149 5800 12
1178 5752 1238 5802 et
1272 5750 1352 5802 13.

2163 4780 2540 4820 successores
2571 4763 2850 4836 oppositi.
2879 4764 2947 4818 In
2978 4763 3072 4818 his
3102 4765 3494 4821 recensendis
3528 4781 3648 4819 non
3681 4757 3816 4816 satis

2161 4871 2410 4910 concors
2440 4859 2752 4910 auctorum
2803 4855 3122 4910 sententia.
3159 4855 3265 4911 llic
3309 4872 3412 4911 eos
3462 4870 3672 4912 omnes
3703 4863 3813 4906 uno

2161 4949 2486 5016 conspectu
2536 4949 2968 5016 repraisentare
2993 4944 3182 5016 juvat,
3213 4950 3281 5000 ut
3330 4945 3587 5002 liberius
3617 4947 3814 5016 postea

2161 5035 2440 5090 decurrat
2458 5032 2669 5088 oratio.
2694 5033 2913 5087 Eorum
2937 5033 3185 5088 nomina
3215 5038 3277 5088 et
3304 5031 3584 5089 ordinem
3609 5041 3814 5086 secun-

2161 5123 2303 5180 dum
2333 5123 2597 5178 diversos
2621 5127 2894 5176 auctores
2927 5121 3012 5176 sic
3041 5121 3226 5178 habes
3252 5139 3265 5176 :

2301 5214 2388 5269 Ea:
2414 5213 2752 5282 Hieronymo
2780 5213 2840 5265 in
2888 5210 3205 5283 Chronico,
3237 5211 3314 5268 ad
3341 5227 3481 5270 ann.
3517 5212 3643 5266 349.

2230 5305 2372 5359 Post
2391 5301 2731 5368 Maximum,
2753 5299 3027 5374 Cyrillus.

2229 5391 2575 5464 Eutychius.

2229 5483 2489 5538 Rursum
2517 5479 2797 5552 Cyrillus.

2230 5571 2511 5629 lreneaus.
