4052 6452
223 514 290 597 \'\
1606 550 1709 610 DE
1756 548 1947 610 01351

2047 550 2274 616 I‘ATIO
2322 558 2370 617 Ι.
3631 574 3710 631 '78

296 672 459 729 Tertio
488 672 787 746 Cyrinus.

308 763 523 821 Hilarius
534 807 545 819 .

329 856 501 921 Quarto
528 854 822 927 Cyrillus.

480 948 555 1002 Ea:
582 946 927 1019 Epiphanio
993 950 1204 1007 haeres.
1235 968 1380 1021 va1,
1418 968 1571 1007 num.
1604 954 1692 1007 20.

1977 682 2031 749 Α
2060 680 2165 741 lib.
2192 702 2249 753 ιι,
2282 705 2334 744 c.
2365 690 2458 760 45,
2487 698 2807 768 postquam
2835 705 3006 772 geeta
3026 717 3151 757 non
3183 702 3376 758 solum
3409 703 3548 758 anni
3582 704 3710 762 360.

2057 775 2162 830 sed
2193 778 2371 834 etiam
2401 784 2542 838 anni
2575 785 2671 840 361
2709 787 2931 843 retulit.
2955 789 3100 845 Cum
3130 807 3267 847 vero
3303 791 3704 863 Hieronymus

2051 864 2345 924 Irenaeum
2377 870 2597 943 Cyrillo
2632 877 2959 935 sucessisse
3003 879 3181 945 dicat,
3240 886 3562 953 postquam
3596 882 3708 936 iste

2052 953 2255 1011 sedem
2286 975 2526 1017 rursum
2550 966 3034 1035 conscendisset;
3069 986 3191 1024 non
3220 976 3356 1025 ante
3388 972 3710 1027 concilium

348 1038 584 1112 Cyrillus.
2051 1040 2451 1120 Seleucience,
2472 1067 2589 1122 quo
2620 1055 2932 1111 restitutus
2956 1059 3187 1114 estsine
3222 1059 3401 1114 dubio
3432 1060 3708 1131 Cyrillus,

349 1132 666 1189 Herennius.
2050 1138 2109 1187 et
2134 1136 2401 1205 proxime
2435 1148 2706 1197 secutum
2736 1145 3064 1201 concilium
3096 1148 3709 1221 Constantinopolita-

348 1224 579 1295 Cyrillus
601 1222 759 1278 alter.
2048 1240 2216 1294 num,
2248 1243 2406 1285 anno
2438 1231 2564 1302 360,
2605 1252 2722 1306 quo
2756 1241 2846 1292 est
2875 1238 3139 1295 secunda
3166 1241 3289 1296 vice
3321 1241 3626 1312 depositus
3655 1246 3714 1297 et

353 1314 689 1370 Hilarionus.
2048 1316 2379 1386 exsultavit,
2414 1338 2658 1379 vacuam
2712 1326 2917 1382 sedem
2949 1327 3225 1384 invadere
3260 1331 3455 1401 potuit
3485 1333 3713 1386 Heren-

271 1406 364 1460 Ez
387 1411 609 1474 sacrate,
639 1404 730 1460 lib.
759 1419 821 1470 ιι,
849 1401 1055 1471 Hist.,
1097 1417 1223 1473 cap.
1264 1402 1355 1470 45,
1383 1407 1435 1457 et
1464 1402 1677 1458 Sozam.
1731 1400 1825 1471 lib.
1863 1417 1938 1470 1v,
2045 1405 2200 1461 nius.
2238 1407 2354 1464 Sub
2384 1411 2620 1469 Juliano
2640 1416 2896 1488 Cyrillus
2929 1400 3406 1492 Hierosolymam
3438 1423 3699 1491 revertit,

969 1508 1110 1563 cap.
1151 1492 1241 1548 30.
2046 1497 2439 1556 etEcclesiam
2455 1507 2688 1559 mortuo
2704 1504 2791 1561 vel
2808 1506 2979 1578 pulso
2998 1507 3300 1564 Herennio
3314 1511 3696 1567 administra-

346 1584 622 1656 Cyrillus.
1274 1670 1281 1671 ί
2042 1587 2143 1649 vit,
2175 1586 2247 1644 ad
2280 1606 2507 1647 annum
2562 1610 2752 1666 usque
2802 1598 2925 1665 367,
2957 1615 3073 1669 quo
3107 1600 3315 1671 pulsus
3348 1601 3614 1658 Ecclesia
3645 1607 3703 1658 et

345 1675 681 1732 Herennius
710 1675 918 1731 Sozam.
956 1673 1121 1728 Socr.
1161 1670 1506 1727 Arrhenius.
2042 1676 2188 1732 urbe
2218 1678 2349 1735 fuit.
2382 1682 2648 1754 Tumque
2681 1684 2883 1757 plures
2914 1670 3304 1744 nominantur
3325 1690 3395 1745 ab
3426 1691 3691 1745 auctori-

359 1765 684 1821 Heraclius.
2043 1767 2154 1823 bus
2184 1772 2446 1843 praefatis
2476 1775 2755 1832 Ecclesiae
2788 1778 3113 1836 invasores.
3144 1781 3467 1848 Heraclius,
3503 1782 3700 1838 Hella-

345 1855 630 1911 Hilarius.
845 1941 853 1942 ί
2040 1857 2197 1942 dius,
2230 1863 2417 1930 Arvis,
2449 1865 2703 1937 Cyrillus
2735 1868 2907 1934 alter,
2930 1869 3271 1925 Hilarionus
3294 1888 3306 1937 ;
3333 1889 3585 1942 quorum
3606 1873 3703 1927 Hi-

339 1943 606 2016 Cyrillus
635 1941 1005 2014 Jerosolyma
1032 1956 1324 1997 reversus.
2040 1936 2330 2008 larionus,
2355 1943 2685 2015 Epiphanio
2710 1951 2859 2002 teste
2877 1948 3091 2003 haaresi
3116 1966 3265 2017 va1,
3291 1936 3368 2005 ιι.’
3390 1954 3475 2017 20,
3497 1952 3699 2006 Eccle-

260 2035 359 2089 E:
390 2041 621 2090 auctore
650 2034 883 2104 antiquo
913 2029 1485 2102 catalogipatrz‘arch.
1519 2030 1577 2084 in
1608 2029 1726 2087 cod.
1761 2029 1925 2085 Coz'sl.
1956 2058 2006 2125 Β
2041 2026 2143 2082 size
2182 2037 2437 2099 praeerat
2484 2038 2543 2087 et
2586 2035 2941 2092 Arianorum
2988 2040 3410 2094 communione
3458 2040 3699 2095 infamis

865 2125 988 2190 120,
1014 2138 1152 2194 pag.
1188 2121 1307 2175 124.
1957 2121 1998 2125 “
2040 2121 2184 2183 erat,
2209 2134 2350 2181 ann,
2376 2122 2500 2188 376,
2526 2138 2641 2192 quo
2670 2123 2985 2180 adversum
3009 2127 3365 2182 Manichaeos
3398 2128 3700 2184 scribebat

338 2213 606 2286 Cyrillus
635 2229 829 2270 annos
860 2213 947 2267 15.
2034 2206 2420 2279 Epiphanius.
2449 2212 2615 2267 Hunc
2638 2214 2817 2269 etiam
2847 2216 3170 2288 Eutychius
3194 2218 3500 2286 Ariauum,
3526 2236 3685 2274 anno

337 2303 658 2359 Heraclius
689 2318 880 2358 annos
911 2303 964 2356 6.
2036 2296 2299 2353 Valentis
2322 2300 2575 2371 septimo
2608 2302 2971 2373 institutum,
2997 2311 3055 2359 et
3084 2312 3216 2377 post
3256 2314 3513 2377 quatuor
3536 2308 3693 2380 epis-

338 2393 653 2449 Helladius
686 2408 878 2448 annos
910 2393 998 2447 l2.

338 2482 606 2556 Cyrillus
636 2498 832 2538 annos
866 2482 953 2536 35.

484 2572 830 2644 Nicephorus
860 2572 919 2626 in
948 2569 1450 2642 Chronographia,
1484 2586 1547 2640 p.
1580 2571 1709 2626 410.

2034 2392 2280 2458 copatus
2311 2404 2499 2445 annos
2530 2398 2830 2447 mortuum
2853 2393 2949 2449 ait.
2980 2395 3313 2450 Heraclium
3340 2413 3449 2451 nec
3482 2397 3689 2451 Hiero-

2034 2492 2249 2547 nymus
2273 2494 2383 2533 nec
2412 2480 2778 2551 Epiphanius
2800 2490 3156 2554 memorant,
3184 2486 3466 2556 quoniam
3498 2504 3688 2541 annos

2033 2565 2186 2623 forte
2216 2567 2307 2623 vel
2342 2584 2581 2626 menses
2611 2588 2832 2643 paucos
2866 2574 3037 2629 sedit.
3074 2576 3155 2629 Ex
3187 2575 3395 2629 ordine
3430 2592 3606 2646 quem
3638 2576 3692 2630 ei

353 2661 621 2732 Cyrinus.
2036 2655 2344 2729 assignant
2367 2665 2807 2727 auctores,eum
2834 2663 3059 2718 sedisse
3082 2664 3419 2737 colligimus
3435 2682 3573 2719 anu.
3592 2668 3695 2719 367

359 2752 660 2807 Arsenins,
2037 2751 2170 2816 post
2187 2747 2389 2819 Cyrilli
2416 2750 2685 2806 exsiliam
2711 2752 2818 2807 sub
2852 2753 3117 2808 Valente.
3139 2754 3303 2809 Idem
3327 2761 3417 2809 est
3442 2755 3569 2811 sine
3594 2755 3697 2809 du-

351 2841 679 2897 Heraclins,
2037 2834 2133 2890 bio
2166 2853 2344 2907 quem
2366 2838 2760 2912 Hieronymus
2787 2858 2821 2896 a
2844 2843 3094 2897 Maximo
3114 2849 3251 2898 ante
3266 2852 3531 2899 moutem
3560 2862 3691 2900 suc-

350 2931 632 2987 Hilarius.
2039 2940 2336 2982 cessorem
2369 2928 2480 2982 sibi
2528 2930 2863 2985 substutum
2904 2975 2918 2998 ,
2952 2936 3009 2987 et
3040 2949 3072 2987 a
3106 2933 3323 3004 Cyrillo
3359 2933 3419 2987 in
3453 2933 3695 3004 presby-

346 3021 606 3093 Cyrillus
634 3019 710 3075 ab
743 3018 949 3075 exsilio
978 3017 1187 3075 redux.

344 3114 434 3167 Ea:
458 3110 741 3181 Eutychio
769 3110 933 3165 Alex.
957 3109 1171 3166 Annal.
1192 3114 1325 3164 tam.
1360 3109 1400 3177 l,
1420 3126 1483 3182 p.
1512 3111 1616 3165 483
1648 3115 1705 3165 et
1733 3111 1859 3165 488.

345 3200 632 3273 Cyl-illus.

342 3292 619 3347 Braclius
641 3289 899 3346 Arianus
930 3305 1119 3346 annos
1139 3291 1191 3346 3.

345 3381 512 3438 Arvis
544 3380 911 3435 Manichaeus
941 3396 1130 3436 annos
1159 3384 1213 3437 5.

346 3470 560 3526 Harius
592 3470 853 3525 Arianus
882 3486 1069 3526 annos
1093 3472 1145 3524 4.

348 3560 609 3632 Cyrillus
639 3558 847 3626 redux,
872 3576 1062 3615 annos
1097 3562 1179 3613 16.
1217 3560 1282 3614 In
1315 3563 1503 3615 totum
1533 3561 1621 3614 32.

284 3649 710 3712 Theodoretus,
747 3648 848 3705 lib.
881 3666 915 3702 v
943 3650 1112 3717 Hist.,
1142 3665 1271 3721 cap.
1304 3651 1395 3717 40,
1427 3649 1663 3704 nullum
1716 3650 1939 3705 substi-

291 3744 545 3794 tutorum
576 3737 798 3811 Cyrillo
830 3739 1103 3795 nominat
1131 3739 1191 3794 in
1224 3738 1420 3795 indice
1451 3739 1936 3812 Hierosolymita-

292 3844 497 3884 norum
530 3828 948 3901 episcoporum
983 3869 997 3885 .
1047 3828 1435 3900 Theophanes
1491 3828 1685 3884 solum
1716 3846 1788 3885 ex
1817 3830 1939 3886 illis

299 3918 662 3974 Hilarionem
692 3919 894 3974 refert.

2040 3020 2303 3071 terarum
2336 3017 2608 3073 ordinem
2665 3020 2975 3077 redactum
3017 3027 3286 3079 testatur.
3322 3025 3463 3076 Eum
3517 3024 3699 3093 Euty-

2040 3104 2209 3160 chius
2251 3107 2535 3162 Arianum
2568 3108 2753 3164 fuisse
2783 3110 2883 3179 ait,
2927 3116 2986 3167 et
3024 3128 3181 3167 anno
3209 3113 3443 3183 imperii
3476 3112 3697 3167 Iuliani

2039 3195 2231 3265 primo
2250 3195 2322 3251 ab
2344 3197 2577 3253 Arianis
2591 3200 3003 3265 constitutum,
3021 3206 3139 3255 tres
3168 3207 3301 3272 post
3322 3218 3510 3257 annos
3536 3218 3696 3255 mor-

2040 3290 2207 3339 tuum
2251 3302 2401 3342 esse.
2456 3287 2784 3345 Helladiam
2817 3291 3069 3363 catalogi
3116 3291 3464 3346 Coisliniani
3502 3292 3696 3347 medio

2044 3374 2262 3430 saeculo
2294 3377 2544 3447 septimo
2578 3379 2806 3450 scripti,
2840 3382 3118 3435 eumdem
3159 3398 3292 3436 cum
3318 3382 3542 3437 Hilario
3568 3399 3697 3436 cenc

1991 3471 2005 3497 ⁸
2044 3481 2264 3529 seruus,
2294 3468 2467 3539 cujus
2498 3467 2558 3522 in
2590 3468 2802 3524 ordine
2831 3476 2889 3525 et
2918 3470 3048 3525 loco
3081 3472 3324 3542 ponitur
3352 3490 3365 3538 ;
3400 3489 3511 3525 nec
3544 3472 3698 3525 mul-

2040 3559 2166 3609 tum
2199 3555 2541 3627 discrepant
2588 3558 2855 3626 nomina,
2887 3565 2956 3614 ut
2986 3562 3339 3615 commutari
3374 3578 3497 3616 non
3548 3578 3700 3633 mgre

2041 3645 2362 3716 potuerint.
2398 3646 2506 3711 Qui
2539 3648 2692 3703 arvis
2722 3648 2794 3704 ab
2817 3649 3103 3720 Eutychio
3125 3650 3528 3705 Alexandrino
3556 3650 3700 3704 dici-

2040 3733 2338 3801 tur,facile
2366 3750 2401 3789 a
2430 3735 2603 3791 nobis
2624 3738 2698 3792 ob
2734 3738 2923 3793 levem
2954 3756 3075 3793 non
3109 3740 3252 3794 satis
3285 3741 3495 3794 vetusti
3522 3740 3705 3811 scrip-

2042 3825 2189 3879 toris
2209 3825 2623 3881 auctoritatem
2648 3833 2841 3897 potest
2862 3829 3105 3883 omnino
3129 3830 3701 3899 praetermittiJlunc

2043 3913 2368 3986 Eutychius
2390 3914 2584 3985 primo
2608 3916 2874 3972 Valentis
2896 3934 3056 3973 anno
3080 3919 3493 3985 constitutum,
3520 3924 3577 3972 et
3598 3920 3708 3972 Ma-

356 4009 441 4062 48.
477 4008 613 4064 Haec
671 4006 1031 4063 conferendo
1078 4006 1366 4076 invenias,
1414 4011 1470 4062 1ο
1522 4009 1877 4081 Eutychium
1908 4026 1944 4065 a

300 4096 415 4151 solo
446 4097 809 4169 Hieronymo
840 4097 997 4152 inter
1018 4097 1568 4169 Hierosolymitanaa
1600 4099 1759 4154 sedis
1780 4100 1943 4155 inva-

302 4200 453 4242 sores
482 4186 791 4242 numerari
826 4203 839 4253 ;
871 4188 932 4240 2°
981 4186 1315 4242 Helladium
1364 4188 1589 4260 pariter
1618 4205 1652 4243 a
1682 4188 1808 4243 solo
1839 4205 1946 4245 au-

299 4280 448 4332 ctore
468 4276 721 4349 catalogi
743 4276 1110 4341 Coisliniani,
1126 4277 1226 4348 qui
1242 4276 1459 4333 saeculo
1476 4278 1731 4350 septimo
1750 4279 1944 4335 medio

299 4365 438 4421 vixit
459 4385 477 4433 ;
495 4383 636 4421 nam
667 4366 1337 4437 Hierosolymitanorum
1356 4368 1704 4439 pontificum
1724 4376 1949 4441 postre-

298 4470 463 4511 mum
494 4462 772 4512 recenset
827 4455 1156 4525 Molestum,
1204 4462 1263 4514 et
1314 4458 1719 4515 Romanorum
1750 4460 1948 4515 Hono-

304 4546 485 4614 rium;
520 4548 580 4601 3°
640 4546 977 4602 Heraclium
1006 4546 1080 4602 ab
1120 4546 1476 4619 Hieronymo
1534 4554 1593 4603 et
1619 4549 1949 4621 Epiphanio

300 4636 627 4701 aequalibus
659 4636 1001 4691 auctoribus
1027 4637 1399 4708 praetermitti
1423 4653 1437 4704 ;
1460 4639 1520 4692 4ο
1549 4639 1950 4710 Epiphanium

298 4725 493 4781 solum
527 4742 658 4782 esse
685 4726 786 4798 qui
835 4726 1120 4798 Cyrillum
1153 4726 1409 4782 alterum
1440 4744 1475 4783 a
1503 4733 1708 4784 nostro
1737 4745 1952 4786 nume-

2044 4004 2342 4059 nicliaeum
2364 4003 2535 4059 fuiise
2555 4005 2763 4072 refert;
2784 4013 2843 4061 et
2865 4013 2999 4077 post
3028 4007 3293 4078 quinque
3327 4008 3704 4078 episcopatus

2046 4111 2234 4151 annos
2267 4100 2565 4150 mortuum
2625 4098 2771 4151 Eum
2803 4097 3219 4152 Tillemontius
3254 4097 3529 4152 eumdem
3564 4114 3700 4153 cum

2048 4184 2343 4241 Herennio
2367 4185 2664 4255 putat,qui
2706 4186 2777 4241 ab
2800 4188 3084 4257 Eutychio
3110 4187 3427 4242 omittitur.
3465 4187 3575 4241 Sed
3608 4204 3702 4243 re-

2048 4274 2448 4348 pugnatlocus
2470 4274 2582 4345 ipsi
2604 4276 3113 4346 postHieraclium
3138 4278 3502 4348 assignatus:
3521 4292 3706 4347 quau-

2050 4380 2229 4435 quam
2259 4370 2601 4419 accuratum
2631 4365 2902 4421 ordinem
2925 4366 2986 4421 in
3001 4366 3350 4438 hujusmodi
3383 4365 3560 4420 rebus
3581 4383 3703 4423 non

2053 4454 2413 4525 requirimus
2432 4454 2493 4508 in
2506 4454 2791 4526 Eutychio
2809 4473 2822 4524 ;
2838 4463 3112 4527 superest
3124 4455 3380 4527 Cyrillus
3395 4455 3592 4511 altera
3609 4472 3684 4511 no
3696 4486 3712 4496 -

2054 4549 2143 4599 tro
2163 4543 2617 4615 diversusquem
2641 4545 2862 4600 omisso
2886 4546 3157 4601 Heraclio
3191 4552 3321 4618 post
3344 4546 3712 4600 Herennium

2052 4639 2191 4690 ante
2227 4634 2593 4690 Hilarionem
2636 4636 3198 4708 ponitEpiphanius.
3225 4636 3375 4691 Sunt
3395 4635 3496 4707 qui
3518 4637 3719 4691 existi-

2056 4730 2222 4780 ment
2239 4724 2523 4795 Cyrillum
2544 4725 2714 4779 illum
2730 4724 2801 4780 ab
2818 4725 3149 4798 Epiphanio
3174 4725 3329 4780 male
3352 4726 3529 4781 statui
3547 4724 3718 4797 quasi

296 4821 412 4881 ret;
440 4817 501 4869 5ο
528 4814 804 4870 eumdem
836 4830 986 4873 esse.
1008 4814 1109 4887 qui
1142 4814 1498 4886 Hieronymo
1528 4816 1789 4873 Irenaaus
1810 4820 1949 4891 Epi-
1978 4811 2022 4875 D
2057 4832 2090 4871 ει
2117 4819 2321 4870 nostro
2353 4813 2651 4870 diversum
2680 4833 2695 4881 ;
2729 4815 2831 4886 qui
2862 4832 2997 4871 cum
3040 4820 3176 4888 post
3198 4815 3569 4871 Herennium
3608 4813 3717 4870 sub

301 4904 522 4975 phanio
542 4909 601 4959 et
619 4905 818 4960 Sozom
829 4920 941 4960 eno
974 4904 1327 4973 Herennius,
1354 4906 1579 4962 Socrati
1603 4908 1950 4977 Arrheuius,

296 4996 626 5069 Nicephoro
641 4997 852 5068 [YLIX]
869 4995 1153 5052 Arsenius
1174 4996 1392 5053 dicitur
1412 5016 1426 5066 ;
1446 4999 1617 5071 cujus
1646 5002 1955 5073 proprium

302 5102 523 5142 nomen
558 5086 832 5142 Latinum
865 5086 1050 5142 fuisse
1080 5085 1313 5143 videtur
1350 5088 1702 5155 Herennius,
1736 5107 1806 5146 ex
1837 5108 1955 5163 quo

299 5174 482 5230 Graeci
516 5175 677 5231 varia
707 5176 957 5232 nomina
989 5175 1326 5243 ﬁnxerunt;
1373 5179 1432 5231 6"
1457 5194 1637 5249 quem
1668 5180 1956 5253 Hierony-

2061 4904 2296 4961 Juliano
2331 4903 2533 4959 sedem
2576 4906 2964 4976 recuperarit,
2995 4912 3063 4961 ut
3110 4906 3507 4976 Hieronymus
3540 4905 3721 4959 ﬁdem

2062 4994 2225 5061 facit,
2257 4994 2330 5050 ab
2360 4994 2693 5066 Epiphanio
2726 4994 2911 5050 alium
2942 4996 3227 5068 Cyrillum
3254 4996 3317 5049 in
3348 4995 3547 5049 locum
3569 4994 3720 5064 ejus,

2067 5101 2245 5157 quem
2276 5084 2539 5140 exsulem
2590 5084 2839 5157 putabat
2870 5130 2884 5155 ,
2915 5085 3311 5158 excogitatum
3341 5083 3548 5139 fuisse.
3584 5081 3725 5138 Mihi

2066 5180 2266 5231 autem
2297 5192 2450 5247 aegre
2471 5174 2535 5229 in
2559 5175 2824 5231 animum
2860 5174 3063 5230 induci
3097 5179 3296 5246 potest
3326 5174 3726 5245 Epiphanium

300 5280 456 5333 mus,
488 5265 781 5327 Socrates.
810 5273 1196 5327 Sozomenus,
1247 5266 1614 5338 Nicephorus
1667 5270 1958 5328 Hilarium
2066 5267 2129 5322 in
2156 5265 2372 5321 vicinia
2421 5272 2757 5322 versantem
2779 5265 2842 5321 in
2866 5282 2928 5321 re
2955 5272 3073 5320 tam
3107 5270 3313 5337 aperta
3346 5269 3405 5320 et
3434 5264 3729 5335 inquisitu

300 5354 626 5425 appellant,
651 5370 786 5410 eum
815 5371 947 5411 esse
977 5354 1078 5426 qui
1100 5354 1443 5427 Epiphanio
1473 5356 1960 5416 diciturHilario—
2069 5356 2152 5431 [L]
2197 5357 2360 5412 facili
2386 5356 2511 5414 falli
2546 5359 2829 5431 potuisse.
2848 5359 2973 5413 Non
2998 5358 3162 5414 enim
3196 5365 3333 5430 post
3364 5359 3731 5413 Herennium

302 5458 439 5509 nus,
463 5460 601 5499 eum
632 5444 783 5500 forte
803 5461 985 5516 quem
1004 5445 1247 5500 Coislin.
1272 5452 1481 5502 auctor
1510 5448 1847 5506 Helladium
1868 5467 1964 5508 vo-
2070 5449 2304 5504 modico
2337 5450 2620 5521 temporis
2668 5448 2884 5520 spatio.
2927 5449 3032 5505 sed
3065 5465 3256 5505 annos
3280 5450 3548 5521 quinque
3583 5454 3735 5503 totos

302 5540 412 5590 cat.
444 5534 573 5590 Jam
604 5535 676 5591 de
706 5534 960 5608 singulis
1010 5550 1203 5607 pauca
1253 5535 1543 5593 dicamus.
1578 5540 1842 5597 Irenaaus
1871 5543 1963 5599 vel
2071 5538 2399 5595 Ecclesiam
2424 5539 2734 5611 occupavit
2762 5539 3041 5610 Cyrillus.
3080 5541 3196 5595 Nec
3230 5540 3433 5612 ignota
3456 5539 3570 5593 fuit
3600 5538 3742 5609 Epi-

304 5624 592 5681 Herenius
632 5630 769 5698 post
824 5624 1150 5680 concilium
1209 5626 1964 5701 Constantinopolitanum,
2075 5628 3738 5703 phanioillaiterataCyrilliepiscOpatusadministratio,

306 5730 443 5771 ann.
465 5716 590 5779 350.
621 5716 686 5772 in
720 5731 841 5788 quo
875 5715 1180 5787 depositus
1212 5721 1272 5771 et
1298 5717 1729 5792 Hierosolymis
1757 5723 1969 5794 pulsus
2078 5721 2249 5792 cujus
2278 5720 2574 5775 nonnulla
2593 5718 2768 5774 nobis
2789 5734 2859 5775 eo
2892 5727 3156 5792 tempore
3178 5725 3347 5792 gesta
3380 5719 3589 5773 retulit
3618 5718 3742 5772 hae-

309 5810 396 5860 est
422 5805 699 5880 Cyrillus,
733 5805 873 5878 ejus
906 5804 1029 5861 sedi
1062 5804 1293 5862 videtur
1323 5807 1672 5880 impositus;
1698 5811 1970 5872 Socrates
2079 5827 2197 5867 res.
2230 5825 2503 5877 Lxxm,n.
2524 5811 2612 5865 37.
2649 5808 3179 5866 Alteriusanostro
3205 5808 3431 5880 Cyrilli,
3477 5808 3578 5879 qui
3613 5806 3742 5862 eiin

311 5893 475 5953 enim
526 5892 911 5955 Herennium
937 5891 1151 5965 Cyrillo
1203 5893 1593 5955 substitutum
1654 5908 1971 5974 memorat,
2083 5900 2225 5960 sede
2246 5901 2623 5971 successerit,
2656 5899 2937 5956 meminit
2963 5900 3145 5957 etiam
3172 5899 3432 5955 Joannes
3463 5898 3743 5953 Nieamus
