4052 6378
465 403 544 461 ’19

1767 397 1868 456 DE
1913 394 2095 456 νιΤΑ
2137 396 2206 455 S.
2253 394 2589 457 CYRILLI.

3819 402 3895 462 80

462 534 526 589 in
558 535 732 606 epist.
774 534 848 590 ad
879 535 1243 604 Zachariam,
1301 539 1434 602 etc.,
1491 533 1662 606 cujus
1719 531 2116 604 fragmentum
2149 531 2198 598 Α
2236 527 2635 600 depositione,
2669 535 2728 586 et
2757 531 2957 587 futura
2993 531 3264 604 Eutychii
3295 531 3370 588 ad
3400 533 3674 604 primam
3705 533 3898 590 sedem

461 629 653 680 exstat
682 642 717 680 a
742 624 915 679 nobis
963 624 1210 693 editum,
1261 641 1317 696 p.
1354 627 1476 679 370.
1509 626 1624 678 Aut
1652 623 1832 694 igitur
1861 622 2116 692 Cyrillus

459 713 562 770 ille
590 714 883 770 dicendus
916 721 1006 768 est
1035 714 1194 769 idem
1228 731 1363 769 cum
1395 713 1684 769 Heraclio.
1706 713 1807 784 qui
1851 711 1967 767 duo
1998 727 2114 766 no-

462 804 628 860 mina
659 803 972 870 habuerit;
1029 810 1133 859 aut
1177 803 1465 859 mendum
1499 803 1558 858 in
1591 802 1903 874 Epiphanii
1955 807 2116 856 textu

461 893 927 965 agnoscendum,
952 894 1051 964 qui
1086 893 1215 949 loco
1247 889 1418 952 ἄλλος
1452 888 1940 964 εοπὶρδθνὶιπάλιν
1967 907 1982 956 ;
2013 896 2117 945 aut

459 981 701 1038 tandem
724 983 979 1054 Cyrillus
993 983 1144 1037 alter
1163 999 1198 1038 a
1213 987 1418 1037 nostro
1436 983 1705 1036 diversus
1729 986 1786 1034 et
1807 981 1856 1051 ej
1868 997 1934 1034 us
1953 979 2112 1034 sedis

454 1071 696 1127 invasor
748 1072 1148 1128 conﬂtendus.
1181 1073 1238 1126 Is
1276 1071 1427 1126 forte
1461 1071 1717 1142 Cyrillus
1764 1075 1855 1125 est
1885 1069 2106 1136 senior,

451 1177 628 1232 quem
659 1162 870 1233 Epiph.
905 1162 1116 1216 haeresi
1165 1178 1354 1228 Lxxln,
1386 1177 1448 1218 ιι.
1485 1162 1574 1228 3‘7,
1607 1161 1690 1216 ait
1719 1159 1793 1215 ab
1823 1157 2111 1229 Eutychio

451 1250 541 1304 vel
577 1251 789 1305 amicis
811 1251 1195 1306 Cmariensis
1216 1250 1493 1306 Ecclesia;
1516 1249 1862 1322 episcopum
1888 1248 2110 1302 factum

454 1338 626 1410 pulso
660 1339 1041 1408 Philumeno,
1075 1340 1174 1411 qui
1201 1340 1253 1394 ei
1277 1339 1403 1395 sedi
1425 1356 1459 1394 a
1490 1338 1708 1410 Cyrillo
1742 1344 1946 1393 nostro
1997 1337 2112 1390 im-

452 1428 682 1499 positus
712 1429 941 1496 fuerat;
999 1429 1099 1500 qui
1132 1446 1267 1484 cum
1300 1446 1335 1484 a
1364 1429 1596 1484 Gelasio
1627 1427 1832 1499 Cyrilli
1879 1426 2108 1482 sororio

453 1525 513 1573 et
537 1519 748 1574 Euzoio
775 1520 1043 1576 Caesarea
1073 1520 1282 1592 pulsus
1313 1525 1488 1585 esset,
1514 1517 1984 1590 Hierosolymam
2007 1518 2111 1588 Cy-

453 1607 591 1662 rillo
624 1608 826 1663 exsule
857 1625 1099 1665 vacuam
1130 1609 1419 1664 dicendus
1450 1609 1564 1664 erit
1591 1623 1935 1680 occupasse.
1965 1609 2107 1661 Pro-

455 1694 649 1765 posita
681 1701 771 1748 est
798 1695 947 1749 mihi
979 1695 1052 1750 ab
1085 1695 1443 1750 crudissimo
1473 1700 1677 1749 nostro
1719 1695 1783 1749 D.
1829 1694 2000 1748 Bern.
2035 1691 2108 1746 de

454 1782 834 1839 Montfaucon
861 1800 930 1838 ea
960 1783 1032 1838 de
1055 1801 1117 1839 re
1139 1785 1483 1855 conjectura
1508 1801 1520 1837 :
1547 1785 1759 1838 Vocem
1788 1779 2105 1854 Ἰλαρίωνος

453 1871 515 1925 in
550 1877 712 1926 textu
741 1872 1058 1944 Epiphanii
1090 1890 1211 1927 non
1261 1873 1323 1927 in
1356 1871 1709 1928 nominandi
1740 1887 1900 1936 casu,
1935 1870 2104 1942 quasi

455 1960 803 2017 distinctum
850 1980 886 2018 a
933 1963 1164 2017 caeteris
1207 1963 1713 2035 Jerosolymorum
1765 1962 2110 2033 episcopum

452 2052 798 2115 constituat,
846 2053 1101 2124 positam
1155 2070 1324 2119 esse;
1377 2053 1481 2108 sed
1513 2053 1572 2108 in
1605 2051 1884 2125 gignendi
1941 2067 2107 2117 casu,

453 2155 589 2194 cum
623 2140 815 2194 verbis
846 2137 1128 2211 Κύριλλος
1179 2139 1351 2202 ἄλλος
1405 2140 1908 2212 conjungendam,
1938 2145 2005 2194 ut
2033 2138 2112 2194 sit

452 2245 665 2284 sensus
693 2247 706 2283 :
741 2230 980 2300 συνέηκε
1009 2232 1152 2285 alter
1177 2232 1484 2286 Hilarionis
1516 2231 1676 2286 illius
1707 2231 1994 2285 nimirum
2015 2227 2109 2282 vel

449 2319 698 2374 amicus.
729 2321 872 2374 Nam
903 2316 1241 2393 Ἱλαρίωνος,
1275 2340 1362 2380 ου.
1394 2321 1640 2375 difﬁcile
1685 2322 1947 2375 Graecam
1990 2324 2105 2372 ter-

449 2409 845 2465 minationem
876 2409 1084 2476 videri,
1119 2427 1254 2466 cum
1290 2410 1448 2482 apud
1481 2412 1713 2465 Graecos
1743 2424 1961 2464 nomen
1995 2407 2107 2463 hoc

447 2513 557 2568 per
583 2495 824 2566 Ἱλάριος
856 2498 946 2553 vel
975 2496 1226 2572 Ἱλπιρίων
1260 2499 1458 2554 efferri
1493 2498 1698 2554 soleat.
1735 2499 1859 2552 Non
1891 2497 2109 2568 impro-

446 2586 666 2641 habilis
691 2588 950 2658 suspicio
976 2606 987 2643 :
1017 2605 1195 2659 quam
1221 2589 1268 2643 si
1293 2588 1627 2660 sequimur,
1661 2586 1938 2642 eumdem
1969 2602 2102 2640 cum

447 2674 751 2730 Hilariano
810 2677 1096 2748 Cyrillum
1156 2677 1324 2732 illum
1377 2678 1630 2732 alterum
1680 2676 1970 2740 dicemus,
2031 2673 2104 2730 ab

447 2766 748 2822 Hilarione
780 2774 944 2839 patre
969 2769 1058 2823 vel
1081 2769 1274 2824 amico
1303 2769 1666 2825 Hilarionem
1695 2768 1785 2823 vel
1815 2767 2102 2822 llilarium

445 2855 692 2924 dictum,
709 2875 899 2928 eoque
921 2859 1164 2914 nomine
1188 2859 1374 2931 magis
1390 2859 1546 2931 apud
1569 2865 1841 2916 auctores
1862 2863 2100 2923 notum;

445 2961 697 3015 quorum
725 2954 940 3018 praeter
970 2948 1366 3019 Epiphanium
1397 2949 1600 3002 nullus
1633 2947 1918 3019 Cyrillum
1952 2945 2103 3000 alte-

444 3051 578 3089 rum
611 3043 667 3089 et
697 3036 1008 3103 Hilarium,
1033 3038 1118 3091 uti
1161 3037 1310 3092 duos
1333 3037 1610 3093 Ecclesia,
1656 3035 2104 3106 .lerosolymita-

443 3139 535 3176 nm
553 3123 1222 3198 invasores,distinguit.
1245 3127 1377 3182 Haec
1400 3126 1459 3181 iu
1485 3132 1861 3183 antecessum
1882 3125 2101 3178 dixisse

429 3213 620 3281 juvat,
649 3230 767 3283 quo
798 3213 1132 3285 expeditior
1159 3215 1376 3271 deinde
1412 3216 1560 3272 ﬂuat
1587 3215 1799 3271 oratio.
1836 3215 2004 3268 Nunc
2025 3211 2099 3268 ad

436 3303 796 3372 Eutychium
829 3305 1162 3361 redeamus.

506 3429 597 3481 49.
637 3428 962 3498 Eutychius
987 3429 1112 3496 ille,
1138 3446 1320 3502 quem
1341 3431 1740 3502 Hieronymus
1772 3429 1859 3501 pri
1877 3427 2110 3485 moloco

437 3516 596 3570 inter
649 3533 1030 3574 successores
1069 3520 1276 3592 Cyrilli
1326 3521 1602 3586 nimerat,
1655 3519 1813 3575 idem
1854 3519 2106 3582 Valesio.

434 3606 847 3672 Tillemontio,
881 3613 1018 3669 etc.,
1048 3608 1282 3664 videtur
1301 3627 1431 3665 esse
1463 3627 1598 3666 cum
1631 3609 2107 3682 Eleutheropoli-

439 3701 582 3752 tano
617 3698 748 3768 ejus
781 3698 1043 3753 nominis
1075 3699 1373 3772 episcopo.
1409 3699 1472 3754 Id
1505 3699 1760 3756 suadent
1805 3699 2102 3756 diuturna

436 3785 566 3856 ejus
599 3803 731 3841 cum
763 3787 982 3858 Cyrillo
1035 3788 1384 3856 inimicitiae,
1445 3807 1697 3860 quarum
1749 3789 1929 3846 ﬁdem
1962 3791 2103 3847 facit

432 3873 801 3945 Epiphanius
835 3877 948 3948 ipsi
983 3877 1251 3948 alioquin
1298 3880 1583 3950 Eutychio
1622 3881 1856 3935 charus.
1892 3880 2098 3952 Neque

434 3977 612 4032 porro
631 3964 1073 4036 Eleutheropoli
1090 3967 1562 4038 Hierosolymam
1579 3969 1902 4024 translatus
1915 3975 2096 4040 atque

438 4049 616 4120 hujus
640 4052 916 4107 Ecclesia:
941 4054 1255 4124 episcopus
1279 4057 1514 4127 proprie
1543 4059 1907 4112 constitutus
1929 4058 2090 4114 vide-

433 4146 562 4205 tur;
594 4157 730 4195 nam
752 4141 1404 4214 Eleutheropolitanum
1425 4161 1661 4217 semper
1683 4146 2090 4218 episcopatum

432 4229 698 4294 retinuit,
735 4235 793 4284 et
823 4231 931 4285 hoc
961 4231 1088 4302 ipso
1139 4247 1234 4286 an.
1273 4233 1376 4286 358
1418 4233 1860 4307 Eleutheropoli
1907 4252 2089 4310 ange-

435 4317 552 4382 bat,
582 4335 715 4374 cum
751 4319 1083 4376 Luciferum
1127 4321 1529 4378 Calaritanum
1561 4323 1624 4379 in
1657 4325 1767 4380 hac
1805 4324 1952 4380 urbe
1984 4344 2087 4382 ex-

430 4407 622 4460 sulem
646 4407 850 4464 multis
868 4409 1280 4465 atrocitatibus
1302 4412 1688 4468 vehementer
1707 4414 1940 4483 afﬂixit,
1966 4422 2084 4473 tes-

427 4493 584 4549 tibus
617 4496 829 4552 Fausto
861 4503 920 4552 et
973 4499 1314 4555 Marcellino
1363 4501 1425 4556 in
1474 4501 1676 4558 libello
1720 4505 1972 4577 supplici
2003 4507 2080 4562 ad

424 4583 818 4640 Theodosium
870 4602 1000 4658 pag.
1035 4589 1123 4654 89,
1156 4587 1302 4644 adeo
1335 4595 1401 4644 ut
1430 4589 1697 4647 Lucifero
1741 4593 2075 4668 clausisja-

2230 619 2590 684 reversione,
2623 620 2776 676 hanc
2812 621 3146 676 deseruerit
3189 639 3296 694 pro
3347 623 3815 679 Castabalitana.
3843 623 3897 679 Si

2227 723 2324 761 res
2345 725 2464 762 non
2480 708 2560 764 ita
2577 709 2673 776 sit,
2693 711 3244 783 Hierosolymitanaa
3267 712 3603 784 Eutychius
3626 713 3893 769 Ecclesia

2227 796 2417 852 solam
2449 804 2733 869 tanquam
2783 801 3034 856 vicinior
3065 801 3378 874 episcopus
3422 802 3892 857 administratio-

2226 902 2364 940 nem
2392 886 2668 942 habuisse
2689 888 2919 944 videtur
2943 907 2956 957 ;
2981 890 3102 945 sive
3123 890 3307 945 alium
3332 890 3586 945 interim
3613 895 3896 962 qumreret

2225 976 2531 1042 Accacius,
2557 994 2735 1048 quem
2760 979 3364 1049 Hierosolymitanum
3398 987 3643 1035 crearet
3663 980 3891 1052 episco-

2228 1081 2399 1136 pum;
2417 1066 2534 1120 sive
2549 1067 2947 1138 appellatione
2962 1068 3166 1136 Cyrilli
3182 1068 3507 1139 prohibere
3518 1075 3614 1124 tur
3627 1087 3701 1124 ne
3717 1069 3888 1124 alium

2226 1153 2288 1208 in
2324 1154 2453 1224 ejus
2476 1155 2672 1210 locum
2706 1157 3113 1234 substitueret,
3137 1158 3327 1213 donec
3366 1175 3556 1214 causa
3587 1159 3651 1214 in
3683 1159 3885 1230 majori

2221 1243 2476 1298 concilio
2500 1244 2659 1315 quod
2679 1246 3086 1318 appellaverat
3106 1248 3406 1302 finiretur.
3435 1249 3763 1320 Nam,jure
3787 1251 3885 1306 Ro-

2221 1348 2399 1386 mano
2431 1334 2836 1404 appellatione
2869 1336 3169 1390 sententia
3221 1335 3714 1407 suspendebatur
3741 1337 3884 1408 (Cod.

2223 1421 2416 1475 Tceod.
2442 1421 2545 1478 lib.
2571 1441 2633 1488 ιι,
2667 1424 2755 1478 tit.
2782 1426 2870 1493 30,
2904 1425 3136 1497 legibus
3159 1427 3250 1492 41,
3293 1427 3382 1490 61,
3408 1427 3532 1498 66).
3569 1427 3885 1497 Eutychius

2221 1511 2551 1582 Epiphanio
2578 1517 2728 1570 teste
2752 1515 2962 1572 haeres.
2987 1533 3341 1582 Lxxm,num
3391 1519 3483 1579 23,
3508 1535 3544 1572 a
3566 1517 3624 1573 S.
3649 1517 3886 1572 Maximo

2221 1600 2758 1673 Hierosolymitano
2785 1606 3067 1678 episcopo
3090 1606 3375 1661 disertam
3403 1613 3590 1661 rectm
3613 1605 3885 1661 doctrinm

2219 1689 2651 1760 professionem
2674 1693 2940 1759 edoctus,
2965 1702 3212 1767 propter
3233 1711 3371 1750 suas
3394 1694 3689 1750 adversus
3708 1695 3880 1767 Cyril-

2219 1777 2344 1833 lum
2376 1781 2733 1850 simultates,
2766 1785 2966 1838 Acacii
2999 1784 3267 1855 partibus
3305 1785 3366 1838 in
3402 1785 3671 1840 concilio
3693 1783 3881 1839 Seleu-

2219 1867 2406 1922 ciensi
2441 1887 2502 1922 se
2555 1870 2868 1942 adjunxit;
2929 1873 3285 1928 catholicam
3342 1873 3532 1929 ﬁdem
3586 1873 3881 1945 aliquanto

2219 1961 2484 2027 tempore
2507 1957 2636 2032 ἄχει
2652 1963 2846 2033 καιροῦ
2869 1962 3154 2028 retinens,
3181 1961 3284 2017 sed
3303 1963 3568 2034 proprias
3584 1961 3876 2035 dignitatis

2219 2046 2549 2102 retinendas
2578 2050 2768 2120 gratia
2819 2049 3226 2106 dissimulans.
3261 2051 3670 2122 Hieronymus
3710 2051 3868 2123 epist.

2219 2133 2296 2189 al.
2329 2136 2417 2199 6t,
2476 2152 2635 2192 nunc
2686 2140 2774 2206 38,
2809 2155 2945 2193 eum
2981 2145 3233 2196 testatur
3264 2139 3319 2194 S.
3361 2139 3683 2212 Epiphanii
3722 2156 3870 2195 reve-

2219 2224 2413 2279 rentia
2443 2231 2686 2294 tactum,
2721 2234 2926 2283 sancto
2953 2228 3038 2283 illi
3069 2230 3214 2297 viro,
3249 2231 3350 2301 qui
3386 2236 3622 2285 tantum
3655 2244 3872 2285 monas-

2221 2316 2352 2370 terii
2385 2318 2696 2391 presbyter
2726 2328 2872 2389 erat,
2898 2321 3155 2377 libenter
3177 2339 3354 2377 aures
3387 2321 3739 2394 praebuisse.
3769 2318 3870 2375 Sed

2218 2408 2509 2478 susceptis
2533 2409 2718 2463 semel
2740 2427 2876 2466 cum
2898 2411 3118 2483 Cyrillo
3146 2411 3512 2479 inimicitiis,
3547 2412 3864 2467 Luciferum

2217 2496 2488 2551 tractavit
2517 2501 2817 2566 atrociter,
2852 2517 2986 2555 cum
3029 2502 3331 2556 Anommis
3365 2519 3430 2557 se
3468 2500 3760 2572 adjunxit,
3791 2503 3868 2554 at-

2224 2600 2342 2654 que
2377 2586 2438 2640 in
2472 2588 2726 2642 concilio
2758 2589 3122 2645 Seleuciensi
3157 2597 3499 2658 accusatus,
3535 2591 3738 2646 tandiu
3766 2603 3872 2644 sua

2216 2673 2492 2729 Ecclesia;
2541 2679 2963 2732 communione
2995 2685 3316 2734 contentus
3373 2697 3509 2735 esse
3533 2681 3740 2752 jussus
3771 2681 3866 2738 est.

2215 2762 2405 2817 donec
2438 2764 2702 2836 legitima
2724 2767 3130 2823 satisfactione
3162 2785 3223 2823 se
3251 2768 3325 2824 ab
3359 2769 3664 2840 impositis
3693 2764 3868 2822 crimi-

2215 2853 2558 2908 nationibus
2579 2862 2857 2927 purgaret
2880 2875 2894 2922 ;
2922 2857 3331 2928 Cyrillumque
3353 2859 3438 2914 ad
3462 2865 3721 2913 extrema
3745 2871 3862 2928 per-

2216 2957 2495 3011 sequens,
2546 2944 2967 3002 Philumenum
3012 2946 3291 3018 aCyrillo
3340 2946 3696 3003 Caesariensi
3751 2941 3863 2999 sedi

2214 3029 2558 3101 impositum
2575 3035 2826 3105 pepulit,
2845 3037 3092 3107 ejusque
3108 3037 3237 3091 loco
3254 3037 3550 3108 Cyrillum
3568 3033 3863 3108 quemdam

2214 3120 2511 3176 seniorem
2545 3123 2598 3177 ei
2648 3124 2928 3180 Ecclesiaa
2969 3125 3256 3197 praefecit,
3291 3126 3428 3197 ipse
3485 3126 3574 3181 vel
3616 3122 3860 3196 ejusdem

2210 3209 2488 3267 factionis
2519 3215 2664 3269 socii
2692 3234 2706 3280 ;
2734 3215 2786 3268 oi.
2818 3215 2942 3289 περι
2975 3215 3067 3269 τὸν
3093 3213 3391 3290 Εὐτύχιον.
3427 3217 3636 3289 Epiph.
3670 3215 3862 3270 haeres.

2131 3307 2174 3371 ί]
2214 3315 2418 3368 Lxxm,
2451 3319 2595 3358 uum
2630 3306 2718 3360 37.
2747 3305 2857 3360 Sed
2887 3303 2961 3361 ad
2993 3305 3279 3377 Cyrillum
3311 3313 3704 3362 revertamur.

2866 3395 3098 3450 CAPUT
3131 3395 3202 3450 1X
3219 3436 3232 3450 .

2224 3479 2465 3548 Cyrillus
2495 3485 2551 3537 in
2583 3486 2815 3539 concilio
2846 3485 3174 3541 Seleuciensi
3195 3487 3344 3542 sedet
3364 3505 3399 3549 ;
3425 3489 3684 3543 Acacium
3709 3485 3763 3537 in
3781 3481 3866 3552 jus

2289 3561 2466 3630 vocat,
2488 3557 2601 3630 _qui
2630 3572 2944 3630 comparere
2988 3559 3294 3613 detrectans
3340 3559 3666 3630 deponitur,
3702 3561 3748 3610 el
3775 3554 3861 3621 Cy-

2286 3625 2449 3680 rillus
2479 3625 2994 3698 Ilierosolymitanz
3024 3632 3285 3686 Ecclesia:
3315 3625 3653 3687 restituitur.

2286 3714 2373 3769 50.
2409 3717 2533 3770 Non
2561 3715 2662 3771 diu
2686 3719 2880 3790 majus
2907 3719 3056 3774 illud
3078 3719 3402 3776 concilium
3435 3718 3594 3792 quod
3616 3713 3854 3788 appella-

2211 3809 2375 3857 verat
2403 3806 2763 3876 exspectavit
2809 3808 3100 3879 Cyrillus;
3149 3825 3254 3864 seu
3304 3811 3622 3866 occasione
3652 3803 3849 3876 impie-

2209 3891 2348 3945 tatis
2378 3894 2554 3960 Aetii,
2588 3913 2691 3951 seu
2723 3895 2796 3951 ob
2829 3897 2977 3953 alias
2999 3915 3208 3954 causas
3240 3904 3402 3965 (cum
3435 3905 3634 3955 tamen
3665 3905 3849 3950 neces-

2209 3981 2379 4035 sariae
2402 3984 2582 4038 nullan
2606 3985 2943 4046 subessent.
2968 3993 3028 4042 ut
3055 3987 3299 4043 disserit
3320 3989 3623 4045 Athan.De
3643 3978 3843 4054 εψιοά.»

2207 4085 2370 4125 num.
2405 4076 2435 4126 5
2469 4080 2526 4128 et
2555 4077 2628 4139 6),
2663 4077 2979 4132 crncilium
3022 4079 3298 4150 generale
3333 4096 3403 4134 ex
3448 4084 3566 4134 toto
3602 4077 3842 4131 Romano

2203 4159 2456 4231 imperio
2484 4163 2736 4220 Nicaeam
2772 4167 2963 4238 primo
3015 4185 3221 4240 cogere
3278 4169 3550 4224 voluerat
3603 4165 3846 4233 impera‘

2202 4253 2312 4318 tor,
2346 4252 2503 4322 quod
2534 4253 2752 4311 deinde
2809 4257 3215 4313 Nicomediam
3263 4258 3499 4314 indixit.
3549 4257 3684 4321 Qua;
3713 4245 3839 4303 urbs

2195 4353 2332 4392 cum
2391 4341 2588 4397 subito
2646 4349 2820 4398 terrm
2879 4352 3044 4401 motu
3077 4346 3344 4418 collapsa
3404 4350 3581 4410 esset,
3640 4341 3837 4394 iterum

2193 4430 2499 4501 proposita
2523 4437 2612 4486 est
2634 4434 2825 4488 Nicaea
2849 4453 2863 4502 ;
2900 4435 3002 4490 sed
3029 4439 3453 4492 Anommorum
3479 4432 3631 4489 dolis
3653 4433 3708 4484 et
3726 4427 3838 4480 arte

2190 4515 2414 4574 factum
2438 4526 2547 4587 est,
2571 4528 2637 4576 ut
2654 4524 2832 4578 unius
2864 4525 3102 4580 concilii
3126 4525 3255 4581 loco
3273 4524 3394 4581 duo
3419 4518 3830 4579 indicerentur,

2189 4607 2442 4662 Arimini
2479 4626 2666 4665 unum
2725 4612 2785 4667 in
2817 4630 2934 4684 quo
2969 4615 3383 4672 Occidentales
3441 4603 3830 4670 convenirent,

423 4673 559 4777 nuis
590 4674 874 4744 mysteria
901 4675 1264 4743 celebrante,
1298 4677 1360 4732 in
1393 4678 1589 4751 ipsum
1639 4681 1937 4738 irruentes
1967 4685 2075 4739 viri
2105 4682 2155 4748 D
2187 4695 2442 4752 alterum
2474 4698 2756 4756 Seleucia
2788 4673 2852 4756 iri
2879 4704 3126 4770 Isauria,
3162 4723 3280 4777 quo
3313 4700 3645 4761 Orientales
3675 4704 3833 4762 coge-

421 4759 621 4818 divina
660 4770 1035 4821 sacramenta
1085 4766 1358 4833 veterint,
1409 4767 1622 4824 fratres
1679 4770 1820 4827 illuc
1865 4789 2080 4828 conve-

420 4852 652 4910 nientes
675 4855 860 4926 impia
871 4855 1030 4911 caede
1048 4856 1557 4918 multarintsacra
1574 4875 1710 4915 vasa
1735 4877 1868 4916 cum
1893 4865 2076 4920 sacris

417 4942 722 5000 codicibus
737 4945 1004 5001 Lucifero
1032 4961 1139 5017 per
1158 4946 1274 5001 vim
1298 4947 1647 5018 eripuerint.
1673 4951 1842 5006 Forte
1875 4957 2074 5009 tamen

416 5033 542 5086 tum
575 5033 824 5105 contigit
849 5033 1008 5104 quod
1031 5033 1103 5090 ab
1127 5035 1382 5091 concilio
1415 5037 2072 5112 Constantinopolitano

412 5133 508 5172 an.
543 5120 646 5173 360
675 5126 972 5189 narratur,
1005 5123 1400 5196 Theophilum
1423 5125 1496 5180 ab
1529 5127 1822 5199 episcopis
1853 5130 2069 5188 Palaes-

413 5205 553 5261 tina)
608 5208 1137 5280 Eleutheropoleos
1194 5211 1542 5270 ordinatum
1603 5217 1969 5290 episcopum,
2012 5225 2071 5277 et

409 5297 799 5369 jurejurando
829 5301 1164 5370 astrictum,
1199 5319 1272 5358 ne
1313 5303 1567 5361 alterum
1614 5313 1830 5378 praeter
1860 5327 2066 5368 eorum

410 5389 767 5442 sententiam
799 5388 1055 5443 ambiret
1088 5390 1516 5463 episcopatum,
1541 5394 1616 5451 ab
1643 5396 1896 5470 Sylvano
1926 5402 2068 5457 Tar-

411 5477 568 5530 sensi
601 5477 1046 5533 Castabalorum
1087 5479 1433 5553 episcopum
1483 5483 1822 5544 ordinatum
1857 5491 2060 5548 fuisse.

404 5563 554 5621 Fieri
589 5566 749 5621 enim
785 5566 895 5639 [LI]
930 5569 1124 5639 patuit
1154 5575 1240 5631 ut,
1285 5573 1570 5644 Eutychio
1600 5575 2062 5651 Jerrosolymam

408 5655 714 5724 translato,
748 5659 1108 5728 Theophilus
1131 5660 1204 5714 ab
1231 5664 1436 5718 .tcacio
1460 5664 2061 5742 Eleutheropolitanm

403 5743 531 5798 sedi
562 5744 880 5818 impositus
927 5748 1004 5802 sit
1036 5765 1050 5817 ;
1107 5750 1208 5820 qui
1241 5759 1556 5824 perspecta
1584 5757 1790 5828 Cyrilli
1835 5763 2063 5836 injusta

2185 4786 2756 4846 rentur.Seleuciam
2778 4799 3190 4850 convenerunt
3215 4811 3283 4850 ex
3313 4791 3564 4849 diversis
3587 4777 3826 4843 Orientis

2189 4874 2459 4945 partibus
2481 4877 2744 4950 episcopi
2777 4897 2956 4953 supra
2987 4899 3117 4948 cxx,
3147 4889 3268 4940 tres
3299 4884 3362 4939 in
3394 4886 3592 4956 partes
3641 4870 3724 4927 vel
3749 4867 3829 4922 fa-

2190 4963 2417 5021 ctiones
2451 4966 2643 5023 divisi.
2677 4969 2877 5026 Prima
2905 4977 2963 5026 et
3001 4973 3381 5028 numerosior
3411 4961 3826 5028 semi—Ariano-

2187 5069 2321 5108 rum
2352 5060 2481 5110 erat
2509 5062 2749 5112 centum
2803 5076 2983 5132 supra
3033 5063 3298 5134 quinque
3331 5079 3400 5117 ex
3429 5059 3606 5115 Hilar.
3641 5049 3736 5106 lib.
3767 5055 3824 5098 ιιι

2185 5150 2334 5198 cont.
2371 5146 2580 5210 Const.,
2614 5163 2758 5202 num
2793 5153 2880 5217 l2,
2932 5151 3112 5222 hujus
3157 5147 3533 5225 antesignani
3563 5159 3629 5200 ac
3657 5139 3825 5225 duties

2183 5231 2442 5290 Basilius
2481 5239 2849 5308 Ancyranus.
2887 5239 3162 5297 Eleusius
3195 5223 3533 5314 Cyzicenus,
3565 5223 3824 5319 Georgi“

2184 5320 2579 5388 Laodicenus,
2635 5325 2983 5383 Eustathius
3034 5329 3414 5394 Sebastenus,
3475 5318 3824 5409 SOth'ﬂus

2177 5409 2798 5485 Pompeiopolitanus,
2832 5417 3212 5475 Macedonius
3241 5401 3825 5477 Constantinopolita-

2177 5516 2312 5569 nus,
2344 5501 2634 5574 Sylvanns
2694 5505 3022 5570 Tarsensis,
3058 5525 3126 5564 ac
3173 5508 3432 5582 Gyrillus
3484 5485 3821 5590 ηοεξθτοιδῗξ

2175 5590 2528 5664 cunda[Lll]
2558 5598 2686 5648 erat
2714 5597 3036 5666 preesulum
3063 5615 3222 5660 xLlu.
3255 5595 3410 5670 apud
3440 5585 3817 5678 Epiphania?

2174 5680 2386 5736 haares.
2420 5699 2620 5751 Lxxm,
2644 5699 2811 5742 num.
2839 5690 2932 5756 26,
2956 5705 3210 5760 quorum
3228 5667 3426 5744 tamen
3447 5667 3817 5754 quadrati”ta

2173 5771 2465 5827 duntaxat
2476 5773 2726 5830 nomina
2737 5778 3272 5835 recensentur.Sed
3289 5763 3668 5850 pratermissi
3683 5765 3814 5813 non-
