4052 6448
234 393 296 484 ᾌ
1714 451 2234 519 DISSERTATIO
2276 454 2326 517 ι.
3666 470 3744 527 82

282 583 408 651 nulli,
425 599 563 654 quos
608 585 696 640 vel
766 604 864 646 ex
936 595 1108 666 ipso
1177 594 1526 667 Epiphanio,
1582 594 1673 649 vel
1715 610 1785 647 ex
1833 590 1968 647 aliis
2001 589 2047 655 Α
2081 605 2217 646 cum
2245 592 2551 648 Eustathio
2584 592 2906 649 Sebasteno
2938 594 3102 669 [LIII]
3129 597 3193 651 in
3225 614 3434 655 eorum
3452 602 3552 672 qui
3572 618 3742 660 accu-

287 676 561 735 auctoribus
588 692 704 731 una
733 679 1091 741 adfuisse
1162 688 1408 740 constat.
1468 684 1659 756 Hujus
1700 681 1976 738 factionis

299 768 555 845 principes,
608 767 924 839 Georgius
1015 775 1454 831 Alexandriam
1514 774 1673 830 sedis
1717 774 1975 841 invasor,

310 860 549 919 Eudoxius
576 859 934 917 Antiochea
948 882 1071 931 us,
1116 866 1373 921 Uranius
1394 865 1711 936 Tyriensis.
1738 870 1796 921 et
1828 866 1974 918 Aca-

320 955 416 1010 cius
440 950 520 1022 qui
548 949 711 1004 etiam
742 951 953 1007 totius
1016 955 1317 1010 factionis
1368 955 1646 1010 incitator
1691 960 1749 1009 et
1787 959 1973 1019 actor,

318 1040 909 1101 etmnderatorvidetur
927 1043 1041 1098 fui
1054 1046 1483 1115 sse,adjunctis
1498 1036 1609 1098 sibi
1627 1047 1801 1099 Patro
1812 1043 1908 1114 phi
1921 1042 1973 1096 lo

310 1132 739 1205 Scythopolitano
762 1138 820 1184 et
840 1133 932 1185 Eu
949 1135 1189 1204 tychio
1214 1134 1970 1206 Eleutlmropolitano,cum

301 1223 480 1278 tribus
505 1222 587 1277 vel
614 1228 852 1293 quatuor
884 1222 1053 1277 aliis
1083 1241 1117 1277 e
1182 1225 1513 1280 Palaestina.
1568 1225 1851 1279 Acacium
1910 1223 1971 1277 in

298 1313 493 1368 odium
540 1311 726 1383 Cyrilli
775 1319 1184 1383 segregatam
1243 1313 1556 1368 factionem
1616 1312 1971 1368 conﬂavisse

294 1402 490 1457 dicere
517 1401 733 1457 videtur
757 1401 1203 1473 Ephiphanius
1227 1404 1891 1469 hmres.Lxxm,num.23
1915 1407 1974 1456 et

295 1494 367 1545 27
392 1512 405 1558 ;
432 1491 705 1562 additque
726 1491 1099 1561 Eutycbium
1137 1491 1211 1546 iis
1240 1509 1298 1547 se
1329 1492 1599 1564 partibus
1622 1490 1972 1563 adjunxisse

285 1597 406 1654 pro
434 1598 493 1635 eo
522 1597 631 1652 quo
662 1583 717 1634 in
748 1580 1022 1650 Cyrillum
1046 1582 1333 1650 ﬂagrabat
1360 1582 1509 1636 odio.
1536 1580 1973 1651 Philostorgius

299 1687 541 1743 quoque
567 1671 928 1742 praecipuam
959 1686 1236 1736 causam,
1270 1687 1374 1724 cur
1416 1670 1667 1725 Acacius
1699 1686 1831 1725 sese
1864 1671 1969 1724 Ba-

297 1762 441 1818 silio
468 1769 522 1816 et
552 1763 891 1831 conjunctis
912 1762 1219 1833 episcopis
1234 1763 1763 1833 opposuerit.hanc
1777 1763 1968 1825 affert,

288 1853 459 1925 quod
492 1852 584 1906 illi
617 1852 904 1925 Cyrillum
935 1852 1230 1907 haberent
1258 1853 1318 1906 in
1351 1853 1577 1908 honore
1609 1852 1713 1907 lib.
1742 1870 1810 1915 iV,
1838 1869 1963 1923 cap.

2090 680 2380 737 sabantur
2408 699 2659 738 numero
2693 689 2983 748 erat,eum
3005 691 3257 758 uterque
3274 688 3488 745 luisset
3509 690 3745 763 deposi-

2088 777 2183 826 tus
2215 772 2451 843 (Sozom.
2488 772 2590 828 lib.
2626 791 2695 840 iv,
2731 791 2857 845 cap.
2896 778 3008 844 22).

2159 864 2247 916 51.
2281 862 2613 918 Concilium
2647 864 2911 935 quinque
2935 867 3273 923 actionibus
3299 867 3458 925 intra
3481 872 3746 942 quinque

2086 950 2214 1006 dies
2247 951 2588 1007 absolutum
2648 960 2757 1008 est.
2817 956 2989 1026 cujus
3050 957 3297 1012 historia
3343 976 3375 1013 a
3407 961 3643 1014 Socrate
3678 980 3745 1017 ex

2086 1041 2234 1095 actis
2264 1058 2371 1112 per
2400 1042 2680 1096 Sabinum
2713 1044 2978 1098 collectis
3035 1049 3387 1117 compendio
3448 1051 3573 1104 deSl,
3595 1053 3747 1122 ripta

2086 1135 2176 1184 est
2209 1147 2329 1185 non
2355 1132 2739 1203 indiligenter
2770 1134 2870 1188 lib.
2907 1152 2940 1188 ιι
2971 1137 3270 1207 Hist.,cap.
3310 1139 3376 1191 39
3410 1142 3582 1193 etit):
3610 1158 3740 1210 qum

2085 1226 2283 1276 autem
2316 1222 2388 1276 ad
2404 1223 2606 1295 Cyrilli
2624 1240 2717 1277 res
2734 1224 3036 1295 pertinent
3049 1225 3143 1280 hic
3158 1230 3744 1296 repraesentabimus.

2085 1311 2284 1365 Prima
2315 1312 2606 1377 sessione,
2642 1331 2774 1383 qum
2829 1314 2925 1368 die
2955 1318 3021 1368 27
3055 1317 3417 1385 Septembris
3448 1320 3750 1376 celebrata

2085 1406 2194 1455 est.
2230 1408 2638 1456 convenerunt
2667 1404 2937 1458 omnium
2968 1404 3297 1461 factionum
3329 1408 3593 1479 episcopi
3626 1426 3639 1474 ;
3676 1410 3747 1464 de

2082 1490 2381 1546 industria
2435 1496 2635 1546 tamen
2668 1492 2908 1547 abfuere
2941 1495 3241 1562 nonnulli,
3302 1513 3449 1567 quos
3477 1499 3748 1555 Socrates

2084 1580 2168 1635 ait
2200 1581 2649 1636 accusationum
2682 1582 2794 1636 sibi
2820 1583 3295 1654 impendentium
3315 1585 3634 1643 formidine
3656 1605 3748 1643 va-

2083 1668 2201 1723 rias
2233 1686 2341 1723 cur
2385 1670 2665 1725 abessent
2693 1672 3080 1742 praetexuisse
3138 1674 3419 1729 rationes.
3455 1678 3745 1732 Notantur

2081 1757 2240 1813 inter
2270 1774 2370 1814 eos
2396 1760 2794 1827 Macedonius,
2832 1762 3211 1832 Patrophilus
3237 1780 3249 1828 ;
3282 1763 3569 1834 Cyrillum
3600 1783 3736 1821 vero

2080 1854 2517 1920 repraasentant
2546 1849 2813 1905 historici
2845 1867 2965 1905 non
2998 1857 3064 1905 ut
3095 1852 3622 1926 subterfugientem
3642 1855 3741 1928 ju-

291 1946 383 1997 12.
423 1942 621 1997 Tertia
649 1941 888 1996 tandem
921 1942 1338 2014 episcoporum
1394 1942 1603 1996 divisio
1666 1943 1969 2015 Egyptio-
2009 1965 2049 2029 Β
2083 1938 2327 2002 dicium,
2367 1938 2471 1993 sed
2502 1939 2661 1994 ultro
2685 1948 3101 2011 provocantem
3137 1948 3195 1996 et
3216 1943 3612 1999 lacessentem
3634 1946 3738 2001 ad-

288 2049 434 2088 rum
464 2032 601 2097 fuit,
629 2031 733 2102 qui
767 2047 1014 2086 numero
1038 2032 1377 2103 paucissimi
1410 2038 1601 2091 erant.
1623 2031 1969 2103 quindecim

288 2124 579 2187 circiter;
617 2122 721 2192 qui
755 2122 863 2176 soli
896 2127 1045 2176 teste
1079 2121 1301 2176 Hilario
1354 2128 1502 2177 cont.
1540 2123 1747 2187 Const.,
1782 2138 1842 2177 n.
1878 2122 1968 2183 l2,

288 2212 665 2268 homousion
699 2213 1133 2266 constantissime
1164 2212 1487 2266 obtinerent.
1518 2211 1596 2266 De
1617 2211 1811 2283 prima
1833 2226 1970 2265 vero

288 2302 559 2357 factione
595 2301 657 2355 in
695 2318 814 2371 qua
840 2300 1114 2373 Cyrillus.
1148 2301 1231 2355 sic
1256 2301 1338 2355 ait
1372 2318 1384 2356 :
1418 2303 1505 2356 Em
1568 2300 1652 2355 his
1711 2303 1810 2371 qui
1870 2301 1968 2354 ho-

295 2394 567 2446 meusion
621 2390 1028 2461 prazdicabant,
1082 2388 1264 2460 aliqui
1318 2389 1596 2444 nonnulla
1643 2391 1741 2460 pie
1795 2390 1974 2445 verbis

294 2481 707 2553 puerei-ebant,
740 2480 890 2549 quod
920 2486 971 2534 et
1019 2497 1087 2534 ea:
1122 2481 1224 2533 Deo
1283 2486 1434 2547 esset,
1496 2480 1558 2533 id
1614 2487 1691 2535 est
1723 2481 1788 2533 ile
1844 2480 1971 2535 sub-

308 2572 520 2624 stantia
550 2571 669 2635 Dei,
710 2570 902 2629 Filius,
928 2575 981 2623 et
1036 2585 1249 2639 semper
1304 2568 1520 2637 fuisset.
1565 2568 1972 2624 Favorabilius

322 2660 510 2714 multo
541 2660 608 2713 de
638 2658 926 2713 omnibus
985 2659 1190 2731 primm
1240 2659 1515 2714 factionis
1565 2658 1863 2730 episcopis
1896 2657 1978 2711 lo-

323 2749 523 2820 quitur
546 2750 762 2804 Athan.
801 2750 873 2803 De
906 2765 1007 2819 syn
1064 2765 1121 2803 n.
1161 2751 1247 2815 i2,
1281 2748 1450 2804 aiens
1479 2749 1681 2804 omnia
1730 2765 1975 2820 prorsus

311 2841 561 2895 Nicaanaa
596 2838 736 2893 fidei
769 2839 963 2910 capita
994 2838 1064 2893 ab
1095 2840 1179 2893 eis
1214 2840 1561 2911 approbata,
1598 2845 1829 2909 excepta
1857 2838 1976 2893 sola

309 2930 796 2985 consubstantialis
822 2945 949 2984 voce
970 2929 1127 2998 cujus
1150 2929 1541 2984 obscuritatem
1560 2930 1968 3000 prmtexebant.

308 3020 508 3091 Neque
543 3018 607 3073 id
632 3024 836 3074 tamen
867 3018 940 3073 de
977 3018 1258 3074 omnibus
1289 3019 1512 3074 dictum
1533 3018 1970 3084 velim;nullum

310 3110 468 3164 enim
500 3108 565 3163 in
627 3109 867 3163 Oriente
930 3113 1051 3162 toto
1112 3109 1365 3163 Niczenaa
1422 3108 1559 3163 fidei
1592 3108 1972 3163 defensorem

309 3200 612 3254 exstitisse
636 3197 1005 3253 incredibilis
1036 3215 1131 3252 res
1162 3204 1270 3253 est.
1293 3198 1582 3253 Hilarium
1607 3203 1766 3253 certe
1791 3198 1851 3252 in
1878 3214 1974 3251 so-

309 3289 586 3344 cietatem
602 3288 840 3342 concilii
858 3293 916 3342 et
929 3288 1412 3343 communionem
1427 3287 1973 3360 recepere,tametsi

2082 2029 2390 2084 versarios:
2410 2031 2541 2100 ejus
2556 2030 2753 2100 itaque
2772 2032 3092 2102 praesentia
3105 2034 3342 2103 optimae
3359 2036 3740 2091 conscientias

2080 2119 2396 2184 index.Qui
2430 2119 2680 2174 aderant
2702 2121 2989 2192 episcopi,
3014 2128 3308 2194 negarunt
3328 2124 3655 2195 quidquam
3680 2127 3742 2181 in

2083 2210 2475 2281 quaastionem
2494 2210 2687 2264 vocari
2711 2210 3308 2282 debere.priusquam
3325 2214 3361 2266 ii
3379 2215 3479 2284 qui
3495 2216 3747 2271 aberant

2082 2298 2533 2363 convenissent;
2560 2298 2717 2369 quod
2742 2316 2871 2353 cum
2894 2300 3141 2354 minime
3166 2304 3572 2357 necessarium
3605 2321 3735 2359 esse

2082 2389 2308 2443 Leonas
2341 2393 2603 2459 quaestor
2632 2388 2706 2443 ad
2736 2389 3173 2445 moderandum
3198 2392 3520 2447 concilium
3543 2394 3744 2449 abim-

2083 2484 2355 2551 peratore
2384 2479 2624 2545 missus,
2661 2484 2718 2532 et
2747 2478 2808 2532 in
2839 2482 3157 2534 Anommos
3202 2483 3558 2553 prOpensior
3603 2500 3744 2554 pro-

2082 2568 2445 2629 nuntiasset,
2479 2573 2619 2622 nata
2649 2572 2738 2622 est
2784 2569 2943 2622 inter
2975 2574 3172 2624 Patres
3217 2571 3523 2627 altercatio
3561 2590 3574 2639 ;
3610 2590 3744 2629 cum

2082 2658 2182 2713 alii
2214 2659 2376 2729 prius
2409 2657 2481 2713 de
2521 2658 2639 2712 vita
2688 2663 2746 2712 et
2777 2659 3045 2713 moribus
3094 2676 3321 2727 eorum,
3379 2663 3480 2732 qui
3512 2678 3748 2719 accusa-

2081 2747 2321 2814 bantur,
2348 2746 2778 2817 inquirendum
2835 2764 2964 2803 esse
2999 2748 3288 2817 dicerent,
3318 2768 3497 2821 quam
3522 2752 3592 2807 de
3625 2753 3743 2809 ﬁde

2083 2835 2554 2909 disceptaretur;
2589 2837 2691 2893 alii
2725 2843 2863 2892 ante
2908 2839 3111 2893 omnia
3166 2840 3303 2894 ﬁdei
3347 2842 3740 2910 quaestionem

2082 2926 2373 2999 agendam
2399 2929 2850 2984 contenderent.
2881 2928 2987 2993 Qui
3021 2946 3053 2983 a
3085 2930 3267 3000 priori
3302 2932 3597 2986 sententia
3631 2938 3743 2987 sta-

2082 3016 2418 3072 banterant
2440 3018 2817 3089 potissimum
2856 3019 3157 3087 Acaciani,
3191 3037 3338 3091 quos
3379 3022 3462 3075 ait
3521 3022 3737 3077 Athan.

2083 3107 2154 3162 De
2182 3109 2374 3178 synod.
2410 3124 2572 3163 num.
2617 3110 2700 3174 12,
2738 3113 3027 3179 praetextu
3086 3109 3432 3180 quaestionis
3490 3110 3563 3164 de
3624 3111 3740 3167 fide

2082 3196 2378 3253 habendas
2408 3203 2602 3268 capto,
2634 3214 2811 3269 quam
2846 3198 2919 3253 ab
2960 3200 3411 3254 accusatoribus
3444 3202 3568 3255 suis
3598 3217 3739 3256 con-

2091 3288 2391 3360 cepissent
2445 3287 2830 3343 formidinem
2862 3305 2981 3343 non
3012 3288 3282 3344 obscuris
3314 3290 3549 3346 indiciis
3581 3307 3748 3363 aper-

313 3378 450 3434 ﬁdei
475 3379 737 3433 Nicaenaa
764 3394 826 3431 se
858 3377 1232 3432 defensorem
1262 3342 1662 3449 profiteretur.
1681 3342 1970 3432 Credibile

2101 3342 2177 3360 η,
2380 3342 2385 3343 ,
2780 3342 2827 3343 η
2946 3342 2975 3343 γέ
3236 3342 3546 3346 γράψῃ--
3584 3342 3713 3363 Ἴη-

2090 3378 2304 3434 ruisse.
2355 3378 2854 3450 Σχηματισάμενοι
2892 3373 3050 3445 δῆθεν
3079 3377 3205 3445 περί
3252 3377 3483 3440 πίστεως
3543 3385 3751 3449 ζητεῖν,

316 3470 497 3541 igitur
528 3475 622 3524 est
648 3469 934 3539 Cyrillum
967 3473 1026 3524 et
1075 3468 1223 3524 alios
1255 3468 1785 3524 consubstantialis
1836 3484 1982 3539 pro-

318 3560 687 3623 fessores,ne
710 3558 781 3613 ab
813 3558 948 3612 aliis
972 3564 1409 3630 separarentur,
1445 3564 1623 3629 atque
1656 3557 1981 3613 Acaciano-

324 3665 451 3703 rum
484 3647 730 3703 insidiis
760 3647 1214 3719 Opportuniores
1243 3648 1608 3716 forent,cum
1630 3664 1757 3702 rem
1790 3646 1983 3718 ipsam

320 3723 380 3793 iu
415 3744 540 3792 tuto
572 3738 863 3805 viderent,
890 3754 1014 3792 non
1062 3753 1421 3810 magnopere
1453 3739 1525 3792 de
1566 3737 1775 3792 vocula
1804 3736 1978 3791 labo-

323 3844 504 3883 rasse.
564 3829 635 3882 In
693 3828 868 3883 tertia
924 3827 1178 3883 factione
1210 3828 1355 3882 nihil
1390 3830 1499 3883 nisi
1521 3828 1981 3898 profanissimum

323 3917 913 3981 audiebatur,eodem
930 3917 1150 3973 Hilario
1171 3923 1343 3981 teste,
1373 3920 1652 3989 negabant
1674 3918 1978 3989 quidquam

322 4010 643 4065 substantiae
677 4009 770 4062 Dei
781 4007 961 4062 simile
982 4024 1090 4063 esse
1109 4025 1279 4078 posse,
1315 4025 1493 4079 neque
1515 4009 1581 4063 de
1598 4010 1707 4063 Deo
1720 4010 1978 4063 exsistere

320 4115 470 4169 posse
525 4100 958 4167 generationem,
1010 4098 1104 4152 sed
1155 4114 1262 4153 esse
1307 4099 1581 4153 Christum
1615 4103 1924 4153 creaturam
1953 4132 1979 4181 ;

323 4190 395 4243 ita
424 4189 576 4258 quod
616 4194 832 4242 creatus
862 4193 957 4245 est,
1021 4188 1081 4242 id
1136 4190 1187 4241 ei
1240 4187 1508 4243 nativitas
1563 4188 1976 4258 deputaretur;

322 4295 385 4333 ei:
412 4276 599 4332 nihilo
622 4282 805 4331 autem
826 4292 955 4343 esse,
1008 4281 1059 4330 et
1104 4277 1311 4333 idcirco
1363 4293 1476 4333 non
1508 4292 1616 4332 esse
1646 4277 1846 4332 Filium
1877 4294 1974 4332 nec

321 4368 425 4422 Deo
452 4368 707 4421 similem.
756 4367 871 4421 Nec
918 4366 1187 4421 omnium
1228 4366 1409 4439 hujus
1456 4366 1734 4422 factionis
1790 4366 1973 4421 fuisse

320 4456 689 4512 censendum
722 4455 1175 4527 estblasphema
1203 4456 1308 4511 illa
1338 4456 1709 4523 decreta,5ed
1723 4456 1971 4511 Eudoxii

319 4553 549 4603 tantum
584 4551 644 4601 et
672 4545 962 4600 similium
992 4563 1005 4613 ;
1034 4563 1171 4601 nam
1233 4546 1432 4618 impiae
1476 4546 1615 4601 huic
1658 4546 1970 4602 sententiaa

316 4644 652 4711 repugnant
678 4638 879 4694 omnia
908 4637 1101 4693 Acacii
1154 4644 1294 4693 ante
1354 4642 1413 4693 et
1459 4643 1593 4709 post
1645 4638 1967 4693 concilium

2091 3465 2190 3522 οὐκ
2222 3465 2510 3521 ἐλάνθανον
2539 3465 2667 3529 τοὺς
2695 3466 3051 3541 κατηγόμους
3084 3464 3343 3530 δεδίοτες.
3383 3472 3479 3525 Ait
3510 3487 3747 3542 quoque

2091 3559 2451 3615 Sozomenus
2476 3557 2577 3614 lib.
2613 3575 2682 3627 iv,
2718 3575 2847 3630 cap.
2872 3561 2960 3621 22,
2996 3559 3276 3614 Acacium
3311 3558 3741 3631 disputationes

2090 3648 2161 3705 de
2196 3648 2309 3703 fide
2344 3647 2480 3704 data
2505 3665 2685 3720 opera
2708 3648 3088 3720 protraxisse,
3114 3654 3179 3703 ut
3204 3648 3578 3706 dissensione
3605 3668 3740 3723 par-

2086 3737 2255 3804 tium,
2281 3738 2724 3793 accusationum
2759 3753 3008 3793 examen
3040 3738 3392 3809 rejiceretur
3419 3739 3653 3812 longius
3675 3757 3743 3796 ac

2084 3829 2325 3900 penitus
2356 3827 2949 3899 tolleretur.Cyrillus
2971 3843 3115 3881 sane
3128 3827 3200 3881 ab
3215 3843 3420 3882 eorum
3443 3831 3743 3886 sententia

2085 3917 2408 3988 stabat,qui
2442 3933 2653 3972 causas
2674 3921 3085 3971 accusatorum
3111 3916 3523 3988 episcoporum
3543 3919 3736 3989 primo

2081 4007 2173 4080 agi
2206 4007 2521 4063 volebant:
2557 4023 2691 4061 cum
2714 4004 2789 4060 ad
2820 4006 3139 4061 concilium
3165 4021 3234 4060 ea
3274 4006 3401 4061 sola
3432 4023 3613 4064 causa
3640 4026 3740 4065 ve-

2082 4099 2291 4155 nisset.
2324 4103 2393 4151 ut
2422 4112 2591 4151 suam
2626 4112 2762 4151 cum
2812 4095 3022 4151 Acacio
3050 4111 3292 4151 causam
3344 4095 3731 4170 disceptaret.

2081 4188 2231 4244 Vicit
2258 4194 2457 4243 tamen
2490 4202 2558 4241 ea
2586 4185 2905 4247 sententia,
2942 4190 3004 4239 ut
3036 4184 3176 4240 fidei
3234 4202 3415 4241 causa
3445 4193 3583 4242 ante
3632 4205 3735 4260 pe-

2078 4278 2396 4334 culiarium
2427 4291 2742 4332 causarum
2775 4292 3023 4331 examen
3055 4276 3504 4345 agereturﬂinc
3528 4294 3732 4350 graves

2078 4368 2682 4437 altercationes,quas
2713 4366 2784 4420 de
2816 4365 3112 4420 industria
3142 4366 3738 4436 protrahebantAca-

2077 4459 2203 4514 cius
2236 4458 2483 4529 ejusque
2512 4456 2679 4521 socii,
2704 4454 3064 4510 dissolvendi
3085 4455 3321 4509 concilii
3343 4446 3739 4513 etaccusatio-

2074 4564 2216 4603 num
2236 4562 2482 4604 examen
2499 4545 2746 4601 tollendi
2762 4545 3138 4600 occasionem
3153 4547 3735 4616 captantes.Acacius

2077 4640 2237 4693 enim
2271 4652 2481 4692 novam
2523 4635 2701 4690 ﬁdem
2735 4634 2937 4699 scribi,
3000 4639 3059 4688 et
3106 4634 3377 4707 abrogari
3428 4637 3731 4694 Nicaenum

314 4734 479 4802 gesta
505 4745 519 4782 :
552 4744 672 4782 non
701 4744 769 4782 ea
790 4732 919 4782 erat
945 4727 1213 4799 Eutychii
1233 4726 1803 4799 Eleutheropolitani
1836 4745 1969 4783 sen-
2001 4715 2050 4781 D
2080 4728 2417 4802 symbolum
2450 4725 2727 4781 volebant
2751 4725 2909 4793 ;etin
2933 4725 3142 4797 primis
3173 4742 3388 4781 nomen
3411 4728 3735 4786 substantia

312 4818 632 4889 tentia,qui
664 4824 864 4872 tamen
893 4816 1220 4872 retinendae
1235 4816 1542 4889 dignitatis
1561 4817 1964 4884 gratiacatbo-

310 4909 488 4964 licam
510 4907 777 4969 lidemjn
793 4922 911 4977 qua
923 4906 1218 4961 enutritus
1233 4907 1598 4963 erat.tacitus
1612 4907 1964 4979 suppressit:

313 5015 437 5053 non
460 4997 703 5053 tandem
728 4996 943 5051 Meletii
984 5001 1189 5067 postea
1218 4995 1573 5051 Antiocheni
1596 4997 1878 5069 episcopi,
1913 4998 1962 5053 si

315 5095 515 5143 tamen
547 5088 608 5141 in
658 5086 910 5141 concilio
944 5085 1306 5141 Seleuciensi
1354 5091 1498 5152 erat,
1536 5087 1963 5159 Acacianaaque

314 5178 467 5249 parti
491 5173 991 5247 adjunctus,quod
1011 5175 1375 5246 Epiphanius
1390 5175 1601 5231 haeresi
1616 5193 1961 5241 Lxxn,num.

310 5270 403 5334 23,
436 5269 634 5323 dicere
662 5266 912 5320 videtur.
945 5266 1009 5318 In
1043 5264 1331 5320 ambabus
1360 5282 1495 5320 vero
1521 5267 1725 5338 primis
1755 5267 1965 5323 factio-

311 5359 489 5413 nibus
504 5362 673 5411 erant
700 5354 961 5411 accusati
984 5354 1231 5410 diversis
1263 5355 1613 5412 criminibus
1628 5357 1887 5429 episcopi
1907 5363 1967 5413 et

309 5453 686 5503 accusatores
715 5447 779 5499 In
811 5444 1103 5499 Acaciana
1135 5444 1391 5499 factione
1422 5447 1608 5500 multo
1639 5447 1842 5518 plures
1873 5463 1964 5502 ac-

308 5539 498 5594 cusati
531 5541 720 5603 erant,
753 5535 817 5589 in
850 5550 999 5604 quos
1030 5549 1229 5589 severe
1287 5534 1831 5591 animadverterunt
1852 5552 1959 5606 op-

312 5628 518 5700 positas
544 5626 730 5699 partis
762 5622 1310 5695 episcopi.Acacius
1341 5623 1403 5678 in
1436 5625 1645 5695 primis
1675 5642 1710 5680 a
1740 5626 1959 5699 Cyrillo

313 5718 495 5789 injus
526 5715 872 5775 vocabatur,
903 5712 990 5767 sui
1025 5713 1083 5767 in
1114 5730 1249 5768 eum
1273 5713 1487 5785 judicii
1512 5715 1803 5771 rationem
1828 5715 1958 5770 red-

317 5808 560 5872 diturus,
596 5824 669 5862 ex
701 5805 943 5860 Socrate
972 5802 1073 5859 lib.
1115 5820 1177 5871 11,
1211 5820 1338 5876 cap.
1373 5807 1460 5859 40.
1494 5804 1749 5877 Cyrillus
1780 5806 1959 5862 etiam

2077 4838 2107 4877 e
2136 4821 2334 4877 medio
2360 4819 2601 4886 tolli,uti
2624 4818 2685 4872 in
2720 4817 3029 4873 Sirmiensi
3052 4819 3321 4889 ejusdem
3341 4820 3481 4874 anni
3507 4821 3735 4877 confes-

2077 4911 2244 4966 sione
2276 4925 2477 4964 coram
2498 4906 2843 4962 Constantio
2876 4923 2910 4961 a
2957 4904 3336 4977 principibus
3383 4909 3729 4964 semi-Aria-

2076 5015 2288 5056 norum
2316 4997 2651 5068 subscripta
2674 4996 2893 5051 factum
2925 4995 3200 5050 erat.Alii
3233 4997 3730 5054 contrasimilitu-

2076 5089 2277 5144 dinem
2311 5086 2658 5142 substantia:
2679 5086 2896 5140 acriter
2926 5084 3264 5151 tuebantur,
3285 5086 3482 5139 omnia
3505 5086 3728 5142 Nicmni

2075 5178 2311 5234 concilii
2343 5184 2559 5249 praeter
2578 5192 2758 5230 unam
2781 5173 3306 5230 consubstantialis
3329 5178 3729 5248 vocem.cujus

2075 5266 2499 5323 obscuritatem
2523 5262 3451 5333 criminabantur,approbantes.
3488 5266 3598 5321 Pro
3630 5269 3731 5321 bo-

2074 5356 2305 5412 mousio
2320 5354 2430 5411 soli
2454 5354 2703 5427 Αῐεζγρὶὶἰ
2712 5369 2796 5429 ,εχ
2809 5352 3029 5406 Hilario
3043 5356 3479 5409 constantissime
3500 5373 3655 5427 pugn
3664 5375 3727 5413 a-

2072 5447 2249 5514 bant;
2276 5445 2493 5517 quibus
2523 5445 2651 5515 ipse
2695 5441 2950 5497 Hilarius
3000 5443 3434 5514 adjungendus.
3462 5446 3728 5503 Silebant

2070 5537 2312 5593 interim
2346 5536 2444 5606 qui
2478 5551 2544 5589 ex
2576 5538 2741 5605 parte
2774 5532 3165 5588 Orientalium
3215 5536 3724 5593 consubstantiale

2071 5625 2630 5691 admittebant,cum
2653 5624 2995 5694 generalem
3029 5629 3147 5678 tam
3180 5625 3722 5682 semi-Arianorum

2070 5732 2248 5787 quam
2276 5714 2700 5770 Acacianorum
2732 5713 2795 5766 in
2818 5730 2949 5769 eam
2982 5730 3183 5768 vocem
3217 5716 3722 5786 conspirationem

2068 5807 2358 5874 viderent,
2395 5812 2452 5861 et
2482 5805 2706 5875 alioqui
2756 5803 2829 5858 de
2886 5804 3077 5859 verbis
3123 5805 3566 5879 digladiandum
3600 5824 3718 5863 non
