4052 6406
376 309 452 369 33
1662 299 1762 359 DE
1806 295 1995 358 Vl'l‘A
2040 293 2106 357 S.
2151 295 2492 362 CYRILLI.
3764 304 3842 364 8t

389 445 694 516 putarent,
721 455 857 498 cum
889 439 963 496 de
993 456 1057 496 re
1088 439 1219 514 ipsa
1248 437 1310 494 in
1363 434 1576 510 majori
1610 433 1850 492 concilii
1879 435 2046 506 parte
2077 430 2126 500 Α
2157 432 2288 491 loco
2319 437 2526 507 citato,
2561 443 2620 495 et
2638 438 2853 496 Athan.
2881 438 2954 494 De
2972 453 3097 508 syn.
3132 453 3194 493 n.
3225 439 3309 505 l2,
3348 452 3500 494 cum
3525 437 3845 496 Acacianis

380 535 926 593 conveniret.Hanc
957 531 1160 606 Cyrilli
1194 538 1252 587 et
1277 530 1526 588 aliorum
1544 529 1696 584 forte
1728 527 2051 584 nonnullo-

388 643 520 681 rum
554 625 614 679 in
651 623 903 680 concilio
941 623 1299 679 sententiam
1334 621 1518 676 fuisse
1545 624 1686 691 puto
1711 620 1957 690 (4).Cum
1977 616 2051 672 ad

381 731 692 787 vesperam
725 729 915 784 usque
945 714 1104 785 [LIV]
1135 728 1350 784 magna
1369 708 1754 765 contentione
1781 706 2050 762 altercati

385 809 609 872 essent,
639 803 917 859 clamavit
940 802 1226 874 Sylvanus
1251 800 1476 856 nullam
1514 815 1726 854 novam
1753 797 1889 852 ﬁdei
1921 796 2048 850 for-

385 896 609 951 mulam
643 893 1152 961 scribendam,srd
1187 893 1247 948 in
1267 891 1638 947 Antiochena
1659 889 2048 961 acquiescen-

386 986 526 1041 dum
561 1003 711 1041 esse.
747 987 932 1050 Quam
976 983 1047 1039 ad
1081 999 1283 1038 vocem
1314 981 1594 1037 Acaciani
1630 982 2047 1036 secesserunt;

384 1073 601 1144 reliqui
635 1089 767 1126 vero
797 1070 1204 1142 supradictam
1244 1069 1566 1125 formulam
1627 1067 1743 1122 sibi
1807 1057 2050 1138 privilegi

382 1164 673 1228 fecerunt,
709 1178 776 1216 ac
809 1161 1072 1232 perlecta
1101 1159 1691 1214 discesserunt.Eam
1723 1156 1875 1210 forte
1908 1171 2048 1226 pro-

383 1257 664 1324 posuerat
695 1251 1004 1322 Sylvanus,
1037 1251 1121 1304 uti
1182 1248 1254 1304 ad
1316 1245 1727 1304 conciliandos
1777 1245 2050 1300 omnium

386 1341 620 1396 animos
654 1340 972 1406 idoneam;
1003 1341 1155 1394 hanc
1211 1337 1374 1393 enim
1431 1337 1574 1394 olim
1619 1334 2051 1407 subscriptione

390 1447 498 1486 sua
531 1431 869 1484 firmaverat
901 1429 1169 1485 Aeacius.

461 1523 548 1574 5‘3.
582 1517 897 1585 Postridie,
935 1516 1301 1589 Septembris
1359 1517 1426 1570 28
1487 1513 1605 1584 die,
1660 1511 2050 1568 senii—Ariani

395 1609 528 1673 soli,
563 1608 958 1680 praesentibus
990 1613 1190 1663 tamen
1223 1604 1534 1661 nonnullis
1589 1603 1848 1659 adversm
1869 1602 2056 1674 partis

396 1700 808 1769 episcoporum
826 1696 1150 1751 lectoribus
1169 1695 1505 1750 etdiaconis
1520 1693 1687 1748 asuis
1703 1691 2054 1764 praesulibus

2160 526 2513 598 conjunctos
2544 531 2898 584 memorant.

2231 617 2319 670 53.
2353 617 2547 672 Tertio
2579 616 2675 673 die
2731 617 2832 688 qui
2889 617 2958 673 29
3011 616 3384 689 Septembris
3421 621 3584 685 erat,
3619 617 3845 676 Leonas

2161 721 2401 777 operam
2434 707 2600 762 dedit
2627 713 2693 762 ut
2747 723 2957 762 omnes
3017 707 3418 762 convenirent
3449 723 3463 760 :
3503 713 3568 762 et
3601 707 3846 765 adfuere

2163 797 2285 847 tum
2317 795 2578 865 primum
2624 795 3003 851 Macedonius
3039 795 3771 866 Constantinopolitanae
3793 803 3849 852 et

2161 883 2418 939 Basilius
2449 887 2795 956 Ancyranus
2829 887 2924 956 (Ei).
2967 885 3075 950 Qui
3121 901 3256 939 cum
3303 884 3502 940 ambo
3566 887 3628 940 in
3661 903 3844 942 unam

2161 971 2552 1044 eamdemque
2583 975 2989 1046 Oppositorum
3015 974 3224 1028 Acacio
3248 975 3696 1046 episcoporum
3723 992 3850 1047 par-

2160 1066 2278 1116 tem
2298 1079 2359 1118 se
2382 1062 3107 1134 adjunxissent,Acaciani
3136 1067 3449 1135 negarunt
3472 1081 3540 1119 se
3566 1080 3842 1120 accessu-

2161 1152 2401 1218 ros,nisi
2423 1169 2706 1207 consessu
2739 1153 3122 1224 ejicerentur,
3156 1153 3256 1224 qui
3288 1152 3386 1206 vel
3411 1159 3565 1209 ante
3585 1153 3847 1210 abdicati

2162 1241 2432 1309 fuissent,
2459 1242 2550 1297 vel
2610 1243 2671 1297 in
2729 1243 3048 1314 praesentia
3075 1243 3339 1298 accusati
3378 1245 3486 1314 (6).
3553 1243 3846 1316 Cyrillum

2163 1331 2418 1386 maxime
2450 1331 2582 1403 [LV]
2618 1333 2712 1387 his
2741 1331 2935 1386 verbis
2976 1330 3235 1404 petebat,
3284 1349 3482 1403 quem
3516 1339 3737 1405 postea
3789 1333 3845 1388 in

2162 1420 2500 1492 exemplum
2533 1437 2732 1477 coram
2765 1421 3122 1494 imperatore
3145 1419 3490 1492 adducens,
3517 1421 3844 1478 concilium

2163 1509 2461 1583 integrum
2484 1511 3103 1583 criminabatur,quod
3137 1528 3205 1566 eo
3239 1511 3302 1566 in
3335 1513 3845 1568 communionem

2161 1606 2399 1672 recepto
2432 1600 2503 1656 de
2533 1601 2668 1656 aliis
2699 1601 3058 1656 sententiam
3083 1600 3280 1656 dicere
3302 1617 3672 1674 aggressum
3692 1607 3844 1658 esset

2163 1691 2262 1762 (7).
2322 1692 2713 1747 Contentione
2745 1692 2854 1746 hac
2886 1708 3066 1764 super
3113 1707 3176 1746 re
3207 1690 3447 1760 habita,
3483 1707 3842 1747 concessum

394 1787 684 1848 missian
702 1786 1014 1840 ecclesiam
1035 1785 1471 1840 Seleuciensem
1488 1781 2054 1840 convenereforibus
2084 1805 2133 1871 Β
2165 1787 2256 1837 est
2282 1783 2594 1839 Acacianis
2617 1783 3008 1854 postulatum,
3041 1783 3504 1854 suspicantibus
3555 1783 3840 1856 opposita

389 1875 644 1930 occlusis
675 1893 689 1940 ;
721 1879 964 1946 tumque
989 1873 1390 1945 supradictam
1425 1872 1782 1928 Antiocheni
1809 1870 2047 1927 concilii

388 1967 449 2020 in
477 1965 772 2019 Encaeniis
795 1964 1112 2018 formulam
1133 1964 1256 2019 suis
1279 1962 1824 2035 subscriptionibus
1847 1978 2056 2034 appro-

389 2056 598 2112 bavere
626 2071 638 2121 ;
669 2070 790 2109 una
819 2071 953 2108 cum
986 2053 1398 2109 iislectoribus
1439 2058 1500 2108 et
1545 2051 1813 2108 diaconis
1844 2051 2054 2106 absen-

2163 1872 2347 1944 partis
2380 1871 2696 1944 episc0pis,
2715 1873 2868 1928 hanc
2892 1873 3171 1928 Acacium
3195 1872 3581 1928 dissolvendi
3606 1871 3841 1929 concilii

2163 1978 2402 2018 causam
2421 1962 3093 2034 arripere,Aetianauque
3109 1963 3358 2018 haeresis
3379 1962 3838 2018 damnationem

2165 2051 2345 2107 simul
2388 2056 2448 2108 et
2475 2053 2922 2108 accusationum
2955 2052 3265 2108 adversum
3299 2069 3366 2107 se
3402 2053 3840 2108 intentatarum

391 2147 534 2198 tium
574 2145 1012 2215 episcoporum,
1045 2143 1145 2215 qui
1179 2160 1286 2215 per
1316 2143 1452 2198 illos
1485 2159 1657 2198 suum
1691 2139 2054 2197 definiendis
2155 2141 2452 2214 judicium
2475 2142 2730 2216 maligne
2749 2142 3429 2216 subterfugere.Egressi
3464 2147 3614 2198 sunt
3644 2141 3838 2213 itaque

389 2235 565 2289 rebus
580 2251 937 2289 consensum
957 2233 1515 2289 accommodaturos
1529 2231 1845 2288 contestati
1861 2235 2052 2286 erant.

394 2326 525 2379 Haec
558 2341 626 2378 ex
650 2324 1191 2379 semi-Arianorum
1219 2328 1407 2394 parte.
1442 2324 1592 2377 Num
1626 2320 1928 2377 adfuerint
1957 2319 2054 2374 lli-

391 2415 580 2469 larius
613 2419 670 2467 et
695 2412 970 2484 Egyptii,
997 2417 1056 2466 et
1085 2429 1207 2467 una
1240 2428 1373 2466 cum
1407 2411 1638 2466 caneris
1672 2409 2057 2464 Antiochense

397 2499 674 2554 formulae
702 2499 1318 2571 subscripserint,non
1351 2499 1496 2556 satis
1521 2497 2062 2571 exprimunthisto—

405 2590 536 2644 rici.
573 2589 778 2644 Nullus
810 2606 910 2644 eos
944 2589 1203 2645 abfuisse
1235 2587 1380 2645 dicit
1411 2606 1424 2656 ;
1461 2594 1519 2643 et
1549 2604 1617 2643 ex
1643 2588 1863 2643 Hilario
1889 2603 2057 2644 num.

411 2681 472 2732 14
497 2683 659 2750 patet
691 2695 824 2733 eum
859 2685 1084 2750 quarta:
1113 2679 1359 2734 omnino
1393 2678 1649 2734 sessioni
1682 2677 2059 2743 interfuisse;

405 2785 512 2824 cur
542 2768 776 2823 abesset
804 2786 839 2824 a
869 2768 1131 2824 secunda
1156 2774 1214 2824 et
1247 2768 1616 2836 tertia,nulla
1646 2768 1797 2824 ratio
1829 2768 2064 2824 erat.At

403 2858 680 2913 Acaciuni
705 2875 976 2913 seorsum
1007 2859 1450 2924 convenientes,
1486 2857 1759 2913 libellum
1785 2873 1888 2912 seu
1921 2873 2064 2913 cou-

400 2949 780 3003 testationem
807 2965 1216 3020 composuere,
1243 2966 1421 3020 quem
1449 2949 1660 3004 Leome
1695 2947 1976 3022 quaestori
2009 2952 2068 3002 et

404 3037 669 3093 Lauricio
701 3037 1021 3108 provinciae
1055 3038 1335 3110 praefecto
1367 3038 1734 3094 obtulerunt.
1762 3039 1828 3094 In
1851 3054 1920 3092 eo
1944 3035 2063 3120 pri:

403 3144 563 3183 mum
597 3127 1002 3198 querebantur
1032 3128 1190 3200 quod
1225 3129 1285 3183 in
1313 3128 1538 3201 synodo
1574 3146 1604 3184 e
1637 3129 1762 3185 suis
1785 3124 2064 3183 nonuull1

403 3219 781 3274 contumeliis
814 3219 1086 3290 appetiti,
1111 3219 1212 3275 alii
1244 3218 1408 3292 loqui
1439 3219 1864 3294 prohibiti,alii
1894 3218 2061 3274 inviti

405 3326 434 3364 e
468 3325 750 3364 consessu
806 3308 1032 3363 exclusi
1063 3308 1356 3377 fuissent;
1387 3315 1510 3364 tum
1545 3309 1705 3380 quod
1737 3313 1945 3364 contra
1969 3324 2068 3362 ca-

407 3415 627 3454 nonem
660 3397 1131 3453 ecclesiasticum
1161 3399 1384 3470 recepti
1419 3399 1481 3453 in
1505 3415 1857 3453 concessum
1879 3397 1952 3453 ab
1971 3397 2070 3453 ad-

404 3487 680 3542 versariis
695 3487 818 3542 suis
837 3485 1080 3546 rIuidam
1107 3504 1176 3542 ex
1200 3487 1448 3543 diversis
1462 3487 1781 3560 provinciis
1803 3487 2066 3561 episcopi

407 3577 506 3648 qui
539 3576 792 3632 abdicati
825 3576 1064 3632 fuerant
1118 3577 1204 3648 (in
1259 3577 1352 3632 his
1411 3577 1604 3650 primo
1663 3593 1731 3633 ac
1767 3578 2066 3651 praecipue

404 3667 692 3738 Cyrillum
723 3665 971 3720 notabat
1001 3667 1298 3736 Aeacius),
1331 3671 1390 3722 et
1418 3667 1558 3722 inde
1623 3666 1846 3722 factum
1895 3667 1972 3723 sit
2001 3673 2068 3724 ut

399 3757 662 3811 tumultu
697 3755 961 3828 synodus
987 3755 1169 3828 plena
1200 3755 1466 3829 undique
1497 3756 1708 3813 fuisset
1733 3757 1932 3814 Fidem
1962 3757 2066 3814 de—

399 3845 538 3902 inde
573 3863 742 3902 suam
773 3846 1150 3918 profitentes,
1174 3853 1397 3920 negant
1421 3863 1482 3903 se
1516 3847 1696 3902 fidem
1729 3847 2065 3903 Antiochia

403 3934 466 3990 in
496 3936 794 3991 Encaaniis
825 3936 1155 4007 expositam
1186 3941 1247 3992 et
1299 3936 1393 3992 his
1443 3937 1816 4010 temporibus
1847 3936 2066 4008 quibus

402 4023 562 4078 edita
591 4021 786 4078 fuerat
843 4028 1242 4093 opportunam
1275 4023 1551 4097 defugere
1588 4041 1600 4078 :
1644 4023 1750 4080 sed
1781 4024 2065 4094 quoniam

397 4107 884 4179 vocesbpoo-Satov
906 4109 1298 4182 θῐὸμοιούσιον
1333 4128 1473 4168 cum
1501 4113 1824 4184 prteteritis
1847 4117 2070 4184 tempo-

392 4200 559 4256 ribus
592 4199 916 4256 Ecclesiam
949 4199 1460 4270 conturbaverint,
1495 4207 1620 4258 tum
1695 4203 1876 4258 etiam
1907 4219 2066 4259 nunc

395 4290 778 4358 conturbent,
811 4305 879 4345 ac
913 4288 1088 4345 modo
1119 4307 1155 4346 a
1185 4290 1542 4362 quibusdam
1572 4291 1642 4346 τὸ
1681 4289 1969 4364 ἀνόμοιον,
2004 4291 2063 4348 id

393 4377 936 4444 est,dissimilitudo
957 4377 1306 4434 substantias
1331 4379 1598 4436 innovari
1621 4381 2062 4438 dicaturzidcir-

395 4483 462 4523 co
492 4483 554 4522 se
583 4467 758 4523 ambo
795 4467 996 4538 priora
1025 4467 1110 4522 uti
1144 4484 1178 4524 a
1208 4468 1530 4542 Scripturis
1556 4469 1758 4527 aliena
1786 4471 2059 4545 rejicere,

2167 2248 2198 2285 e
2229 2231 2481 2286 concilio
2513 2231 2575 2300 ii,
2609 2231 2710 2304 qui
2742 2232 2832 2287 vel
2862 2231 3116 2304 depositi
3150 2231 3418 2296 fuerant,
3471 2231 3571 2286 vel
3595 2245 3838 2287 accusa-

2167 2320 2400 2376 bantur.
2435 2323 2514 2377 Ex
2545 2322 2632 2377 eis
2660 2321 3044 2394 excipiendus
3077 2327 3167 2377 est
3193 2321 3465 2393 Cyrillus
3507 2326 3738 2388 noster,
3769 2317 3836 2374 de

2168 2426 2284 2481 quo
2312 2409 2437 2466 haec
2485 2410 2895 2468 Theodoretus
2948 2410 3054 2466 lib.
3107 2427 3165 2476 ιι,
3225 2427 3360 2482 cap.
3416 2413 3489 2465 26
3523 2427 3536 2466 :
3574 2412 3710 2467 Cum
3741 2410 3838 2466 Se-

2170 2501 2398 2557 leuciam
2427 2505 2818 2573 convenissent,
2853 2502 3092 2573 Cyrillus
3121 2519 3244 2558 cum
3279 2500 3836 2570 Basilio,Eustathio,

2169 2591 2408 2662 Sylvano
2449 2608 2512 2646 ac
2568 2592 2800 2664 reliquis
2852 2593 3116 2648 consedit.
3177 2592 3414 2648 Aeacius
3444 2608 3576 2647 vero
3623 2597 3677 2646 et
3732 2592 3837 2661 ipse

2170 2681 2393 2752 quidem
2422 2683 2648 2737 accessit
2678 2682 2753 2737 ad
2781 2684 3061 2752 episcopos
3112 2681 3229 2736 illic
3286 2688 3689 2752 congregatos,
3749 2679 3839 2749 qui

2171 2777 2333 2826 erant
2361 2787 2592 2826 numero
2623 2778 2838 2827 centum
2870 2772 3300 2844 quinquaginta.
3332 2769 3454 2828 Sed
3499 2787 3556 2828 se
3583 2787 3706 2826 cum
3733 2767 3835 2823 illis

2173 2858 2464 2915 comitium
2492 2861 2766 2915 initurum
2792 2863 3040 2930 negavit,
3092 2859 3206 2914 nisi
3263 2859 3566 2930 Cyrilluse
3615 2857 3836 2914 concilio

2173 2950 2581 3006 submoveretur
2609 2968 2630 3016 ;
2655 2952 2868 3022 quippe
2891 2953 2989 3022 qui
3017 2952 3339 3021 episcopatu
3396 2958 3606 3006 exutus
3629 2951 3830 3020 ﬁtisset.

2174 3041 2256 3095 Ac
2285 3039 2545 3095 nonnulli
2567 3040 2789 3112 quidem
2818 3057 3008 3095 eorum
3041 3043 3140 3110 qui
3161 3042 3320 3111 pacis
3379 3041 3624 3096 studiosi
3666 3043 3830 3104 erant,

2175 3129 2448 3200 Cyrillum
2478 3131 2750 3200 rogabant
2773 3137 2835 3184 ut
2867 3147 2894 3184 e
2919 3130 3154 3186 concilio
3183 3130 3522 3200 discederet,
3573 3135 3698 3202 post
3741 3127 3827 3182 do-

2175 3221 2368 3275 ctrina
2394 3219 2524 3290 ﬁdei
2553 3220 2942 3276 discussionem
2972 3222 3090 3291 ejus
3138 3236 3368 3276 causam
3421 3219 3829 3276 examinatum:

2171 3325 2225 3364 se
2253 3324 2362 3365 esse
2379 3309 2724 3381 pollicentes.
2757 3309 2864 3364 Sed
2884 3326 3007 3364 cum
3047 3309 3288 3380 Cyrillus
3317 3326 3434 3366 non
3486 3310 3825 3380 obtempera-

2172 3404 2273 3466 ret,
2306 3399 2541 3454 Aeacius
2571 3399 2776 3455 relictis
2805 3398 2918 3455 illis
2951 3399 3221 3454 abscessit.
3259 3399 3429 3464 Quod
3461 3401 3509 3456 si
3543 3395 3824 3461 discessit,

2171 3487 2348 3560 paulo
2381 3492 2515 3560 post
2543 3487 2885 3544 rediit.nam
2921 3489 2982 3544 in
3013 3488 3124 3544 hac
3147 3493 3205 3544 et
3227 3490 3514 3560 sequenti
3537 3489 3631 3544 die
3653 3484 3825 3543 multa

2171 3577 2234 3636 in
2263 3577 2562 3648 frequenti
2585 3577 2838 3634 concilio
2855 3578 3143 3633 acerrime
3169 3577 3740 3650 disputavit.Vereor
3757 3588 3822 3628 ne

2169 3668 2572 3725 Theodoretus
2603 3668 2706 3740 qui
2729 3673 2861 3724 acta
2909 3667 3170 3739 plurium
3203 3667 3442 3724 dierum
3476 3662 3822 3738 compendio

2169 3757 2371 3822 refert,
2401 3763 2504 3814 aut
2554 3758 2750 3830 potius
2808 3757 2871 3813 in
2901 3773 3087 3812 unum
3127 3756 3448 3813 confundit
3481 3763 3542 3812 et
3600 3753 3820 3816 miscet,

2171 3848 2501 3904 discessum
2530 3849 2728 3905 Acacii
2763 3849 2866 3920 qui
2898 3847 2987 3904 vel
3010 3849 3204 3920 prima
3224 3847 3316 3904 vel
3349 3849 3565 3920 quinta
3582 3845 3821 3901 diecon-

2171 3937 2390 4011 tigit,in
2417 3938 2576 3994 hunc
2604 3937 2802 3994 locum
2826 3955 2932 4010 per
2953 3954 3216 3994 errorem
3243 3933 3818 4008 retulerit.Cyrillum

2171 4026 2493 4082 verisimile
2525 4033 2634 4095 est,
2679 4045 2753 4084 ne
2799 4045 2830 4083 e
2892 4044 3182 4084 concessu
3238 4027 3646 4101 egrederetur,
3680 4023 3822 4078 hanc

2171 4133 2411 4174 causam
2443 4115 2753 4190 allegasse,
2787 4117 2945 4190 quod
2968 4134 3138 4188 mquo
3161 4117 3302 4190 jure
3325 4117 3488 4172 inter
3510 4133 3573 4172 se
3607 4118 3666 4170 et
3682 4114 3817 4167 Aca-

2171 4205 2331 4261 cium
2362 4206 2452 4278 agi
2485 4212 2818 4279 oporteret;
2857 4222 2917 4262 se
2948 4204 3022 4262 ab
3053 4205 3265 4262 Acacio
3299 4204 3644 4279 depositum
3691 4197 3819 4272 qui-

2171 4293 2306 4350 dem
2328 4293 2514 4351 fuisse
2554 4313 2566 4362 ;
2601 4301 2661 4351 at
2691 4297 2809 4352 sive
2843 4312 2878 4352 a
2910 4313 2972 4352 se
3005 4296 3123 4350 sive
3155 4294 3226 4352 ab
3258 4293 3397 4351 aliis
3429 4293 3707 4351 Acacium
3730 4301 3819 4342 ac-

2170 4384 2363 4441 cusari
2391 4401 2404 4451 ;
2430 4385 2818 4458 quamobrem
2842 4385 2936 4440 vel
2958 4384 3212 4440 concilio
3235 4383 3609 4441 abstinerent
3657 4374 3819 4436 ambo

2169 4471 2260 4526 vel
2275 4472 3238 4543 interessentsimullniquitatem
3257 4489 3378 4544 prae
3389 4458 3816 4527 tereaAcaciani

397 4561 456 4611 ot
483 4562 853 4628 postremum
877 4556 1255 4614 anathemate
1279 4557 1562 4615 damnare
1591 4543 2060 4632 profitentur.Si-
2095 4543 2140 4608 D
2165 4560 2402 4632 judicii,
2459 4561 2617 4633 quod
2665 4561 2980 4617 manifeste
3031 4543 3273 4616 nullum
3294 4565 3352 4614 et
3381 4561 3617 4615 irritum
3650 4555 3818 4614 esset,

395 4645 604 4702 milem
623 4645 842 4702 deinde
856 4662 992 4700 cum
1010 4648 1182 4702 Patre
1213 4646 1428 4703 Filium
1457 4647 1799 4720 probant,et
1821 4649 2060 4723 symbo-

394 4735 520 4791 lum
555 4753 730 4791 suum
757 4734 1144 4808 subjungunt,
1169 4735 1230 4790 in
1257 4753 1373 4808 quo
1396 4737 1546 4792 nihil
1567 4737 1640 4794 de
1662 4738 2060 4795 similitudine

396 4825 590 4882 Patris
627 4832 684 4881 et
715 4825 870 4882 Filii.
891 4823 1153 4882 Habetur
1181 4825 1295 4881 hoc
1324 4826 1792 4884 instrumentum
1816 4845 1884 4884 ex
1907 4829 2060 4885 inte-

386 4931 501 4996 -gro
529 4916 901 4988 descriptum
959 4913 1120 4988 apud
1175 4915 1397 4972 Socrat.
1445 4915 1550 4972 lib.
1608 4935 1667 4988 ιι,
1701 4935 1829 4990 cap.
1879 4921 1969 4988 40,
2004 4923 2061 4974 et

397 5005 606 5076 Epiph.
645 5005 788 5061 hair.
821 5022 1021 5074 Lxxm,
1053 5021 1222 5062 num.
1251 5008 1342 5076 25,
1375 5007 1532 5078 apud
1581 5025 1761 5080 quem
1792 5025 1957 5065 num.
1992 5011 2060 5064 26

389 5093 832 5167 subjunguntur
862 5094 1192 5167 quadragin
1211 5099 1272 5150 ta
1305 5095 1726 5169 episcoporum
1774 5099 2018 5154 nomina
2045 5115 2058 5165 ;

397 5181 733 5255 desuntque
747 5183 820 5238 ad
837 5183 1237 5256 supplendum
1254 5201 1564 5240 numerum
1577 5186 2059 5258 prmsulumxuu,

397 5271 458 5326 in
485 5272 602 5327 fine
625 5277 916 5341 notatum,
960 5271 1207 5328 nomina
1227 5273 1364 5342 tria,
1390 5275 1744 5348 Patrophili,
1776 5275 2062 5332 Theoduli

397 5361 883 5435 Chaaretaporum
916 5359 1203 5434 episcopi,
1255 5366 1312 5416 et
1343 5363 1582 5435 Asterii,
1608 5382 1758 5436 quos
1791 5366 2060 5422 Socrates

469 5543 542 5609 (4)
565 5543 750 5616 Socr.,
786 5542 887 5597 lib.
916 5559 976 5603 ll.
1011 5559 1140 5616 cap.
1172 5547 1260 5600 39.

469 5617 540 5680 (Si)
574 5615 744 5680 una,
779 5631 906 5686 cap.
943 5618 1035 5670 4ο.

2173 4649 2544 4721 ρτωιεῃάθτθ
2567 4656 2820 4722 poterat,
2856 4657 2916 4706 et
2943 4650 3408 4723 appellationem
3433 4656 3623 4713 suam,
3655 4641 3818 4711 culus

2171 4739 2392 4795 auxilio
2426 4743 2484 4794 et
2512 4738 2806 4796 beneficio
2839 4739 3046 4795 tandiu
3081 4739 3326 4795 deberet
3353 4737 3684 4806 frui,donec
3701 4729 3818 4800 ejus

2170 4845 2350 4888 causa
2379 4827 2640 4902 legitime
2674 4827 3094 4884 discuteretur.
3123 4829 3224 4883 His
3269 4825 3601 4884 rationibus
3649 4813 3813 4874 dubio

2169 4918 2377 4992 procul
2403 4919 2702 4974 concessit
2717 4919 3224 4985 Acacius.Quibus
3246 4914 3592 4990 compositis
3605 4911 3814 4965 Leonas

2168 5007 2437 5064 libellum
2454 5007 2565 5062 sibi
2579 5007 2650 5062 ab
2669 5008 2978 5062 Acacianis
2995 5006 3259 5062 oblatum
3273 5005 3526 5062 concilio
3541 4993 3812 5074 praemi“:

2171 5115 2290 5170 qua
2335 5097 2406 5153 de
2459 5114 2522 5153 re
2578 5097 2788 5170 ingens
2829 5097 3086 5154 excitata
3115 5095 3520 5152 controversia
3573 5083 3808 5175 θεὴ-ξος

2171 5169 2428 5259 phronio
2461 5169 2852 5253 exclamante,
2891 5187 2936 5240 si
2971 5203 3121 5241 nova
3153 5187 3212 5240 in
3237 5185 3364 5240 dies
3399 5178 3658 5254 singulos
3687 5169 3810 5228 ﬁdei

2175 5277 2464 5350 expositio
2488 5277 2716 5344 edatur,
2751 5277 2879 5333 ﬁeri
2911 5294 3031 5332 non
3071 5294 3246 5348 posse
3298 5281 3366 5332 ut
3399 5265 3656 5328 veritatis
3680 5272 3808 5350 con-

2174 5349 2441 5422 servetur
2469 5366 2799 5439 integritas.
2834 5367 2942 5422 Ubi
2974 5371 3175 5422 autem
3207 5365 3399 5420 multa
3455 5366 3578 5416 tum
3611 5353 3678 5410 de
3708 5349 3806 5403 hac

2230 5546 2312 5609 (6)
2342 5545 2718 5609 Theodoret.,
2753 5546 2854 5602 lib.
2892 5563 2951 5606 Π,
2976 5549 3065 5601 27.

2237 5619 2492 5690 (7)Socr.
2519 5618 2622 5673 lib.
2657 5635 2716 5686 ιι,
2749 5635 2878 5690 cap.
2907 5621 2996 5672 40.
