4052 6448
186 1 481 99 κχ

204 356 270 454 lli

1694 432 1736 492 Ι)
1751 429 1946 490 188ΕΕ

2060 429 2206 491 ιΤΙΟ
2250 432 2274 493 Ι
2285 479 2298 493 .
3641 436 3717 497 86

264 582 325 633 re,
344 569 444 617 tum
470 558 540 616 de
564 558 637 615 iis
666 562 791 631 qui
836 564 923 619 in
971 566 1239 623 crimen
1268 564 1628 621 vocabantur
1650 563 1946 638 episcopis
1978 563 2031 630 Α
2062 579 2324 636 causam,
2357 569 2484 623 tum
2514 582 2755 623 reorum
2784 566 3040 624 aliorum
3073 568 3173 639 qui
3197 568 3272 624 ad
3296 573 3493 642 partes
3515 574 3716 628 Acacii

269 656 387 715 ultro
406 652 651 722 citroque
681 652 964 724 agitata
1002 662 1258 723 essent,
1289 654 1607 711 concilium
1630 653 1948 710 dimissum

284 752 369 806 est.

341 832 720 901 3$.Quartadie
746 847 918 889 cum
956 852 1211 892 omnes
1237 836 1449 891 iterum
1502 834 1946 900 convenissent,

303 932 357 988 de
382 929 599 986 fidetota
624 924 857 979 exstitit
913 927 1389 991 controversia,
1441 925 1631 980 nihilo
1681 923 1947 979 feliciore

296 1037 437 1096 quam
458 1017 628 1092 pridie
657 1014 835 1070 exitu.
865 1017 1219 1085 Primum,
1246 1034 1377 1071 cum
1410 1016 1679 1074 Aeacius.
1704 1016 1765 1068 in
1796 1031 1944 1086 prae-

292 1112 522 1170 cedentis
540 1108 645 1163 diei
666 1107 1193 1178 disputationem
1214 1123 1462 1179 pergens
1491 1105 1735 1164 diceret.
1761 1102 1948 1159 semel

282 1208 494 1261 mutata
509 1197 710 1256 Nicaini
735 1197 1005 1252 concilii
1043 1198 1171 1253 fide
1190 1197 1340 1252 nihil
1362 1196 1601 1253 obstare
1624 1194 1946 1267 quominus

282 1312 426 1352 nova
453 1298 577 1367 post
605 1301 713 1347 tam
740 1289 981 1344 multas
1022 1289 1178 1345 fidei
1219 1287 1476 1344 formula
1506 1287 1904 1343 constituatur
1928 1302 1941 1340 :

275 1383 578 1458 respondit
600 1379 863 1437 Eleusius
912 1395 1064 1435 non
1124 1378 1472 1434 convenisse
1522 1376 1842 1433 concilium
1877 1380 1946 1431 ut

271 1475 605 1531 addisceret
633 1487 756 1543 quas
785 1484 907 1523 non
953 1467 1382 1535 addidicisset,
1416 1483 1613 1538 neque
1644 1470 1711 1521 ut
1762 1463 1941 1519 fidem

264 1565 569 1636 acciperet
596 1577 776 1633 quam
806 1575 930 1613 non
957 1558 1307 1619 habuisset,
1342 1557 1445 1611 sed
1488 1556 1666 1611 fidem
1699 1556 1940 1610 Patrum

266 1654 427 1710 illud
444 1653 635 1724 sequi,
661 1667 691 1707 e
714 1666 827 1722 qua
844 1650 918 1705 ad
944 1654 1213 1704 mortem
1237 1664 1424 1719 usque
1448 1663 1569 1701 non
1584 1644 1937 1700 discederet.

267 1741 633 1801 Antiocheni
659 1742 719 1795 in
740 1739 1038 1795 Encamiis
1054 1736 1294 1793 concilii
1319 1735 1634 1791 formulam
1652 1734 1941 1807 intellige-

260 1836 375 1891 bat
403 1852 415 1887 :
447 1849 564 1905 quo
597 1847 746 1886 sane
794 1829 991 1884 Acacii
1044 1832 1465 1900 argumentum
1513 1842 1723 1898 parum
1772 1823 1935 1897 [LVI]

259 1923 531 1979 feliciter
563 1919 1012 1976 retundebatur.
1047 1916 1251 1971 Altera
1278 1921 1482 2005 exorta
1512 1920 1602 1969 est
1630 1914 1935 2005 contentio
1966 1939 2015 2005 B

260 2013 437 2068 circa
467 2010 906 2066 Acacianorum
954 2005 1273 2062 formulam
1324 2004 1515 2077 pridie
1568 2003 1932 2076 prmlectam.

262 2102 422 2157 Cum
457 2104 839 2173 quaereretur
867 2113 983 2168 quo
1017 2111 1198 2150 sensu
1226 2094 1437 2149 Filium
1472 2094 1629 2149 Patri
1672 2093 1935 2149 similem

264 2195 646 2255 assererem,
681 2186 988 2260 respondit
1016 2185 1264 2240 Aeacius
1294 2201 1413 2239 non
1436 2183 1766 2240 secundum
1798 2182 1935 2239 sub-

267 2283 565 2337 stantiam
591 2279 702 2335 sed
726 2277 1050 2334 secundum
1064 2276 1428 2330 voluntatem
1442 2274 1731 2330 duntaxat
1757 2274 1938 2344 Cujus

269 2371 699 2444 responsionis
733 2368 1159 2441 impiissimum
1188 2382 1449 2433 sensum,
1508 2380 1577 2419 ex
1626 2364 1936 2435 cujusdam

274 2465 415 2536 ejus
444 2462 726 2519 factionis
742 2459 1002 2533 episcopi
1022 2457 1437 2513 sententiasibi
1463 2455 1941 2529 prmcedentibus

280 2554 497 2609 diebus
526 2559 758 2625 aperta,
790 2550 972 2606 refert
1003 2547 1257 2603 Hilarius
1315 2553 1459 2602 cont.
1513 2547 1724 2607 Const.,
1773 2560 1940 2600 num.

301 2646 389 2698 l-i.
426 2644 697 2714 Opposita
730 2640 943 2695 Acacio
966 2638 1038 2694 ab
1061 2637 1414 2693 adversariis
1436 2636 1678 2709 propria
1699 2641 1942 2690 senten-

306 2734 387 2788 tia
419 2740 521 2793 est,
553 2734 648 2804 qui
677 2732 800 2786 sive
832 2730 891 2784 in
928 2729 1142 2784 litteris
1172 2727 1242 2783 ad
1264 2726 1695 2794 Macedoniam,
1730 2725 1849 2779 sive
1882 2724 1945 2779 in

290 2824 446 2879 libro
475 2841 509 2879 a
540 2839 603 2877 se
633 2820 994 2891 conscripto.
1028 2819 1238 2873 Filium
1262 2817 1453 2872 fassus
1478 2822 1623 2884 erat,
1652 2832 1787 2871 cum
1810 2814 1945 2869 aliis

290 2913 469 2969 rebus
508 2912 813 2978 omnibus,
866 2916 991 2964 tum
1042 2910 1216 2964 etiam
1279 2907 1611 2963 substantia
1662 2905 1942 2961 similem.

291 3003 514 3070 Quibus
545 3002 802 3058 ridicule
834 2999 1142 3071 respondit
1184 2998 1454 3064 Aeacius,
1502 2996 1805 3051 neminem
1834 3011 1948 3049 un-

286 3110 463 3166 quam
500 3110 577 3149 ex
608 3093 703 3147 his
735 3108 864 3163 quae
892 3090 1231 3160 scripsisset
1255 3087 1591 3161 judicatum
1642 3087 1742 3158 (8).
1800 3086 1942 3140 Cum

289 3201 422 3241 vero
437 3181 858 3239 semi-Arianis
874 3179 1256 3252 objecissent,
1283 3182 1625 3251 utapparet.
1647 3173 1944 3243 Acaciani,

286 3276 678 3330 Sirmiensem
713 3270 979 3343 ejusdem
1036 3269 1177 3324 anni
1228 3268 1547 3323 formulam
1575 3283 1609 3323 a
1634 3264 1851 3321 Basilio
1888 3268 1947 3318 et
1976 3306 2021 3375 α

290 3368 475 3421 Marco
508 3363 831 3420 Arethusio
858 3361 1276 3433 conscriptam,
1312 3375 1431 3431 qua
1460 3357 1807 3431 substantias
1836 3372 1945 3410 no-

292 3473 421 3511 men
457 3455 641 3510 abiis
676 3452 851 3525 paulo
909 3456 1047 3507 ante
1092 3450 1392 3505 sublatum
1446 3453 1591 3511 erat,
1638 3445 1950 3517 respondit

294 3546 610 3601 Eleusius:
645 3541 935 3614 quidquid
975 3539 1226 3596 Casilius
1276 3539 1365 3594 vel
1416 3540 1644 3593 Marcus
1695 3536 1946 3591 seorsim

296 3636 577 3709 egissent,
611 3650 678 3688 ac
711 3630 1003 3703 quidquid
1034 3630 1305 3702 privatim
1339 3626 1451 3683 sibi
1484 3633 1690 3682 mutuo
1722 3625 1946 3696 objice-

294 3730 416 3781 rent
448 3722 703 3779 Aeacius
734 3729 792 3775 et
821 3720 1083 3775 adversae
1117 3718 1308 3791 partis
1339 3717 1638 3784 homines,
1673 3721 1731 3769 et
1756 3720 1949 3770 recte-

296 3831 363 3870 ne
393 3831 469 3870 an
501 3829 676 3869 secus
708 3811 998 3866 haberent
1027 3809 1198 3865 editas
1232 3808 1305 3863 ab
1338 3808 1609 3878 utrisque
1650 3806 1944 3868 formulas,

298 3904 440 3959 nihil
468 3903 529 3958 id
552 3901 794 3957 concilii
820 3900 1143 3965 interesse;
1179 3898 1281 3953 sed
1304 3898 1365 3951 in
1398 3896 1538 3951 fidei
1572 3894 1946 3952 confessione

300 3993 663 4049 Antiochena
692 3991 938 4046 omnino
971 3988 1479 4060 acquiescendum
1504 4002 1653 4041 esse.
1688 3986 1791 4041 Cui
1811 4001 1945 4041 sen-

299 4085 489 4139 tentiae
513 4099 651 4138 eum
680 4082 770 4137 sui
804 4097 1033 4141 omnes,
1064 4077 1116 4132 οὶ
1145 4076 1237 4131 σὺν
1273 4075 1418 4148 αὖτῷ
1450 4074 1662 4137 πάντες,
1697 4075 1946 4148 applau-

301 4172 534 4230 sissent.
568 4188 680 4227 nec
711 4170 853 4225 certi
888 4168 1210 4240 quidquam
1246 4168 1405 4222 inter
1425 4166 1832 4238 oppositarum
1857 4164 1945 4219 fa-

298 4263 557 4319 ctionum
580 4260 891 4333 episcopos
918 4258 1094 4315 statui
1116 4258 1423 4330 potuisset,
1448 4271 1697 4328 surgens
1721 4256 1946 4311 Leonas

297 4352 617 4408 concilium
648 4350 896 4406 dimisit.

367 4448 451 4501 55.
488 4443 805 4510 Postridie,
837 4440 1121 4497 nimirum
1153 4440 1348 4512 prima
1382 4438 1653 4496 Octobris
1684 4437 1799 4506 die,
1844 4456 1944 4495 ro-

296 4542 461 4608 gatus
496 4541 761 4606 quaestor
785 4538 852 4589 ut
876 4533 951 4588 ad
981 4531 1300 4588 concilium
1324 4548 1392 4586 ex
1416 4548 1581 4587 more
1612 4530 1943 4600 accederet,

297 4625 533 4699 negavit
562 4640 626 4679 se
657 4623 999 4679 adfuturum
1031 4639 1043 4677 :
1077 4623 1329 4677 missum
1371 4621 1531 4676 enim
1583 4636 1645 4675 se
1695 4635 1823 4676 esse
1872 4619 1943 4676 ab

2057 654 2503 730 confugissent;
2537 658 2639 713 alii
2672 658 2848 714 modo
2880 658 3256 730 postularent
3285 665 3349 713 ut
3398 661 3542 715 certi
3589 664 3716 733 epi—

2057 746 2219 818 scopi
2252 747 2314 802 in
2346 747 2574 803 aedibus
2602 750 2813 805 Leonas
2836 748 3257 815 convenirent;
3292 750 3467 805 modo
3502 751 3613 806 sibi
3640 753 3712 807 ab

2057 834 2416 907 imperatore
2440 838 2499 893 in
2524 838 2823 894 mandatis
2850 838 3053 892 datum
3079 837 3366 899 dicerent,
3403 847 3467 893 ut
3487 840 3559 894 de
3582 842 3715 897 aliis

2049 925 2397 997 judicarent
2416 931 2552 995 (10),
2575 929 2849 983 Acaciani
2874 945 3008 983 vero
3034 944 3228 999 neque
3244 929 3516 983 eamdem
3535 930 3712 986 ﬁdem

2057 1031 2192 1070 cum
2223 1016 2356 1071 aliis
2387 1017 2679 1081 conﬁteri,
2712 1035 2907 1088 neque
2940 1019 3192 1089 objectis
3216 1019 3324 1074 sibi
3360 1019 3713 1075 criminibus

2056 1105 2439 1177 respondere,
2465 1124 2574 1162 nec
2597 1106 2669 1162 ad
2697 1109 3158 1163 examinandum
3182 1108 3385 1180 Cyrilli
3408 1110 3709 1181 negotium

2054 1195 2334 1251 accedere
2349 1196 2744 1263 sustinebant,
2771 1215 2948 1268 quem
2975 1198 3085 1270 ipsi
3115 1198 3708 1269 deposuissent.Cum

2052 1284 2253 1357 itaque
2288 1286 2503 1357 saepius
2538 1287 2808 1342 accersiti
2840 1303 2960 1342 non
2992 1294 3428 1360 comparerent.
3464 1289 3705 1345 tandem

2053 1373 2374 1429 concilium
2407 1377 2768 1430 sententiam
2795 1375 2964 1444 dixit,
2998 1393 3116 1447 qua
3144 1376 3404 1448 primum
3436 1378 3705 1433 omnium

2052 1463 2335 1519 Acacium
2354 1481 2489 1521 cum
2523 1466 2768 1539 Georgio
2802 1464 3226 1531 Alexandrino,
3268 1466 3534 1522 Eudoxio
3585 1470 3706 1523 An-

2050 1553 2352 1622 tiocheno,
2375 1554 2749 1627 PastrOphilo
2774 1555 3255 1627 ScythOpolitano
3277 1556 3529 1628 aliisque
3552 1575 3706 1613 non-

2050 1643 2235 1699 nullis
2261 1644 2605 1716 deponunt;
2643 1644 2792 1700 alios
2817 1662 2973 1711 vero,
3007 1644 3069 1700 in
3101 1645 3318 1717 quibus
3359 1647 3701 1718 Eutychius,

2048 1734 2259 1789 tandiu
2289 1735 2545 1807 propria)
2594 1735 2873 1790 Ecclesiae
2922 1735 3341 1790 communione
3391 1744 3702 1793 contentos

2049 1840 2178 1879 esse
2202 1824 2441 1896 jubent,
2474 1825 2663 1882 donec
2694 1825 2959 1897 legitima
2991 1825 3395 1882 satisfactione
3422 1827 3493 1881 ab
3520 1826 3701 1883 illatis

2048 1931 2179 1971 sese
2210 1914 2564 1971 criminibus
2596 1915 2994 1988 purgaverint.
3030 1914 3316 1987 Cyrillum
3351 1916 3694 1972 restitutum

2047 2021 2176 2061 esse
2210 2021 2243 2059 a
2269 2005 2543 2071 concilio,
2578 2004 2847 2076 quamvis
2875 2004 3141 2059 historici
3167 2005 3404 2071 sileant,
3439 2006 3698 2061 dubitari

2046 2111 2165 2149 non
2193 2101 2406 2167 potest.
2435 2097 2582 2150 Eum
2605 2096 3000 2167 Hieronymus
3023 2095 3083 2148 in
3108 2095 3371 2151 Chronico
3400 2096 3697 2151 redditum

2049 2202 2169 2239 sum
2191 2184 2469 2239 Ecclesiae
2494 2184 2694 2252 refert,
2709 2189 3029 2255 antequam
3046 2183 3377 2239 Herennius
3393 2203 3459 2240 eo
3484 2186 3699 2241 iterum

2048 2275 2221 2347 pulso
2250 2275 2379 2347 ejus
2403 2275 2528 2330 sedi
2561 2274 2990 2346 imponeretur.
3029 2275 3306 2328 Herennii
3339 2292 3474 2329 vero
3512 2277 3699 2331 intru-

2050 2364 2282 2419 sionem
2314 2380 2434 2418 non
2467 2378 2783 2434 possumus
2817 2361 2932 2416 nisi
2964 2362 3150 2433 [LVII]
3198 2367 3334 2434 post
3379 2364 3702 2420 concilium

2050 2452 2776 2524 Constantinopolitanum
2793 2452 2935 2506 anni
2952 2452 3257 2522 sequentis
3277 2452 3709 2528 collocare.lgi-

2054 2549 2150 2599 tur
2180 2550 2317 2600 ante
2350 2543 2497 2597 illud
2530 2541 2850 2597 concilium
2883 2542 3357 2613 Hierosolymam
3390 2549 3713 2599 reverterat

2053 2635 2331 2709 Cyrillus,
2365 2634 2719 2690 auctoritate
2782 2633 3177 2689 Seleuciensis
3231 2635 3468 2690 concilii
3526 2637 3706 2693 dubio

2055 2725 2262 2798 procul
2292 2724 2499 2779 fretus.
2536 2723 2782 2778 Etiamsi
2819 2723 3051 2778 nullum
3088 2725 3217 2796 ejus
3250 2725 3486 2780 concilii
3530 2726 3589 2780 in
3620 2727 3711 2781 fa-

2055 2832 2253 2870 vorem
2285 2814 2490 2887 Cyrilli
2532 2814 2838 2869 decretum
2893 2813 3130 2886 proprie
3183 2815 3527 2881 exstitisset,
3584 2816 3713 2887 ipsa

2055 2913 2255 2961 tamen
2282 2905 2477 2960 Acacii
2505 2902 2958 2976 depositio,qua:
2982 2903 3053 2958 ad
3079 2903 3278 2974 Cyrilli
3299 2905 3711 2961 accusationes

2055 2998 2354 3072 praecipue
2387 3011 2669 3050 concessa
2700 2994 2953 3059 videtur,
2987 3012 3091 3067 pro
3124 2994 3460 3067 Cyrillianze
3514 3013 3707 3053 causm

2056 3086 2433 3147 absolutione
2467 3090 2524 3140 et
2554 3084 2823 3157 ejusdem
2856 3084 3359 3157 redintegratione
3387 3084 3591 3140 haberi
3612 3104 3712 3157 po-

2056 3183 2229 3235 terat.
2256 3174 2369 3232 Sed
2390 3180 2618 3230 certum
2644 3180 2733 3229 est
2754 3173 3040 3246 Cyrillum
3066 3174 3499 3245 Acaciijudicio
3524 3176 3712 3232 inter-

2059 3270 2269 3333 ruisse,
2305 3272 2364 3322 et
2394 3282 2513 3320 una
2543 3282 2678 3320 cum
2711 3265 2942 3320 caeteris
2999 3264 3060 3319 in
3111 3264 3308 3336 ipsum
3354 3266 3712 3322 sententiam

2060 3360 2269 3416 tulisse
2300 3375 2315 3424 ;
2347 3373 2483 3411 nam
2518 3355 2879 3426 querebatur
2900 3354 2974 3411 ad
2997 3355 3419 3427 imperatorem
3441 3357 3711 3424 Aeacius,

2059 3449 2218 3523 quod
2242 3465 2303 3503 eo
2342 3462 2604 3503 assessore
2634 3452 2686 3500 et
2716 3446 3034 3500 consiliario
3066 3446 3430 3502 Seleucienses
3452 3447 3716 3516 judicare

2060 3547 2110 3596 et
2142 3540 2209 3594 de
2236 3538 2363 3593 aliis
2391 3538 2714 3593 sententiam
2769 3537 2915 3604 ferre
2962 3538 3208 3606 aggressi
3245 3538 3502 3605 fuissent.
3557 3537 3715 3609 apud

2058 3627 2350 3685 Theodor.
2385 3626 2488 3681 lib.
2524 3643 2557 3680 ιι
2588 3627 2753 3688 Hist.,
2782 3642 2909 3697 cap.
2936 3628 3023 3679 2‘7.
3060 3627 3139 3679 Ex
3173 3625 3388 3696 quibus
3418 3627 3715 3697 conjectu-

2060 3737 2187 3776 ram
2220 3716 2494 3773 ducimus
2526 3714 2847 3770 concilium
2902 3714 3105 3787 Cyrilli
3157 3732 3397 3771 causam
3453 3716 3712 3788 primum

2061 3808 2453 3867 examinasse,
2480 3822 2735 3877 eumque
2759 3806 3140 3860 innocentem
3164 3806 3614 3877 comprobatum
3638 3807 3714 3862 ad

2060 3913 2405 3957 consessum
2439 3895 2772 3962 admisisse,
2807 3899 2865 3949 et
2895 3893 3285 3949 consiliorum
3345 3895 3615 3951 omnium
3647 3913 3715 3953 ac

2052 3990 2439 4062 judiciorum.
2466 4004 2596 4058 quae
2625 3986 2685 4041 in
2711 3986 2989 4041 Acacium
3020 3986 3238 4041 aliosve
3266 3986 3387 4041 lata
3407 3992 3710 4060 sunt,par-

2060 4081 2303 4153 ticipem
2332 4077 2568 4134 fecisse.

2716 4184 2948 4240 CAPUT
2987 4183 3053 4240 X.

2061 4281 2288 4338 Aeacius
2317 4276 2670 4347 imperatoris
2719 4273 2967 4329 animum
3014 4275 3276 4330 adversus
3304 4274 3595 4347 Cyrillum
3625 4291 3719 4332 ac-

2134 4351 2338 4408 cendit.
2371 4346 2529 4419 quia
2559 4346 3443 4419 concilioConstantinOpolitano
3486 4364 3579 4403 an.
3616 4349 3721 4403 360

2133 4427 2334 4479 iterum
2362 4418 2678 4492 deponitur,
2710 4425 2761 4473 et
2790 4418 2850 4473 in
2882 4419 3139 4473 emsilium
3165 4418 3428 4474 mittitur.

2134 4536 2220 4587 56.
2253 4528 2630 4586 Seleuciense
2662 4526 2985 4582 concilium
3021 4525 3225 4583 decem
3270 4527 3345 4583 ad
3396 4528 3723 4600 imperato-

2065 4639 2193 4680 rem
2225 4621 2539 4694 episcopos
2567 4617 2755 4690 ipsius
2779 4617 2955 4689 jussu
2976 4616 3288 4689 delegavit,
3313 4617 3414 4690 qui
3446 4618 3518 4673 de
3544 4618 3723 4674 rebus

298 4715 655 4787 imperatore
678 4719 740 4768 ut
765 4712 1019 4768 concilio
1047 4711 1325 4767 concordi
1351 4710 1687 4766 interesset.
1722 4709 1953 4777 Quando
1989 4686 2035 4753 Β
2067 4733 2101 4771 a
2133 4731 2194 4769 se
2227 4710 2408 4782 gestis
2430 4708 2742 4771 referrent,
2776 4708 2993 4779 quibus
3024 4708 3301 4763 nonnulli
3347 4709 3447 4764 alii
3498 4726 3560 4765 se
3617 4708 3724 4766 ad-

295 4814 483 4861 autem
518 4804 779 4860 nonnulli
808 4805 1162 4872 dissentiant,
1197 4802 1415 4874 inquit,
1447 4804 1631 4858 adesse
1681 4819 1792 4856 non
1830 4818 1959 4872 pos-

292 4912 437 4951 sum.
472 4895 643 4950 Abite
671 4896 868 4964 igitur,
903 4900 953 4948 et
988 4895 1044 4947 in
1104 4892 1333 4948 ecclesia
1380 4908 1558 4963 nugas
1605 4893 1767 4962 agite.
1824 4891 1958 4947 Haec

296 4993 399 5049 ille
432 4994 638 5049 favens
669 4991 1001 5053 Aeaeianis,
1036 5007 1185 5062 quos
1208 4990 1269 5045 in
1300 4991 1428 5062 ejus
1449 4990 1678 5046 aedibus
1700 4989 1959 5046 offende-

297 5090 442 5139 runt
473 5084 575 5154 qui
609 5082 683 5137 ad
714 5098 850 5137 eum
875 5080 1243 5136 invitandum
1266 5080 1533 5153 deputati
1556 5080 1961 5152 fuerantlijus

294 5191 468 5230 voces
501 5172 670 5229 avide
716 5177 969 5245 arrepta)
1032 5171 1103 5227 ab
1156 5171 1487 5237 Acacianis,
1532 5176 1601 5227 ut
1646 5170 1803 5242 quod
1848 5169 1961 5243 ipsi

297 5264 585 5335 optabant
606 5279 639 5319 a
655 5261 909 5318 concilio
926 5260 1300 5317 discederent
1315 5260 1492 5334 (9).At
1504 5261 1688 5333 partis
1701 5260 1961 5316 adversas

296 5354 585 5426 prmsules
620 5353 680 5407 in
715 5351 1029 5409 ecclesiam
1066 5352 1138 5407 de
1194 5367 1362 5407 more
1411 5356 1859 5418 convenerunt;
1893 5367 1963 5406 ac

297 5443 574 5499 nonnihil
603 5441 889 5513 temporis
912 5440 1244 5496 interfluxit
1262 5457 1395 5496 cum
1420 5441 1519 5497 alii
1546 5440 1872 5497 Acacianos
1886 5441 1964 5496 ei-

295 5540 499 5590 tarent
527 5534 601 5589 ad
623 5529 1020 5604 judicandam
1056 5536 1178 5586 tum
1210 5529 1414 5603 Cyrilli
1436 5529 1962 5603 Hierosolymitani

372 5714 443 5783 (8)
475 5713 623 5775 Soz.,
658 5710 767 5767 lib.
800 5726 876 5777 Iv,
908 5726 1035 5781 cap.
1070 5714 1082 5733 ‘
1106 5713 1155 5764 2.

381 5788 456 5858 (9)
484 5785 636 5841 Ibid.

2062 4802 2335 4877 junxisse
2366 4798 2642 4855 videntur
2669 4815 2682 4866 ;
2716 4798 2915 4853 caeteri
2943 4798 3188 4854 domum
3238 4800 3490 4867 rediere,
3524 4806 3583 4856 et
3611 4802 3724 4875 Cy-

2067 4894 2242 4950 rillus
2274 4889 2685 4961 Hierosolyma
2717 4904 2989 4944 reversus
3023 4906 3143 4944 suae
3176 4890 3393 4944 iterum
3443 4891 3722 4948 Ecclesia

2068 4979 2472 5054 gubernacula
2491 4977 2806 5050 capessivit
2825 4978 2871 5048 (1
2888 4977 3276 5047 1).Α‹;ειοὶειιιω
3299 4996 3434 5033 vero
3448 4979 3725 5037 factionis

2068 5074 2370 5149 principes
2396 5069 2680 5126 Seleuciae
2713 5068 2988 5141 depositi,
3021 5067 3095 5123 ad
3125 5070 3325 5124 aulam
3349 5070 3461 5141 ipsi
3488 5088 3726 5142 quoque

2069 5162 2318 5238 prafecti
2344 5165 2485 5217 sunt
2508 5159 3084 5229 Constantinopolim
3114 5175 3220 5225 ;ac
3252 5159 3730 5218 Seleuciensibus

2071 5254 2282 5329 legatis
2313 5252 2488 5308 citius
2518 5249 2777 5322 appulsi,
2810 5249 3071 5320 primum
3104 5249 3345 5320 quidem
3382 5268 3482 5306 eos
3532 5253 3634 5323 qui
3666 5252 3729 5309 in

2070 5344 2293 5419 palatio
2310 5341 2635 5415 plurimum
2651 5344 2926 5412 poterant
2942 5339 3160 5411 partim
3184 5357 3384 5397 secum
3408 5342 3468 5396 in
3491 5342 3665 5416 dogm
3682 5360 3738 5399 a-

2074 5436 2232 5492 tibus
2264 5449 2371 5490 sua
2401 5437 2611 5505 sponte
2666 5429 3130 5503 consentientes.
3166 5432 3384 5504 partim
3433 5433 3665 5489 oration
3692 5434 3741 5490 is

2071 5524 2372 5583 lenocinio
2395 5524 2457 5579 in
2472 5537 2640 5578 suam
2663 5521 3023 5578 sententiam
3048 5522 3581 5596 adductos,partim
3602 5540 3736 5581 mu—

2166 5703 2254 5773 lO)
2288 5703 2441 5769 Soc.,
2475 5701 2578 5757 lib.
2612 5719 2673 5767 ιι,
2697 5717 2824 5775 cap.
2861 5704 2949 5758 40.

2166 5706 2254 5773 10)
2288 5706 2441 5769 Soc.,
2475 5706 2578 5757 lib.
2612 5719 2673 5767 ιι,
2697 5717 2824 5775 cap.
2861 5706 2930 5758 40

2140 5706 2252 5849 ill)
2283 5776 2404 5831 Soz.
2433 5774 2538 5831 lib.
2569 5791 2646 5843 Iv,
2679 5790 2808 5846 cap.
2839 5776 2932 5830 23.
