4052 6420
372 371 447 428 87

1673 361 1777 421 DE
1823 360 2010 423 VITA
2053 356 2116 418 Ξ.
2161 359 2496 426 CYRILLI.
3727 374 3798 436 88

381 505 625 560 neribus
644 521 713 560 ex
727 505 940 578 opibus
958 504 1238 561 Ecclesiae
1263 502 1608 573 redemptos
1627 497 1738 554 sibi
1763 494 2038 551 devinxe-
2072 494 2121 562 Α
2156 496 2266 552 ctis
2293 500 2571 556 omnibus
2602 501 2737 559 aliis
2767 502 3026 576 probant
3062 504 3232 576 (Soz.,
3264 504 3369 560 lib.
3407 523 3485 572 1v,
3517 521 3646 578 cap.
3697 508 3804 580 24),

384 602 544 664 re,ut
568 596 678 650 hoc
703 601 875 666 pacto
902 594 1280 666 imperatoris
1304 591 1547 647 auribus
1567 603 1695 643 sese
1717 585 1950 642 facilius
1969 583 2054 638 in-

389 687 708 741 sinuarent
738 689 868 756 (l2).
903 687 1046 740 Tum
1085 684 1336 739 Aeacius
1369 679 1778 736 Seleucienses
1819 674 2052 747 probris

391 777 676 831 omnibus
709 793 910 831 coram
944 777 1303 846 imperatore
1334 771 1622 837 oneravit,
1647 767 2052 840 improborum

397 867 712 922 hominum
748 873 962 923 coetum
997 865 1329 937 appellans,
1363 862 1435 918 ad
1468 859 1798 933 perniciem
1831 862 1890 911 et
1933 855 2052 909 exi-

401 956 546 1009 tium
583 955 978 1010 Ecclcsiarum
1013 954 1352 1008 collectum.
1387 949 1496 1005 Sed
1531 946 1698 1002 nulla
1754 962 1816 1000 re
1866 943 2054 1015 magis

393 1045 525 1115 ejus
556 1045 823 1099 animum
855 1044 1170 1099 adversum
1207 1041 1341 1096 illos
1368 1037 1894 1107 commovit,quam
1921 1049 2054 1088 cum

390 1133 618 1188 diceret
651 1149 750 1188 eos
785 1133 1172 1188 consiliorum
1208 1147 1276 1186 ac
1301 1128 1667 1201 judiciorum
1704 1123 2055 1197 participem

391 1223 668 1277 habuisse
701 1222 990 1292 Cyrillum
1027 1218 1660 1291 Hierosolymitanum,
1695 1213 1796 1285 qui
1831 1217 2055 1266 vestem

391 1312 588 1367 aureis
614 1313 730 1366 filis
754 1317 1156 1376 contextam,a
1176 1307 1564 1364 Constantino
1591 1309 1760 1377 patre
1785 1301 1858 1356 ad
1883 1316 2054 1356 usum

393 1401 674 1472 baptismi
707 1401 906 1456 datam
931 1400 1297 1455 vendidisset
1327 1397 1534 1460 mimo,
1567 1393 1668 1466 qui
1691 1409 1758 1447 ea
1780 1388 2061 1446 intersal-

397 1492 642 1546 tandum
667 1492 918 1546 amictus
942 1490 1287 1554 corruisset,
1312 1493 1370 1543 et
1394 1486 1668 1558 spiritum
1700 1480 2056 1546 exhalasset,

397 1580 712 1654 indignum
738 1601 838 1638 eos
863 1582 963 1639 teli
985 1581 1372 1636 consiliorum
1398 1577 1685 1650 participe
1712 1575 2058 1627 etconsorte

399 1673 728 1730 usolelitto
750 1688 879 1742 quae
905 1669 1145 1724 interim
1173 1667 1496 1738 contigere,
1531 1663 1796 1736 priorum
1821 1657 2058 1715 concilii

402 1761 800 1819 Ariminensis
833 1760 1159 1828 legatorum
1180 1753 1727 1829 prawaricationem
1760 1750 1854 1805 die
1887 1751 2059 1805 Octo-

403 1854 527 1908 bris
547 1850 945 1913 decima,dum
964 1834 1120 1921 apud
1146 1847 1324 1902 Nicen
1338 1845 1548 1901 urbem
1572 1841 1834 1898 Thracias
1857 1839 2058 1895 omnia

403 1947 446 1998 Α
458 1943 658 1996 rimini
684 1941 916 1996 fortiter
933 1945 1096 2012 gesta
1115 1938 1174 1993 in
1195 1938 1428 1993 irritum
1443 1934 2058 2000 deducunt,etnovam

401 2033 724 2087 formulam
757 2031 830 2086 ad
862 2027 1294 2085 eliminandam
1319 2023 1669 2080 substantiae
1694 2037 1894 2076 vocem
1921 2019 2060 2075 scri-

403 2123 570 2188 bunt,
609 2140 738 2192 qum
795 2121 1123 2177 Ariminum
1183 2119 1366 2173 missa
1437 2115 1510 2171 ab
1569 2113 1848 2169 omnibus
1907 2126 2062 2184 pene

407 2213 701 2282 episeopis
735 2209 1088 2281 deplorabili
1111 2224 1252 2263 casu
1281 2204 1620 2276 subscripta
1643 2208 1769 2257 est:
1800 2201 2065 2272 disputa-

406 2305 629 2358 tionem
663 2303 961 2368 geminam
991 2315 1193 2355 coram
1231 2299 1629 2369 imperatore;
1679 2293 1932 2364 primam
1966 2292 2064 2345 Se-

405 2391 800 2446 leuciensium
827 2391 1504 2461 legatorum.postquam
1527 2385 1588 2437 in
1611 2382 1819 2437 urbem
1843 2381 2066 2454 regiam

411 2483 702 2540 advenere
736 2495 872 2533 cum
907 2476 1118 2532 Acacio
1154 2482 1212 2529 et
1241 2473 1527 2540 Eudoxio,
1571 2472 1631 2525 in
1681 2487 1799 2541 qua
1851 2470 2066 2541 impias

410 2570 563 2626 Aetii
592 2584 762 2622 voces
791 2583 926 2620 eum
947 2565 1232 2621 damnare
1253 2565 1647 2634 coegeruntet
1676 2559 2065 2614 consubstan-

413 2659 574 2714 tialis
607 2657 785 2712 etiam
814 2653 1165 2710 vocabulum
1196 2653 1447 2721 fortiter,
1507 2649 1869 2706 Thesdoreto
1921 2654 2068 2703 teste

413 2748 517 2803 lib.
555 2765 612 2811 ιι,
640 2762 767 2817 cap.
802 2748 890 2808 27,
949 2757 1434 2816 propugnavere:
1495 2739 1682 2812 [LVlll
1717 2738 1862 2808 LIX]
1919 2737 2070 2794 alte-

411 2857 539 2894 ram
575 2838 772 2894 Basilii
807 2835 1104 2907 Ancyrani
1129 2851 1264 2889 cum
1289 2833 1481 2900 Aetio,
1505 2837 1567 2886 in
1601 2849 1719 2902 qua
1747 2831 1936 2886 victus
1959 2830 2068 2885 iste

418 2947 487 2983 ex
520 2931 645 2983 Soz.
688 2927 790 2982 lib.
818 2943 896 2992 ιν,
920 2942 1046 2996 cap.
1081 2926 1170 2992 23,
1197 2928 1257 2978 et
1286 2923 1348 2977 in
1381 2921 1656 2976 exsilium
1688 2920 1910 2975 missus
1941 2925 2066 2974 est:

415 3036 484 3073 ex
507 3017 860 3072 Theodoreti
886 3015 1014 3070 loco
1041 3013 1250 3079 citato;
1276 3011 1668 3083 posteriorum
1687 3009 1924 3065 concilii
1949 3008 2074 3063 Ari-

413 3108 708 3162 minensis
741 3106 1070 3178 legatorum
1091 3101 1575 3173 conjunctionem
1604 3116 1736 3154 cum
1760 3099 2069 3154 Acacianis

412 3198 645 3258 initam.
669 3194 1079 3265 nequidquam
1103 3209 1165 3247 se
1189 3190 1710 3262 interponentibus
1734 3189 2067 3244 Seleucien-

416 3289 579 3344 sibus
612 3287 819 3358 legatis
853 3286 951 3357 qui
983 3301 1084 3340 eos
1106 3283 1179 3338 ad
1211 3281 1648 3338 defendendam
1675 3280 1852 3336 fidem
1875 3281 2072 3336 horta-

417 3377 636 3432 bantur
662 3392 674 3430 :
703 3374 964 3444 denique
997 3372 1455 3428 Seleuciensiem
1477 3373 1765 3442 ipsorum,
1795 3367 1949 3424 dolis
1975 3367 2072 3424 ad-

417 3466 812 3522 versariorum
849 3469 908 3518 et
929 3462 1108 3518 minis
1129 3460 1506 3532 imperatoris
1529 3457 2070 3526 succumbentium,

418 3560 683 3610 coactam
716 3550 1114 3606 Ariminensis
1135 3549 1406 3604 formula
1429 3546 1951 3618 subscriptionem,
1971 3563 2069 3601 ex-

419 3650 609 3698 tremo
641 3642 782 3699 anni
817 3645 918 3697 359
947 3640 1041 3695 die
1073 3656 1086 3694 :
1119 3639 1266 3707 haec,
1309 3638 1579 3710 inquam,
1633 3635 1838 3692 omnia
1883 3641 1949 3690 ut
1995 3634 2069 3690 ad

417 3733 616 3804 Cyrilli
652 3730 963 3787 historiam
995 3735 1274 3786 extranea
1331 3726 1722 3800 praatermitto
1773 3725 2068 3781 indicasse

414 3828 750 3888 contentus,
785 3821 1071 3894 quoniam
1104 3817 1358 3875 concilio
1407 3813 2069 3887 ConstantinOpolitano

417 3913 485 3968 de
517 3929 632 3986 quo
655 3913 784 3984 jam
818 3910 1135 3982 agendum,
1169 3908 1544 3964 occasionem
1576 3905 1815 3961 dedere.

489 4005 577 4056 57.
611 4000 825 4055 Acacio
858 3999 1020 4054 enim
1051 4014 1262 4069 parum
1295 4001 1440 4064 erat,
1469 3993 1632 4066 quod
1662 3993 1976 4066 prostratis
2007 3993 2068 4048 in

413 4089 731 4146 Occidente
790 4086 1111 4142 Catholicis
1159 4085 1458 4148 omnibus,
1505 4100 1576 4139 ex
1621 4081 2069 4138 adversantibus

415 4179 526 4233 sibi
560 4175 819 4234 Orientis
851 4175 1146 4247 epis00pis
1188 4173 1398 4229 decem
1443 4171 1820 4228 solummodo
1867 4169 2072 4225 Seleu-

415 4269 646 4324 cienses
676 4267 902 4340 legatos
935 4263 1270 4336 subegisset
1299 4279 1312 4326 ;
1365 4261 1482 4316 nisi
1537 4261 1743 4317 eadem
1775 4277 1809 4315 a
1840 4260 2070 4315 casteris

414 4357 794 4428 exprimeret,
819 4358 878 4410 et
894 4370 1031 4410 suas
1055 4358 1263 4408 contra
1277 4353 1536 4407 adversa:
1560 4349 1746 4422 partis
1769 4350 2069 4421 principes

415 4447 668 4518 injurias
689 4444 1102 4500 ulcisceretur.
1125 4440 1455 4497 Concilium
1484 4440 1686 4511 itaque
1707 4455 1802 4494 an.
1832 4439 1934 4494 360
1953 4439 2071 4494 ini-

416 4537 494 4590 tio
515 4534 838 4599 celebrant,
868 4531 1172 4588 accersitis
1196 4547 1265 4586 ex
1285 4529 1560 4600 Bithynia
1591 4529 1906 4601 episcopis,
1936 4529 2067 4600 qui-

2158 592 2217 641 et
2251 594 2370 644 loto
2403 590 2545 645 orbe
2578 609 2714 647 cum
2748 594 3124 665 imperatoris
3153 593 3440 649 mandato
3475 594 3586 650 sub
3643 613 3807 668 paena

2159 678 2350 732 exsilii
2384 679 2875 738 subscribendam
2901 684 3146 739 mittunt
3166 684 3337 752 (802.,
3360 684 3467 739 lib.
3487 691 3803 758 1v.cap.26).

2159 767 2345 837 Hujus
2373 770 2875 843 subscriptionem
2927 780 3268 845 exegerunt,
3323 780 3452 829 tum
3503 775 3578 830 ab
3636 779 3807 832 semi—

2157 857 2415 922 Arianis,
2452 877 2602 930 quos
2633 861 2706 916 ad
2753 864 3112 917 sententiam
3147 880 3312 918 suam
3345 863 3640 919 induxere
3672 883 3806 937 pro-

2160 947 2342 1002 missa
2355 965 2530 1018 quam
2560 967 2675 1005 non
2696 952 3102 1022 praastiterunt
3119 952 3637 1009 dissimilitudinis
3650 955 3808 1010 dam-

2160 1036 2400 1090 natione
2435 1039 2558 1106 (δοῖ
2590 1081 2603 1105 ,
2639 1039 2739 1094 lib.
2771 1057 2844 1106 γι,
2887 1057 3014 1112 cap.
3076 1045 3153 1107 7),
3202 1048 3326 1096 tum
3380 1042 3568 1098 etiam
3622 1043 3694 1100 ab
3741 1044 3808 1100 iis

2161 1127 2260 1195 qui
2292 1125 2842 1185 dissimilitudinem
2901 1131 3248 1186 substantia)
3281 1133 3716 1203 pradicabant,
3747 1151 3810 1190 ex

2161 1213 2513 1287 Philostorg.
2548 1217 2649 1272 lib.
2685 1235 2755 1284 ιν,
2788 1235 2916 1290 cap.
2955 1223 3038 1276 12.
3063 1221 3206 1275 Tum
3232 1221 3413 1276 etiam
3442 1223 3679 1278 Aetium
3702 1223 3813 1278 dia-

2162 1311 2379 1359 conatu
2405 1306 2686 1362 abdicant
2718 1315 2776 1364 et
2805 1309 3071 1364 Ecclesia
3099 1309 3454 1378 excludunt,
3495 1317 3555 1367 et
3585 1312 3647 1368 in
3701 1313 3813 1384 epi-

2162 1410 2374 1464 scopos
2406 1396 2697 1466 quosdam
2729 1399 2829 1468 qui
2862 1399 2993 1471 ejus
3023 1399 3396 1456 damnationi
3449 1401 3812 1458 subscribere

2161 1482 2497 1552 noluerant,
2534 1489 2892 1543 sententiam
2937 1490 3596 1546 excommunicationis
3623 1491 3816 1547 decer-

2163 1580 2333 1638 nunt,
2367 1575 2481 1630 nisi
2515 1577 2674 1632 intra
2702 1595 2804 1634 sex
2837 1595 3072 1634 menses
3104 1579 3443 1636 definitioni
3467 1581 3706 1637 concilii
3730 1599 3812 1637 as-

2165 1663 2500 1720 sentiantur
2532 1667 2867 1737 (Theodor.,
2901 1668 3004 1725 lib.
3039 1685 3104 1734 ιι,
3136 1685 3264 1740 cap.
3299 1672 3410 1738 28).
3449 1671 3596 1726 Inde
3629 1671 3702 1726 ad
3730 1671 3813 1726 ul-

2165 1753 2506 1809 ciscendum
2525 1755 2900 1812 Seleuciense
2915 1757 3232 1814 concilium
3247 1759 3611 1817 accedentes
3625 1777 3817 1816 omnes

2087 1865 2133 1931 Β
2173 1860 2322 1915 pene
2355 1845 2775 1901 semi—Arianaa
2804 1847 3082 1902 factionis
3115 1848 3444 1920 principes,
3479 1867 3620 1906 cum
3681 1867 3818 1922 prae-

2170 1939 2388 1999 sentes,
2425 1941 2550 1989 tum
2583 1935 2880 2003 absentes,
2911 1937 3084 1993 variis
3143 1955 3214 1992 ex
3263 1939 3468 1994 causis
3521 1939 3820 2011 deponunt

2171 2023 2477 2090 Basilium,
2505 2026 3320 2098 Eleusium,Sylvanum.etc.,
3338 2037 3398 2084 et
3421 2031 3708 2102 Cyrillum
3729 2047 3819 2085 no-

2173 2118 2385 2178 strum,
2411 2115 2504 2170 cui
2527 2115 2652 2171 haec
2675 2116 2790 2171 duo
2825 2123 3058 2172 tantum
3090 2118 3473 2189 imputarunt
3504 2137 3574 2176 ex
3607 2121 3817 2176 Sozom.

2173 2201 2277 2257 lib.
2311 2220 2381 2270 ιν,
2416 2220 2545 2275 cap.
2578 2208 2666 2267 25,
2700 2206 2860 2276 quod
2892 2207 3397 2264 communicasset
3427 2226 3567 2264 cum
3600 2209 3814 2280 Elpidio

2178 2300 2233 2349 et
2264 2296 2594 2364 Eustathio,
2627 2297 2730 2367 qui
2761 2297 3000 2352 decreta
3031 2299 3268 2354 concilii
3294 2300 3713 2362 Melitinensis,
3737 2299 3818 2355 cui

2175 2384 2430 2454 Cyrillus
2463 2385 2588 2457 ipse
2617 2385 2989 2454 interfuerat,
3024 2387 3310 2459 abrogare
3349 2390 3746 2455 studuerant;
3773 2393 3825 2443 et

2177 2473 2334 2544 quod
2359 2481 2492 2546 post
2514 2491 2682 2529 suam
2703 2474 3138 2547 depositionem
3166 2477 3227 2533 in
3253 2477 3579 2534 Palmstina
3601 2483 3820 2543 factam,

2176 2563 2663 2620 communionem
2697 2565 2931 2620 iniisset
2955 2582 3090 2621 cum
3123 2567 3374 2639 Georgio
3410 2567 3738 2624 Laodiceno
3766 2571 3819 2620 et

2179 2653 2394 2708 Basilio
2429 2657 2760 2724 Ancyrano.
2794 2656 2979 2720 Quam
3011 2656 3256 2711 insulsae
3279 2663 3338 2710 et
3369 2658 3611 2728 injustm
3638 2661 3822 2713 essent

2176 2741 2269 2797 hi8
2301 2743 2711 2798 accusationes
2744 2760 2921 2815 supra
2951 2744 3210 2801 diximus
3237 2763 3251 2810 ;
3287 2745 3360 2800 de
3395 2748 3590 2818 prima
3619 2762 3742 2817 cap,
3769 2746 3819 2810 6,

2179 2848 2342 2887 num.
2377 2833 2483 2898 39;
2517 2833 2587 2887 de
2622 2833 2882 2890 secunda
2909 2852 3038 2906 cap.
3071 2837 3124 2902 8,
3158 2852 3217 2890 n.
3252 2838 3342 2890 44.
3379 2841 3463 2891 Ac
3521 2835 3821 2892 manifesta

2180 2926 2308 2976 erat
2337 2921 2520 2992 hujus
2543 2922 2778 2993 judicii,
2812 2941 2928 2995 quo
2960 2924 3177 2980 absens
3212 2930 3271 2979 et
3301 2926 3611 2981 inauditus
3667 2924 3819 2979 dam-

2178 3015 2356 3066 natus
2386 3009 2579 3066 fuerat
2607 3011 2882 3083 Cyrillus,
2941 3012 3248 3084 iniquitas.
3307 3015 3428 3070 Nec
3483 3020 3817 3071 ceterorum

2179 3100 2407 3170 aequior
2428 3100 3208 3169 condemnatio.Nam,utail
3235 3105 3363 3158 Naz.
3399 3110 3551 3160 orat.
3583 3107 3671 3166 2l,
3698 3116 3816 3173 pag.

2180 3191 2304 3257 387,
2337 3189 2400 3244 in
2429 3206 2634 3244 eorum
2667 3193 2844 3246 vitam
2872 3191 3039 3247 nulla
3069 3199 3297 3248 servata
3327 3193 3459 3266 lege
3483 3192 3816 3264 inquisitum

2185 3285 2294 3347 est,
2328 3279 2604 3334 mercede
2635 3280 2923 3353 redempti
2957 3281 3092 3354 [LX]
3133 3282 3623 3352 calumniatores,
3657 3285 3712 3336 et
3752 3278 3814 3334 ab

2185 3369 2270 3425 eis
2301 3369 2643 3424 testimonia
2673 3370 2862 3440 pretio
2897 3376 3203 3443 compacto
3225 3372 3490 3428 vendita.
3515 3375 3669 3439 Quos
3699 3383 3819 3423 vero

2184 3458 2608 3530 deposuerunt,
2640 3475 2740 3514 eos
2758 3460 2936 3515 etiam
2955 3459 3406 3532 abimperatore
3436 3462 3643 3517 exsilio
3673 3457 3818 3515 mul-

2185 3548 2294 3603 tari
2327 3554 2630 3615 curarunt,
2665 3565 2732 3603 ex
2762 3549 3114 3622 Philostorg.
3149 3550 3252 3605 lib.
3286 3569 3318 3606 ν
3371 3569 3507 3624 cap.
3545 3556 3595 3617 1,
3618 3561 3818 3619 eosque

2183 3639 2520 3694 Parisiense
2551 3639 2870 3694 concilium
2903 3641 2962 3694 in
2995 3657 3102 3696 sua
3124 3641 3198 3696 ad
3227 3641 3566 3699 Orientales
3590 3635 3822 3712 epistola

2185 3724 2414 3796 (Hilar.,
2447 3726 2656 3798 fragm.
2691 3743 2768 3794 x1,
2831 3744 2996 3782 num.
3050 3729 3105 3794 4)
3154 3730 3542 3800 indignissime
3589 3727 3820 3786 exsulare

2183 3814 2467 3885 queritur.
2506 3816 2776 3880 Quonam
2825 3821 3024 3871 autem
3083 3817 3337 3890 Cyrillus
3389 3821 3686 3893 relegatus
3731 3816 3815 3880 sit.

2181 3903 2331 3958 nulli
2363 3905 2630 3960 historici
2663 3906 3076 3977 prodiderunt.

2252 3995 2340 4049 58.
2375 3995 2636 4066 Depositi
2685 3996 2972 4067 praesules
3033 3998 3347 4052 sententias
3406 3999 3714 4056 adversum
3759 4009 3812 4048 se

2180 4083 2316 4139 latae
2337 4101 2456 4140 non
2471 4086 3141 4156 concessere,synodum
3161 4104 3296 4143 eum
3311 4090 3681 4162 appellantes
3697 4099 3816 4156 syn-

2182 4173 2363 4229 odum
2413 4173 2952 4245 prazvaricatorum,
3004 4193 3152 4246 quos
3209 4194 3319 4232 nec
3375 4197 3480 4252 pro
3536 4171 3816 4250 episcopis

2181 4262 2387 4318 haberi
2415 4262 2714 4329 volebant,
2748 4269 2952 4336 utpote
2984 4281 3176 4336 prava;
3208 4267 3455 4324 haaresis
3482 4272 3814 4323 assertores.

2183 4352 2450 4419 Litteras,
2484 4369 2552 4407 ex
2585 4353 2760 4408 Basil.
2797 4371 2887 4424 cp.
2942 4356 3034 4421 73,
3080 4354 3362 4411 adversus
3411 4355 3734 4412 Eudoxium
3765 4353 3816 4402 et

2181 4448 2364 4496 totam
2397 4441 2586 4513 ipsius
2617 4442 2932 4497 factionem
2969 4442 3264 4499 dederunt
3291 4445 3364 4500 ad
3397 4461 3606 4501 omnes
3635 4439 3815 4496 Eccle-

2181 4531 2319 4596 sias,
2353 4537 2420 4586 ut
2449 4547 2652 4586 eorum
2687 4532 3175 4588 communionem
3226 4535 3501 4607 fugerent
3550 4540 3813 4602 tanquam

412 4626 525 4680 bus
558 4625 736 4679 etiam
771 4622 873 4677 alii
903 4627 1305 4676 accesserunt.
1331 4620 1756 4691 Episcoporum
1783 4635 2072 4675 numerus
2102 4607 2151 4674 Ι)
2182 4621 2515 4676 animarum
2541 4627 2798 4692 pestem:
2830 4628 3234 4678 contestantes
3256 4642 3316 4680 se
3344 4624 3565 4679 idcirco
3580 4616 3813 4690 judicio,

417 4732 536 4772 non
574 4714 718 4768 satis
749 4716 1004 4778 constat,
1037 4727 1172 4766 cum
1203 4709 1306 4765 alii
1339 4707 1790 4780 quinquaginta,
1825 4709 1925 4764 alii
1977 4726 2072 4764 se-

411 4803 722 4878 ptuaginta
751 4801 920 4867 duos,
956 4799 1060 4855 alii
1089 4799 1165 4854 ad
1196 4799 1552 4870 quingentos
1583 4805 1923 4853 numerent.
1952 4799 2069 4854 Ad-

415 4901 587 4952 erant
611 4908 820 4950 omnes
843 4892 1203 4946 Arianorum
1236 4889 1537 4961 principes
1561 4906 1576 4956 ;
1601 4889 1903 4960 totiusque
1927 4906 2039 4946 con
2055 4920 2070 4932 -

415 4985 538 5042 cilii
571 4984 686 5039 dux
721 4987 780 5038 et
809 4981 1110 5051 interpres
1140 4977 1420 5046 Acabius,
1449 4979 1548 5050 qui
1573 4983 1722 5034 teste
1755 4978 2075 5035 Philostor-

415 5075 508 5146 gio
540 5073 643 5127 lib.
678 5087 756 5137 Iv,
791 5087 920 5141 cap.
957 5071 1043 5123 l2.
1079 5072 1224 5124 Acta
1255 5067 1484 5138 synodi.
1520 5084 1652 5138 quas
1712 5085 1834 5124 non
1886 5085 2074 5139 pauca

417 5163 607 5224 fuere,
641 5175 797 5214 unus
829 5157 1078 5229 digessit
1097 5174 1165 5213 ac
1193 5157 1523 5228 disposuit;
1550 5157 1740 5228 isque,
1764 5165 1830 5212 ut
1859 5159 2074 5214 citatus

415 5249 850 5320 Philostorgius
875 5247 1169 5310 observat,
1235 5247 1506 5318 quamvis
1553 5247 1626 5304 ab
1675 5247 1936 5303 Eudoxio
1980 5248 2072 5302 di-

423 5357 594 5397 versa
621 5338 895 5404 sentiret,
931 5337 1143 5392 eadem
1177 5337 1402 5393 sentire
1432 5337 1754 5393 simulabat
1788 5337 1848 5391 in
1869 5337 2076 5392 odium

419 5430 623 5503 Cyrilli
656 5445 688 5483 a
720 5427 936 5483 Basilio
965 5428 1283 5498 Ancyrano
1308 5431 1368 5481 et
1387 5425 1633 5482 adversa
1654 5432 1818 5498 garte
1841 5433 2077 5481 susten-

419 5523 542 5576 tati.
577 5522 642 5574 In
675 5520 787 5574 hoc
817 5517 1070 5573 concilio
1103 5517 1548 5573 Ariminensem
1572 5517 1891 5573 formulam
1923 5517 2078 5588 reje-

491 5704 596 5772 με)
623 5697 1000 5767 Theodoret.,
1028 5696 1133 5754 lib.
1166 5714 1224 5766 II,
1255 5713 1384 5768 cap.
1419 5699 1508 5753 27.

2181 4727 2297 4780 quo
2329 4709 2402 4765 ab
2436 4711 2520 4764 eis
2553 4710 2816 4766 damnati
2851 4711 3089 4766 fuerant
3119 4720 3276 4770 stare
3302 4731 3422 4769 non
3455 4727 3646 4784 posse,
3671 4701 3813 4778 quod

2181 4800 2252 4854 ab
2285 4799 2584 4854 haereticis
2614 4800 2918 4856 decretum
2952 4808 3128 4869 esset,
3163 4803 3235 4857 ab
3281 4801 3644 4862 hominibus,
3679 4807 3814 4866 quos

2179 4891 2247 4940 ut
2276 4885 2432 4941 idem
2464 4887 2646 4942 refert
2674 4888 2846 4960 epist.
2883 4891 3004 4956 182,
3039 4907 3170 4963 pag.
3207 4894 3327 4958 157,
3360 4889 3653 4959 negabant
3692 4879 3812 4952 Spi-

2181 4977 2330 5032 ritus
2362 4976 2548 5031 sancti
2583 4977 2902 5048 participes
2932 4995 3081 5046 esse,
3111 4997 3179 5036 ac
3211 4998 3318 5052 per
3335 4981 3582 5053 gratiam
3606 4974 3702 5031 llei
3726 4972 3814 5024 Ec-

2183 5065 2396 5120 clesias
2427 5065 2780 5138 gubernare,
2814 5067 3034 5138 quippe
3067 5072 3168 5139 qui
3223 5071 3499 5125 humanm
3549 5059 3813 5138 potentia?

2181 5157 2378 5213 favore
2401 5161 2459 5210 et
2488 5155 2682 5210 inanis
2705 5155 2905 5227 gloria:
2938 5157 3233 5213 desiderio
3257 5155 3710 5231 gubernationes
3727 5162 3810 5201 ra-

2184 5250 2456 5317 puerant.
2488 5244 2734 5300 Talesne
2769 5246 2996 5301 litteras
3028 5265 3134 5302 suo
3162 5249 3405 5304 nomine
3439 5242 3665 5300 dederit
3714 5237 3813 5303 Cy-

2185 5337 2358 5390 rillus
2391 5337 2722 5391 incertum:
2757 5337 2860 5391 sed
2895 5337 2951 5390 id
3001 5339 3280 5393 omnibus
3328 5329 3718 5394 exauctoratis
3758 5323 3812 5376 iu

2186 5441 2503 5480 commune
2527 5425 2733 5480 tribuit
2756 5426 3143 5493 BasiliusQui
3165 5444 3300 5482 vero
3319 5408 3812 5486 Constantinopoli

2191 5516 2597 5581 versabantur,
2629 5534 2736 5588 per
2763 5518 2818 5572 S.
2856 5518 3146 5575 Hilarium
3179 5518 3408 5574 litteras
3440 5515 3514 5572 ad
3535 5507 3813 5570 nostrates
