  <div class='ocr_page' id='page_1' title='image "/cluster/home/n/w/nwhite01/storage/ocr_20150623/33/coo.31924054869304/052.png"; bbox 0 0 4052 6400; ppageno 0'>
   <div class='ocr_carea' id='block_1_1' title="bbox 267 375 1986 447">
    <p class='ocr_par' dir='ltr' id='par_1_1' title="bbox 267 375 1986 443">
     <span class='ocr_line' id='line_1_1' title="bbox 267 375 1986 443; baseline 0.003 -8"><span class='ocrx_word' id='word_1_1' title='bbox 267 375 317 435; x_wconf 83' lang='lat'>89</span> <span class='ocrx_word' id='word_1_2' title='bbox 1727 380 1986 443; x_wconf 74' lang='lat' dir='ltr'><strong>DISSEI</strong></span> 
     </span>
    </p>
   </div>
   <div class='ocr_carea' id='block_1_2' title="bbox 2094 375 3748 447">
    <p class='ocr_par' dir='ltr' id='par_1_2' title="bbox 2094 378 3748 447">
     <span class='ocr_line' id='line_1_2' title="bbox 2094 378 3748 447; baseline 0.005 -8"><span class='ocrx_word' id='word_1_3' title='bbox 2094 378 2252 439; x_wconf 74' lang='lat' dir='ltr'><strong>lTIO</strong></span> <span class='ocrx_word' id='word_1_4' title='bbox 2298 380 2346 440; x_wconf 85' lang='grc'>1.</span> <span class='ocrx_word' id='word_1_5' title='bbox 3668 388 3748 447; x_wconf 86' lang='grc'>90</span> 
     </span>
    </p>
   </div>
   <div class='ocr_carea' id='block_1_3' title="bbox 266 511 3744 592">
    <p class='ocr_par' dir='ltr' id='par_1_3' title="bbox 266 511 3744 592">
     <span class='ocr_line' id='line_1_3' title="bbox 266 511 3744 592; baseline 0.003 -25"><span class='ocrx_word' id='word_1_6' title='bbox 266 511 537 584; x_wconf 85' lang='lat' dir='ltr'>episcopos</span> <span class='ocrx_word' id='word_1_7' title='bbox 569 516 1153 586; x_wconf 83' lang='lat' dir='ltr'>transmiserunt,</span> <span class='ocrx_word' id='word_1_8' title='bbox 1209 520 1417 592; x_wconf 84' lang='lat' dir='ltr'>quibus</span> <span class='ocrx_word' id='word_1_9' title='bbox 1460 519 1547 576; x_wconf 91' lang='lat' dir='ltr'>eis</span> <span class='ocrx_word' id='word_1_10' title='bbox 1596 518 1783 590; x_wconf 88' lang='lat' dir='ltr'>impia</span> <span class='ocrx_word' id='word_1_11' title='bbox 1828 514 1981 572; x_wconf 81' lang='lat' dir='ltr'>Aetii</span> <span class='ocrx_word' id='word_1_12' title='bbox 2015 516 2067 583; x_wconf 81' lang='grc' dir='ltr'><strong>Α</strong></span> <span class='ocrx_word' id='word_1_13' title='bbox 2095 514 2391 571; x_wconf 89' lang='lat' dir='ltr'>Ecclesias</span> <span class='ocrx_word' id='word_1_14' title='bbox 2420 517 2755 574; x_wconf 78' lang='lat' dir='ltr'>revertendi</span> <span class='ocrx_word' id='word_1_15' title='bbox 2785 517 3130 574; x_wconf 76' lang='lat' dir='ltr'>facultatem</span> <span class='ocrx_word' id='word_1_16' title='bbox 3162 520 3458 575; x_wconf 77' lang='lat' dir='ltr'>concessit</span> <span class='ocrx_word' id='word_1_17' title='bbox 3513 537 3610 576; x_wconf 91' lang='lat' dir='ltr'>an.</span> <span class='ocrx_word' id='word_1_18' title='bbox 3644 524 3744 578; x_wconf 83' lang='grc'>361</span> 
     </span>
    </p>
   </div>
   <div class='ocr_carea' id='block_1_4' title="bbox 267 600 1981 682">
    <p class='ocr_par' dir='ltr' id='par_1_4' title="bbox 267 600 1981 682">
     <span class='ocr_line' id='line_1_4' title="bbox 267 600 1981 682; baseline 0.002 -26"><span class='ocrx_word' id='word_1_19' title='bbox 267 600 497 674; x_wconf 78' lang='lat' dir='ltr'>dogmata</span> <span class='ocrx_word' id='word_1_20' title='bbox 531 602 1076 675; x_wconf 76' lang='lat' dir='ltr'>denuntiantes,</span> <span class='ocrx_word' id='word_1_21' title='bbox 1106 626 1392 682; x_wconf 82' lang='lat' dir='ltr'>suamque</span> <span class='ocrx_word' id='word_1_22' title='bbox 1413 607 1981 665; x_wconf 80' lang='lat' dir='ltr'>condemnationem</span> 
     </span>
    </p>
   </div>
   <div class='ocr_carea' id='block_1_5' title="bbox 270 692 1977 772">
    <p class='ocr_par' dir='ltr' id='par_1_5' title="bbox 270 692 1977 772">
     <span class='ocr_line' id='line_1_5' title="bbox 270 692 1977 772; baseline 0.002 -25"><span class='ocrx_word' id='word_1_23' title='bbox 270 692 678 766; x_wconf 78' lang='lat' dir='ltr'>signiﬁcantes,</span> <span class='ocrx_word' id='word_1_24' title='bbox 718 698 1076 770; x_wconf 81' lang='lat' dir='ltr'>rogabant</span> <span class='ocrx_word' id='word_1_25' title='bbox 1109 718 1189 755; x_wconf 92' lang='lat' dir='ltr'>ne</span> <span class='ocrx_word' id='word_1_26' title='bbox 1223 718 1325 772; x_wconf 91' lang='lat' dir='ltr'>pro</span> <span class='ocrx_word' id='word_1_27' title='bbox 1355 699 1648 772; x_wconf 88' lang='lat' dir='ltr'>episcopis</span> <span class='ocrx_word' id='word_1_28' title='bbox 1696 711 1977 770; x_wconf 78' lang='lat' dir='ltr'>agnosce-</span> 
     </span>
    </p>
   </div>
   <div class='ocr_carea' id='block_1_6' title="bbox 273 785 1982 860">
    <p class='ocr_par' dir='ltr' id='par_1_6' title="bbox 273 785 1982 860">
     <span class='ocr_line' id='line_1_6' title="bbox 273 785 1982 860; baseline 0.001 -20"><span class='ocrx_word' id='word_1_29' title='bbox 273 791 365 840; x_wconf 85' lang='lat' dir='ltr'>rent</span> <span class='ocrx_word' id='word_1_30' title='bbox 393 801 515 853; x_wconf 88' lang='lat' dir='ltr'>eos,</span> <span class='ocrx_word' id='word_1_31' title='bbox 552 785 673 856; x_wconf 86' lang='lat' dir='ltr'>qui</span> <span class='ocrx_word' id='word_1_32' title='bbox 714 788 794 843; x_wconf 90' lang='lat' dir='ltr'>in</span> <span class='ocrx_word' id='word_1_33' title='bbox 837 807 971 846; x_wconf 88' lang='lat' dir='ltr'>sua</span> <span class='ocrx_word' id='word_1_34' title='bbox 1004 791 1150 847; x_wconf 87' lang='lat' dir='ltr'>loca</span> <span class='ocrx_word' id='word_1_35' title='bbox 1200 791 1432 847; x_wconf 87' lang='lat' dir='ltr'>fuerant</span> <span class='ocrx_word' id='word_1_36' title='bbox 1480 789 1785 846; x_wconf 89' lang='lat' dir='ltr'>substituti</span> <span class='ocrx_word' id='word_1_37' title='bbox 1820 785 1982 860; x_wconf 64' lang='grc' dir='ltr'>(ιω,</span> 
     </span>
    </p>
   </div>
   <div class='ocr_carea' id='block_1_7' title="bbox 273 873 1984 951">
    <p class='ocr_par' dir='ltr' id='par_1_7' title="bbox 273 873 1984 951">
     <span class='ocr_line' id='line_1_7' title="bbox 273 873 1984 951; baseline -0.011 -2"><span class='ocrx_word' id='word_1_38' title='bbox 273 873 435 948; x_wconf 70' lang='lat' dir='ltr'>frasm-</span> <span class='ocrx_word' id='word_1_39' title='bbox 472 892 562 941; x_wconf 72' lang='lat' dir='ltr'>XI.</span> <span class='ocrx_word' id='word_1_40' title='bbox 596 893 803 933; x_wconf 86' lang='lat' dir='ltr'>num.</span> <span class='ocrx_word' id='word_1_41' title='bbox 848 880 938 951; x_wconf 68' lang='grc'>4).</span> <span class='ocrx_word' id='word_1_42' title='bbox 978 882 1091 937; x_wconf 87' lang='lat' dir='ltr'>Eis</span> <span class='ocrx_word' id='word_1_43' title='bbox 1123 880 1681 938; x_wconf 88' lang='lat' dir='ltr'>benevolentissime</span> <span class='ocrx_word' id='word_1_44' title='bbox 1734 893 1984 950; x_wconf 89' lang='lat' dir='ltr'>respon-</span> 
     </span>
    </p>
   </div>
   <div class='ocr_carea' id='block_1_8' title="bbox 270 964 1976 1044">
    <p class='ocr_par' dir='ltr' id='par_1_8' title="bbox 270 964 1976 1044">
     <span class='ocr_line' id='line_1_8' title="bbox 270 964 1976 1044; baseline 0.001 -24"><span class='ocrx_word' id='word_1_45' title='bbox 270 964 447 1021; x_wconf 86' lang='lat' dir='ltr'>derunt</span> <span class='ocrx_word' id='word_1_46' title='bbox 481 966 825 1024; x_wconf 85' lang='lat' dir='ltr'>Gallicani</span> <span class='ocrx_word' id='word_1_47' title='bbox 855 970 1153 1044; x_wconf 86' lang='lat' dir='ltr'>episcopi</span> <span class='ocrx_word' id='word_1_48' title='bbox 1180 972 1241 1027; x_wconf 87' lang='lat' dir='ltr'>in</span> <span class='ocrx_word' id='word_1_49' title='bbox 1268 971 1583 1027; x_wconf 89' lang='lat' dir='ltr'>Parisiensi</span> <span class='ocrx_word' id='word_1_50' title='bbox 1604 969 1858 1026; x_wconf 90' lang='lat' dir='ltr'>concilio</span> <span class='ocrx_word' id='word_1_51' title='bbox 1881 984 1976 1023; x_wconf 90' lang='lat' dir='ltr'>an.</span> 
     </span>
    </p>
   </div>
   <div class='ocr_carea' id='block_1_9' title="bbox 266 1058 1980 1133">
    <p class='ocr_par' dir='ltr' id='par_1_9' title="bbox 266 1058 1980 1133">
     <span class='ocr_line' id='line_1_9' title="bbox 266 1058 1980 1133; baseline 0.001 -22"><span class='ocrx_word' id='word_1_52' title='bbox 266 1058 345 1112; x_wconf 82' lang='lat'>360</span> <span class='ocrx_word' id='word_1_53' title='bbox 379 1059 791 1130; x_wconf 78' lang='lat' dir='ltr'>congregati,</span> <span class='ocrx_word' id='word_1_54' title='bbox 832 1077 964 1132; x_wconf 87' lang='lat' dir='ltr'>per</span> <span class='ocrx_word' id='word_1_55' title='bbox 1018 1061 1358 1133; x_wconf 87' lang='lat' dir='ltr'>epistolam,</span> <span class='ocrx_word' id='word_1_56' title='bbox 1406 1077 1538 1132; x_wconf 69' lang='lat' dir='ltr'>quas</span> <span class='ocrx_word' id='word_1_57' title='bbox 1581 1059 1980 1133; x_wconf 73' lang='lat' dir='ltr'>fragmentum</span> 
     </span>
    </p>
   </div>
   <div class='ocr_carea' id='block_1_10' title="bbox 268 1147 1981 1223">
    <p class='ocr_par' dir='ltr' id='par_1_10' title="bbox 268 1147 1981 1223">
     <span class='ocr_line' id='line_1_10' title="bbox 268 1147 1981 1223; baseline 0.001 -22"><span class='ocrx_word' id='word_1_58' title='bbox 268 1153 339 1202; x_wconf 87' lang='lat' dir='ltr'>est</span> <span class='ocrx_word' id='word_1_59' title='bbox 362 1147 414 1201; x_wconf 87' lang='lat' dir='ltr'>S.</span> <span class='ocrx_word' id='word_1_60' title='bbox 450 1147 684 1203; x_wconf 82' lang='lat' dir='ltr'>Hilarii</span> <span class='ocrx_word' id='word_1_61' title='bbox 726 1166 805 1215; x_wconf 84' lang='grc' dir='ltr'>ιι,</span> <span class='ocrx_word' id='word_1_62' title='bbox 845 1152 1359 1207; x_wconf 87' lang='lat' dir='ltr'>communionem</span> <span class='ocrx_word' id='word_1_63' title='bbox 1387 1168 1523 1206; x_wconf 90' lang='lat' dir='ltr'>cum</span> <span class='ocrx_word' id='word_1_64' title='bbox 1556 1150 1702 1223; x_wconf 89' lang='lat' dir='ltr'>ipsis</span> <span class='ocrx_word' id='word_1_65' title='bbox 1723 1148 1981 1220; x_wconf 88' lang='lat' dir='ltr'>amplius</span> 
     </span>
    </p>
   </div>
   <div class='ocr_carea' id='block_1_11' title="bbox 267 1238 1985 1314">
    <p class='ocr_par' dir='ltr' id='par_1_11' title="bbox 267 1238 1985 1314">
     <span class='ocr_line' id='line_1_11' title="bbox 267 1238 1985 1314; baseline -0.001 -20"><span class='ocrx_word' id='word_1_66' title='bbox 267 1239 645 1311; x_wconf 84' lang='lat' dir='ltr'>stringentes,</span> <span class='ocrx_word' id='word_1_67' title='bbox 679 1245 1263 1313; x_wconf 88' lang='lat' dir='ltr'>contestantesque</span> <span class='ocrx_word' id='word_1_68' title='bbox 1292 1258 1397 1314; x_wconf 88' lang='lat' dir='ltr'>pro</span> <span class='ocrx_word' id='word_1_69' title='bbox 1419 1240 1705 1313; x_wconf 84' lang='lat' dir='ltr'>apostatis</span> <span class='ocrx_word' id='word_1_70' title='bbox 1737 1256 1798 1296; x_wconf 90' lang='lat' dir='ltr'>se</span> <span class='ocrx_word' id='word_1_71' title='bbox 1821 1238 1985 1295; x_wconf 88' lang='lat' dir='ltr'>habi-</span> 
     </span>
    </p>
   </div>
   <div class='ocr_carea' id='block_1_12' title="bbox 267 1328 1979 1403">
    <p class='ocr_par' dir='ltr' id='par_1_12' title="bbox 267 1328 1979 1403">
     <span class='ocr_line' id='line_1_12' title="bbox 267 1328 1979 1403; baseline 0.001 -20"><span class='ocrx_word' id='word_1_72' title='bbox 267 1335 434 1394; x_wconf 85' lang='lat' dir='ltr'>turos,</span> <span class='ocrx_word' id='word_1_73' title='bbox 469 1328 581 1399; x_wconf 87' lang='lat' dir='ltr'>qui</span> <span class='ocrx_word' id='word_1_74' title='bbox 618 1328 695 1383; x_wconf 93' lang='lat' dir='ltr'>in</span> <span class='ocrx_word' id='word_1_75' title='bbox 732 1328 895 1386; x_wconf 84' lang='lat' dir='ltr'>loca</span> <span class='ocrx_word' id='word_1_76' title='bbox 929 1331 1191 1387; x_wconf 83' lang='lat' dir='ltr'>fratrum</span> <span class='ocrx_word' id='word_1_77' title='bbox 1241 1331 1653 1403; x_wconf 75' lang='lat' dir='ltr'>indignissime</span> <span class='ocrx_word' id='word_1_78' title='bbox 1703 1329 1979 1385; x_wconf 84' lang='lat' dir='ltr'>exsulan-</span> 
     </span>
    </p>
   </div>
   <div class='ocr_carea' id='block_1_13' title="bbox 269 1418 1986 1492">
    <p class='ocr_par' dir='ltr' id='par_1_13' title="bbox 269 1418 1986 1492">
     <span class='ocr_line' id='line_1_13' title="bbox 269 1418 1986 1492; baseline 0 -18"><span class='ocrx_word' id='word_1_79' title='bbox 269 1419 400 1474; x_wconf 89' lang='lat' dir='ltr'>tium</span> <span class='ocrx_word' id='word_1_80' title='bbox 434 1419 786 1475; x_wconf 87' lang='lat' dir='ltr'>substituti</span> <span class='ocrx_word' id='word_1_81' title='bbox 826 1427 1072 1489; x_wconf 86' lang='lat' dir='ltr'>essent,</span> <span class='ocrx_word' id='word_1_82' title='bbox 1121 1420 1264 1477; x_wconf 87' lang='lat' dir='ltr'>ibid.</span> <span class='ocrx_word' id='word_1_83' title='bbox 1320 1438 1385 1477; x_wconf 92' lang='lat' dir='ltr'>n.</span> <span class='ocrx_word' id='word_1_84' title='bbox 1446 1422 1497 1478; x_wconf 79' lang='grc'><strong>4.</strong></span> <span class='ocrx_word' id='word_1_85' title='bbox 1549 1421 1683 1476; x_wconf 69' lang='lat' dir='ltr'>Haec</span> <span class='ocrx_word' id='word_1_86' title='bbox 1732 1418 1986 1492; x_wconf 91' lang='lat' dir='ltr'>epistola</span> 
     </span>
    </p>
   </div>
   <div class='ocr_carea' id='block_1_14' title="bbox 271 1507 1986 1584">
    <p class='ocr_par' dir='ltr' id='par_1_14' title="bbox 271 1507 1986 1584">
     <span class='ocr_line' id='line_1_14' title="bbox 271 1507 1986 1584; baseline -0.001 -19"><span class='ocrx_word' id='word_1_87' title='bbox 271 1510 498 1584; x_wconf 81' lang='lat' dir='ltr'>prOprie</span> <span class='ocrx_word' id='word_1_88' title='bbox 534 1507 694 1566; x_wconf 84' lang='lat' dir='ltr'>data</span> <span class='ocrx_word' id='word_1_89' title='bbox 727 1517 838 1567; x_wconf 87' lang='lat' dir='ltr'>est</span> <span class='ocrx_word' id='word_1_90' title='bbox 870 1510 953 1567; x_wconf 92' lang='lat' dir='ltr'>ad</span> <span class='ocrx_word' id='word_1_91' title='bbox 1001 1529 1103 1568; x_wconf 91' lang='lat' dir='ltr'>eos</span> <span class='ocrx_word' id='word_1_92' title='bbox 1153 1511 1254 1583; x_wconf 90' lang='lat' dir='ltr'>qui</span> <span class='ocrx_word' id='word_1_93' title='bbox 1311 1509 1826 1583; x_wconf 86' lang='lat' dir='ltr'>Constantinopoli</span> <span class='ocrx_word' id='word_1_94' title='bbox 1878 1526 1986 1582; x_wconf 91' lang='lat' dir='ltr'>per</span> 
     </span>
    </p>
   </div>
   <div class='ocr_carea' id='block_1_15' title="bbox 283 1600 1980 1657">
    <p class='ocr_par' dir='ltr' id='par_1_15' title="bbox 283 1600 1980 1657">
     <span class='ocr_line' id='line_1_15' title="bbox 283 1600 1980 1657; baseline 0 -2"><span class='ocrx_word' id='word_1_95' title='bbox 283 1600 561 1655; x_wconf 80' lang='lat' dir='ltr'>Hilarium</span> <span class='ocrx_word' id='word_1_96' title='bbox 599 1600 987 1657; x_wconf 88' lang='lat' dir='ltr'>Gallicanos</span> <span class='ocrx_word' id='word_1_97' title='bbox 1021 1607 1446 1657; x_wconf 87' lang='lat' dir='ltr'>convenerunt.</span> <span class='ocrx_word' id='word_1_98' title='bbox 1480 1603 1697 1656; x_wconf 86' lang='lat' dir='ltr'>Verum</span> <span class='ocrx_word' id='word_1_99' title='bbox 1721 1617 1855 1656; x_wconf 91' lang='lat' dir='ltr'>cum</span> <span class='ocrx_word' id='word_1_100' title='bbox 1888 1600 1980 1655; x_wconf 87' lang='lat' dir='ltr'>in-</span> 
     </span>
    </p>
   </div>
   <div class='ocr_carea' id='block_1_16' title="bbox 284 1690 1985 1763">
    <p class='ocr_par' dir='ltr' id='par_1_16' title="bbox 284 1690 1985 1763">
     <span class='ocr_line' id='line_1_16' title="bbox 284 1690 1985 1763; baseline -0.001 -16"><span class='ocrx_word' id='word_1_101' title='bbox 284 1690 493 1763; x_wconf 85' lang='lat' dir='ltr'>scripta</span> <span class='ocrx_word' id='word_1_102' title='bbox 525 1690 638 1759; x_wconf 87' lang='lat' dir='ltr'>sit,</span> <span class='ocrx_word' id='word_1_103' title='bbox 689 1690 1097 1749; x_wconf 78' lang='lat' dir='ltr'>dilectissimis</span> <span class='ocrx_word' id='word_1_104' title='bbox 1146 1697 1201 1747; x_wconf 88' lang='lat' dir='ltr'>et</span> <span class='ocrx_word' id='word_1_105' title='bbox 1257 1693 1584 1748; x_wconf 78' lang='lat' dir='ltr'>beatissimis</span> <span class='ocrx_word' id='word_1_106' title='bbox 1627 1692 1985 1748; x_wconf 84' lang='lat' dir='ltr'>consacerdo-</span> 
     </span>
    </p>
   </div>
   <div class='ocr_carea' id='block_1_17' title="bbox 287 1780 1984 1853">
    <p class='ocr_par' dir='ltr' id='par_1_17' title="bbox 287 1780 1984 1853">
     <span class='ocr_line' id='line_1_17' title="bbox 287 1780 1984 1853; baseline -0.001 -17"><span class='ocrx_word' id='word_1_107' title='bbox 287 1782 421 1837; x_wconf 85' lang='lat' dir='ltr'>tibus</span> <span class='ocrx_word' id='word_1_108' title='bbox 475 1780 781 1853; x_wconf 78' lang='lat' dir='ltr'>episcoPis</span> <span class='ocrx_word' id='word_1_109' title='bbox 848 1782 1232 1838; x_wconf 80' lang='lat' dir='ltr'>Orientalibus</span> <span class='ocrx_word' id='word_1_110' title='bbox 1289 1782 1536 1838; x_wconf 86' lang='lat' dir='ltr'>omnibus</span> <span class='ocrx_word' id='word_1_111' title='bbox 1584 1799 1690 1853; x_wconf 89' lang='lat' dir='ltr'>per</span> <span class='ocrx_word' id='word_1_112' title='bbox 1742 1781 1984 1836; x_wconf 78' lang='lat' dir='ltr'>diversas</span> 
     </span>
    </p>
   </div>
   <div class='ocr_carea' id='block_1_18' title="bbox 2092 603 3746 679">
    <p class='ocr_par' dir='ltr' id='par_1_18' title="bbox 2092 603 3746 679">
     <span class='ocr_line' id='line_1_18' title="bbox 2092 603 3746 679; baseline 0.005 -21"><span class='ocrx_word' id='word_1_113' title='bbox 2092 603 2364 675; x_wconf 87' lang='lat' dir='ltr'>(Sozom.,</span> <span class='ocrx_word' id='word_1_114' title='bbox 2392 603 2497 662; x_wconf 90' lang='lat' dir='ltr'>lib.</span> <span class='ocrx_word' id='word_1_115' title='bbox 2533 624 2585 671; x_wconf 88' lang='lat' dir='ltr'>v,</span> <span class='ocrx_word' id='word_1_116' title='bbox 2619 624 2748 679; x_wconf 85' lang='lat' dir='ltr'>cap.</span> <span class='ocrx_word' id='word_1_117' title='bbox 2783 607 2875 679; x_wconf 80' lang='lat'>5):</span> <span class='ocrx_word' id='word_1_118' title='bbox 2910 625 3026 679; x_wconf 88' lang='lat' dir='ltr'>quo</span> <span class='ocrx_word' id='word_1_119' title='bbox 3083 610 3306 665; x_wconf 76' lang='lat' dir='ltr'>factum</span> <span class='ocrx_word' id='word_1_120' title='bbox 3348 615 3412 664; x_wconf 91' lang='lat' dir='ltr'>ut</span> <span class='ocrx_word' id='word_1_121' title='bbox 3459 611 3746 667; x_wconf 86' lang='lat' dir='ltr'>Catholici</span> 
     </span>
    </p>
   </div>
   <div class='ocr_carea' id='block_1_19' title="bbox 2093 694 3741 772">
    <p class='ocr_par' dir='ltr' id='par_1_19' title="bbox 2093 694 3741 772">
     <span class='ocr_line' id='line_1_19' title="bbox 2093 694 3741 772; baseline 0.006 -24"><span class='ocrx_word' id='word_1_122' title='bbox 2093 694 2263 749; x_wconf 89' lang='lat' dir='ltr'>sedes</span> <span class='ocrx_word' id='word_1_123' title='bbox 2286 696 2538 752; x_wconf 89' lang='lat' dir='ltr'>amissas</span> <span class='ocrx_word' id='word_1_124' title='bbox 2568 706 3013 771; x_wconf 89' lang='lat' dir='ltr'>recuperantes,</span> <span class='ocrx_word' id='word_1_125' title='bbox 3038 701 3352 772; x_wconf 88' lang='lat' dir='ltr'>pristinam</span> <span class='ocrx_word' id='word_1_126' title='bbox 3371 702 3431 755; x_wconf 92' lang='lat' dir='ltr'>in</span> <span class='ocrx_word' id='word_1_127' title='bbox 3465 702 3550 756; x_wconf 90' lang='lat' dir='ltr'>eis</span> <span class='ocrx_word' id='word_1_128' title='bbox 3576 719 3741 758; x_wconf 84' lang='lat' dir='ltr'>revo-</span> 
     </span>
    </p>
   </div>
   <div class='ocr_carea' id='block_1_20' title="bbox 2092 785 3748 862">
    <p class='ocr_par' dir='ltr' id='par_1_20' title="bbox 2092 785 3748 862">
     <span class='ocr_line' id='line_1_20' title="bbox 2092 785 3748 862; baseline 0.007 -23"><span class='ocrx_word' id='word_1_129' title='bbox 2092 785 2287 840; x_wconf 91' lang='lat' dir='ltr'>carint</span> <span class='ocrx_word' id='word_1_130' title='bbox 2318 787 2518 845; x_wconf 88' lang='lat' dir='ltr'>ﬁdem.</span> <span class='ocrx_word' id='word_1_131' title='bbox 2546 790 2803 861; x_wconf 88' lang='lat' dir='ltr'>Cyrillus</span> <span class='ocrx_word' id='word_1_132' title='bbox 2835 807 3073 862; x_wconf 90' lang='lat' dir='ltr'>quoque</span> <span class='ocrx_word' id='word_1_133' title='bbox 3093 807 3214 847; x_wconf 86' lang='lat' dir='ltr'>una</span> <span class='ocrx_word' id='word_1_134' title='bbox 3244 809 3379 848; x_wconf 90' lang='lat' dir='ltr'>cum</span> <span class='ocrx_word' id='word_1_135' title='bbox 3403 794 3633 849; x_wconf 71' lang='lat' dir='ltr'>cmteris</span> <span class='ocrx_word' id='word_1_136' title='bbox 3658 811 3748 850; x_wconf 89' lang='lat' dir='ltr'>re-</span> 
     </span>
    </p>
   </div>
   <div class='ocr_carea' id='block_1_21' title="bbox 2092 874 3743 956">
    <p class='ocr_par' dir='ltr' id='par_1_21' title="bbox 2092 874 3743 956">
     <span class='ocr_line' id='line_1_21' title="bbox 2092 874 3743 956; baseline 0.006 -27"><span class='ocrx_word' id='word_1_137' title='bbox 2092 874 2224 941; x_wconf 89' lang='lat' dir='ltr'>diit,</span> <span class='ocrx_word' id='word_1_138' title='bbox 2256 880 2323 931; x_wconf 91' lang='lat' dir='ltr'>ut</span> <span class='ocrx_word' id='word_1_139' title='bbox 2357 877 2607 933; x_wconf 88' lang='lat' dir='ltr'>tradunt</span> <span class='ocrx_word' id='word_1_140' title='bbox 2641 881 2882 946; x_wconf 82' lang='lat' dir='ltr'>Menaea,</span> <span class='ocrx_word' id='word_1_141' title='bbox 2918 887 2976 936; x_wconf 90' lang='lat' dir='ltr'>et</span> <span class='ocrx_word' id='word_1_142' title='bbox 3007 881 3509 939; x_wconf 86' lang='lat' dir='ltr'>ﬁrmatbistoria:</span> <span class='ocrx_word' id='word_1_143' title='bbox 3541 884 3743 956; x_wconf 87' lang='lat' dir='ltr'>ibique</span> 
     </span>
    </p>
   </div>
   <div class='ocr_carea' id='block_1_22' title="bbox 2091 965 3742 1042">
    <p class='ocr_par' dir='ltr' id='par_1_22' title="bbox 2091 965 3742 1042">
     <span class='ocr_line' id='line_1_22' title="bbox 2091 965 3742 1042; baseline 0.007 -24"><span class='ocrx_word' id='word_1_144' title='bbox 2091 968 2211 1021; x_wconf 89' lang='lat' dir='ltr'>toto</span> <span class='ocrx_word' id='word_1_145' title='bbox 2233 965 2449 1023; x_wconf 85' lang='lat' dir='ltr'>Juliani</span> <span class='ocrx_word' id='word_1_146' title='bbox 2482 974 2541 1022; x_wconf 91' lang='lat' dir='ltr'>et</span> <span class='ocrx_word' id='word_1_147' title='bbox 2568 969 2795 1024; x_wconf 71' lang='lat' dir='ltr'>Ioviani</span> <span class='ocrx_word' id='word_1_148' title='bbox 2828 976 3116 1042; x_wconf 90' lang='lat' dir='ltr'>tempore,</span> <span class='ocrx_word' id='word_1_149' title='bbox 3150 988 3217 1027; x_wconf 80' lang='lat' dir='ltr'>ac</span> <span class='ocrx_word' id='word_1_150' title='bbox 3240 973 3502 1029; x_wconf 88' lang='lat' dir='ltr'>Valentis</span> <span class='ocrx_word' id='word_1_151' title='bbox 3533 974 3742 1040; x_wconf 89' lang='lat' dir='ltr'>initiis,</span> 
     </span>
    </p>
   </div>
   <div class='ocr_carea' id='block_1_23' title="bbox 2090 1055 3744 1131">
    <p class='ocr_par' dir='ltr' id='par_1_23' title="bbox 2090 1055 3744 1131">
     <span class='ocr_line' id='line_1_23' title="bbox 2090 1055 3744 1131; baseline 0.005 -20"><span class='ocrx_word' id='word_1_152' title='bbox 2090 1055 2336 1127; x_wconf 82' lang='lat' dir='ltr'>paciﬁce</span> <span class='ocrx_word' id='word_1_153' title='bbox 2369 1056 2529 1131; x_wconf 82' lang='lat' dir='ltr'>degit</span> <span class='ocrx_word' id='word_1_154' title='bbox 2558 1075 2746 1130; x_wconf 88' lang='lat' dir='ltr'>usque</span> <span class='ocrx_word' id='word_1_155' title='bbox 2768 1061 2843 1115; x_wconf 90' lang='lat' dir='ltr'>ad</span> <span class='ocrx_word' id='word_1_156' title='bbox 2872 1077 2967 1116; x_wconf 88' lang='lat' dir='ltr'>an.</span> <span class='ocrx_word' id='word_1_157' title='bbox 3002 1063 3125 1115; x_wconf 85' lang='lat'>367.</span> <span class='ocrx_word' id='word_1_158' title='bbox 3159 1062 3310 1127; x_wconf 89' lang='lat' dir='ltr'>Quid</span> <span class='ocrx_word' id='word_1_159' title='bbox 3342 1064 3413 1118; x_wconf 89' lang='lat' dir='ltr'>de</span> <span class='ocrx_word' id='word_1_160' title='bbox 3447 1065 3744 1119; x_wconf 87' lang='lat' dir='ltr'>Herennio</span> 
     </span>
    </p>
   </div>
   <div class='ocr_carea' id='block_1_24' title="bbox 2090 1149 3742 1224">
    <p class='ocr_par' dir='ltr' id='par_1_24' title="bbox 2090 1149 3742 1224">
     <span class='ocr_line' id='line_1_24' title="bbox 2090 1149 3742 1224; baseline 0.005 -25"><span class='ocrx_word' id='word_1_161' title='bbox 2090 1151 2310 1216; x_wconf 91' lang='lat' dir='ltr'>actum,</span> <span class='ocrx_word' id='word_1_162' title='bbox 2346 1152 2696 1204; x_wconf 89' lang='lat' dir='ltr'>mortuusne</span> <span class='ocrx_word' id='word_1_163' title='bbox 2730 1149 2841 1205; x_wconf 91' lang='lat' dir='ltr'>hoc</span> <span class='ocrx_word' id='word_1_164' title='bbox 2873 1155 3139 1222; x_wconf 87' lang='lat' dir='ltr'>tempore</span> <span class='ocrx_word' id='word_1_165' title='bbox 3172 1168 3247 1207; x_wconf 88' lang='lat' dir='ltr'>an</span> <span class='ocrx_word' id='word_1_166' title='bbox 3279 1152 3487 1224; x_wconf 89' lang='lat' dir='ltr'>pulsus</span> <span class='ocrx_word' id='word_1_167' title='bbox 3520 1154 3742 1223; x_wconf 77' lang='lat' dir='ltr'>fuerit,</span> 
     </span>
    </p>
   </div>
   <div class='ocr_carea' id='block_1_25' title="bbox 2091 1235 3745 1311">
    <p class='ocr_par' dir='ltr' id='par_1_25' title="bbox 2091 1235 3745 1311">
     <span class='ocr_line' id='line_1_25' title="bbox 2091 1235 3745 1311; baseline 0.006 -22"><span class='ocrx_word' id='word_1_168' title='bbox 2091 1235 2417 1308; x_wconf 80' lang='lat' dir='ltr'>ignoratur.</span> <span class='ocrx_word' id='word_1_169' title='bbox 2447 1238 2734 1311; x_wconf 81' lang='lat' dir='ltr'>Cyrillum</span> <span class='ocrx_word' id='word_1_170' title='bbox 2768 1240 2963 1295; x_wconf 89' lang='lat' dir='ltr'>statim</span> <span class='ocrx_word' id='word_1_171' title='bbox 2994 1258 3029 1296; x_wconf 91' lang='lat' dir='ltr'>a</span> <span class='ocrx_word' id='word_1_172' title='bbox 3059 1241 3294 1297; x_wconf 91' lang='lat' dir='ltr'>reddita</span> <span class='ocrx_word' id='word_1_173' title='bbox 3338 1243 3641 1300; x_wconf 84' lang='lat' dir='ltr'>exsulibus</span> <span class='ocrx_word' id='word_1_174' title='bbox 3673 1244 3745 1299; x_wconf 91' lang='lat' dir='ltr'>li-</span> 
     </span>
    </p>
   </div>
   <div class='ocr_carea' id='block_1_26' title="bbox 2090 1324 3744 1405">
    <p class='ocr_par' dir='ltr' id='par_1_26' title="bbox 2090 1324 3744 1405">
     <span class='ocr_line' id='line_1_26' title="bbox 2090 1324 3744 1405; baseline 0.007 -26"><span class='ocrx_word' id='word_1_175' title='bbox 2090 1324 2318 1381; x_wconf 89' lang='lat' dir='ltr'>bertate</span> <span class='ocrx_word' id='word_1_176' title='bbox 2343 1326 2814 1400; x_wconf 86' lang='lat' dir='ltr'>Hierosolymam</span> <span class='ocrx_word' id='word_1_177' title='bbox 2833 1330 3120 1401; x_wconf 89' lang='lat' dir='ltr'>repetisse</span> <span class='ocrx_word' id='word_1_178' title='bbox 3135 1332 3442 1402; x_wconf 88' lang='lat' dir='ltr'>probabile</span> <span class='ocrx_word' id='word_1_179' title='bbox 3457 1339 3564 1389; x_wconf 92' lang='lat' dir='ltr'>est:</span> <span class='ocrx_word' id='word_1_180' title='bbox 3584 1335 3744 1405; x_wconf 92' lang='lat' dir='ltr'>quod</span> 
     </span>
    </p>
   </div>
   <div class='ocr_carea' id='block_1_27' title="bbox 2094 1415 3740 1494">
    <p class='ocr_par' dir='ltr' id='par_1_27' title="bbox 2094 1415 3740 1494">
     <span class='ocr_line' id='line_1_27' title="bbox 2094 1415 3740 1494; baseline 0.005 -23"><span class='ocrx_word' id='word_1_181' title='bbox 2094 1415 2143 1471; x_wconf 89' lang='lat' dir='ltr'>si</span> <span class='ocrx_word' id='word_1_182' title='bbox 2174 1415 2257 1471; x_wconf 91' lang='lat' dir='ltr'>ita</span> <span class='ocrx_word' id='word_1_183' title='bbox 2287 1422 2394 1483; x_wconf 91' lang='lat' dir='ltr'>est,</span> <span class='ocrx_word' id='word_1_184' title='bbox 2431 1417 2751 1474; x_wconf 88' lang='lat' dir='ltr'>dicendum</span> <span class='ocrx_word' id='word_1_185' title='bbox 2783 1436 2919 1477; x_wconf 91' lang='lat' dir='ltr'>eum</span> <span class='ocrx_word' id='word_1_186' title='bbox 2952 1437 3071 1476; x_wconf 94' lang='lat' dir='ltr'>non</span> <span class='ocrx_word' id='word_1_187' title='bbox 3119 1421 3308 1477; x_wconf 91' lang='lat' dir='ltr'>multo</span> <span class='ocrx_word' id='word_1_188' title='bbox 3349 1430 3483 1494; x_wconf 91' lang='lat' dir='ltr'>post</span> <span class='ocrx_word' id='word_1_189' title='bbox 3534 1425 3740 1480; x_wconf 87' lang='lat' dir='ltr'>Antio-</span> 
     </span>
    </p>
   </div>
   <div class='ocr_carea' id='block_1_28' title="bbox 2093 1505 3748 1587">
    <p class='ocr_par' dir='ltr' id='par_1_28' title="bbox 2093 1505 3748 1587">
     <span class='ocr_line' id='line_1_28' title="bbox 2093 1505 3748 1587; baseline 0.007 -28"><span class='ocrx_word' id='word_1_190' title='bbox 2093 1505 2288 1561; x_wconf 90' lang='lat' dir='ltr'>chiam</span> <span class='ocrx_word' id='word_1_191' title='bbox 2312 1505 2516 1574; x_wconf 79' lang='lat' dir='ltr'>ivisse;</span> <span class='ocrx_word' id='word_1_192' title='bbox 2541 1508 2701 1564; x_wconf 90' lang='lat' dir='ltr'>unde</span> <span class='ocrx_word' id='word_1_193' title='bbox 2721 1509 2828 1564; x_wconf 88' lang='lat' dir='ltr'>sub</span> <span class='ocrx_word' id='word_1_194' title='bbox 2855 1516 3185 1566; x_wconf 84' lang='lat' dir='ltr'>extremum</span> <span class='ocrx_word' id='word_1_195' title='bbox 3205 1513 3345 1567; x_wconf 89' lang='lat' dir='ltr'>anni</span> <span class='ocrx_word' id='word_1_196' title='bbox 3378 1514 3481 1567; x_wconf 84' lang='lat'>362</span> <span class='ocrx_word' id='word_1_197' title='bbox 3511 1518 3748 1587; x_wconf 86' lang='lat' dir='ltr'>tempus</span> 
     </span>
    </p>
   </div>
   <div class='ocr_carea' id='block_1_29' title="bbox 2093 1594 3751 1675">
    <p class='ocr_par' dir='ltr' id='par_1_29' title="bbox 2093 1594 3751 1675">
     <span class='ocr_line' id='line_1_29' title="bbox 2093 1594 3751 1675; baseline 0.006 -25"><span class='ocrx_word' id='word_1_198' title='bbox 2093 1594 2562 1669; x_wconf 87' lang='lat' dir='ltr'>Hieresolymam</span> <span class='ocrx_word' id='word_1_199' title='bbox 2590 1600 2929 1667; x_wconf 80' lang='lat' dir='ltr'>reverterit;</span> <span class='ocrx_word' id='word_1_200' title='bbox 2959 1604 3081 1655; x_wconf 90' lang='lat' dir='ltr'>tum</span> <span class='ocrx_word' id='word_1_201' title='bbox 3108 1601 3269 1656; x_wconf 88' lang='lat' dir='ltr'>enim</span> <span class='ocrx_word' id='word_1_202' title='bbox 3296 1602 3432 1658; x_wconf 81' lang='lat' dir='ltr'>fidei</span> <span class='ocrx_word' id='word_1_203' title='bbox 3468 1604 3599 1675; x_wconf 87' lang='lat' dir='ltr'>ejus</span> <span class='ocrx_word' id='word_1_204' title='bbox 3619 1621 3751 1660; x_wconf 87' lang='lat' dir='ltr'>cre-</span> 
     </span>
    </p>
   </div>
   <div class='ocr_carea' id='block_1_30' title="bbox 2092 1684 3751 1760">
    <p class='ocr_par' dir='ltr' id='par_1_30' title="bbox 2092 1684 3751 1760">
     <span class='ocr_line' id='line_1_30' title="bbox 2092 1684 3751 1760; baseline 0.006 -22"><span class='ocrx_word' id='word_1_205' title='bbox 2092 1684 2245 1739; x_wconf 88' lang='lat' dir='ltr'>didit</span> <span class='ocrx_word' id='word_1_206' title='bbox 2274 1702 2340 1740; x_wconf 89' lang='lat' dir='ltr'>ac</span> <span class='ocrx_word' id='word_1_207' title='bbox 2374 1685 2783 1760; x_wconf 80' lang='lat' dir='ltr'>Hierosolyma</span> <span class='ocrx_word' id='word_1_208' title='bbox 2813 1688 3230 1745; x_wconf 87' lang='lat' dir='ltr'>abducendum</span> <span class='ocrx_word' id='word_1_209' title='bbox 3280 1691 3525 1747; x_wconf 82' lang='lat' dir='ltr'>tradidit</span> <span class='ocrx_word' id='word_1_210' title='bbox 3571 1695 3751 1749; x_wconf 86' lang='lat' dir='ltr'>Mele—</span> 
     </span>
    </p>
   </div>
   <div class='ocr_carea' id='block_1_31' title="bbox 2092 1775 3750 1851">
    <p class='ocr_par' dir='ltr' id='par_1_31' title="bbox 2092 1775 3750 1851">
     <span class='ocr_line' id='line_1_31' title="bbox 2092 1775 3750 1851; baseline 0.006 -23"><span class='ocrx_word' id='word_1_211' title='bbox 2092 1775 2209 1829; x_wconf 87' lang='lat' dir='ltr'>tius</span> <span class='ocrx_word' id='word_1_212' title='bbox 2234 1775 2516 1847; x_wconf 86' lang='lat' dir='ltr'>juvenem</span> <span class='ocrx_word' id='word_1_213' title='bbox 2542 1778 2862 1848; x_wconf 88' lang='lat' dir='ltr'>quemdam</span> <span class='ocrx_word' id='word_1_214' title='bbox 2889 1780 3226 1851; x_wconf 87' lang='lat' dir='ltr'>Daphnitici</span> <span class='ocrx_word' id='word_1_215' title='bbox 3246 1782 3509 1836; x_wconf 83' lang='lat' dir='ltr'>ﬂaminis</span> <span class='ocrx_word' id='word_1_216' title='bbox 3536 1782 3750 1850; x_wconf 91' lang='lat' dir='ltr'>ﬁlium,</span> 
     </span>
    </p>
   </div>
   <div class='ocr_carea' id='block_1_32' title="bbox 283 1864 3753 1963">
    <p class='ocr_par' dir='ltr' id='par_1_32' title="bbox 283 1864 3753 1963">
     <span class='ocr_line' id='line_1_32' title="bbox 283 1864 3753 1963; baseline 0.003 -43"><span class='ocrx_word' id='word_1_217' title='bbox 283 1876 603 1946; x_wconf 60' lang='lat' dir='ltr'>prouincias</span> <span class='ocrx_word' id='word_1_218' title='bbox 636 1876 705 1929; x_wconf 77' lang='lat' dir='ltr'>in</span> <span class='ocrx_word' id='word_1_219' title='bbox 743 1875 980 1930; x_wconf 66' lang='lat' dir='ltr'>Christo</span> <span class='ocrx_word' id='word_1_220' title='bbox 1012 1874 1372 1937; x_wconf 60' lang='lat' dir='ltr'>manentibus,</span> <span class='ocrx_word' id='word_1_221' title='bbox 1395 1874 1470 1929; x_wconf 69' lang='lat' dir='ltr'>ad</span> <span class='ocrx_word' id='word_1_222' title='bbox 1493 1889 1980 1945; x_wconf 76' lang='lat' dir='ltr'>unumquemque</span> <span class='ocrx_word' id='word_1_223' title='bbox 2012 1897 2059 1963; x_wconf 81' lang='grc' dir='ltr'><strong>Β</strong></span> <span class='ocrx_word' id='word_1_224' title='bbox 2094 1864 2184 1963; x_wconf 70' lang='lat' dir='ltr'>sui</span> <span class='ocrx_word' id='word_1_225' title='bbox 2216 1865 2612 1963; x_wconf 40' lang='lat' dir='ltr'>patris-atque</span> <span class='ocrx_word' id='word_1_226' title='bbox 2642 1868 3025 1939; x_wconf 86' lang='lat' dir='ltr'>imperatoris</span> <span class='ocrx_word' id='word_1_227' title='bbox 3046 1870 3197 1925; x_wconf 91' lang='lat' dir='ltr'>iram</span> <span class='ocrx_word' id='word_1_228' title='bbox 3226 1871 3571 1943; x_wconf 81' lang='lat' dir='ltr'>fugientem.</span> <span class='ocrx_word' id='word_1_229' title='bbox 3602 1874 3656 1927; x_wconf 87' lang='lat' dir='ltr'>Is</span> <span class='ocrx_word' id='word_1_230' title='bbox 3678 1872 3753 1928; x_wconf 88' lang='lat' dir='ltr'>ad</span> 
     </span>
    </p>
   </div>
   <div class='ocr_carea' id='block_1_33' title="bbox 288 1962 1979 2036">
    <p class='ocr_par' dir='ltr' id='par_1_33' title="bbox 288 1962 1979 2036">
     <span class='ocr_line' id='line_1_33' title="bbox 288 1962 1979 2036; baseline 0.001 -17"><span class='ocrx_word' id='word_1_231' title='bbox 288 1964 789 2020; x_wconf 87' lang='lat' dir='ltr'>Seleuciensium</span> <span class='ocrx_word' id='word_1_232' title='bbox 823 1964 1158 2036; x_wconf 77' lang='lat' dir='ltr'>prmsulum</span> <span class='ocrx_word' id='word_1_233' title='bbox 1191 1964 1251 2020; x_wconf 90' lang='lat' dir='ltr'>in</span> <span class='ocrx_word' id='word_1_234' title='bbox 1278 1962 1531 2020; x_wconf 90' lang='lat' dir='ltr'>concilio</span> <span class='ocrx_word' id='word_1_235' title='bbox 1563 1964 1979 2020; x_wconf 90' lang='lat' dir='ltr'>Constantino-</span> 
     </span>
    </p>
   </div>
   <div class='ocr_carea' id='block_1_34' title="bbox 2094 1953 3755 2032">
    <p class='ocr_par' dir='ltr' id='par_1_34' title="bbox 2094 1953 3755 2032">
     <span class='ocr_line' id='line_1_34' title="bbox 2094 1953 3755 2032; baseline 0.004 -23"><span class='ocrx_word' id='word_1_236' title='bbox 2094 1953 2273 2009; x_wconf 84' lang='lat' dir='ltr'>fidem</span> <span class='ocrx_word' id='word_1_237' title='bbox 2287 1956 2684 2012; x_wconf 89' lang='lat' dir='ltr'>Christianam</span> <span class='ocrx_word' id='word_1_238' title='bbox 2698 1958 3052 2014; x_wconf 85' lang='lat' dir='ltr'>diaconissae</span> <span class='ocrx_word' id='word_1_239' title='bbox 3078 1960 3389 2030; x_wconf 77' lang='lat' dir='ltr'>cujusdam</span> <span class='ocrx_word' id='word_1_240' title='bbox 3413 1977 3594 2032; x_wconf 90' lang='lat' dir='ltr'>opera</span> <span class='ocrx_word' id='word_1_241' title='bbox 3618 1978 3755 2016; x_wconf 88' lang='lat' dir='ltr'>con-</span> 
     </span>
    </p>
   </div>
   <div class='ocr_carea' id='block_1_35' title="bbox 286 2049 3753 2128">
    <p class='ocr_par' dir='ltr' id='par_1_35' title="bbox 286 2049 3753 2128">
     <span class='ocr_line' id='line_1_35' title="bbox 286 2049 3753 2128; baseline -0 -20"><span class='ocrx_word' id='word_1_242' title='bbox 286 2053 553 2126; x_wconf 88' lang='lat' dir='ltr'>politano</span> <span class='ocrx_word' id='word_1_243' title='bbox 581 2053 1027 2128; x_wconf 88' lang='lat' dir='ltr'>depositorum</span> <span class='ocrx_word' id='word_1_244' title='bbox 1059 2054 1358 2125; x_wconf 89' lang='lat' dir='ltr'>pertinere</span> <span class='ocrx_word' id='word_1_245' title='bbox 1391 2053 1644 2110; x_wconf 88' lang='lat' dir='ltr'>dicenda</span> <span class='ocrx_word' id='word_1_246' title='bbox 1670 2059 1778 2121; x_wconf 91' lang='lat' dir='ltr'>est;</span> <span class='ocrx_word' id='word_1_247' title='bbox 1805 2059 1984 2125; x_wconf 87' lang='lat' dir='ltr'>atque</span> <span class='ocrx_word' id='word_1_248' title='bbox 2089 2061 2315 2113; x_wconf 71' lang='lat' dir='ltr'>veI‘SUS,</span> <span class='ocrx_word' id='word_1_249' title='bbox 2348 2063 2482 2102; x_wconf 83' lang='lat' dir='ltr'>cum</span> <span class='ocrx_word' id='word_1_250' title='bbox 2514 2065 2642 2103; x_wconf 85' lang='lat' dir='ltr'>sese</span> <span class='ocrx_word' id='word_1_251' title='bbox 2674 2049 2749 2103; x_wconf 84' lang='lat' dir='ltr'>ad</span> <span class='ocrx_word' id='word_1_252' title='bbox 2778 2066 2911 2104; x_wconf 83' lang='lat' dir='ltr'>eam</span> <span class='ocrx_word' id='word_1_253' title='bbox 2942 2051 3267 2121; x_wconf 80' lang='lat' dir='ltr'>recepisset</span> <span class='ocrx_word' id='word_1_254' title='bbox 3295 2057 3473 2121; x_wconf 89' lang='lat' dir='ltr'>atque</span> <span class='ocrx_word' id='word_1_255' title='bbox 3518 2068 3552 2106; x_wconf 89' lang='lat' dir='ltr'>a</span> <span class='ocrx_word' id='word_1_256' title='bbox 3582 2052 3753 2107; x_wconf 85' lang='lat' dir='ltr'>Mele-</span> 
     </span>
    </p>
   </div>
   <div class='ocr_carea' id='block_1_36' title="bbox 290 2144 1986 2216">
    <p class='ocr_par' dir='ltr' id='par_1_36' title="bbox 290 2144 1986 2216">
     <span class='ocr_line' id='line_1_36' title="bbox 290 2144 1986 2216; baseline -0.001 -16"><span class='ocrx_word' id='word_1_257' title='bbox 290 2146 562 2201; x_wconf 88' lang='lat' dir='ltr'>omnium</span> <span class='ocrx_word' id='word_1_258' title='bbox 602 2161 794 2213; x_wconf 88' lang='lat' dir='ltr'>sane,</span> <span class='ocrx_word' id='word_1_259' title='bbox 828 2145 935 2216; x_wconf 90' lang='lat' dir='ltr'>qui</span> <span class='ocrx_word' id='word_1_260' title='bbox 968 2145 1030 2200; x_wconf 89' lang='lat' dir='ltr'>in</span> <span class='ocrx_word' id='word_1_261' title='bbox 1063 2144 1271 2200; x_wconf 89' lang='lat' dir='ltr'>eadem</span> <span class='ocrx_word' id='word_1_262' title='bbox 1311 2161 1493 2200; x_wconf 89' lang='lat' dir='ltr'>causa</span> <span class='ocrx_word' id='word_1_263' title='bbox 1523 2150 1697 2200; x_wconf 89' lang='lat' dir='ltr'>erant</span> <span class='ocrx_word' id='word_1_264' title='bbox 1742 2144 1986 2200; x_wconf 90' lang='lat' dir='ltr'>nomine</span> 
     </span>
    </p>
   </div>
   <div class='ocr_carea' id='block_1_37' title="bbox 298 2234 1987 2306">
    <p class='ocr_par' dir='ltr' id='par_1_37' title="bbox 298 2234 1987 2306">
     <span class='ocr_line' id='line_1_37' title="bbox 298 2234 1987 2306; baseline -0.002 -15"><span class='ocrx_word' id='word_1_265' title='bbox 298 2234 436 2291; x_wconf 88' lang='lat' dir='ltr'>data</span> <span class='ocrx_word' id='word_1_266' title='bbox 458 2242 591 2290; x_wconf 90' lang='lat' dir='ltr'>erat</span> <span class='ocrx_word' id='word_1_267' title='bbox 607 2234 913 2306; x_wconf 90' lang='lat' dir='ltr'>epistola,</span> <span class='ocrx_word' id='word_1_268' title='bbox 940 2234 1033 2290; x_wconf 91' lang='lat' dir='ltr'>cui</span> <span class='ocrx_word' id='word_1_269' title='bbox 1054 2234 1341 2290; x_wconf 88' lang='lat' dir='ltr'>Gallicani</span> <span class='ocrx_word' id='word_1_270' title='bbox 1362 2234 1750 2305; x_wconf 90' lang='lat' dir='ltr'>respondent.</span> <span class='ocrx_word' id='word_1_271' title='bbox 1784 2234 1987 2289; x_wconf 83' lang='lat' dir='ltr'>Philo-</span> 
     </span>
    </p>
   </div>
   <div class='ocr_carea' id='block_1_38' title="bbox 300 2322 1986 2398">
    <p class='ocr_par' dir='ltr' id='par_1_38' title="bbox 300 2322 1986 2398">
     <span class='ocr_line' id='line_1_38' title="bbox 300 2322 1986 2398; baseline -0.001 -19"><span class='ocrx_word' id='word_1_272' title='bbox 300 2324 559 2398; x_wconf 78' lang='lat' dir='ltr'>storgius</span> <span class='ocrx_word' id='word_1_273' title='bbox 582 2329 772 2379; x_wconf 88' lang='lat' dir='ltr'>notat</span> <span class='ocrx_word' id='word_1_274' title='bbox 795 2323 904 2378; x_wconf 89' lang='lat' dir='ltr'>lib.</span> <span class='ocrx_word' id='word_1_275' title='bbox 931 2340 982 2390; x_wconf 93' lang='lat' dir='ltr'>v,</span> <span class='ocrx_word' id='word_1_276' title='bbox 1017 2339 1143 2395; x_wconf 88' lang='lat' dir='ltr'>cap.</span> <span class='ocrx_word' id='word_1_277' title='bbox 1180 2324 1230 2391; x_wconf 87' lang='grc'>1,</span> <span class='ocrx_word' id='word_1_278' title='bbox 1262 2324 1503 2393; x_wconf 82' lang='lat' dir='ltr'>dejectos</span> <span class='ocrx_word' id='word_1_279' title='bbox 1555 2322 1819 2395; x_wconf 74' lang='lat' dir='ltr'>praesules</span> <span class='ocrx_word' id='word_1_280' title='bbox 1866 2340 1986 2379; x_wconf 86' lang='lat' dir='ltr'>cum</span> 
     </span>
    </p>
   </div>
   <div class='ocr_carea' id='block_1_39' title="bbox 301 2414 1988 2484">
    <p class='ocr_par' dir='ltr' id='par_1_39' title="bbox 301 2414 1988 2484">
     <span class='ocr_line' id='line_1_39' title="bbox 301 2414 1988 2484; baseline -0.001 -15"><span class='ocrx_word' id='word_1_281' title='bbox 301 2416 365 2469; x_wconf 86' lang='lat' dir='ltr'>in</span> <span class='ocrx_word' id='word_1_282' title='bbox 401 2414 659 2470; x_wconf 65' lang='lat' dir='ltr'>exsilium</span> <span class='ocrx_word' id='word_1_283' title='bbox 704 2414 1073 2477; x_wconf 81' lang='lat' dir='ltr'>ducerentur,</span> <span class='ocrx_word' id='word_1_284' title='bbox 1122 2414 1544 2484; x_wconf 82' lang='lat' dir='ltr'>subscriptiones</span> <span class='ocrx_word' id='word_1_285' title='bbox 1590 2429 1736 2477; x_wconf 87' lang='lat' dir='ltr'>suas,</span> <span class='ocrx_word' id='word_1_286' title='bbox 1790 2414 1988 2483; x_wconf 86' lang='lat' dir='ltr'>quibus</span> 
     </span>
    </p>
   </div>
   <div class='ocr_carea' id='block_1_40' title="bbox 323 2502 1988 2573">
    <p class='ocr_par' dir='ltr' id='par_1_40' title="bbox 323 2502 1988 2573">
     <span class='ocr_line' id='line_1_40' title="bbox 323 2502 1988 2573; baseline -0.002 -13"><span class='ocrx_word' id='word_1_287' title='bbox 323 2506 688 2560; x_wconf 78' lang='lat' dir='ltr'>Ariminensis</span> <span class='ocrx_word' id='word_1_288' title='bbox 714 2502 950 2558; x_wconf 84' lang='lat' dir='ltr'>concilii</span> <span class='ocrx_word' id='word_1_289' title='bbox 968 2503 1127 2572; x_wconf 84' lang='lat' dir='ltr'>ﬁdem</span> <span class='ocrx_word' id='word_1_290' title='bbox 1159 2506 1636 2573; x_wconf 80' lang='lat' dir='ltr'>conﬁrmaverant,</span> <span class='ocrx_word' id='word_1_291' title='bbox 1668 2518 1988 2559; x_wconf 76' lang='lat' dir='ltr'>revocasse:</span> 
     </span>
    </p>
   </div>
   <div class='ocr_carea' id='block_1_41' title="bbox 330 2592 1989 2664">
    <p class='ocr_par' dir='ltr' id='par_1_41' title="bbox 330 2592 1989 2664">
     <span class='ocr_line' id='line_1_41' title="bbox 330 2592 1989 2664; baseline -0.001 -17"><span class='ocrx_word' id='word_1_292' title='bbox 330 2601 498 2663; x_wconf 82' lang='lat' dir='ltr'>atque</span> <span class='ocrx_word' id='word_1_293' title='bbox 524 2594 612 2649; x_wconf 76' lang='lat' dir='ltr'>hos</span> <span class='ocrx_word' id='word_1_294' title='bbox 636 2593 882 2664; x_wconf 83' lang='lat' dir='ltr'>quidem</span> <span class='ocrx_word' id='word_1_295' title='bbox 908 2592 1448 2660; x_wconf 83' lang='lat' dir='ltr'>consubstantialem,</span> <span class='ocrx_word' id='word_1_296' title='bbox 1481 2592 1608 2648; x_wconf 84' lang='lat' dir='ltr'>illos</span> <span class='ocrx_word' id='word_1_297' title='bbox 1638 2609 1764 2649; x_wconf 74' lang='lat' dir='ltr'>vero</span> <span class='ocrx_word' id='word_1_298' title='bbox 1794 2592 1989 2648; x_wconf 82' lang='lat' dir='ltr'>similis</span> 
     </span>
    </p>
   </div>
   <div class='ocr_carea' id='block_1_42' title="bbox 312 2681 1990 2754">
    <p class='ocr_par' dir='ltr' id='par_1_42' title="bbox 312 2681 1990 2754">
     <span class='ocr_line' id='line_1_42' title="bbox 312 2681 1990 2754; baseline -0.002 -15"><span class='ocrx_word' id='word_1_299' title='bbox 312 2684 635 2739; x_wconf 70' lang='lat' dir='ltr'>substantiae</span> <span class='ocrx_word' id='word_1_300' title='bbox 667 2683 892 2739; x_wconf 87' lang='lat' dir='ltr'>Filium</span> <span class='ocrx_word' id='word_1_301' title='bbox 941 2681 1139 2738; x_wconf 82' lang='lat' dir='ltr'>iterum</span> <span class='ocrx_word' id='word_1_302' title='bbox 1181 2683 1531 2754; x_wconf 53' lang='lat' dir='ltr'>praedicasse.</span> <span class='ocrx_word' id='word_1_303' title='bbox 1595 2682 1707 2738; x_wconf 88' lang='lat' dir='ltr'>Sed</span> <span class='ocrx_word' id='word_1_304' title='bbox 1758 2682 1990 2737; x_wconf 88' lang='lat' dir='ltr'>nullam</span> 
     </span>
    </p>
   </div>
   <div class='ocr_carea' id='block_1_43' title="bbox 300 2771 1987 2845">
    <p class='ocr_par' dir='ltr' id='par_1_43' title="bbox 300 2771 1987 2845">
     <span class='ocr_line' id='line_1_43' title="bbox 300 2771 1987 2845; baseline -0.001 -18"><span class='ocrx_word' id='word_1_305' title='bbox 300 2774 563 2845; x_wconf 67' lang='lat' dir='ltr'>Cyr-illus</span> <span class='ocrx_word' id='word_1_306' title='bbox 595 2772 1115 2844; x_wconf 87' lang='lat' dir='ltr'>subscriptionem</span> <span class='ocrx_word' id='word_1_307' title='bbox 1146 2771 1583 2830; x_wconf 90' lang='lat' dir='ltr'>retractandam</span> <span class='ocrx_word' id='word_1_308' title='bbox 1615 2772 1864 2828; x_wconf 88' lang='lat' dir='ltr'>habuit:</span> <span class='ocrx_word' id='word_1_309' title='bbox 1902 2772 1987 2827; x_wconf 87' lang='lat' dir='ltr'>id-</span> 
     </span>
    </p>
   </div>
   <div class='ocr_carea' id='block_1_44' title="bbox 311 2861 1990 2934">
    <p class='ocr_par' dir='ltr' id='par_1_44' title="bbox 311 2861 1990 2934">
     <span class='ocr_line' id='line_1_44' title="bbox 311 2861 1990 2934; baseline 0 -18"><span class='ocrx_word' id='word_1_310' title='bbox 311 2879 437 2934; x_wconf 87' lang='lat' dir='ltr'>que</span> <span class='ocrx_word' id='word_1_311' title='bbox 466 2879 537 2918; x_wconf 80' lang='lat' dir='ltr'>ex</span> <span class='ocrx_word' id='word_1_312' title='bbox 566 2861 959 2934; x_wconf 89' lang='lat' dir='ltr'>depositione</span> <span class='ocrx_word' id='word_1_313' title='bbox 995 2878 1101 2917; x_wconf 90' lang='lat' dir='ltr'>sua</span> <span class='ocrx_word' id='word_1_314' title='bbox 1131 2861 1362 2917; x_wconf 90' lang='lat' dir='ltr'>lucrum</span> <span class='ocrx_word' id='word_1_315' title='bbox 1394 2862 1605 2917; x_wconf 87' lang='lat' dir='ltr'>fecisse</span> <span class='ocrx_word' id='word_1_316' title='bbox 1636 2861 1892 2928; x_wconf 90' lang='lat' dir='ltr'>videtur,</span> <span class='ocrx_word' id='word_1_317' title='bbox 1923 2866 1990 2916; x_wconf 91' lang='lat' dir='ltr'>ut</span> 
     </span>
    </p>
   </div>
   <div class='ocr_carea' id='block_1_45' title="bbox 307 2950 1991 3025">
    <p class='ocr_par' dir='ltr' id='par_1_45' title="bbox 307 2950 1991 3025">
     <span class='ocr_line' id='line_1_45' title="bbox 307 2950 1991 3025; baseline -0.001 -18"><span class='ocrx_word' id='word_1_318' title='bbox 307 2969 345 3007; x_wconf 90' lang='lat' dir='ltr'>a</span> <span class='ocrx_word' id='word_1_319' title='bbox 376 2952 698 3008; x_wconf 89' lang='lat' dir='ltr'>communi</span> <span class='ocrx_word' id='word_1_320' title='bbox 732 2958 795 3008; x_wconf 89' lang='lat' dir='ltr'>et</span> <span class='ocrx_word' id='word_1_321' title='bbox 823 2950 1089 3025; x_wconf 82' lang='lat' dir='ltr'>generali</span> <span class='ocrx_word' id='word_1_322' title='bbox 1121 2951 1389 3007; x_wconf 90' lang='lat' dir='ltr'>omnium</span> <span class='ocrx_word' id='word_1_323' title='bbox 1419 2968 1569 3024; x_wconf 92' lang='lat' dir='ltr'>pene</span> <span class='ocrx_word' id='word_1_324' title='bbox 1601 2952 1851 3008; x_wconf 85' lang='lat' dir='ltr'>Romani</span> <span class='ocrx_word' id='word_1_325' title='bbox 1884 2952 1991 3007; x_wconf 90' lang='lat' dir='ltr'>im-</span> 
     </span>
    </p>
   </div>
   <div class='ocr_carea' id='block_1_46' title="bbox 302 3040 1990 3115">
    <p class='ocr_par' dir='ltr' id='par_1_46' title="bbox 302 3040 1990 3115">
     <span class='ocr_line' id='line_1_46' title="bbox 302 3040 1990 3115; baseline -0.001 -18"><span class='ocrx_word' id='word_1_326' title='bbox 302 3043 466 3115; x_wconf 89' lang='lat' dir='ltr'>perii</span> <span class='ocrx_word' id='word_1_327' title='bbox 488 3042 927 3114; x_wconf 90' lang='lat' dir='ltr'>episcoporum</span> <span class='ocrx_word' id='word_1_328' title='bbox 949 3042 1011 3096; x_wconf 92' lang='lat' dir='ltr'>in</span> <span class='ocrx_word' id='word_1_329' title='bbox 1036 3040 1465 3097; x_wconf 75' lang='lat' dir='ltr'>subscribenda</span> <span class='ocrx_word' id='word_1_330' title='bbox 1490 3042 1854 3097; x_wconf 85' lang='lat' dir='ltr'>Ariminensi</span> <span class='ocrx_word' id='word_1_331' title='bbox 1878 3041 1990 3096; x_wconf 89' lang='lat' dir='ltr'>for-</span> 
     </span>
    </p>
   </div>
   <div class='ocr_carea' id='block_1_47' title="bbox 304 3130 1989 3204">
    <p class='ocr_par' dir='ltr' id='par_1_47' title="bbox 304 3130 1989 3204">
     <span class='ocr_line' id='line_1_47' title="bbox 304 3130 1989 3204; baseline -0.001 -18"><span class='ocrx_word' id='word_1_332' title='bbox 304 3131 486 3187; x_wconf 87' lang='lat' dir='ltr'>mula</span> <span class='ocrx_word' id='word_1_333' title='bbox 516 3137 777 3204; x_wconf 89' lang='lat' dir='ltr'>peccato</span> <span class='ocrx_word' id='word_1_334' title='bbox 811 3131 1099 3186; x_wconf 89' lang='lat' dir='ltr'>immunis</span> <span class='ocrx_word' id='word_1_335' title='bbox 1128 3130 1326 3186; x_wconf 88' lang='lat' dir='ltr'>fuerit.</span> <span class='ocrx_word' id='word_1_336' title='bbox 1361 3132 1505 3187; x_wconf 85' lang='lat' dir='ltr'>Nam</span> <span class='ocrx_word' id='word_1_337' title='bbox 1539 3147 1671 3186; x_wconf 92' lang='lat' dir='ltr'>cum</span> <span class='ocrx_word' id='word_1_338' title='bbox 1699 3131 1897 3186; x_wconf 82' lang='lat' dir='ltr'>caeteri</span> <span class='ocrx_word' id='word_1_339' title='bbox 1928 3130 1989 3185; x_wconf 90' lang='lat' dir='ltr'>in</span> 
     </span>
    </p>
   </div>
   <div class='ocr_carea' id='block_1_48' title="bbox 306 3220 1986 3292">
    <p class='ocr_par' dir='ltr' id='par_1_48' title="bbox 306 3220 1986 3292">
     <span class='ocr_line' id='line_1_48' title="bbox 306 3220 1986 3292; baseline -0.001 -15"><span class='ocrx_word' id='word_1_340' title='bbox 306 3221 529 3277; x_wconf 87' lang='lat' dir='ltr'>eadem</span> <span class='ocrx_word' id='word_1_341' title='bbox 563 3236 756 3276; x_wconf 90' lang='lat' dir='ltr'>causa</span> <span class='ocrx_word' id='word_1_342' title='bbox 812 3220 1140 3288; x_wconf 88' lang='lat' dir='ltr'>constituti,</span> <span class='ocrx_word' id='word_1_343' title='bbox 1190 3220 1659 3292; x_wconf 90' lang='lat' dir='ltr'>subscriptiones</span> <span class='ocrx_word' id='word_1_344' title='bbox 1707 3220 1841 3276; x_wconf 89' lang='lat' dir='ltr'>illas</span> <span class='ocrx_word' id='word_1_345' title='bbox 1884 3221 1986 3275; x_wconf 87' lang='lat' dir='ltr'>da-</span> 
     </span>
    </p>
   </div>
   <div class='ocr_carea' id='block_1_49' title="bbox 308 3308 1989 3381">
    <p class='ocr_par' dir='ltr' id='par_1_49' title="bbox 308 3308 1989 3381">
     <span class='ocr_line' id='line_1_49' title="bbox 308 3308 1989 3381; baseline -0.001 -16"><span class='ocrx_word' id='word_1_346' title='bbox 308 3316 631 3377; x_wconf 87' lang='lat' dir='ltr'>mnarent,</span> <span class='ocrx_word' id='word_1_347' title='bbox 668 3309 747 3365; x_wconf 89' lang='lat' dir='ltr'>ad</span> <span class='ocrx_word' id='word_1_348' title='bbox 781 3325 929 3381; x_wconf 88' lang='lat' dir='ltr'>quas</span> <span class='ocrx_word' id='word_1_349' title='bbox 960 3309 1470 3381; x_wconf 90' lang='lat' dir='ltr'>Constantinopoli</span> <span class='ocrx_word' id='word_1_350' title='bbox 1523 3314 1581 3365; x_wconf 88' lang='lat' dir='ltr'>et</span> <span class='ocrx_word' id='word_1_351' title='bbox 1629 3308 1782 3365; x_wconf 89' lang='lat' dir='ltr'>dolis</span> <span class='ocrx_word' id='word_1_352' title='bbox 1831 3314 1891 3364; x_wconf 92' lang='lat' dir='ltr'>et</span> <span class='ocrx_word' id='word_1_353' title='bbox 1937 3310 1989 3363; x_wconf 92' lang='lat' dir='ltr'>vi</span> 
     </span>
    </p>
   </div>
   <div class='ocr_carea' id='block_1_50' title="bbox 309 3399 1993 3472">
    <p class='ocr_par' dir='ltr' id='par_1_50' title="bbox 309 3399 1993 3472">
     <span class='ocr_line' id='line_1_50' title="bbox 309 3399 1993 3472; baseline -0.001 -17"><span class='ocrx_word' id='word_1_354' title='bbox 309 3400 625 3472; x_wconf 86' lang='lat' dir='ltr'>compulsi</span> <span class='ocrx_word' id='word_1_355' title='bbox 659 3404 838 3455; x_wconf 90' lang='lat' dir='ltr'>erant</span> <span class='ocrx_word' id='word_1_356' title='bbox 862 3416 876 3466; x_wconf 93' lang='lat'>;</span> <span class='ocrx_word' id='word_1_357' title='bbox 910 3399 1207 3471; x_wconf 91' lang='lat' dir='ltr'>quomodo</span> <span class='ocrx_word' id='word_1_358' title='bbox 1239 3399 1495 3472; x_wconf 88' lang='lat' dir='ltr'>Cyrillus</span> <span class='ocrx_word' id='word_1_359' title='bbox 1517 3399 1674 3456; x_wconf 90' lang='lat' dir='ltr'>ultro</span> <span class='ocrx_word' id='word_1_360' title='bbox 1697 3417 1764 3456; x_wconf 90' lang='lat' dir='ltr'>ac</span> <span class='ocrx_word' id='word_1_361' title='bbox 1784 3406 1993 3472; x_wconf 88' lang='lat' dir='ltr'>sponte</span> 
     </span>
    </p>
   </div>
   <div class='ocr_carea' id='block_1_51' title="bbox 316 3488 1991 3562">
    <p class='ocr_par' dir='ltr' id='par_1_51' title="bbox 316 3488 1991 3562">
     <span class='ocr_line' id='line_1_51' title="bbox 316 3488 1991 3562; baseline 0.001 -18"><span class='ocrx_word' id='word_1_362' title='bbox 316 3491 371 3544; x_wconf 84' lang='lat' dir='ltr'>ei</span> <span class='ocrx_word' id='word_1_363' title='bbox 404 3490 660 3545; x_wconf 89' lang='lat' dir='ltr'>decreto</span> <span class='ocrx_word' id='word_1_364' title='bbox 694 3488 1168 3560; x_wconf 90' lang='lat' dir='ltr'>subscripsisset,</span> <span class='ocrx_word' id='word_1_365' title='bbox 1203 3489 1362 3560; x_wconf 92' lang='lat' dir='ltr'>quod</span> <span class='ocrx_word' id='word_1_366' title='bbox 1394 3505 1424 3545; x_wconf 93' lang='lat' dir='ltr'>e</span> <span class='ocrx_word' id='word_1_367' title='bbox 1455 3489 1729 3557; x_wconf 91' lang='lat' dir='ltr'>concilio,</span> <span class='ocrx_word' id='word_1_368' title='bbox 1782 3493 1842 3545; x_wconf 90' lang='lat' dir='ltr'>in</span> <span class='ocrx_word' id='word_1_369' title='bbox 1874 3507 1991 3562; x_wconf 90' lang='lat' dir='ltr'>quo</span> 
     </span>
    </p>
   </div>
   <div class='ocr_carea' id='block_1_52' title="bbox 315 3578 1992 3651">
    <p class='ocr_par' dir='ltr' id='par_1_52' title="bbox 315 3578 1992 3651">
     <span class='ocr_line' id='line_1_52' title="bbox 315 3578 1992 3651; baseline 0.002 -19"><span class='ocrx_word' id='word_1_370' title='bbox 315 3578 523 3635; x_wconf 84' lang='lat' dir='ltr'>fuerat</span> <span class='ocrx_word' id='word_1_371' title='bbox 543 3578 873 3634; x_wconf 88' lang='lat' dir='ltr'>damnatus</span> <span class='ocrx_word' id='word_1_372' title='bbox 896 3578 1138 3649; x_wconf 87' lang='lat' dir='ltr'>injuste,</span> <span class='ocrx_word' id='word_1_373' title='bbox 1160 3578 1651 3651; x_wconf 90' lang='lat' dir='ltr'>proﬁciscebatur</span> <span class='ocrx_word' id='word_1_374' title='bbox 1665 3580 1694 3635; x_wconf 81' lang='lat'><strong>?</strong></span> <span class='ocrx_word' id='word_1_375' title='bbox 1710 3580 1771 3635; x_wconf 91' lang='lat' dir='ltr'>in</span> <span class='ocrx_word' id='word_1_376' title='bbox 1794 3579 1992 3635; x_wconf 86' lang='lat' dir='ltr'>locum</span> 
     </span>
    </p>
   </div>
   <div class='ocr_carea' id='block_1_53' title="bbox 315 3667 1991 3741">
    <p class='ocr_par' dir='ltr' id='par_1_53' title="bbox 315 3667 1991 3741">
     <span class='ocr_line' id='line_1_53' title="bbox 315 3667 1991 3741; baseline 0.001 -19"><span class='ocrx_word' id='word_1_377' title='bbox 315 3667 745 3740; x_wconf 77' lang='lat' dir='ltr'>depositorum</span> <span class='ocrx_word' id='word_1_378' title='bbox 769 3667 1416 3740; x_wconf 89' lang='lat' dir='ltr'>episcoporum.divina</span> <span class='ocrx_word' id='word_1_379' title='bbox 1436 3668 1807 3741; x_wconf 89' lang='lat' dir='ltr'>providentia</span> <span class='ocrx_word' id='word_1_380' title='bbox 1820 3669 1991 3724; x_wconf 88' lang='lat' dir='ltr'>multi</span> 
     </span>
    </p>
   </div>
   <div class='ocr_carea' id='block_1_54' title="bbox 312 3756 1991 3830">
    <p class='ocr_par' dir='ltr' id='par_1_54' title="bbox 312 3756 1991 3830">
     <span class='ocr_line' id='line_1_54' title="bbox 312 3756 1991 3830; baseline 0.002 -18"><span class='ocrx_word' id='word_1_381' title='bbox 312 3756 572 3830; x_wconf 87' lang='lat' dir='ltr'>dejectis</span> <span class='ocrx_word' id='word_1_382' title='bbox 605 3758 789 3812; x_wconf 88' lang='lat' dir='ltr'>etiam</span> <span class='ocrx_word' id='word_1_383' title='bbox 832 3757 1107 3813; x_wconf 90' lang='lat' dir='ltr'>meliores</span> <span class='ocrx_word' id='word_1_384' title='bbox 1162 3756 1323 3830; x_wconf 85' lang='lat' dir='ltr'>[LXI]</span> <span class='ocrx_word' id='word_1_385' title='bbox 1381 3757 1711 3815; x_wconf 90' lang='lat' dir='ltr'>substituti.</span> <span class='ocrx_word' id='word_1_386' title='bbox 1767 3760 1991 3815; x_wconf 90' lang='lat' dir='ltr'>Horum</span> 
     </span>
    </p>
   </div>
   <div class='ocr_carea' id='block_1_55' title="bbox 319 3846 1993 3920">
    <p class='ocr_par' dir='ltr' id='par_1_55' title="bbox 319 3846 1993 3920">
     <span class='ocr_line' id='line_1_55' title="bbox 319 3846 1993 3920; baseline 0.001 -19"><span class='ocrx_word' id='word_1_387' title='bbox 319 3846 655 3917; x_wconf 87' lang='lat' dir='ltr'>plurimam</span> <span class='ocrx_word' id='word_1_388' title='bbox 692 3852 920 3918; x_wconf 89' lang='lat' dir='ltr'>partem</span> <span class='ocrx_word' id='word_1_389' title='bbox 954 3847 1264 3903; x_wconf 87' lang='lat' dir='ltr'>constituit</span> <span class='ocrx_word' id='word_1_390' title='bbox 1292 3848 1544 3904; x_wconf 84' lang='lat' dir='ltr'>Aeacius</span> <span class='ocrx_word' id='word_1_391' title='bbox 1569 3866 1581 3916; x_wconf 92' lang='lat'>;</span> <span class='ocrx_word' id='word_1_392' title='bbox 1606 3866 1640 3904; x_wconf 92' lang='lat' dir='ltr'>a</span> <span class='ocrx_word' id='word_1_393' title='bbox 1661 3865 1778 3920; x_wconf 91' lang='lat' dir='ltr'>quo</span> <span class='ocrx_word' id='word_1_394' title='bbox 1802 3848 1861 3903; x_wconf 93' lang='lat' dir='ltr'>in</span> <span class='ocrx_word' id='word_1_395' title='bbox 1889 3849 1993 3920; x_wconf 87' lang='lat' dir='ltr'>Cy-</span> 
     </span>
    </p>
   </div>
   <div class='ocr_carea' id='block_1_56' title="bbox 323 3936 1992 4009">
    <p class='ocr_par' dir='ltr' id='par_1_56' title="bbox 323 3936 1992 4009">
     <span class='ocr_line' id='line_1_56' title="bbox 323 3936 1992 4009; baseline 0.002 -18"><span class='ocrx_word' id='word_1_396' title='bbox 323 3937 447 3991; x_wconf 84' lang='lat' dir='ltr'>rilli</span> <span class='ocrx_word' id='word_1_397' title='bbox 471 3938 675 3992; x_wconf 90' lang='lat' dir='ltr'>locum</span> <span class='ocrx_word' id='word_1_398' title='bbox 698 3936 1080 4009; x_wconf 78' lang='lat' dir='ltr'>subrogatum</span> <span class='ocrx_word' id='word_1_399' title='bbox 1116 3938 1483 3993; x_wconf 89' lang='lat' dir='ltr'>Herennium</span> <span class='ocrx_word' id='word_1_400' title='bbox 1509 3936 1693 3994; x_wconf 89' lang='lat' dir='ltr'>fuisse</span> <span class='ocrx_word' id='word_1_401' title='bbox 1716 3937 1992 3995; x_wconf 87' lang='lat' dir='ltr'>dubitare</span> 
     </span>
    </p>
   </div>
   <div class='ocr_carea' id='block_1_57' title="bbox 328 4027 618 4082">
    <p class='ocr_par' dir='ltr' id='par_1_57' title="bbox 328 4027 618 4082">
     <span class='ocr_line' id='line_1_57' title="bbox 328 4027 618 4082; baseline 0 -1"><span class='ocrx_word' id='word_1_402' title='bbox 328 4027 424 4081; x_wconf 74' lang='lat' dir='ltr'>vix</span> <span class='ocrx_word' id='word_1_403' title='bbox 456 4027 618 4082; x_wconf 90' lang='lat' dir='ltr'>licet.</span> 
     </span>
    </p>
   </div>
   <div class='ocr_carea' id='block_1_58' title="bbox 975 4135 1344 4192">
    <p class='ocr_par' dir='ltr' id='par_1_58' title="bbox 975 4135 1344 4192">
     <span class='ocr_line' id='line_1_58' title="bbox 975 4135 1344 4192; baseline -0.008 -1"><span class='ocrx_word' id='word_1_404' title='bbox 975 4135 1205 4192; x_wconf 83' lang='lat' dir='ltr'>CAPUT</span> <span class='ocrx_word' id='word_1_405' title='bbox 1244 4135 1344 4191; x_wconf 87' lang='grc' dir='ltr'>ΧΙ.</span> 
     </span>
    </p>
   </div>
   <div class='ocr_carea' id='block_1_59' title="bbox 326 4223 1991 4297">
    <p class='ocr_par' dir='ltr' id='par_1_59' title="bbox 326 4223 1991 4297">
     <span class='ocr_line' id='line_1_59' title="bbox 326 4223 1991 4297; baseline 0 -16"><span class='ocrx_word' id='word_1_406' title='bbox 326 4224 574 4294; x_wconf 80' lang='lat' dir='ltr'>Cyrillus</span> <span class='ocrx_word' id='word_1_407' title='bbox 601 4225 701 4280; x_wconf 85' lang='lat' dir='ltr'>sub</span> <span class='ocrx_word' id='word_1_408' title='bbox 731 4223 958 4280; x_wconf 74' lang='lat' dir='ltr'>Iuliano</span> <span class='ocrx_word' id='word_1_409' title='bbox 985 4224 1423 4297; x_wconf 74' lang='lat' dir='ltr'>Hierosolymam</span> <span class='ocrx_word' id='word_1_410' title='bbox 1456 4227 1624 4282; x_wconf 83' lang='lat' dir='ltr'>redit.</span> <span class='ocrx_word' id='word_1_411' title='bbox 1652 4229 1847 4283; x_wconf 78' lang='lat' dir='ltr'>Irritus</span> <span class='ocrx_word' id='word_1_412' title='bbox 1867 4230 1991 4295; x_wconf 82' lang='lat' dir='ltr'>fore</span> 
     </span>
    </p>
   </div>
   <div class='ocr_carea' id='block_1_60' title="bbox 401 4296 1987 4423">
    <p class='ocr_par' dir='ltr' id='par_1_60' title="bbox 401 4296 1987 4423">
     <span class='ocr_line' id='line_1_60' title="bbox 401 4296 1987 4422; baseline 0.001 -70"><span class='ocrx_word' id='word_1_413' title='bbox 401 4298 725 4422; x_wconf 52' lang='grc' dir='ltr'>ᾖᾳξζῗοηιτη</span> <span class='ocrx_word' id='word_1_414' title='bbox 763 4299 823 4351; x_wconf 88' lang='lat' dir='ltr'>in</span> <span class='ocrx_word' id='word_1_415' title='bbox 882 4296 1083 4367; x_wconf 86' lang='lat' dir='ltr'>templo</span> <span class='ocrx_word' id='word_1_416' title='bbox 1141 4296 1503 4354; x_wconf 80' lang='lat' dir='ltr'>instauranda</span> <span class='ocrx_word' id='word_1_417' title='bbox 1565 4306 1797 4355; x_wconf 88' lang='lat' dir='ltr'>conatus</span> <span class='ocrx_word' id='word_1_418' title='bbox 1838 4315 1987 4369; x_wconf 69' lang='lat' dir='ltr'>prae-</span> 
     </span>
     <span class='ocr_line' id='line_1_61' title="bbox 443 4386 564 4423; baseline 0.008 -1"><span class='ocrx_word' id='word_1_419' title='bbox 443 4386 513 4423; x_wconf 71' lang='grc' dir='ltr'>ιρι</span> <span class='ocrx_word' id='word_1_420' title='bbox 551 4409 564 4423; x_wconf 92' lang='grc'><strong>.</strong></span> 
     </span>
    </p>
   </div>
   <div class='ocr_carea' id='block_1_61' title="bbox 403 4474 1990 4535">
    <p class='ocr_par' dir='ltr' id='par_1_61' title="bbox 403 4474 1990 4535">
     <span class='ocr_line' id='line_1_62' title="bbox 403 4474 1990 4535; baseline 0.004 -6"><span class='ocrx_word' id='word_1_421' title='bbox 403 4479 491 4532; x_wconf 82' lang='lat'>59.</span> <span class='ocrx_word' id='word_1_422' title='bbox 526 4474 793 4531; x_wconf 87' lang='lat' dir='ltr'>Ecclesia</span> <span class='ocrx_word' id='word_1_423' title='bbox 824 4475 1059 4533; x_wconf 89' lang='lat' dir='ltr'>trahere</span> <span class='ocrx_word' id='word_1_424' title='bbox 1089 4477 1324 4534; x_wconf 86' lang='lat' dir='ltr'>ruinam</span> <span class='ocrx_word' id='word_1_425' title='bbox 1357 4478 1418 4533; x_wconf 89' lang='lat' dir='ltr'>in</span> <span class='ocrx_word' id='word_1_426' title='bbox 1449 4477 1692 4535; x_wconf 87' lang='lat' dir='ltr'>Oriente</span> <span class='ocrx_word' id='word_1_427' title='bbox 1750 4477 1990 4535; x_wconf 91' lang='lat' dir='ltr'>videba-</span> 
     </span>
    </p>
   </div>
   <div class='ocr_carea' id='block_1_62' title="bbox 320 4566 1983 4637">
    <p class='ocr_par' dir='ltr' id='par_1_62' title="bbox 320 4566 1983 4637">
     <span class='ocr_line' id='line_1_63' title="bbox 320 4566 1983 4637; baseline 0.004 -18"><span class='ocrx_word' id='word_1_428' title='bbox 320 4570 445 4627; x_wconf 82' lang='lat' dir='ltr'>tur,</span> <span class='ocrx_word' id='word_1_429' title='bbox 478 4566 991 4637; x_wconf 88' lang='lat' dir='ltr'>triumphantibus</span> <span class='ocrx_word' id='word_1_430' title='bbox 1023 4567 1282 4637; x_wconf 79' lang='lat' dir='ltr'>Arianis,</span> <span class='ocrx_word' id='word_1_431' title='bbox 1318 4573 1377 4623; x_wconf 78' lang='lat' dir='ltr'>et</span> <span class='ocrx_word' id='word_1_432' title='bbox 1402 4584 1554 4624; x_wconf 86' lang='lat' dir='ltr'>nova</span> <span class='ocrx_word' id='word_1_433' title='bbox 1576 4568 1637 4623; x_wconf 92' lang='lat' dir='ltr'>in</span> <span class='ocrx_word' id='word_1_434' title='bbox 1666 4568 1791 4625; x_wconf 91' lang='lat' dir='ltr'>dies</span> <span class='ocrx_word' id='word_1_435' title='bbox 1816 4568 1890 4625; x_wconf 89' lang='lat' dir='ltr'>ad</span> <span class='ocrx_word' id='word_1_436' title='bbox 1915 4569 1983 4625; x_wconf 91' lang='lat' dir='ltr'>ﬁ-</span> 
     </span>
    </p>
   </div>
   <div class='ocr_carea' id='block_1_63' title="bbox 2093 2136 3750 2213">
    <p class='ocr_par' dir='ltr' id='par_1_63' title="bbox 2093 2136 3750 2213">
     <span class='ocr_line' id='line_1_64' title="bbox 2093 2136 3750 2213; baseline 0.004 -24"><span class='ocrx_word' id='word_1_437' title='bbox 2093 2136 2173 2190; x_wconf 92' lang='lat' dir='ltr'>tio</span> <span class='ocrx_word' id='word_1_438' title='bbox 2206 2136 2536 2192; x_wconf 85' lang='lat' dir='ltr'>occultatus</span> <span class='ocrx_word' id='word_1_439' title='bbox 2567 2138 2628 2192; x_wconf 90' lang='lat' dir='ltr'>in</span> <span class='ocrx_word' id='word_1_440' title='bbox 2655 2139 2946 2210; x_wconf 90' lang='lat' dir='ltr'>superiori</span> <span class='ocrx_word' id='word_1_441' title='bbox 2972 2138 3246 2195; x_wconf 92' lang='lat' dir='ltr'>cubiculo</span> <span class='ocrx_word' id='word_1_442' title='bbox 3268 2140 3501 2208; x_wconf 78' lang='lat' dir='ltr'>fuisset,</span> <span class='ocrx_word' id='word_1_443' title='bbox 3528 2158 3561 2196; x_wconf 90' lang='lat' dir='ltr'>a</span> <span class='ocrx_word' id='word_1_444' title='bbox 3581 2147 3750 2213; x_wconf 89' lang='lat' dir='ltr'>patre</span> 
     </span>
    </p>
   </div>
   <div class='ocr_carea' id='block_1_64' title="bbox 2095 2228 3753 2288">
    <p class='ocr_par' dir='ltr' id='par_1_64' title="bbox 2095 2228 3753 2288">
     <span class='ocr_line' id='line_1_65' title="bbox 2095 2228 3753 2288; baseline 0.003 -5"><span class='ocrx_word' id='word_1_445' title='bbox 2095 2228 2366 2283; x_wconf 89' lang='lat' dir='ltr'>detectus</span> <span class='ocrx_word' id='word_1_446' title='bbox 2398 2233 2489 2284; x_wconf 87' lang='lat' dir='ltr'>est</span> <span class='ocrx_word' id='word_1_447' title='bbox 2518 2234 2577 2283; x_wconf 91' lang='lat' dir='ltr'>et</span> <span class='ocrx_word' id='word_1_448' title='bbox 2601 2229 2893 2285; x_wconf 86' lang='lat' dir='ltr'>abductus</span> <span class='ocrx_word' id='word_1_449' title='bbox 2945 2230 3187 2285; x_wconf 89' lang='lat' dir='ltr'>domum</span> <span class='ocrx_word' id='word_1_450' title='bbox 3224 2247 3236 2284; x_wconf 95' lang='lat'>:</span> <span class='ocrx_word' id='word_1_451' title='bbox 3293 2248 3360 2287; x_wconf 92' lang='lat' dir='ltr'>ac</span> <span class='ocrx_word' id='word_1_452' title='bbox 3407 2231 3753 2288; x_wconf 88' lang='lat' dir='ltr'>verberibus</span> 
     </span>
    </p>
   </div>
   <div class='ocr_carea' id='block_1_65' title="bbox 2098 2318 3755 2392">
    <p class='ocr_par' dir='ltr' id='par_1_65' title="bbox 2098 2318 3755 2392">
     <span class='ocr_line' id='line_1_66' title="bbox 2098 2318 3755 2392; baseline 0.002 -17"><span class='ocrx_word' id='word_1_453' title='bbox 2098 2335 2308 2382; x_wconf 68' lang='lat' dir='ltr'>caesus,</span> <span class='ocrx_word' id='word_1_454' title='bbox 2343 2318 2857 2390; x_wconf 88' lang='lat' dir='ltr'>candentibusque</span> <span class='ocrx_word' id='word_1_455' title='bbox 2886 2320 3183 2375; x_wconf 83' lang='lat' dir='ltr'>veruculis</span> <span class='ocrx_word' id='word_1_456' title='bbox 3213 2320 3418 2392; x_wconf 88' lang='lat' dir='ltr'>pedes,</span> <span class='ocrx_word' id='word_1_457' title='bbox 3449 2338 3664 2378; x_wconf 90' lang='lat' dir='ltr'>manus</span> <span class='ocrx_word' id='word_1_458' title='bbox 3687 2341 3755 2379; x_wconf 87' lang='lat' dir='ltr'>ac</span> 
     </span>
    </p>
   </div>
   <div class='ocr_carea' id='block_1_66' title="bbox 2099 2409 3758 2474">
    <p class='ocr_par' dir='ltr' id='par_1_66' title="bbox 2099 2409 3758 2474">
     <span class='ocr_line' id='line_1_67' title="bbox 2099 2409 3758 2474; baseline 0.002 -11"><span class='ocrx_word' id='word_1_459' title='bbox 2099 2409 2343 2464; x_wconf 89' lang='lat' dir='ltr'>dorsum</span> <span class='ocrx_word' id='word_1_460' title='bbox 2377 2410 2634 2474; x_wconf 88' lang='lat' dir='ltr'>inustus,</span> <span class='ocrx_word' id='word_1_461' title='bbox 2668 2410 2729 2464; x_wconf 94' lang='lat' dir='ltr'>in</span> <span class='ocrx_word' id='word_1_462' title='bbox 2758 2409 3051 2473; x_wconf 89' lang='lat' dir='ltr'>cubiculo,</span> <span class='ocrx_word' id='word_1_463' title='bbox 3077 2410 3354 2465; x_wconf 87' lang='lat' dir='ltr'>claustris</span> <span class='ocrx_word' id='word_1_464' title='bbox 3377 2413 3636 2467; x_wconf 83' lang='lat' dir='ltr'>exterius</span> <span class='ocrx_word' id='word_1_465' title='bbox 3659 2413 3758 2467; x_wconf 89' lang='lat' dir='ltr'>ad-</span> 
     </span>
    </p>
   </div>
   <div class='ocr_carea' id='block_1_67' title="bbox 2100 2498 3758 2574">
    <p class='ocr_par' dir='ltr' id='par_1_67' title="bbox 2100 2498 3758 2574">
     <span class='ocr_line' id='line_1_68' title="bbox 2100 2498 3758 2574; baseline 0.002 -20"><span class='ocrx_word' id='word_1_466' title='bbox 2100 2498 2261 2562; x_wconf 88' lang='lat' dir='ltr'>ditis,</span> <span class='ocrx_word' id='word_1_467' title='bbox 2294 2498 2563 2555; x_wconf 89' lang='lat' dir='ltr'>inclusus</span> <span class='ocrx_word' id='word_1_468' title='bbox 2594 2500 2904 2572; x_wconf 74' lang='lat' dir='ltr'>gemebat;</span> <span class='ocrx_word' id='word_1_469' title='bbox 2940 2500 3149 2565; x_wconf 85' lang='lat' dir='ltr'>donec,</span> <span class='ocrx_word' id='word_1_470' title='bbox 3185 2500 3430 2557; x_wconf 88' lang='lat' dir='ltr'>absente</span> <span class='ocrx_word' id='word_1_471' title='bbox 3459 2503 3758 2574; x_wconf 88' lang='lat' dir='ltr'>patre,qui</span> 
     </span>
    </p>
   </div>
   <div class='ocr_carea' id='block_1_68' title="bbox 2096 2589 3759 2662">
    <p class='ocr_par' dir='ltr' id='par_1_68' title="bbox 2096 2589 3759 2662">
     <span class='ocr_line' id='line_1_69' title="bbox 2096 2589 3759 2662; baseline 0.001 -17"><span class='ocrx_word' id='word_1_472' title='bbox 2096 2590 2385 2661; x_wconf 89' lang='lat' dir='ltr'>Daphnen</span> <span class='ocrx_word' id='word_1_473' title='bbox 2418 2589 2698 2657; x_wconf 89' lang='lat' dir='ltr'>redierat,</span> <span class='ocrx_word' id='word_1_474' title='bbox 2728 2590 2930 2645; x_wconf 88' lang='lat' dir='ltr'>omnia</span> <span class='ocrx_word' id='word_1_475' title='bbox 2960 2591 3147 2662; x_wconf 88' lang='lat' dir='ltr'>patris</span> <span class='ocrx_word' id='word_1_476' title='bbox 3178 2591 3339 2645; x_wconf 90' lang='lat' dir='ltr'>idola</span> <span class='ocrx_word' id='word_1_477' title='bbox 3360 2593 3673 2659; x_wconf 82' lang='lat' dir='ltr'>contrivit;</span> <span class='ocrx_word' id='word_1_478' title='bbox 3701 2600 3759 2647; x_wconf 88' lang='lat' dir='ltr'>et</span> 
     </span>
    </p>
   </div>
   <div class='ocr_carea' id='block_1_69' title="bbox 2095 2679 3757 2752">
    <p class='ocr_par' dir='ltr' id='par_1_69' title="bbox 2095 2679 3757 2752">
     <span class='ocr_line' id='line_1_70' title="bbox 2095 2679 3757 2752; baseline 0.003 -18"><span class='ocrx_word' id='word_1_479' title='bbox 2095 2679 2245 2735; x_wconf 88' lang='lat' dir='ltr'>iram</span> <span class='ocrx_word' id='word_1_480' title='bbox 2274 2680 2457 2752; x_wconf 89' lang='lat' dir='ltr'>patris</span> <span class='ocrx_word' id='word_1_481' title='bbox 2491 2686 2766 2736; x_wconf 89' lang='lat' dir='ltr'>metuens</span> <span class='ocrx_word' id='word_1_482' title='bbox 2798 2681 3096 2736; x_wconf 89' lang='lat' dir='ltr'>Christum</span> <span class='ocrx_word' id='word_1_483' title='bbox 3127 2683 3445 2737; x_wconf 91' lang='lat' dir='ltr'>Dominum</span> <span class='ocrx_word' id='word_1_484' title='bbox 3467 2685 3640 2738; x_wconf 84' lang='lat' dir='ltr'>enixe</span> <span class='ocrx_word' id='word_1_485' title='bbox 3658 2700 3757 2739; x_wconf 92' lang='lat' dir='ltr'>ro-</span> 
     </span>
    </p>
   </div>
   <div class='ocr_carea' id='block_1_70' title="bbox 2096 2769 3754 2844">
    <p class='ocr_par' dir='ltr' id='par_1_70' title="bbox 2096 2769 3754 2844">
     <span class='ocr_line' id='line_1_71' title="bbox 2096 2769 3754 2844; baseline 0.002 -19"><span class='ocrx_word' id='word_1_486' title='bbox 2096 2770 2270 2843; x_wconf 79' lang='lat' dir='ltr'>gavit,</span> <span class='ocrx_word' id='word_1_487' title='bbox 2304 2776 2370 2825; x_wconf 92' lang='lat' dir='ltr'>ut</span> <span class='ocrx_word' id='word_1_488' title='bbox 2400 2769 2511 2825; x_wconf 90' lang='lat' dir='ltr'>sibi</span> <span class='ocrx_word' id='word_1_489' title='bbox 2542 2770 2838 2825; x_wconf 85' lang='lat' dir='ltr'>laboranti</span> <span class='ocrx_word' id='word_1_490' title='bbox 2887 2788 3062 2841; x_wconf 84' lang='lat' dir='ltr'>Opem</span> <span class='ocrx_word' id='word_1_491' title='bbox 3109 2774 3309 2840; x_wconf 88' lang='lat' dir='ltr'>ferret,</span> <span class='ocrx_word' id='word_1_492' title='bbox 3362 2774 3754 2844; x_wconf 88' lang='lat' dir='ltr'>contritisque</span> 
     </span>
    </p>
   </div>
   <div class='ocr_carea' id='block_1_71' title="bbox 2099 2860 3753 2931">
    <p class='ocr_par' dir='ltr' id='par_1_71' title="bbox 2099 2860 3753 2931">
     <span class='ocr_line' id='line_1_72' title="bbox 2099 2860 3753 2931; baseline 0.002 -16"><span class='ocrx_word' id='word_1_493' title='bbox 2099 2860 2378 2916; x_wconf 89' lang='lat' dir='ltr'>claustris</span> <span class='ocrx_word' id='word_1_494' title='bbox 2408 2860 2522 2931; x_wconf 90' lang='lat' dir='ltr'>ipsi</span> <span class='ocrx_word' id='word_1_495' title='bbox 2552 2860 2712 2915; x_wconf 90' lang='lat' dir='ltr'>fores</span> <span class='ocrx_word' id='word_1_496' title='bbox 2742 2860 3020 2931; x_wconf 87' lang='lat' dir='ltr'>aperiret.</span> <span class='ocrx_word' id='word_1_497' title='bbox 3055 2862 3347 2917; x_wconf 89' lang='lat' dir='ltr'>Continuo</span> <span class='ocrx_word' id='word_1_498' title='bbox 3372 2863 3640 2918; x_wconf 86' lang='lat' dir='ltr'>cecidere</span> <span class='ocrx_word' id='word_1_499' title='bbox 3663 2881 3753 2918; x_wconf 80' lang='lat' dir='ltr'>re-</span> 
     </span>
    </p>
   </div>
   <div class='ocr_carea' id='block_1_72' title="bbox 2098 2949 3755 3022">
    <p class='ocr_par' dir='ltr' id='par_1_72' title="bbox 2098 2949 3755 3022">
     <span class='ocr_line' id='line_1_73' title="bbox 2098 2949 3755 3022; baseline 0.001 -17"><span class='ocrx_word' id='word_1_500' title='bbox 2098 2949 2335 3022; x_wconf 77' lang='lat' dir='ltr'>pagula,</span> <span class='ocrx_word' id='word_1_501' title='bbox 2365 2949 2705 3022; x_wconf 88' lang='lat' dir='ltr'>apertisque</span> <span class='ocrx_word' id='word_1_502' title='bbox 2723 2950 2927 3021; x_wconf 89' lang='lat' dir='ltr'>januis</span> <span class='ocrx_word' id='word_1_503' title='bbox 2950 2950 3020 3005; x_wconf 90' lang='lat' dir='ltr'>ad</span> <span class='ocrx_word' id='word_1_504' title='bbox 3047 2951 3447 3007; x_wconf 90' lang='lat' dir='ltr'>diaconissam</span> <span class='ocrx_word' id='word_1_505' title='bbox 3470 2954 3755 3019; x_wconf 88' lang='lat' dir='ltr'>cucurrit;</span> 
     </span>
    </p>
   </div>
   <div class='ocr_carea' id='block_1_73' title="bbox 2100 3038 3757 3110">
    <p class='ocr_par' dir='ltr' id='par_1_73' title="bbox 2100 3038 3757 3110">
     <span class='ocr_line' id='line_1_74' title="bbox 2100 3038 3757 3110; baseline 0.002 -16"><span class='ocrx_word' id='word_1_506' title='bbox 2100 3056 2232 3110; x_wconf 67' lang='lat' dir='ltr'>quas</span> <span class='ocrx_word' id='word_1_507' title='bbox 2259 3038 2432 3093; x_wconf 91' lang='lat' dir='ltr'>illum</span> <span class='ocrx_word' id='word_1_508' title='bbox 2457 3039 2734 3093; x_wconf 86' lang='lat' dir='ltr'>muliebri</span> <span class='ocrx_word' id='word_1_509' title='bbox 2758 3040 2963 3095; x_wconf 90' lang='lat' dir='ltr'>habitu</span> <span class='ocrx_word' id='word_1_510' title='bbox 2988 3041 3047 3095; x_wconf 91' lang='lat' dir='ltr'>in</span> <span class='ocrx_word' id='word_1_511' title='bbox 3076 3040 3378 3097; x_wconf 88' lang='lat' dir='ltr'>blasterna</span> <span class='ocrx_word' id='word_1_512' title='bbox 3399 3041 3757 3098; x_wconf 88' lang='lat' dir='ltr'>collocatum</span> 
     </span>
    </p>
   </div>
   <div class='ocr_carea' id='block_1_74' title="bbox 2101 3128 3758 3204">
    <p class='ocr_par' dir='ltr' id='par_1_74' title="bbox 2101 3128 3758 3204">
     <span class='ocr_line' id='line_1_75' title="bbox 2101 3128 3758 3204; baseline 0.002 -20"><span class='ocrx_word' id='word_1_513' title='bbox 2101 3128 2176 3184; x_wconf 91' lang='lat' dir='ltr'>ad</span> <span class='ocrx_word' id='word_1_514' title='bbox 2207 3128 2504 3183; x_wconf 86' lang='lat' dir='ltr'>Meletium</span> <span class='ocrx_word' id='word_1_515' title='bbox 2528 3145 2737 3184; x_wconf 90' lang='lat' dir='ltr'>rursus</span> <span class='ocrx_word' id='word_1_516' title='bbox 2762 3128 3024 3185; x_wconf 83' lang='lat' dir='ltr'>deduxit.</span> <span class='ocrx_word' id='word_1_517' title='bbox 3048 3132 3232 3196; x_wconf 89' lang='lat' dir='ltr'>Quem</span> <span class='ocrx_word' id='word_1_518' title='bbox 3258 3132 3525 3186; x_wconf 80' lang='lat' dir='ltr'>Meletius</span> <span class='ocrx_word' id='word_1_519' title='bbox 3539 3133 3758 3204; x_wconf 87' lang='lat' dir='ltr'>Cyrillo</span> 
     </span>
    </p>
   </div>
   <div class='ocr_carea' id='block_1_75' title="bbox 2104 3217 3760 3293">
    <p class='ocr_par' dir='ltr' id='par_1_75' title="bbox 2104 3217 3760 3293">
     <span class='ocr_line' id='line_1_76' title="bbox 2104 3217 3760 3293; baseline 0.002 -21"><span class='ocrx_word' id='word_1_520' title='bbox 2104 3217 2367 3286; x_wconf 88' lang='lat' dir='ltr'>tradidit,</span> <span class='ocrx_word' id='word_1_521' title='bbox 2401 3217 2645 3288; x_wconf 91' lang='lat' dir='ltr'>quicum</span> <span class='ocrx_word' id='word_1_522' title='bbox 2679 3218 2741 3273; x_wconf 89' lang='lat' dir='ltr'>in</span> <span class='ocrx_word' id='word_1_523' title='bbox 2772 3218 3153 3275; x_wconf 73' lang='lat' dir='ltr'>Palwstinam</span> <span class='ocrx_word' id='word_1_524' title='bbox 3187 3221 3315 3292; x_wconf 86' lang='lat' dir='ltr'>ipsa</span> <span class='ocrx_word' id='word_1_525' title='bbox 3342 3227 3513 3276; x_wconf 90' lang='lat' dir='ltr'>nocte</span> <span class='ocrx_word' id='word_1_526' title='bbox 3561 3224 3760 3293; x_wconf 85' lang='lat' dir='ltr'>profe-</span> 
     </span>
    </p>
   </div>
   <div class='ocr_carea' id='block_1_76' title="bbox 2104 3308 3759 3381">
    <p class='ocr_par' dir='ltr' id='par_1_76' title="bbox 2104 3308 3759 3381">
     <span class='ocr_line' id='line_1_77' title="bbox 2104 3308 3759 3381; baseline 0.003 -19"><span class='ocrx_word' id='word_1_527' title='bbox 2104 3312 2235 3363; x_wconf 90' lang='lat' dir='ltr'>ctus</span> <span class='ocrx_word' id='word_1_528' title='bbox 2268 3312 2372 3362; x_wconf 89' lang='lat' dir='ltr'>est.</span> <span class='ocrx_word' id='word_1_529' title='bbox 2412 3308 2554 3362; x_wconf 90' lang='lat' dir='ltr'>Post</span> <span class='ocrx_word' id='word_1_530' title='bbox 2583 3314 2837 3363; x_wconf 87' lang='lat' dir='ltr'>mortem</span> <span class='ocrx_word' id='word_1_531' title='bbox 2870 3309 3111 3376; x_wconf 72' lang='lat' dir='ltr'>Iuliani,</span> <span class='ocrx_word' id='word_1_532' title='bbox 3144 3316 3374 3381; x_wconf 91' lang='lat' dir='ltr'>patrem</span> <span class='ocrx_word' id='word_1_533' title='bbox 3408 3311 3759 3367; x_wconf 83' lang='lat' dir='ltr'>adolescens</span> 
     </span>
    </p>
   </div>
   <div class='ocr_carea' id='block_1_77' title="bbox 2103 3397 3759 3467">
    <p class='ocr_par' dir='ltr' id='par_1_77' title="bbox 2103 3397 3759 3467">
     <span class='ocr_line' id='line_1_78' title="bbox 2103 3397 3759 3467; baseline 0.002 -13"><span class='ocrx_word' id='word_1_534' title='bbox 2103 3397 2176 3454; x_wconf 88' lang='lat' dir='ltr'>ad</span> <span class='ocrx_word' id='word_1_535' title='bbox 2208 3413 2406 3453; x_wconf 87' lang='lat' dir='ltr'>veram</span> <span class='ocrx_word' id='word_1_536' title='bbox 2437 3397 2787 3467; x_wconf 74' lang='lat' dir='ltr'>religionem</span> <span class='ocrx_word' id='word_1_537' title='bbox 2843 3399 3122 3454; x_wconf 84' lang='lat' dir='ltr'>traduxit.</span> <span class='ocrx_word' id='word_1_538' title='bbox 3179 3401 3311 3455; x_wconf 71' lang='lat' dir='ltr'>Haec</span> <span class='ocrx_word' id='word_1_539' title='bbox 3354 3401 3759 3457; x_wconf 81' lang='lat' dir='ltr'>Theodoretus</span> 
     </span>
    </p>
   </div>
   <div class='ocr_carea' id='block_1_78' title="bbox 2104 3486 3758 3562">
    <p class='ocr_par' dir='ltr' id='par_1_78' title="bbox 2104 3486 3758 3562">
     <span class='ocr_line' id='line_1_79' title="bbox 2104 3486 3758 3562; baseline 0.002 -20"><span class='ocrx_word' id='word_1_540' title='bbox 2104 3487 2285 3543; x_wconf 83' lang='lat' dir='ltr'>refert</span> <span class='ocrx_word' id='word_1_541' title='bbox 2314 3486 2415 3541; x_wconf 74' lang='lat' dir='ltr'>lib.</span> <span class='ocrx_word' id='word_1_542' title='bbox 2450 3503 2535 3551; x_wconf 87' lang='lat' dir='ltr'>Ill,</span> <span class='ocrx_word' id='word_1_543' title='bbox 2569 3504 2697 3559; x_wconf 92' lang='lat' dir='ltr'>cap.</span> <span class='ocrx_word' id='word_1_544' title='bbox 2735 3490 2819 3553; x_wconf 79' lang='grc'>14,</span> <span class='ocrx_word' id='word_1_545' title='bbox 2854 3488 2966 3544; x_wconf 87' lang='lat' dir='ltr'>sibi</span> <span class='ocrx_word' id='word_1_546' title='bbox 2992 3490 3200 3560; x_wconf 84' lang='lat' dir='ltr'>juveni</span> <span class='ocrx_word' id='word_1_547' title='bbox 3233 3490 3306 3545; x_wconf 93' lang='lat' dir='ltr'>ab</span> <span class='ocrx_word' id='word_1_548' title='bbox 3334 3492 3462 3562; x_wconf 82' lang='lat' dir='ltr'>ipso</span> <span class='ocrx_word' id='word_1_549' title='bbox 3495 3491 3758 3547; x_wconf 86' lang='lat' dir='ltr'>ﬂaminis</span> 
     </span>
    </p>
   </div>
   <div class='ocr_carea' id='block_1_79' title="bbox 2103 3576 3762 3652">
    <p class='ocr_par' dir='ltr' id='par_1_79' title="bbox 2103 3576 3762 3652">
     <span class='ocr_line' id='line_1_80' title="bbox 2103 3576 3762 3652; baseline 0.004 -21"><span class='ocrx_word' id='word_1_550' title='bbox 2103 3577 2227 3632; x_wconf 89' lang='lat' dir='ltr'>ﬁlio</span> <span class='ocrx_word' id='word_1_551' title='bbox 2250 3576 2379 3648; x_wconf 90' lang='lat' dir='ltr'>jam</span> <span class='ocrx_word' id='word_1_552' title='bbox 2412 3593 2553 3631; x_wconf 90' lang='lat' dir='ltr'>sene</span> <span class='ocrx_word' id='word_1_553' title='bbox 2580 3582 2839 3633; x_wconf 89' lang='lat' dir='ltr'>narrata.</span> <span class='ocrx_word' id='word_1_554' title='bbox 2875 3579 3132 3649; x_wconf 82' lang='lat' dir='ltr'>Cyrillus</span> <span class='ocrx_word' id='word_1_555' title='bbox 3156 3580 3459 3650; x_wconf 84' lang='lat' dir='ltr'>juvenem,</span> <span class='ocrx_word' id='word_1_556' title='bbox 3483 3582 3582 3652; x_wconf 92' lang='lat' dir='ltr'>qui</span> <span class='ocrx_word' id='word_1_557' title='bbox 3609 3599 3762 3637; x_wconf 88' lang='lat' dir='ltr'>non-</span> 
     </span>
    </p>
   </div>
   <div class='ocr_carea' id='block_1_80' title="bbox 2102 3664 3761 3737">
    <p class='ocr_par' dir='ltr' id='par_1_80' title="bbox 2102 3664 3761 3737">
     <span class='ocr_line' id='line_1_81' title="bbox 2102 3664 3761 3737; baseline 0.004 -16"><span class='ocrx_word' id='word_1_558' title='bbox 2102 3666 2244 3721; x_wconf 92' lang='lat' dir='ltr'>dum</span> <span class='ocrx_word' id='word_1_559' title='bbox 2278 3664 2604 3737; x_wconf 86' lang='lat' dir='ltr'>baptizatus</span> <span class='ocrx_word' id='word_1_560' title='bbox 2636 3673 2783 3734; x_wconf 91' lang='lat' dir='ltr'>erat,</span> <span class='ocrx_word' id='word_1_561' title='bbox 2819 3668 3118 3723; x_wconf 86' lang='lat' dir='ltr'>eruditum</span> <span class='ocrx_word' id='word_1_562' title='bbox 3179 3669 3308 3725; x_wconf 88' lang='lat' dir='ltr'>sine</span> <span class='ocrx_word' id='word_1_563' title='bbox 3357 3670 3538 3725; x_wconf 89' lang='lat' dir='ltr'>dubio</span> <span class='ocrx_word' id='word_1_564' title='bbox 3592 3689 3761 3728; x_wconf 88' lang='lat' dir='ltr'>sacro</span> 
     </span>
    </p>
   </div>
   <div class='ocr_carea' id='block_1_81' title="bbox 2099 3754 3765 3829">
    <p class='ocr_par' dir='ltr' id='par_1_81' title="bbox 2099 3754 3765 3829">
     <span class='ocr_line' id='line_1_82' title="bbox 2099 3754 3765 3829; baseline 0.003 -18"><span class='ocrx_word' id='word_1_565' title='bbox 2099 3756 2264 3811; x_wconf 87' lang='lat' dir='ltr'>fonte</span> <span class='ocrx_word' id='word_1_566' title='bbox 2287 3754 2717 3811; x_wconf 84' lang='lat' dir='ltr'>lustravit.Haec</span> <span class='ocrx_word' id='word_1_567' title='bbox 2740 3757 3087 3829; x_wconf 82' lang='lat' dir='ltr'>contingere</span> <span class='ocrx_word' id='word_1_568' title='bbox 3111 3757 3251 3812; x_wconf 91' lang='lat' dir='ltr'>dum</span> <span class='ocrx_word' id='word_1_569' title='bbox 3275 3759 3543 3814; x_wconf 83' lang='lat' dir='ltr'>Julianus</span> <span class='ocrx_word' id='word_1_570' title='bbox 3559 3762 3765 3816; x_wconf 83' lang='lat' dir='ltr'>Antio-</span> 
     </span>
    </p>
   </div>
   <div class='ocr_carea' id='block_1_82' title="bbox 2102 3846 3757 3918">
    <p class='ocr_par' dir='ltr' id='par_1_82' title="bbox 2102 3846 3757 3918">
     <span class='ocr_line' id='line_1_83' title="bbox 2102 3846 3757 3918; baseline 0.002 -17"><span class='ocrx_word' id='word_1_571' title='bbox 2102 3846 2251 3902; x_wconf 61' lang='lat' dir='ltr'>chiae</span> <span class='ocrx_word' id='word_1_572' title='bbox 2280 3850 2633 3901; x_wconf 89' lang='lat' dir='ltr'>moraretur.</span> <span class='ocrx_word' id='word_1_573' title='bbox 2668 3847 2811 3899; x_wconf 90' lang='lat' dir='ltr'>Nam</span> <span class='ocrx_word' id='word_1_574' title='bbox 2842 3862 2959 3916; x_wconf 89' lang='lat' dir='ltr'>quo</span> <span class='ocrx_word' id='word_1_575' title='bbox 2988 3846 3344 3916; x_wconf 89' lang='lat' dir='ltr'>diejuvenis</span> <span class='ocrx_word' id='word_1_576' title='bbox 3402 3848 3662 3918; x_wconf 89' lang='lat' dir='ltr'>primum</span> <span class='ocrx_word' id='word_1_577' title='bbox 3696 3867 3757 3905; x_wconf 92' lang='lat' dir='ltr'>se</span> 
     </span>
    </p>
   </div>
   <div class='ocr_carea' id='block_1_83' title="bbox 2102 3933 3757 4010">
    <p class='ocr_par' dir='ltr' id='par_1_83' title="bbox 2102 3933 3757 4010">
     <span class='ocr_line' id='line_1_84' title="bbox 2102 3933 3757 4010; baseline 0.001 -18"><span class='ocrx_word' id='word_1_578' title='bbox 2102 3935 2176 3993; x_wconf 88' lang='lat' dir='ltr'>ad</span> <span class='ocrx_word' id='word_1_579' title='bbox 2208 3934 2398 4007; x_wconf 86' lang='lat' dir='ltr'>[LXII]</span> <span class='ocrx_word' id='word_1_580' title='bbox 2429 3933 2830 3990; x_wconf 89' lang='lat' dir='ltr'>diaconissam</span> <span class='ocrx_word' id='word_1_581' title='bbox 2874 3936 3115 4007; x_wconf 78' lang='lat' dir='ltr'>recepit.</span> <span class='ocrx_word' id='word_1_582' title='bbox 3180 3937 3532 4008; x_wconf 89' lang='lat' dir='ltr'>Daphnitico</span> <span class='ocrx_word' id='word_1_583' title='bbox 3582 3940 3757 4010; x_wconf 90' lang='lat' dir='ltr'>epulo</span> 
     </span>
    </p>
   </div>
   <div class='ocr_carea' id='block_1_84' title="bbox 2100 4024 3762 4100">
    <p class='ocr_par' dir='ltr' id='par_1_84' title="bbox 2100 4024 3762 4100">
     <span class='ocr_line' id='line_1_85' title="bbox 2100 4024 3762 4100; baseline 0.002 -18"><span class='ocrx_word' id='word_1_584' title='bbox 2100 4030 2394 4100; x_wconf 69' lang='lat' dir='ltr'>praesente</span> <span class='ocrx_word' id='word_1_585' title='bbox 2426 4024 2782 4095; x_wconf 89' lang='lat' dir='ltr'>imperatore</span> <span class='ocrx_word' id='word_1_586' title='bbox 2813 4042 2948 4081; x_wconf 88' lang='lat' dir='ltr'>cum</span> <span class='ocrx_word' id='word_1_587' title='bbox 2988 4032 3154 4097; x_wconf 88' lang='lat' dir='ltr'>patre</span> <span class='ocrx_word' id='word_1_588' title='bbox 3189 4032 3247 4081; x_wconf 89' lang='lat' dir='ltr'>et</span> <span class='ocrx_word' id='word_1_589' title='bbox 3272 4028 3454 4084; x_wconf 88' lang='lat' dir='ltr'>fratre</span> <span class='ocrx_word' id='word_1_590' title='bbox 3479 4028 3762 4085; x_wconf 89' lang='lat' dir='ltr'>interfue-</span> 
     </span>
    </p>
   </div>
   <div class='ocr_carea' id='block_1_85' title="bbox 2096 4114 3757 4188">
    <p class='ocr_par' dir='ltr' id='par_1_85' title="bbox 2096 4114 3757 4188">
     <span class='ocr_line' id='line_1_86' title="bbox 2096 4114 3757 4188; baseline 0.001 -16"><span class='ocrx_word' id='word_1_591' title='bbox 2096 4122 2195 4187; x_wconf 76' lang='lat' dir='ltr'>rat</span> <span class='ocrx_word' id='word_1_592' title='bbox 2222 4133 2234 4183; x_wconf 93' lang='lat'>;</span> <span class='ocrx_word' id='word_1_593' title='bbox 2268 4129 2524 4186; x_wconf 90' lang='lat' dir='ltr'>cumque</span> <span class='ocrx_word' id='word_1_594' title='bbox 2556 4114 2812 4171; x_wconf 64' lang='lat' dir='ltr'>aedituus</span> <span class='ocrx_word' id='word_1_595' title='bbox 2844 4122 3003 4171; x_wconf 90' lang='lat' dir='ltr'>esset</span> <span class='ocrx_word' id='word_1_596' title='bbox 3037 4117 3267 4188; x_wconf 89' lang='lat' dir='ltr'>templi,</span> <span class='ocrx_word' id='word_1_597' title='bbox 3295 4116 3459 4173; x_wconf 89' lang='lat' dir='ltr'>cibos</span> <span class='ocrx_word' id='word_1_598' title='bbox 3492 4134 3561 4174; x_wconf 84' lang='lat' dir='ltr'>ex</span> <span class='ocrx_word' id='word_1_599' title='bbox 3589 4135 3757 4175; x_wconf 92' lang='lat' dir='ltr'>more</span> 
     </span>
    </p>
   </div>
   <div class='ocr_carea' id='block_1_86' title="bbox 2095 4194 3758 4279">
    <p class='ocr_par' dir='ltr' id='par_1_86' title="bbox 2095 4194 3758 4279">
     <span class='ocr_line' id='line_1_87' title="bbox 2095 4194 3758 4279; baseline 0.001 -17"><span class='ocrx_word' id='word_1_600' title='bbox 2095 4194 2449 4262; x_wconf 79' lang='lat' dir='ltr'>lustralibus</span> <span class='ocrx_word' id='word_1_601' title='bbox 2480 4205 2653 4275; x_wconf 87' lang='lat' dir='ltr'>aquis</span> <span class='ocrx_word' id='word_1_602' title='bbox 2684 4211 3040 4277; x_wconf 77' lang='lat' dir='ltr'>asperserat.</span> <span class='ocrx_word' id='word_1_603' title='bbox 3100 4207 3375 4263; x_wconf 83' lang='lat' dir='ltr'>lulianus</span> <span class='ocrx_word' id='word_1_604' title='bbox 3417 4225 3593 4279; x_wconf 91' lang='lat' dir='ltr'>porro</span> <span class='ocrx_word' id='word_1_605' title='bbox 3636 4211 3758 4264; x_wconf 84' lang='lat' dir='ltr'>An-</span> 
     </span>
    </p>
   </div>
   <div class='ocr_carea' id='block_1_87' title="bbox 2100 4294 3756 4370">
    <p class='ocr_par' dir='ltr' id='par_1_87' title="bbox 2100 4294 3756 4370">
     <span class='ocr_line' id='line_1_88' title="bbox 2100 4294 3756 4370; baseline 0.001 -18"><span class='ocrx_word' id='word_1_606' title='bbox 2100 4296 2383 4352; x_wconf 90' lang='lat' dir='ltr'>tiochiam</span> <span class='ocrx_word' id='word_1_607' title='bbox 2411 4294 2573 4350; x_wconf 86' lang='lat' dir='ltr'>venit</span> <span class='ocrx_word' id='word_1_608' title='bbox 2603 4311 2810 4351; x_wconf 90' lang='lat' dir='ltr'>mense</span> <span class='ocrx_word' id='word_1_609' title='bbox 2837 4295 2989 4351; x_wconf 82' lang='lat' dir='ltr'>Julio</span> <span class='ocrx_word' id='word_1_610' title='bbox 3023 4313 3036 4351; x_wconf 90' lang='lat'><strong>:</strong></span> <span class='ocrx_word' id='word_1_611' title='bbox 3071 4302 3129 4351; x_wconf 91' lang='lat' dir='ltr'>et</span> <span class='ocrx_word' id='word_1_612' title='bbox 3159 4314 3291 4352; x_wconf 91' lang='lat' dir='ltr'>cum</span> <span class='ocrx_word' id='word_1_613' title='bbox 3334 4298 3756 4370; x_wconf 90' lang='lat' dir='ltr'>Daphniticum</span> 
     </span>
    </p>
   </div>
   <div class='ocr_carea' id='block_1_88' title="bbox 2098 4383 3754 4458">
    <p class='ocr_par' dir='ltr' id='par_1_88' title="bbox 2098 4383 3754 4458">
     <span class='ocr_line' id='line_1_89' title="bbox 2098 4383 3754 4458; baseline 0.001 -17"><span class='ocrx_word' id='word_1_614' title='bbox 2098 4386 2389 4458; x_wconf 84' lang='lat' dir='ltr'>templum</span> <span class='ocrx_word' id='word_1_615' title='bbox 2433 4383 2505 4440; x_wconf 90' lang='lat' dir='ltr'>de</span> <span class='ocrx_word' id='word_1_616' title='bbox 2538 4385 2684 4440; x_wconf 83' lang='lat' dir='ltr'>caelo</span> <span class='ocrx_word' id='word_1_617' title='bbox 2714 4390 2939 4440; x_wconf 86' lang='lat' dir='ltr'>tactum</span> <span class='ocrx_word' id='word_1_618' title='bbox 2970 4403 3066 4441; x_wconf 91' lang='lat' dir='ltr'>an.</span> <span class='ocrx_word' id='word_1_619' title='bbox 3102 4390 3225 4453; x_wconf 81' lang='lat'>362,</span> <span class='ocrx_word' id='word_1_620' title='bbox 3260 4388 3530 4443; x_wconf 88' lang='lat' dir='ltr'>Octobris</span> <span class='ocrx_word' id='word_1_621' title='bbox 3560 4391 3628 4442; x_wconf 81' lang='lat'><strong>22</strong></span> <span class='ocrx_word' id='word_1_622' title='bbox 3659 4388 3754 4443; x_wconf 92' lang='lat' dir='ltr'>die</span> 
     </span>
    </p>
   </div>
   <div class='ocr_carea' id='block_1_89' title="bbox 2099 4474 3756 4547">
    <p class='ocr_par' dir='ltr' id='par_1_89' title="bbox 2099 4474 3756 4547">
     <span class='ocr_line' id='line_1_90' title="bbox 2099 4474 3756 4547; baseline 0.001 -16"><span class='ocrx_word' id='word_1_623' title='bbox 2099 4477 2415 4531; x_wconf 90' lang='lat' dir='ltr'>incensum</span> <span class='ocrx_word' id='word_1_624' title='bbox 2448 4474 2542 4538; x_wconf 88' lang='lat' dir='ltr'>sit,</span> <span class='ocrx_word' id='word_1_625' title='bbox 2577 4480 2714 4530; x_wconf 88' lang='lat' dir='ltr'>ante</span> <span class='ocrx_word' id='word_1_626' title='bbox 2748 4474 2807 4531; x_wconf 92' lang='lat' dir='ltr'>id</span> <span class='ocrx_word' id='word_1_627' title='bbox 2838 4480 3072 4547; x_wconf 90' lang='lat' dir='ltr'>tempus</span> <span class='ocrx_word' id='word_1_628' title='bbox 3100 4493 3230 4533; x_wconf 88' lang='lat' dir='ltr'>eam</span> <span class='ocrx_word' id='word_1_629' title='bbox 3265 4478 3577 4533; x_wconf 87' lang='lat' dir='ltr'>historiam</span> <span class='ocrx_word' id='word_1_630' title='bbox 3611 4494 3756 4533; x_wconf 91' lang='lat' dir='ltr'>con-</span> 
     </span>
    </p>
   </div>
   <div class='ocr_carea' id='block_1_90' title="bbox 2102 4565 3755 4639">
    <p class='ocr_par' dir='ltr' id='par_1_90' title="bbox 2102 4565 3755 4639">
     <span class='ocr_line' id='line_1_91' title="bbox 2102 4565 3755 4639; baseline 0.001 -18"><span class='ocrx_word' id='word_1_631' title='bbox 2102 4565 2303 4639; x_wconf 79' lang='lat' dir='ltr'>tigisse</span> <span class='ocrx_word' id='word_1_632' title='bbox 2333 4580 2579 4620; x_wconf 91' lang='lat' dir='ltr'>necesse</span> <span class='ocrx_word' id='word_1_633' title='bbox 2610 4568 2717 4619; x_wconf 88' lang='lat' dir='ltr'>est.</span> <span class='ocrx_word' id='word_1_634' title='bbox 2774 4566 2853 4618; x_wconf 85' lang='lat' dir='ltr'>Ex</span> <span class='ocrx_word' id='word_1_635' title='bbox 2904 4580 2973 4620; x_wconf 91' lang='lat' dir='ltr'>ea</span> <span class='ocrx_word' id='word_1_636' title='bbox 3025 4565 3312 4623; x_wconf 89' lang='lat' dir='ltr'>discimus</span> <span class='ocrx_word' id='word_1_637' title='bbox 3364 4567 3650 4638; x_wconf 89' lang='lat' dir='ltr'>Cyrillum</span> <span class='ocrx_word' id='word_1_638' title='bbox 3697 4572 3755 4623; x_wconf 86' lang='lat' dir='ltr'>et</span> 
     </span>
    </p>
   </div>
   <div class='ocr_carea' id='block_1_91' title="bbox 323 4646 3754 4729">
    <p class='ocr_par' dir='ltr' id='par_1_91' title="bbox 323 4646 3754 4729">
     <span class='ocr_line' id='line_1_92' title="bbox 323 4646 3754 4729; baseline -0 -20"><span class='ocrx_word' id='word_1_639' title='bbox 323 4654 423 4709; x_wconf 91' lang='lat' dir='ltr'>dei</span> <span class='ocrx_word' id='word_1_640' title='bbox 457 4653 768 4709; x_wconf 68' lang='lat' dir='ltr'>catholica)</span> <span class='ocrx_word' id='word_1_641' title='bbox 800 4653 1246 4711; x_wconf 88' lang='lat' dir='ltr'>subversionem</span> <span class='ocrx_word' id='word_1_642' title='bbox 1270 4655 1680 4725; x_wconf 89' lang='lat' dir='ltr'>molientibus,</span> <span class='ocrx_word' id='word_1_643' title='bbox 1704 4657 1893 4729; x_wconf 88' lang='lat' dir='ltr'>pulsis</span> <span class='ocrx_word' id='word_1_644' title='bbox 1917 4674 1984 4713; x_wconf 90' lang='lat' dir='ltr'>ac</span> <span class='ocrx_word' id='word_1_645' title='bbox 2012 4646 2063 4712; x_wconf 87' lang='lat' dir='ltr'><strong>D</strong></span> <span class='ocrx_word' id='word_1_646' title='bbox 2095 4654 2514 4711; x_wconf 88' lang='lat' dir='ltr'>communione</span> <span class='ocrx_word' id='word_1_647' title='bbox 2547 4659 2605 4707; x_wconf 89' lang='lat' dir='ltr'>et</span> <span class='ocrx_word' id='word_1_648' title='bbox 2636 4652 2899 4707; x_wconf 85' lang='lat' dir='ltr'>amicitia</span> <span class='ocrx_word' id='word_1_649' title='bbox 2958 4670 3093 4709; x_wconf 91' lang='lat' dir='ltr'>cum</span> <span class='ocrx_word' id='word_1_650' title='bbox 3127 4654 3182 4711; x_wconf 89' lang='lat' dir='ltr'>S.</span> <span class='ocrx_word' id='word_1_651' title='bbox 3218 4655 3450 4709; x_wconf 88' lang='lat' dir='ltr'>Meletio</span> <span class='ocrx_word' id='word_1_652' title='bbox 3502 4655 3754 4726; x_wconf 86' lang='lat' dir='ltr'>conjun-</span> 
     </span>
    </p>
   </div>
   <div class='ocr_carea' id='block_1_92' title="bbox 315 4741 3755 4818">
    <p class='ocr_par' dir='ltr' id='par_1_92' title="bbox 315 4741 3755 4818">
     <span class='ocr_line' id='line_1_93' title="bbox 315 4741 3755 4818; baseline -0 -17"><span class='ocrx_word' id='word_1_653' title='bbox 315 4745 398 4801; x_wconf 89' lang='lat' dir='ltr'>de</span> <span class='ocrx_word' id='word_1_654' title='bbox 429 4746 570 4801; x_wconf 85' lang='lat' dir='ltr'>sede</span> <span class='ocrx_word' id='word_1_655' title='bbox 601 4745 852 4818; x_wconf 88' lang='lat' dir='ltr'>dejectis</span> <span class='ocrx_word' id='word_1_656' title='bbox 884 4751 1177 4817; x_wconf 90' lang='lat' dir='ltr'>quotquot</span> <span class='ocrx_word' id='word_1_657' title='bbox 1204 4764 1414 4804; x_wconf 91' lang='lat' dir='ltr'>eorum</span> <span class='ocrx_word' id='word_1_658' title='bbox 1446 4748 1709 4804; x_wconf 62' lang='lat' dir='ltr'>audacia:</span> <span class='ocrx_word' id='word_1_659' title='bbox 1742 4750 1983 4805; x_wconf 81' lang='lat' dir='ltr'>resiste-</span> <span class='ocrx_word' id='word_1_660' title='bbox 2099 4751 2259 4800; x_wconf 90' lang='lat' dir='ltr'>ctum</span> <span class='ocrx_word' id='word_1_661' title='bbox 2291 4742 2475 4799; x_wconf 88' lang='lat' dir='ltr'>fuisse</span> <span class='ocrx_word' id='word_1_662' title='bbox 2507 4759 2519 4796; x_wconf 92' lang='lat'><strong>:</strong></span> <span class='ocrx_word' id='word_1_663' title='bbox 2554 4741 2713 4813; x_wconf 91' lang='lat' dir='ltr'>quod</span> <span class='ocrx_word' id='word_1_664' title='bbox 2767 4742 3010 4813; x_wconf 89' lang='lat' dir='ltr'>quidem</span> <span class='ocrx_word' id='word_1_665' title='bbox 3065 4744 3435 4800; x_wconf 90' lang='lat' dir='ltr'>Paulinianis</span> <span class='ocrx_word' id='word_1_666' title='bbox 3486 4745 3755 4816; x_wconf 86' lang='lat' dir='ltr'>partibus</span> 
     </span>
    </p>
   </div>
   <div class='ocr_carea' id='block_1_93' title="bbox 314 4832 3754 4911">
    <p class='ocr_par' dir='ltr' id='par_1_93' title="bbox 314 4832 3754 4911">
     <span class='ocr_line' id='line_1_94' title="bbox 314 4832 3754 4911; baseline -0.001 -20"><span class='ocrx_word' id='word_1_667' title='bbox 314 4836 468 4893; x_wconf 88' lang='lat' dir='ltr'>bant</span> <span class='ocrx_word' id='word_1_668' title='bbox 497 4835 1156 4908; x_wconf 89' lang='lat' dir='ltr'>episcopis,innumeris</span> <span class='ocrx_word' id='word_1_669' title='bbox 1187 4838 1407 4909; x_wconf 89' lang='lat' dir='ltr'>partim</span> <span class='ocrx_word' id='word_1_670' title='bbox 1434 4838 1731 4911; x_wconf 90' lang='lat' dir='ltr'>vi,partim</span> <span class='ocrx_word' id='word_1_671' title='bbox 1752 4838 1982 4906; x_wconf 87' lang='lat' dir='ltr'>fraude,</span> <span class='ocrx_word' id='word_1_672' title='bbox 2097 4834 2333 4903; x_wconf 91' lang='lat' dir='ltr'>doluit;</span> <span class='ocrx_word' id='word_1_673' title='bbox 2395 4834 2655 4907; x_wconf 89' lang='lat' dir='ltr'>indeque</span> <span class='ocrx_word' id='word_1_674' title='bbox 2717 4832 3062 4905; x_wconf 88' lang='lat' dir='ltr'>Hieronymi</span> <span class='ocrx_word' id='word_1_675' title='bbox 3112 4842 3170 4888; x_wconf 89' lang='lat' dir='ltr'>et</span> <span class='ocrx_word' id='word_1_676' title='bbox 3218 4834 3415 4891; x_wconf 82' lang='lat' dir='ltr'>Ruﬁni</span> <span class='ocrx_word' id='word_1_677' title='bbox 3471 4834 3754 4889; x_wconf 86' lang='lat' dir='ltr'>adversus</span> 
     </span>
    </p>
   </div>
   <div class='ocr_carea' id='block_1_94' title="bbox 314 4925 3753 5001">
    <p class='ocr_par' dir='ltr' id='par_1_94' title="bbox 314 4925 3753 5001">
     <span class='ocr_line' id='line_1_95' title="bbox 314 4925 3753 5001; baseline -0.001 -19"><span class='ocrx_word' id='word_1_678' title='bbox 314 4927 573 4982; x_wconf 69' lang='lat' dir='ltr'>Nicaanaa</span> <span class='ocrx_word' id='word_1_679' title='bbox 607 4925 746 4982; x_wconf 89' lang='lat' dir='ltr'>ﬁdei</span> <span class='ocrx_word' id='word_1_680' title='bbox 779 4925 1273 4983; x_wconf 87' lang='lat' dir='ltr'>condemnatioui</span> <span class='ocrx_word' id='word_1_681' title='bbox 1306 4927 1985 4993; x_wconf 89' lang='lat' dir='ltr'>subscribentibus,cum</span> <span class='ocrx_word' id='word_1_682' title='bbox 2094 4926 2291 4999; x_wconf 91' lang='lat' dir='ltr'>ipsum</span> <span class='ocrx_word' id='word_1_683' title='bbox 2313 4927 2652 4986; x_wconf 89' lang='lat' dir='ltr'>maledicta.</span> <span class='ocrx_word' id='word_1_684' title='bbox 2686 4930 2903 4986; x_wconf 82' lang='lat' dir='ltr'>luliani</span> <span class='ocrx_word' id='word_1_685' title='bbox 2934 4927 3124 5001; x_wconf 82' lang='lat' dir='ltr'>gratia</span> <span class='ocrx_word' id='word_1_686' title='bbox 3154 4926 3245 4981; x_wconf 92' lang='lat' dir='ltr'>usi</span> <span class='ocrx_word' id='word_1_687' title='bbox 3282 4941 3520 4997; x_wconf 90' lang='lat' dir='ltr'>quoque</span> <span class='ocrx_word' id='word_1_688' title='bbox 3550 4941 3753 4995; x_wconf 65' lang='lat' dir='ltr'>eprai-</span> 
     </span>
    </p>
   </div>
   <div class='ocr_carea' id='block_1_95' title="bbox 2094 5013 3756 5075">
    <p class='ocr_par' dir='ltr' id='par_1_95' title="bbox 2094 5013 3756 5075">
     <span class='ocr_line' id='line_1_96' title="bbox 2094 5013 3756 5075; baseline -0.001 -4"><span class='ocrx_word' id='word_1_689' title='bbox 2094 5014 2325 5071; x_wconf 88' lang='lat' dir='ltr'>sulibus</span> <span class='ocrx_word' id='word_1_690' title='bbox 2356 5018 2596 5074; x_wconf 90' lang='lat' dir='ltr'>concilii</span> <span class='ocrx_word' id='word_1_691' title='bbox 2630 5018 3029 5075; x_wconf 89' lang='lat' dir='ltr'>Seleuciensis</span> <span class='ocrx_word' id='word_1_692' title='bbox 3062 5014 3234 5070; x_wconf 87' lang='lat' dir='ltr'>multi</span> <span class='ocrx_word' id='word_1_693' title='bbox 3268 5031 3302 5070; x_wconf 91' lang='lat' dir='ltr'>a</span> <span class='ocrx_word' id='word_1_694' title='bbox 3326 5013 3580 5069; x_wconf 89' lang='lat' dir='ltr'>concilio</span> <span class='ocrx_word' id='word_1_695' title='bbox 3603 5016 3756 5069; x_wconf 80' lang='lat' dir='ltr'>Con-</span> 
     </span>
    </p>
   </div>
   <div class='ocr_carea' id='block_1_96' title="bbox 2092 5103 3755 5181">
    <p class='ocr_par' dir='ltr' id='par_1_96' title="bbox 2092 5103 3755 5181">
     <span class='ocr_line' id='line_1_97' title="bbox 2092 5103 3755 5181; baseline -0.001 -19"><span class='ocrx_word' id='word_1_696' title='bbox 2092 5106 2626 5179; x_wconf 88' lang='lat' dir='ltr'>stantinopolitano</span> <span class='ocrx_word' id='word_1_697' title='bbox 2659 5108 2879 5181; x_wconf 90' lang='lat' dir='ltr'>dejecti</span> <span class='ocrx_word' id='word_1_698' title='bbox 2914 5103 3232 5177; x_wconf 80' lang='lat' dir='ltr'>etrelegati</span> <span class='ocrx_word' id='word_1_699' title='bbox 3270 5109 3755 5175; x_wconf 67' lang='lat' dir='ltr'>;convcntusque</span> 
     </span>
    </p>
   </div>
   <div class='ocr_carea' id='block_1_97' title="bbox 2089 5194 3755 5268">
    <p class='ocr_par' dir='ltr' id='par_1_97' title="bbox 2089 5194 3755 5268">
     <span class='ocr_line' id='line_1_98' title="bbox 2089 5194 3755 5268; baseline -0.001 -17"><span class='ocrx_word' id='word_1_700' title='bbox 2089 5197 2151 5253; x_wconf 91' lang='lat' dir='ltr'>in</span> <span class='ocrx_word' id='word_1_701' title='bbox 2177 5196 2405 5268; x_wconf 90' lang='lat' dir='ltr'>aliquot</span> <span class='ocrx_word' id='word_1_702' title='bbox 2426 5197 2674 5254; x_wconf 89' lang='lat' dir='ltr'>urbibus</span> <span class='ocrx_word' id='word_1_703' title='bbox 2705 5196 3108 5263; x_wconf 84' lang='lat' dir='ltr'>celebrarunt,</span> <span class='ocrx_word' id='word_1_704' title='bbox 3134 5195 3194 5250; x_wconf 91' lang='lat' dir='ltr'>in</span> <span class='ocrx_word' id='word_1_705' title='bbox 3219 5194 3436 5267; x_wconf 90' lang='lat' dir='ltr'>quibus</span> <span class='ocrx_word' id='word_1_706' title='bbox 3456 5194 3755 5250; x_wconf 86' lang='lat' dir='ltr'>damnatis</span> 
     </span>
    </p>
   </div>
   <div class='ocr_carea' id='block_1_98' title="bbox 2086 5283 3756 5354">
    <p class='ocr_par' dir='ltr' id='par_1_98' title="bbox 2086 5283 3756 5354">
     <span class='ocr_line' id='line_1_99' title="bbox 2086 5283 3756 5354; baseline -0.001 -13"><span class='ocrx_word' id='word_1_707' title='bbox 2086 5286 2396 5343; x_wconf 87' lang='lat' dir='ltr'>Acacianis</span> <span class='ocrx_word' id='word_1_708' title='bbox 2426 5294 2485 5342; x_wconf 87' lang='lat' dir='ltr'>et</span> <span class='ocrx_word' id='word_1_709' title='bbox 2514 5286 2882 5342; x_wconf 85' lang='lat' dir='ltr'>Ariminensi</span> <span class='ocrx_word' id='word_1_710' title='bbox 2936 5285 3217 5354; x_wconf 89' lang='lat' dir='ltr'>formula,</span> <span class='ocrx_word' id='word_1_711' title='bbox 3269 5285 3332 5339; x_wconf 90' lang='lat' dir='ltr'>in</span> <span class='ocrx_word' id='word_1_712' title='bbox 3377 5283 3756 5339; x_wconf 83' lang='lat' dir='ltr'>Antiochena</span> 
     </span>
    </p>
   </div>
   <div class='ocr_carea' id='block_1_99' title="bbox 2085 5372 3753 5447">
    <p class='ocr_par' dir='ltr' id='par_1_99' title="bbox 2085 5372 3753 5447">
     <span class='ocr_line' id='line_1_100' title="bbox 2085 5372 3753 5447; baseline -0.003 -15"><span class='ocrx_word' id='word_1_713' title='bbox 2085 5374 2550 5447; x_wconf 87' lang='lat' dir='ltr'>acquiescebant</span> <span class='ocrx_word' id='word_1_714' title='bbox 2579 5394 2591 5430; x_wconf 93' lang='lat'><strong>:</strong></span> <span class='ocrx_word' id='word_1_715' title='bbox 2626 5375 3005 5447; x_wconf 89' lang='lat' dir='ltr'>mediamque</span> <span class='ocrx_word' id='word_1_716' title='bbox 3041 5391 3101 5429; x_wconf 92' lang='lat' dir='ltr'>se</span> <span class='ocrx_word' id='word_1_717' title='bbox 3135 5376 3286 5430; x_wconf 89' lang='lat' dir='ltr'>viam</span> <span class='ocrx_word' id='word_1_718' title='bbox 3312 5379 3514 5429; x_wconf 77' lang='lat' dir='ltr'>tenore</span> <span class='ocrx_word' id='word_1_719' title='bbox 3536 5372 3753 5445; x_wconf 79' lang='lat' dir='ltr'>gloria—</span> 
     </span>
    </p>
   </div>
   <div class='ocr_carea' id='block_1_100' title="bbox 2088 5462 3752 5535">
    <p class='ocr_par' dir='ltr' id='par_1_100' title="bbox 2088 5462 3752 5535">
     <span class='ocr_line' id='line_1_101' title="bbox 2088 5462 3752 5535; baseline -0.004 -13"><span class='ocrx_word' id='word_1_720' title='bbox 2088 5466 2270 5522; x_wconf 88' lang='lat' dir='ltr'>bantu</span> <span class='ocrx_word' id='word_1_721' title='bbox 2280 5466 2492 5533; x_wconf 91' lang='lat' dir='ltr'>r,inter</span> <span class='ocrx_word' id='word_1_722' title='bbox 2516 5465 2796 5521; x_wconf 85' lang='lat' dir='ltr'>Aetianos</span> <span class='ocrx_word' id='word_1_723' title='bbox 2812 5464 3345 5521; x_wconf 87' lang='lat' dir='ltr'>dissimulitudinis</span> <span class='ocrx_word' id='word_1_724' title='bbox 3361 5462 3752 5535; x_wconf 78' lang='lat' dir='ltr'>professores;</span> 
     </span>
    </p>
   </div>
   <div class='ocr_carea' id='block_1_101' title="bbox 314 5014 1983 5089">
    <p class='ocr_par' dir='ltr' id='par_1_101' title="bbox 314 5014 1983 5089">
     <span class='ocr_line' id='line_1_102' title="bbox 314 5014 1983 5089; baseline 0.002 -19"><span class='ocrx_word' id='word_1_725' title='bbox 314 5015 526 5089; x_wconf 81' lang='lat' dir='ltr'>longos</span> <span class='ocrx_word' id='word_1_726' title='bbox 561 5018 691 5089; x_wconf 83' lang='lat' dir='ltr'>ejus</span> <span class='ocrx_word' id='word_1_727' title='bbox 722 5014 962 5070; x_wconf 88' lang='lat' dir='ltr'>labores</span> <span class='ocrx_word' id='word_1_728' title='bbox 993 5014 1312 5073; x_wconf 87' lang='lat' dir='ltr'>miseratus</span> <span class='ocrx_word' id='word_1_729' title='bbox 1357 5018 1513 5073; x_wconf 90' lang='lat' dir='ltr'>Deus</span> <span class='ocrx_word' id='word_1_730' title='bbox 1566 5017 1983 5075; x_wconf 87' lang='lat' dir='ltr'>Constantium</span> 
     </span>
    </p>
   </div>
   <div class='ocr_carea' id='block_1_102' title="bbox 314 5105 1982 5177">
    <p class='ocr_par' dir='ltr' id='par_1_102' title="bbox 314 5105 1982 5177">
     <span class='ocr_line' id='line_1_103' title="bbox 314 5105 1982 5177; baseline 0.002 -14"><span class='ocrx_word' id='word_1_731' title='bbox 314 5108 572 5177; x_wconf 88' lang='lat' dir='ltr'>sustulit,</span> <span class='ocrx_word' id='word_1_732' title='bbox 607 5110 638 5163; x_wconf 92' lang='lat'><strong>3</strong></span> <span class='ocrx_word' id='word_1_733' title='bbox 671 5105 958 5163; x_wconf 85' lang='lat' dir='ltr'>Novemb.</span> <span class='ocrx_word' id='word_1_734' title='bbox 994 5105 1087 5163; x_wconf 92' lang='lat' dir='ltr'>die</span> <span class='ocrx_word' id='word_1_735' title='bbox 1119 5124 1217 5163; x_wconf 88' lang='lat' dir='ltr'>an.</span> <span class='ocrx_word' id='word_1_736' title='bbox 1252 5110 1375 5176; x_wconf 83' lang='grc'>361,</span> <span class='ocrx_word' id='word_1_737' title='bbox 1409 5114 1469 5165; x_wconf 91' lang='lat' dir='ltr'>et</span> <span class='ocrx_word' id='word_1_738' title='bbox 1494 5109 1715 5166; x_wconf 84' lang='lat' dir='ltr'>Juliani</span> <span class='ocrx_word' id='word_1_739' title='bbox 1745 5127 1982 5167; x_wconf 84' lang='lat' dir='ltr'>succes-</span> 
     </span>
    </p>
   </div>
   <div class='ocr_carea' id='block_1_103' title="bbox 310 5197 1978 5273">
    <p class='ocr_par' dir='ltr' id='par_1_103' title="bbox 310 5197 1978 5273">
     <span class='ocr_line' id='line_1_104' title="bbox 310 5197 1978 5273; baseline 0.002 -20"><span class='ocrx_word' id='word_1_740' title='bbox 310 5198 459 5253; x_wconf 84' lang='lat' dir='ltr'>soris</span> <span class='ocrx_word' id='word_1_741' title='bbox 484 5215 664 5273; x_wconf 89' lang='lat' dir='ltr'>prava</span> <span class='ocrx_word' id='word_1_742' title='bbox 696 5197 989 5254; x_wconf 88' lang='lat' dir='ltr'>adversus</span> <span class='ocrx_word' id='word_1_743' title='bbox 1024 5197 1347 5254; x_wconf 89' lang='lat' dir='ltr'>Ecclesiam</span> <span class='ocrx_word' id='word_1_744' title='bbox 1381 5199 1704 5267; x_wconf 89' lang='lat' dir='ltr'>voluntate,</span> <span class='ocrx_word' id='word_1_745' title='bbox 1766 5200 1839 5255; x_wconf 91' lang='lat' dir='ltr'>ad</span> <span class='ocrx_word' id='word_1_746' title='bbox 1883 5201 1978 5256; x_wconf 90' lang='lat' dir='ltr'>in-</span> 
     </span>
    </p>
   </div>
   <div class='ocr_carea' id='block_1_104' title="bbox 308 5284 1972 5359">
    <p class='ocr_par' dir='ltr' id='par_1_104' title="bbox 308 5284 1972 5359">
     <span class='ocr_line' id='line_1_105' title="bbox 308 5284 1972 5359; baseline 0.002 -16"><span class='ocrx_word' id='word_1_747' title='bbox 308 5290 690 5347; x_wconf 84' lang='lat' dir='ltr'>staurandam</span> <span class='ocrx_word' id='word_1_748' title='bbox 726 5284 1017 5343; x_wconf 88' lang='lat' dir='ltr'>omnibus</span> <span class='ocrx_word' id='word_1_749' title='bbox 1045 5286 1105 5342; x_wconf 93' lang='lat' dir='ltr'>in</span> <span class='ocrx_word' id='word_1_750' title='bbox 1137 5287 1286 5344; x_wconf 91' lang='lat' dir='ltr'>locis</span> <span class='ocrx_word' id='word_1_751' title='bbox 1319 5289 1712 5345; x_wconf 82' lang='lat' dir='ltr'>orthodoxam</span> <span class='ocrx_word' id='word_1_752' title='bbox 1771 5289 1972 5359; x_wconf 89' lang='lat' dir='ltr'>ﬁdem,</span> 
     </span>
    </p>
   </div>
   <div class='ocr_carea' id='block_1_105' title="bbox 296 5374 1974 5451">
    <p class='ocr_par' dir='ltr' id='par_1_105' title="bbox 296 5374 1974 5451">
     <span class='ocr_line' id='line_1_106' title="bbox 296 5374 1974 5451; baseline -0.001 -16"><span class='ocrx_word' id='word_1_753' title='bbox 296 5396 430 5437; x_wconf 79' lang='lat' dir='ltr'>usus</span> <span class='ocrx_word' id='word_1_754' title='bbox 462 5387 573 5438; x_wconf 87' lang='lat' dir='ltr'>est.</span> <span class='ocrx_word' id='word_1_755' title='bbox 612 5379 722 5435; x_wconf 89' lang='lat' dir='ltr'>Ille</span> <span class='ocrx_word' id='word_1_756' title='bbox 758 5374 933 5433; x_wconf 89' lang='lat' dir='ltr'>enim</span> <span class='ocrx_word' id='word_1_757' title='bbox 962 5376 1159 5431; x_wconf 84' lang='lat' dir='ltr'>statim</span> <span class='ocrx_word' id='word_1_758' title='bbox 1187 5382 1363 5449; x_wconf 86' lang='lat' dir='ltr'>atque</span> <span class='ocrx_word' id='word_1_759' title='bbox 1388 5378 1459 5433; x_wconf 90' lang='lat' dir='ltr'>ad</span> <span class='ocrx_word' id='word_1_760' title='bbox 1486 5379 1803 5451; x_wconf 89' lang='lat' dir='ltr'>imperium</span> <span class='ocrx_word' id='word_1_761' title='bbox 1841 5396 1974 5435; x_wconf 90' lang='lat' dir='ltr'>eve-</span> 
     </span>
    </p>
   </div>
   <div class='ocr_carea' id='block_1_106' title="bbox 283 5462 1971 5541">
    <p class='ocr_par' dir='ltr' id='par_1_106' title="bbox 283 5462 1971 5541">
     <span class='ocr_line' id='line_1_107' title="bbox 283 5462 1971 5541; baseline -0.003 -12"><span class='ocrx_word' id='word_1_762' title='bbox 283 5480 407 5531; x_wconf 85' lang='lat' dir='ltr'>ctus</span> <span class='ocrx_word' id='word_1_763' title='bbox 428 5466 909 5541; x_wconf 85' lang='lat' dir='ltr'>est,Ecclesiam</span> <span class='ocrx_word' id='word_1_764' title='bbox 936 5462 1235 5522; x_wconf 89' lang='lat' dir='ltr'>intestinis</span> <span class='ocrx_word' id='word_1_765' title='bbox 1259 5466 1524 5522; x_wconf 85' lang='lat' dir='ltr'>dissidiis</span> <span class='ocrx_word' id='word_1_766' title='bbox 1547 5467 1879 5524; x_wconf 89' lang='lat' dir='ltr'>distrahere</span> <span class='ocrx_word' id='word_1_767' title='bbox 1902 5485 1971 5525; x_wconf 85' lang='lat' dir='ltr'>ac</span> 
     </span>
    </p>
   </div>
   <div class='ocr_carea' id='block_1_107' title="bbox 271 5553 1967 5639">
    <p class='ocr_par' dir='ltr' id='par_1_107' title="bbox 271 5553 1967 5639">
     <span class='ocr_line' id='line_1_108' title="bbox 271 5553 1967 5639; baseline -0.006 -16"><span class='ocrx_word' id='word_1_768' title='bbox 271 5564 568 5639; x_wconf 81' lang='lat' dir='ltr'>dissipare</span> <span class='ocrx_word' id='word_1_769' title='bbox 605 5557 930 5632; x_wconf 78' lang='lat' dir='ltr'>acgitans,</span> <span class='ocrx_word' id='word_1_770' title='bbox 991 5553 1269 5610; x_wconf 89' lang='lat' dir='ltr'>omnibus</span> <span class='ocrx_word' id='word_1_771' title='bbox 1319 5561 1614 5627; x_wconf 90' lang='lat' dir='ltr'>quotquot</span> <span class='ocrx_word' id='word_1_772' title='bbox 1659 5555 1967 5630; x_wconf 81' lang='lat' dir='ltr'>religionis</span> 
     </span>
    </p>
   </div>
   <div class='ocr_carea' id='block_1_108' title="bbox 257 5639 1961 5716">
    <p class='ocr_par' dir='ltr' id='par_1_108' title="bbox 257 5639 1961 5716">
     <span class='ocr_line' id='line_1_109' title="bbox 257 5639 1961 5716; baseline -0.009 0"><span class='ocrx_word' id='word_1_773' title='bbox 257 5673 442 5716; x_wconf 84' lang='lat' dir='ltr'>causa</span> <span class='ocrx_word' id='word_1_774' title='bbox 475 5653 594 5713; x_wconf 88' lang='lat' dir='ltr'>sub</span> <span class='ocrx_word' id='word_1_775' title='bbox 628 5639 1015 5706; x_wconf 86' lang='lat' dir='ltr'>Constantio</span> <span class='ocrx_word' id='word_1_776' title='bbox 1047 5641 1408 5711; x_wconf 82' lang='lat' dir='ltr'>exsularant,</span> <span class='ocrx_word' id='word_1_777' title='bbox 1460 5644 1580 5700; x_wconf 89' lang='lat' dir='ltr'>sive</span> <span class='ocrx_word' id='word_1_778' title='bbox 1620 5645 1961 5712; x_wconf 87' lang='lat' dir='ltr'>Catholicis,</span> 
     </span>
    </p>
   </div>
   <div class='ocr_carea' id='block_1_109' title="bbox 245 5729 1960 5808">
    <p class='ocr_par' dir='ltr' id='par_1_109' title="bbox 245 5729 1960 5808">
     <span class='ocr_line' id='line_1_110' title="bbox 245 5729 1960 5808; baseline -0.006 -4"><span class='ocrx_word' id='word_1_779' title='bbox 245 5751 367 5808; x_wconf 80' lang='lat' dir='ltr'>sive</span> <span class='ocrx_word' id='word_1_780' title='bbox 398 5742 661 5807; x_wconf 76' lang='lat' dir='ltr'>Arianis</span> <span class='ocrx_word' id='word_1_781' title='bbox 695 5739 821 5795; x_wconf 86' lang='lat' dir='ltr'>aut</span> <span class='ocrx_word' id='word_1_782' title='bbox 849 5729 1083 5802; x_wconf 82' lang='lat' dir='ltr'>alioqui</span> <span class='ocrx_word' id='word_1_783' title='bbox 1104 5730 1422 5804; x_wconf 68' lang='lat' dir='ltr'>haereticis,</span> <span class='ocrx_word' id='word_1_784' title='bbox 1449 5734 1704 5794; x_wconf 82' lang='lat' dir='ltr'>liberam</span> <span class='ocrx_word' id='word_1_785' title='bbox 1725 5735 1800 5792; x_wconf 87' lang='lat' dir='ltr'>ad</span> <span class='ocrx_word' id='word_1_786' title='bbox 1823 5753 1960 5793; x_wconf 87' lang='lat' dir='ltr'>suas</span> 
     </span>
    </p>
   </div>
   <div class='ocr_carea' id='block_1_110' title="bbox 2081 5549 3752 5623">
    <p class='ocr_par' dir='ltr' id='par_1_110' title="bbox 2081 5549 3752 5623">
     <span class='ocr_line' id='line_1_111' title="bbox 2081 5549 3752 5623; baseline -0.005 -12"><span class='ocrx_word' id='word_1_787' title='bbox 2081 5555 2408 5612; x_wconf 89' lang='lat' dir='ltr'>etOcciden</span> <span class='ocrx_word' id='word_1_788' title='bbox 2418 5555 2563 5612; x_wconf 81' lang='lat' dir='ltr'>tales</span> <span class='ocrx_word' id='word_1_789' title='bbox 2579 5554 2687 5610; x_wconf 91' lang='lat' dir='ltr'>sub</span> <span class='ocrx_word' id='word_1_790' title='bbox 2702 5553 3196 5611; x_wconf 89' lang='lat' dir='ltr'>consubstantiali</span> <span class='ocrx_word' id='word_1_791' title='bbox 3208 5553 3342 5608; x_wconf 87' lang='lat' dir='ltr'>tatis</span> <span class='ocrx_word' id='word_1_792' title='bbox 3357 5556 3646 5623; x_wconf 83' lang='lat' dir='ltr'>praetextu</span> <span class='ocrx_word' id='word_1_793' title='bbox 3661 5549 3752 5603; x_wconf 88' lang='lat' dir='ltr'>di-</span> 
     </span>
    </p>
   </div>
   <div class='ocr_carea' id='block_1_111' title="bbox 2073 5638 3747 5717">
    <p class='ocr_par' dir='ltr' id='par_1_111' title="bbox 2073 5638 3747 5717">
     <span class='ocr_line' id='line_1_112' title="bbox 2073 5638 3747 5717; baseline -0.004 -17"><span class='ocrx_word' id='word_1_794' title='bbox 2073 5646 2349 5701; x_wconf 89' lang='lat' dir='ltr'>vinarum</span> <span class='ocrx_word' id='word_1_795' title='bbox 2381 5645 2782 5716; x_wconf 88' lang='lat' dir='ltr'>hypostaseon</span> <span class='ocrx_word' id='word_1_796' title='bbox 2815 5643 3243 5717; x_wconf 84' lang='lat' dir='ltr'>prOprietatem</span> <span class='ocrx_word' id='word_1_797' title='bbox 3302 5638 3747 5698; x_wconf 86' lang='lat' dir='ltr'>confundentes</span> 
     </span>
    </p>
   </div>
   <div class='ocr_carea' id='block_1_112' title="bbox 2074 5731 3748 5810">
    <p class='ocr_par' dir='ltr' id='par_1_112' title="bbox 2074 5731 3748 5810">
     <span class='ocr_line' id='line_1_113' title="bbox 2074 5731 3748 5810; baseline -0.002 -17"><span class='ocrx_word' id='word_1_798' title='bbox 2074 5738 2348 5810; x_wconf 87' lang='lat' dir='ltr'>(Sozom.,</span> <span class='ocrx_word' id='word_1_799' title='bbox 2381 5736 2485 5791; x_wconf 87' lang='lat' dir='ltr'>lib.</span> <span class='ocrx_word' id='word_1_800' title='bbox 2522 5754 2574 5804; x_wconf 93' lang='lat' dir='ltr'>v,</span> <span class='ocrx_word' id='word_1_801' title='bbox 2607 5754 2735 5809; x_wconf 88' lang='lat' dir='ltr'>cap.</span> <span class='ocrx_word' id='word_1_802' title='bbox 2770 5737 2883 5807; x_wconf 79' lang='grc'><strong>14).</strong></span> <span class='ocrx_word' id='word_1_803' title='bbox 2921 5736 3072 5790; x_wconf 81' lang='lat' dir='ltr'>Hinc</span> <span class='ocrx_word' id='word_1_804' title='bbox 3136 5733 3259 5791; x_wconf 86' lang='lat' dir='ltr'>uati</span> <span class='ocrx_word' id='word_1_805' title='bbox 3312 5731 3748 5790; x_wconf 62' lang='lat' dir='ltr'>Macedoniam,</span> 
     </span>
    </p>
   </div>
  </div>
