4052 6376
398 339 468 398 91
1695 331 1798 390 DE
1841 326 2024 388 VITA
2073 326 2138 385 S.
2182 319 2524 382 GYRILLI.
3715 323 3784 382 93

401 487 610 546 magna
637 489 775 544 pars
806 473 1060 546 Spiritus
1084 471 1272 528 sancti
1296 466 1586 525 divinitati
1610 459 2049 520 contumeliosi.

2169 453 2242 511 ad
2271 453 2398 510 hinc
2427 452 2605 509 verba
2630 469 2642 508 :
2691 451 2814 509 Non
2837 452 3081 508 manebit
3111 449 3254 523 lapis
3280 466 3447 522 super
3475 449 3697 524 lapidem
3723 450 3787 521 ³ο,
3937 449 3960 484 'I

404 540 525 616 Sed
543 540 710 617 nulla
739 540 940 636 Cyrilli
973 566 1034 618 in
1065 564 1137 618 iis
1169 562 1345 619 rebus
1376 556 1763 616 consiliorum
1795 552 2045 608 societas
2086 540 2131 562 "
2151 545 2265 636 sibi
2315 544 2524 615 objicit
2548 543 2875 636 {Quomodo
2904 545 3080 636 igitur
3109 540 3356 596 mansit?
3385 546 3509 636 tum
3565 558 3787 614 respon-

399 655 458 706 et
485 652 823 723 conjunctio
853 659 1116 726 apparet.

473 743 561 795 60.
593 742 862 798 Julianus
923 762 1128 799 omnes
1187 743 1388 798 hostes
1448 735 1726 794 Ecclesia;
1785 730 1856 787 ad
1915 747 2046 786 eam

402 831 778 887 evertendam
812 850 1074 901 armans,
1109 834 1285 888 etiam
1318 829 1550 886 Iudaeos
1583 823 1890 888 incitavit;
1925 837 2045 875 non

400 921 752 993 permittens
791 923 1007 990 solum,
1045 923 1148 979 sed
1180 927 1239 977 et
1267 922 1524 982 hortatu,
1560 920 1875 988 prmcepto.
1905 911 2042 966 sub-

401 1011 876 1084 ministratisque
909 1013 1219 1084 impensis,
1252 1011 1485 1066 animos
1515 1006 1762 1070 addens,
1795 1010 1861 1058 ut
1891 1002 2048 1058 Salo-

402 1116 698 1156 mona-um
731 1101 790 1156 in
821 1103 1208 1174 Jerosolymis
1263 1098 1570 1170 templum,
1604 1113 1638 1151 a
1666 1096 1791 1149 Tito
1837 1093 2045 1148 incen-

404 1206 534 1245 sum
563 1195 622 1245 et
643 1189 1391 1264 dirutum,diligentissime
1415 1182 2045 1243 instaurarent.Conti-

402 1294 521 1334 nuo
557 1294 624 1334 ex
655 1281 933 1336 omnibus
983 1281 1130 1336 locis
1179 1279 1451 1335 advolere
1499 1274 1704 1339 Judaei,
1765 1278 1823 1327 et
1881 1270 2047 1343 operi

402 1369 767 1441 perficiendo
783 1371 1061 1427 alacriter
1081 1369 1448 1426 incumbere.
1471 1369 1616 1439 Ipsm
1641 1365 1818 1420 etiam
1841 1361 2052 1417 mulie-

400 1475 496 1514 res
518 1475 640 1514 non
669 1460 861 1516 solum
891 1461 1141 1516 monilia
1161 1467 1220 1515 et
1241 1463 1594 1514 ornamenta
1613 1455 1687 1511 ad
1719 1453 1916 1526 cperis
1940 1451 2047 1506 im-

399 1565 617 1622 pensas
655 1551 966 1618 conferre;
1001 1550 1102 1606 sed
1137 1555 1196 1606 et
1225 1549 1621 1622 pretiosarum
1677 1543 1928 1598 vestium
1984 1557 2051 1596 ac

404 1641 695 1695 naturalis
727 1641 1124 1698 mollitudinis
1155 1641 1376 1707 oblita},
1410 1656 1558 1712 opus
1597 1652 1777 1693 manu
1815 1637 2050 1690 contre-

403 1734 564 1784 ctare
591 1736 769 1801 atque
803 1732 1053 1787 humum
1083 1731 1305 1787 fodere.
1341 1729 1665 1787 Restabant
1685 1725 1876 1781 adhuc
1905 1729 2055 1776 vete-

402 1817 487 1874 ris
517 1819 752 1876 aedificii
783 1823 1032 1893 grandia
1061 1821 1298 1887 rudera,
1348 1837 1468 1875 non
1526 1817 2052 1873 fundamentorum

2149 634 2293 690 det:
2329 637 2403 690 Et
2442 635 2580 704 quid
2610 634 2710 689 hoc
2758 635 2832 688 ad
2876 635 3032 687 rem?
3078 648 3273 704 neque
3331 632 3476 686 enim
3519 638 3788 702 propterea
3944 635 3962 668 ¹¹

2157 723 2304 779 οὕτω
2337 727 2532 780 cecidit
2565 733 2616 780 et
2676 727 2838 780 irrita
2888 729 3038 794 facta
3107 731 3182 778 est
3238 725 3512 778 sententia
3562 723 3781 778 Domini.
3951 725 3962 760 τ

2157 818 2273 873 Aut
2307 819 2446 871 enim
2479 817 2562 872 his
2591 817 2767 872 verbis
2798 819 3068 885 integram
3117 822 3168 870 et
3212 815 3576 868 omnimodam
3603 814 3778 868 solitu-

2150 909 2334 963 dinem
2363 907 2705 976 designabat,
2739 914 2834 962 aut
2866 908 2932 960 (te
2965 907 3082 960 loco
3113 904 3212 959 illo
3245 908 3300 958 in
3333 921 3440 973 quo
3470 911 3583 958 erat
3611 905 3777 973 loque-

2155 997 2358 1059 batur;
2391 997 2554 1068 hujus
2586 999 2730 1051 enim
2781 997 3031 1066 quautam
3075 1002 3262 1066 partes
3322 994 3397 1047 ad
3441 993 3783 1064 fundamenta

2151 1103 2326 1156 usque
2348 1093 2474 1142 sunt
2522 1089 2899 1140 exterminata:
2952 1085 3120 1158 μέχρι
3175 1087 3281 1135 τῶν
3345 1080 3609 1154 Θεμελῖων
3662 1083 3786 1157 ἡξει-

2157 1175 2403 1247 νισμένα.
2465 1176 2614 1231 Illud
2667 1192 2882 1247 quoque
2934 1181 3212 1246 praeterea
3257 1174 3439 1228 dicere
3496 1188 3784 1243 possumus,

2157 1283 2226 1322 ea:
2258 1268 2326 1321 iis
2355 1283 2477 1337 qua:
2500 1265 2624 1335 jam
2653 1267 2928 1334 contigere
2953 1265 3353 1335 pertinaciores
3410 1279 3620 1334 quoque
3663 1279 3785 1332 per-

2156 1357 2382 1412 suaderi
2413 1363 2685 1426 oportere,
2719 1356 2866 1425 ipsas
2897 1370 3113 1426 quoque
3143 1354 3409 1423 reliquias
3453 1355 3668 1422 penitus
3698 1351 3788 1405 ab-

2161 1446 2356 1500 olitum
2388 1447 2479 1498 iri.
2514 1447 2863 1516 Anonymus
2895 1443 3236 1508 Vaticanus,
3270 1441 3372 1513 qui
3397 1441 3659 1496 Julianus
3688 1441 3784 1494 lla-

2158 1533 2606 1588 licarnasseeum
2639 1533 2800 1600 citat,
2834 1537 3046 1588 catena
3077 1533 3133 1585 in
3164 1534 3410 1586 Marcum
3435 1530 3698 1585 laudatus
3727 1527 3789 1584 ad

2159 1640 2286 1695 cap.
2320 1640 2436 1679 xlv.
2470 1641 2620 1678 vers.
2647 1626 2701 1690 2,
2734 1639 2863 1695 pag.
2899 1625 3024 1676 277.
3057 1621 3619 1694 negatprophetiam
3644 1619 3789 1673 Chri-

2159 1719 2214 1767 st
2240 1712 2338 1768 ide
2371 1712 2673 1784 lapidibus
2703 1711 3158 1784 intelligendam
3188 1729 3340 1778 esse,
3364 1709 3466 1766 sed
3492 1709 3562 1764 de
3585 1709 3652 1763 iis
3674 1724 3788 1780 qua:

2161 1803 2222 1858 in
2257 1802 2480 1874 templo
2523 1801 2800 1873 religiose
2847 1801 3106 1868 fiebant;
3155 1817 3294 1856 nam
3347 1805 3569 1856 stantes
3614 1797 3785 1854 adhuc

403 1873 1589 1982 solumset—citerioris-ambitustempli,
1619 1907 1720 1964 sed
1747 1907 1924 1961 etiam
1957 1904 2050 1958 in-
2087 1873 2130 1937 Β
2161 1873 2451 1966 quasdam
2484 1893 2688 1965 templi
2717 1899 2914 1964 partes
2946 1893 3232 1964 conspici,
3275 1891 3490 1982 ὁρῷμεν
3539 1891 3649 1982 vim
3676 1906 3788 1982 sua

407 2000 637 2055 terioris
669 2001 814 2056 tedis
846 2019 964 2074 qua
993 2001 1302 2057 constabat
1349 1999 1639 2071 templum
1688 1995 1924 2069 proprie
1955 1992 2046 2048 di-

403 2093 584 2156 ctum,
611 2090 708 2144 ubi
728 2091 1036 2147 cherubim
1063 2097 1249 2160 erant,
1275 2109 1342 2146 ex
1365 2089 1585 2161 Cyrillo
1612 2091 1723 2143 cat.
1758 2103 1848 2152 xv,
1872 2102 1931 2139 n.
1961 2085 2047 2146 l5,

400 2183 577 2249 atque
613 2179 750 2235 inde
785 2182 1052 2252 quotidie
1085 2183 1238 2238 cives
1269 2181 1430 2237 Elite
1462 2178 1693 2250 lapides
1722 2175 1796 2231 ad
1818 2175 2050 2248 privata

393 2285 460 2323 ac
483 2269 801 2340 publicana
822 2271 1076 2326 aedificia
1097 2288 1334 2327 sumere
1359 2271 1817 2326 consueverant.
1841 2280 1912 2318 ex
1931 2264 2049 2316 Eu-

396 2357 520 2412 seb.
556 2360 861 2415 Demonstr.
895 2377 1090 2430 evang.
1127 2360 1232 2415 lib.
1266 2377 1380 2422 vm,
1433 2374 1562 2430 pag.
1617 2357 1742 2409 406.
1797 2355 1877 2407 Ac
1927 2349 2044 2422 pri-

397 2463 560 2502 mum
585 2448 824 2517 quidem
848 2449 1032 2504 Judaei
1056 2454 1254 2504 vetera
1280 2447 1533 2502 aadificia
1554 2459 1763 2500 eruere
1795 2447 1853 2496 et
1881 2455 2048 2496 amo-

397 2535 516 2592 liri.
550 2543 859 2606 sperantes
890 2554 952 2592 se
983 2554 1134 2593 nova
1167 2537 1368 2593 omnia
1402 2537 1846 2591 constructuros
1873 2547 1886 2597 ;
1921 2535 2045 2584 tum

397 2625 564 2680 novis
595 2626 1136 2682 substructionibus
1193 2627 1584 2682 fundamenta
1640 2621 1918 2686 effodere,
1979 2636 2047 2674 ac

399 2722 688 2774 caementa
718 2717 1193 2788 prmparareSed
1227 2733 1358 2772 cum
1399 2715 1602 2770 fodere
1629 2711 2049 2783 inciperent.et

393 2823 664 2881 aggerem
700 2814 1030 2879 exportare,
1056 2808 1290 2863 tametsi
1319 2807 1504 2861 multa
1526 2803 1838 2860 hominum
1858 2799 2048 2856 millia

398 2898 537 2954 huic
563 2899 726 2970 operi
759 2898 1022 2954 interdiu
1053 2897 1490 2964 incumberent,
1531 2899 1709 2950 noctu
1759 2909 1934 2964 agger
1981 2890 2044 2946 in

394 2987 612 3044 fossam
644 2987 1080 3054 reportabatur.
1144 2987 1415 3043 lnﬂnitos
1469 3001 1706 3058 quoque
1763 2981 1943 3037 calcis
1989 2985 2047 3035 et

393 3078 558 3150 gypsi
591 3077 845 3144 modios,
870 3095 1019 3149 quos
1049 3078 1108 3133 in
1125 3095 1310 3134 unum
1333 3079 1772 3148 congesserant.
1801 3079 2044 3145 repente

395 3167 586 3224 oborti
622 3167 890 3222 turbines
922 3173 980 3222 et
1007 3167 1286 3239 procellas
1336 3165 1734 3236 undequaque
1785 3163 2043 3235 dissipa-

2161 1983 2297 2057 μέρη
2331 1985 2427 2035 τοῦ
2453 1985 2583 2035 ναοῦ
2616 1982 2842 2038 ἑστῶτα.
2889 1982 3084 2036 Victor
3131 1981 3536 2036 Antiochenus
3578 1978 3776 2033 ibidem

2157 2091 2288 2148 pag.
2312 2075 2438 2138 278,
2472 2074 2582 2128 sibi
2615 2072 3116 2144 quemadmodum
3153 2071 3609 2142 Chrysostomus
3637 2066 3779 2138 obji-

2157 2165 2256 2226 cit.
2301 2165 2566 2220 nondum
2599 2163 2858 2236 perfecte
2893 2162 3259 2233 completum
3293 2160 3509 2216 Christi
3541 2159 3610 2213 de
3642 2163 3778 2212 stru-

2157 2254 2341 2310 cturis
2374 2252 2578 2324 templi
2611 2251 2976 2314 vaticinium,
3001 2250 3102 2305 sed
3121 2250 3318 2305 adhuc
3343 2250 3577 2304 illarum
3604 2261 3784 2317 super-

2157 2361 2286 2400 esse
2345 2343 2610 2416 vestigia,
2674 2339 2801 2396 ἀλλ’
2859 2336 2934 2394 ἔτι
2990 2338 3250 2408 σώζεσθαι
3339 2336 3608 2411 λειψάνων
3662 2336 3781 2406 (leg.

2156 2435 2331 2490 credo
2363 2430 2645 2506 λείψανον)
2673 2430 2903 2497 τούτων,
2935 2431 3152 2502 quibus
3183 2430 3444 2502 primum
3491 2425 3784 2500 respondet

2154 2521 2558 2595 Cbrysostomi
2617 2521 2810 2577 verbis
2870 2537 3050 2592 supra
3108 2519 3338 2586 relatis,
3408 2518 3510 2574 sed
3564 2515 3782 2589 paulum

2154 2612 2536 2669 commutatis
2564 2629 2576 2666 :
2610 2617 2733 2665 tum
2769 2609 3018 2666 alterius
3050 2610 3314 2664 auctoris
3343 2607 3518 2664 verba
3547 2603 3781 2676 subjicit,

2155 2703 2253 2776 qui
2289 2703 2413 2756 hzec
2435 2701 2506 2758 ad
2540 2700 2878 2772 generalem
2913 2700 3182 2754 omnium
3231 2716 3434 2754 rerum
3486 2698 3544 2751 in
3597 2689 3780 2750 mundi

2153 2792 2670 2848 consummatione
2685 2791 2916 2845 ruinam
2938 2795 2998 2845 et
3018 2789 3476 2847 eversionem.in
3492 2803 3604 2859 qua
3623 2783 3778 2838 etiam

2153 2881 2359 2952 templi
2384 2881 2613 2952 lapides
2632 2897 2762 2936 cum
2795 2880 3025 2935 castoris
3046 2880 3226 2934 rebus
3247 2879 3579 2941 diruentur,
3601 2873 3779 2930 refert.

2153 2970 2416 3025 Tandem
2449 2970 2802 3026 Guillelmus
2845 2969 3053 3040 Tyrius
3097 2968 3238 3023 Belli
3276 2970 3426 3023 sacri
3472 2965 3570 3022 lib.
3603 2982 3636 3028 ι,
3667 2977 3778 3031 cap.

2153 3065 2206 3126 2,
2267 3061 2534 3117 referens
2590 3062 2912 3116 Homarum
2967 3077 3002 3115 a
3049 3059 3386 3132 Sophronio
3426 3052 3779 3129 requisivisse

2153 3168 2416 3224 quonam
2451 3151 2594 3206 olim
2619 3151 2828 3206 inloco
2853 3149 3288 3205 Salomonaaum
3319 3147 3605 3220 templum
3631 3139 3784 3198 exsti-

395 3261 554 3312 runt.
580 3257 716 3312 Hzpc
737 3231 1084 3312 Theodorei.
1111 3257 1195 3312 lib
1237 3274 1295 3312 ιιι
1317 3258 1486 3324 Hist.,
1514 3231 2047 3326 cap.‘t7.Permis-
2075 3249 2119 3318 c
2161 3244 2348 3302 tisset.
2373 3243 2494 3298 ait:
2525 3243 2873 3299 Ostendentes
2903 3245 2952 3296 ei
2979 3243 3154 3296 locum
3195 3240 3646 3310 designaverunt.
3691 3231 3782 3286 ατί-

396 3361 525 3400 sum
560 3349 759 3399 tamen
793 3345 878 3400 eis
909 3361 944 3399 a
975 3345 1091 3400 Deo
1125 3350 1214 3400 est
1244 3349 1311 3399 ut
1367 3349 1426 3397 et
1474 3347 1672 3398 vetera
1718 3341 2045 3410 diruerent,

394 3439 454 3490 et
480 3434 555 3490 ad
585 3451 801 3490 novum
827 3451 976 3506 opus
999 3433 1426 3506 imponendum
1449 3432 1838 3488 fundamenta
1856 3431 2042 3486 denu-

396 3521 625 3578 darent.
660 3523 896 3577 Interea
949 3522 1134 3578 Judsei
1195 3521 1488 3577 insultare
1546 3521 1788 3589 nostris,
1849 3521 2046 3576 Rufini

395 3611 571 3666 verba
601 3617 741 3667 sunt
771 3611 873 3668 lib.
908 3630 922 3667 ι
955 3615 1122 3674 Hist.,
1156 3629 1286 3684 cap.
1321 3615 1408 3676 37,
1464 3629 1528 3666 ac
1576 3612 1722 3666 velut
1774 3609 2048 3681 reparatis

393 3700 500 3756 sibi
527 3702 685 3770 regni
711 3703 1044 3771 temporibus
1059 3702 1454 3757 communicari
1472 3698 1675 3763 acrius,
1698 3717 1762 3755 ac
1782 3701 2048 3754 savitiam

395 3796 682 3852 ostentare,
699 3807 932 3862 prorsus
953 3794 1185 3847 immani
1229 3799 1440 3847 tumore
1471 3808 1534 3846 ac
1572 3791 1830 3862 superbia
1861 3806 2045 3859 agere.

395 3881 544 3936 Dum
588 3886 786 3936 autem
815 3881 1220 3938 Theodoretus
1250 3882 1333 3937 ait
1361 3881 1465 3936 lib.
1495 3897 1557 3936 ιιι
1589 3882 1750 3946 Hist,
1796 3897 1923 3950 cap.
1961 3880 2047 3950 t7,

393 3983 492 4022 eos
515 3969 728 4024 veteris
750 3968 983 4023 aedificii
998 3969 1284 4040 reliquias
1305 3969 1580 4027 diruisse.
1601 3968 1659 4022 id
1680 3968 1752 4023 de
1769 3967 2051 4023 omnibus

392 4056 516 4112 solo
540 4056 1019 4128 prominentibus
1041 4058 1312 4113 aedificiis
1329 4075 1396 4113 ac
1425 4064 1692 4112 veterum
1723 4057 1902 4112 etiam
1925 4056 2054 4112 fun-

389 4146 805 4203 damentorum
830 4151 995 4218 parte
1027 4145 1284 4202 maxima
1313 4146 1762 4219 intelligendum
1789 4163 1801 4212 ;
1835 4135 2054 4219 [LXIII]

392 4252 530 4292 nam
563 4241 697 4308 post
725 4235 882 4290 hanc
913 4239 1148 4290 aetatem
1180 4241 1500 4306 conspecta
1555 4235 1750 4290 adhuc
1783 4235 2048 4291 Salomo-

393 4327 509 4380 naei
537 4325 744 4396 templi
777 4323 1052 4396 quendam
1084 4324 1294 4379 saltem
1341 4323 1732 4382 fundamenta
1781 4328 2052 4382 auctore8

399 4414 730 4489 gravissimi
765 4419 1078 4470 testantur.
1116 4415 1170 4470 S.
1205 4414 1498 4485 Ephraem.
1529 4414 1692 4469 hom.
1727 4415 1799 4470 de
1821 4432 2050 4490 marga-

399 4506 512 4560 rita
537 4521 646 4578 gn,
681 4520 810 4578 pag.
837 4505 961 4564 398.
991 4505 1133 4564 Ἐως
1167 4505 1278 4557 τῶν
1305 4505 1396 4556 νῦν
1421 4503 1474 4556 οἱ
1506 4500 1753 4576 θεμέλιοι
1781 4501 2048 4568 ἵστανται,

2157 3350 2270 3406 qua
2299 3335 2497 3388 vetusti
2523 3334 2705 3403 operis
2749 3333 3025 3386 exstantia
3071 3332 3307 3400 vestigia
3359 3326 3778 3385 demonstrantes.

2157 3425 2289 3480 Haec
2313 3423 2492 3495 paulo
2521 3422 2709 3477 fusius
2731 3438 2765 3478 a
2797 3439 2889 3476 me
2915 3427 3182 3484 tractata.
3211 3420 3376 3492 quod
3401 3437 3468 3476 ea
3486 3419 3608 3492 jam
3637 3415 3781 3468 inva-

2155 3511 2338 3569 luerit
2368 3512 2592 3584 opinio,
2619 3511 2853 3566 Iudaeos
2880 3510 3096 3565 Iuliani
3124 3516 3395 3580 tempore
3420 3505 3614 3562 omnia
3634 3514 3782 3575 pror-

2156 3618 2256 3658 sus
2290 3601 2495 3670 templi
2527 3600 2780 3656 zediflcia
2811 3606 2870 3654 et
2899 3599 3287 3654 fundamenta
3306 3591 3783 3660 eruisse,suisque

2155 3691 2434 3748 manibus
2466 3690 2683 3746 Christi
2715 3689 3058 3745 vaticinium
3091 3688 3497 3760 adiinplesse;
3535 3679 3683 3756 quod
3710 3675 3781 3732 uti

2158 3781 2418 3837 maxima
2447 3797 2516 3835 ex
2543 3785 2708 3852 parte
2740 3795 2963 3846 verum,
2999 3780 3080 3835 ita
3108 3795 3226 3834 non
3251 3785 3349 3834 est.
3377 3781 3782 3849 usquequaque

2156 3869 2644 3943 ungendum.Nec
2667 3869 2868 3925 minus
2891 3875 3204 3941 propterea
3222 3868 3472 3939 impleta
3489 3869 3572 3920 est
3588 3852 3782 3916 Christi

2156 3959 2496 4016 vaticinatio
2528 3977 2541 4014 :
2573 3975 2712 4015 nam
2744 3959 2865 4014 sive
2924 3964 3073 4026 tum,
3125 3959 3244 4014 sive
3295 3959 3527 4029 aliquot
3572 3946 3783 4009 smculis

2157 4056 2385 4124 postea,
2420 4065 2554 4105 cum
2587 4049 2877 4122 templum
2906 4049 3116 4105 eodem
3157 4049 3218 4103 in
3275 4049 3406 4104 loco
3438 4064 3472 4103 a
3500 4035 3783 4101 Saracenis

2159 4142 2480 4197 excitatum
2503 4146 2612 4208 est,
2638 4141 2882 4212 plenum
2899 4147 2958 4196 et
2979 4141 3267 4213 integrum
3301 4139 3510 4195 sortita
3531 4134 3781 4191 effectum

2160 4239 2268 4290 est.
2302 4233 2414 4289 Sed
2445 4237 2503 4288 et
2533 4233 2787 4289 alterum
2841 4248 2910 4286 eo
2967 4237 3232 4304 tempore
3280 4229 3660 4302 adimpletum
3707 4218 3784 4272 est

2159 4324 2347 4396 ipsius
2365 4322 2568 4395 Cyrilli
2591 4321 2958 4388 vaticinium,
2982 4338 3097 4392 quo
3121 4326 3258 4375 ante
3289 4337 3481 4376 annos
3509 4316 3704 4370 decem
3737 4310 3788 4360 et

2159 4422 2388 4488 septem
2410 4415 2640 4470 dixerat
2661 4420 2772 4469 cat.
2799 4431 2888 4477 xv,
2914 4430 3078 4470 num.
3104 4417 3188 4477 t5,
3205 4413 3471 4468 futurum
3486 4399 3784 4478 aliquando

2158 4511 2224 4560 ut
2253 4521 2462 4560 omnes
2494 4504 2700 4575 templi
2731 4503 2959 4575 lapides
2981 4509 3335 4560 eruerentur
3358 4523 3374 4569 ;
3397 4501 3572 4571 idque
3595 4495 3785 4550 fortas-

399 4596 491 4650 Ad
521 4595 663 4649 hunc
691 4609 860 4663 usque
891 4594 1036 4648 diem
1076 4594 1443 4663 fundamenta
1491 4593 1813 4649 subsistunt.
1866 4595 2045 4666 Chry-
2083 4609 2127 4675 ι)
2159 4596 2240 4651 sis
2270 4593 2405 4651 aliis
2436 4594 2654 4662 causis,
2685 4593 2956 4649 fortassis
2999 4593 3178 4650 etiam
3225 4588 3607 4664 aediﬁcationis
3648 4591 3784 4675 prat-

392 4690 684 4742 sostomus
715 4684 922 4739 homil.
957 4690 1099 4739 tom.
1151 4684 1196 4752 I,
1233 4685 1300 4738 36
1353 4689 1465 4738 vet.
1517 4684 1682 4752 edit.,
1735 4701 1864 4758 pag.
1918 4685 2045 4750 436,

392 4791 556 4831 nova)
589 4781 731 4830 tom.
765 4776 789 4828 Ι
818 4774 961 4830 Adv.
993 4773 1122 4829 Jud.
1161 4791 1210 4839 ν,
1243 4790 1410 4828 num.
1449 4777 1534 4840 tt,
1567 4791 1624 4846 p.
1686 4776 1811 4842 646,
1857 4774 2047 4830 histo-

393 4865 544 4922 riam
573 4864 758 4920 refert
783 4865 854 4920 de
885 4879 1002 4936 qua
1033 4864 1282 4936 agimus,
1307 4863 1507 4935 aitque
1553 4880 1687 4919 cum
1709 4863 2043 4921 Judaeifun~

395 4955 675 5011 (lamenta
699 4954 926 5010 nudare
950 4952 1673 5026 ccepissent,multumque
1688 4954 1916 5028 aggeris
1949 4970 2045 5009 ex-

396 5045 758 5110 hausissent,
783 5044 908 5116 jam
911 5043 1158 5114 jamque
1192 5047 1552 5097 structuram
1586 5049 1786 5098 essent
1814 5059 2048 5116 aggres-

398 5133 544 5194 suri,
578 5132 822 5202 multos,
856 5133 991 5204 igne
1023 5148 1053 5186 e
1086 5131 1494 5187 fundamentis
1527 5132 1861 5201 exsiliente,
1887 5151 2051 5188 com-

396 5221 602 5278 bustos
631 5221 816 5276 fuisse
839 5238 975 5276 cum
1006 5219 1307 5294 lapidibus
1334 5223 1513 5276 etiam
1541 5221 1654 5278 loci
1677 5223 1858 5280 illius.
1884 5222 2051 5278 Unde

394 5313 734 5384 colligimus
765 5329 866 5367 eos
915 5328 1036 5367 non
1097 5313 1302 5368 omnia
1354 5313 1579 5368 eruisse
1635 5312 2050 5382 fundamenta,

397 5401 501 5458 sed
523 5400 796 5474 quaadam
822 5400 1032 5456 saltem
1056 5401 1257 5457 addito
1279 5419 1314 5458 a
1335 5401 1621 5458 lateribus
1647 5408 1935 5459 ammento
1959 5403 2056 5458 flr-

399 5507 560 5548 mare
593 5491 870 5547 voluisse.
901 5489 1067 5546 Idem
1101 5491 1262 5548 hom.
1297 5494 1364 5546 75
1393 5493 1454 5547 in
1483 5492 1710 5562 Matth.,
1741 5509 1874 5567 pag.
1925 5495 2050 5564 794,

466 5650 513 5684 ⁸⁸
545 5649 746 5706 Matth.
780 5663 931 5715 xxiv,
966 5649 1017 5700 2.

2159 4690 2314 4740 textu
2344 4689 2693 4739 eventurum
2725 4683 2938 4756 [LXIV]
2985 4699 3134 4740 esse.
3163 4682 3330 4748 Quod
3378 4686 3572 4737 autem
3615 4667 3781 4732 addit:

2157 4779 2285 4829 tum
2314 4773 2748 4829 Antichristum
2779 4779 3114 4842 venturum,
3147 4773 3209 4828 id
3239 4773 3458 4828 falsum
3497 4781 3622 4823 esse
3671 4761 3784 4832 ipso

2158 4868 2372 4919 eventu
2401 4861 2710 4934 comperit.

2229 4957 2318 5010 6t.
2352 4955 2674 5026 Postquam
2706 4953 2908 5008 omnia
2936 4970 3102 5009 nova;
3134 4952 3787 5010 aadificationinecessa—

2159 5044 2250 5100 ria
2279 5049 2542 5098 evertere
2571 5042 2780 5110 Judaai,
2814 5059 2943 5100 sese
2975 5043 3050 5099 ad
3081 5060 3234 5100 nova
3262 5037 3659 5098 construenda
3685 5031 3790 5088 ala-

2161 5133 2343 5188 criter
2394 5137 2839 5204 compararunt.
2901 5134 3122 5202 Aper-tis
3187 5134 3366 5202 igitur
3411 5121 3788 5200 fundamentis.

2160 5221 2338 5278 verba
2367 5227 2510 5277 sunt
2538 5221 2756 5289 Ruﬁni,
2791 5220 2895 5276 lib.
2948 5236 2968 5276 ι
3011 5223 3220 5277 Histor.
3273 5239 3324 5278 c.
3373 5222 3464 5286 37,
3511 5217 3650 5273 calce
3695 5221 3789 5264 σεε-ο

2159 5319 2452 5384 mentoque
2477 5311 2765 5376 adhibitis,
2788 5311 2935 5366 nihil
2965 5314 3192 5366 omnino
3219 5309 3570 5380 deerat,quin
3584 5306 3789 5374 postera

2161 5403 2250 5460 die
2277 5403 2548 5459 veteribus
2586 5401 2896 5458 deturbatis
2947 5418 3093 5458 nova
3139 5403 3396 5473 jacerent
3441 5393 3787 5468 fundamenta

2159 5493 2281 5568 (aut
2330 5501 2518 5550 vetera
2569 5494 2726 5548 novis
2770 5491 3269 5550 substructionibus
3348 5479 3786 5546 corroborarcnl).
