4052 6428
416 339 494 400 95

1709 337 1810 398 DE
1855 334 2039 396 νιΤΑ
2085 334 2151 394 S.
2197 333 2531 401 CYRILLI.

3778 341 3853 401 96

421 475 678 532 dicenda
707 478 898 531 erant.
935 477 1149 530 Verum
1178 474 1380 548 Cyrilli
1407 474 1630 530 dictum
1673 473 1849 545 paulo
1899 471 2074 527 aliter
2105 474 2153 537 Α
2185 472 2424 547 [LXVII]
2455 477 2703 548 quadam
2731 477 3040 534 invisibilii.
3073 479 3184 534 Hoc
3231 482 3424 532 autem
3455 491 3572 532 uno
3613 474 3739 546 jam
3766 493 3855 532 ore

429 566 612 620 refert
643 567 912 621 Socrates
944 564 1047 620 lib.
1068 581 1219 633 .n,c.
1241 566 1446 636 20,qui
1473 581 1543 620 ex
1573 564 1788 620 Ruﬁno
1807 562 2079 618 hausisse

433 661 491 711 et
517 660 915 711 commutasse
945 654 1196 709 videtur.
1222 655 1318 708 Ait
1337 654 1624 725 Cyrillum
1647 653 1849 708 multis
1880 659 2081 707 astan-

428 747 590 802 tibus
622 746 822 816 palam
856 762 923 800 eo
959 751 1222 816 tempore
1255 745 1624 816 praedixisse,
1655 747 1910 814 futurum
1935 743 2083 797 brevi

431 842 492 891 ut
521 839 580 890 in
614 837 814 906 templo
853 835 994 905 lapis
1024 851 1187 904 super
1245 835 1486 904 lapidem
1541 849 1650 888 non
1693 839 1959 899 maneret,
1992 833 2085 888 sed

429 928 737 984 Saluatoris
765 927 1048 982 oraculum
1079 928 1316 998 penitus
1356 927 1738 996 compleretur.
1763 925 1928 990 Quod
1952 925 2085 996 qui-

430 1017 567 1072 dem
599 1017 854 1089 Cyrillus
881 1033 1124 1072 suarum
1179 1018 1568 1072 catecheseon
1601 1016 1936 1071 doctrinam
1993 1031 2084 1068 se-

431 1122 620 1179 quens
653 1106 849 1161 dicere
881 1123 1002 1160 non
1025 1105 1358 1177 potuit,nisi
1382 1106 1718 1178 proximum
1743 1119 2080 1177 supponen-

433 1197 508 1251 do
541 1196 749 1250 mundi
781 1197 964 1251 finem
997 1201 1052 1250 et
1081 1195 1430 1250 Antichristi
1454 1195 2086 1260 adventum.Nisi,cum

433 1285 631 1340 videre
662 1290 895 1356 aequata
925 1284 1054 1340 solo
1085 1286 1379 1340 exstantia
1410 1283 1612 1338 omnia
1659 1285 1876 1338 veteris
1907 1290 2092 1339 struc-

435 1379 581 1430 turae
596 1374 705 1429 redi
717 1375 750 1428 fi
762 1374 936 1440 cia,et
949 1374 1473 1429 fundamentorum
1489 1373 1752 1444 ipsorum
1769 1373 2090 1428 maximam

434 1471 667 1537 partem
703 1465 988 1532 evulsam,
1015 1481 1180 1519 suam
1215 1464 1380 1519 illam
1415 1464 1760 1530 correxerit,
1794 1479 1972 1534 quam
2005 1479 2093 1518 re-

435 1572 581 1611 vera
612 1555 819 1610 falsam
853 1553 1258 1626 comprobavit
1287 1559 1529 1609 eventus
1561 1554 2092 1614 sententiam,ora-

436 1645 641 1700 culum
672 1643 889 1698 Christi
926 1643 999 1698 de
1033 1641 1253 1712 templo
1294 1642 1534 1696 nonnisi
1564 1643 1624 1696 in
1661 1640 1866 1696 mundi
1895 1641 2011 1695 fine
2037 1644 2095 1694 et

441 1733 550 1788 sub
588 1732 935 1787 Antichristi
969 1737 1236 1803 tempora
1269 1733 1507 1802 penitus
1554 1729 1996 1803 complendum.
2025 1733 2095 1784 At

2191 578 2372 622 omnes
2399 569 2651 637 referunt
2679 585 2743 624 ac
2767 585 2877 640 pro
2913 574 3063 623 certo
3094 567 3319 628 habent.
3354 566 3516 638 quod
3546 583 3639 622 eos
3657 583 3859 621 summa

2188 658 2245 710 vi
2273 663 2440 728 atque
2459 662 2810 714 contentione
2860 661 3164 728 ingressum
3194 659 3300 714 sibi
3333 659 3574 728 aperire
3587 665 3857 722 conantes,

2190 747 2336 815 ignis
2367 764 2396 802 e
2447 749 2653 819 templo
2704 763 2993 804 occurrens
3047 748 3350 804 inhibuit:
3403 763 3615 818 eosque
3660 750 3858 817 partim

2191 839 2396 892 exussit
2424 844 2476 892 et
2507 840 2810 908 absumpsit
2834 857 2855 902 ;
2877 840 3088 909 partim
3115 837 3433 908 praecipuis
3465 839 3722 907 corporis
3740 854 3858 907 par.

2195 927 2340 981 tibus
2373 935 2680 994 truncatas,
2710 931 2891 982 vivam
2949 929 3256 983 columnam
3317 929 3535 980 dirinz
3581 929 3858 981 adversum

2193 1024 2502 1086 peccatores
2546 1019 2986 1072 comminationis
3032 1024 3084 1072 et
3146 1017 3412 1072 motionis
3475 1018 3712 1086 reliquit
3738 1019 3858 1086 (14).

2197 1107 2312 1160 Nec
2331 1106 2408 1160 ibi
2425 1106 2605 1162 ultrix
2625 1106 3162 1174 flammaconstitit;
3181 1109 3240 1160 15
3252 1117 3284 1161 1.
3296 1108 3449 1161 Nam
3469 1105 3534 1159 in
3549 1112 3720 1175 parte
3735 1105 3860 1170 alia,

2197 1211 2332 1249 cum
2355 1195 2428 1250 ad
2458 1196 2851 1267 requirendos
2871 1212 3150 1268 eos,quos
3173 1203 3354 1251 noctu
3384 1195 3734 1267 porticuum
3765 1211 3862 1265 op-

2199 1293 2498 1358 presserat
2521 1288 2714 1352 ruina,
2731 1287 3070 1359 primaluce
3086 1291 3536 1342 concurrerent
3557 1285 3746 1341 Judaei
3767 1302 3780 1351 ;
3802 1301 3863 1340 ex

2201 1375 2326 1431 inde
2344 1375 2600 1446 quadam
2625 1382 2684 1432 et
2704 1393 2940 1433 camera
2969 1376 3233 1432 inferiori
3276 1377 3447 1431 inter
3477 1376 3749 1448 porticus
3771 1373 3863 1429 de-

2192 1466 2386 1538 jectas
2412 1465 2640 1521 aditum
2683 1465 2962 1532 habente,
2998 1467 3058 1521 in
3083 1482 3200 1536 qua
3230 1465 3617 1520 ferramenta
3638 1465 3860 1534 aliaque

2201 1557 2367 1628 Operi
2391 1557 2730 1612 necessaria
2757 1555 3479 1620 recondebautur,subito
3503 1555 3720 1625 globus
3741 1555 3862 1625 qui-

2203 1645 2339 1701 dam
2371 1645 2525 1718 ignis
2557 1646 2802 1702 emicuit
2825 1663 2839 1712 ;
2861 1646 2960 1717 qui
2993 1663 3100 1718 per
3115 1646 3386 1701 medium
3423 1646 3644 1717 platem
3668 1645 3862 1700 decur-

2203 1751 2362 1796 rens,
2395 1735 2624 1790 adustis
2673 1735 3146 1806 exanimatisque
3205 1735 3304 1806 qui
3347 1735 3614 1789 aderant
3641 1732 3862 1795 Judais,

443 1822 736 1893 templum
770 1821 843 1876 ad
874 1820 1132 1877 Judaicze
1159 1821 1467 1893 religionis
1499 1837 1642 1876 usus
1669 1836 1974 1892 nunquam
2003 1820 2091 1874 in-
2133 1839 2177 1904 Β
2207 1825 2366 1882 ultro
2393 1825 2662 1898 citroque
2684 1825 3178 1892 ferebatur.Quod
3207 1826 3460 1898 quidem
3495 1826 3740 1886 iterum,
3767 1841 3861 1878 sai-

453 1911 844 1969 staurandum
883 1919 1044 1966 certo
1079 1912 1378 1967 afﬁrmare
1407 1917 1653 1983 poterat.
1677 1928 1746 1966 ex
1771 1911 2102 1966 innumeris

453 2009 582 2058 tum
605 2003 817 2058 veteris
849 2008 975 2057 tum
1008 2019 1171 2056 novas
1205 2003 1350 2072 legis
1381 2001 1928 2072 vaticiniis,quibus
1945 2005 2109 2055 aiter-

457 2109 538 2148 na
557 2092 786 2162 antiqui
819 2091 1057 2146 fmderis
1090 2091 1391 2164 abrogatio
1414 2096 1473 2146 et
1503 2091 1908 2150 commutatio.
1949 2096 2008 2145 et
2038 2088 2112 2144 ad

464 2181 648 2236 ilnem
678 2197 866 2251 usque
897 2181 1109 2236 mundi
1142 2181 1425 2236 duratura
1471 2181 1696 2236 Judaici
1747 2179 1951 2252 populi
1983 2179 2113 2234 sine

464 2269 793 2325 sacerdotio
827 2270 1242 2340 sacrificioque
1276 2269 1568 2341 dispersio
1627 2268 2112 2340 portendebatur.

463 2362 587 2426 Quo
612 2361 767 2425 fit,ut
793 2376 986 2430 neque
1009 2361 1071 2413 in
1105 2359 1440 2415 millenario
1469 2359 1684 2414 Christi
1709 2375 1890 2428 regno
1921 2373 2116 2412 asser-

463 2455 584 2504 tam
617 2447 688 2502 ab
719 2447 1164 2518 Apollinaristis
1195 2448 1400 2518 templi
1422 2452 1480 2500 et
1499 2453 1764 2503 veterum
1795 2445 2115 2502 sacrificio-

464 2552 598 2592 rum
639 2535 1158 2602 instaurationem,
1193 2553 1363 2606 aaquo
1417 2536 1618 2591 animo
1677 2539 1880 2591 Patres
1911 2534 2117 2590 audire

469 2625 794 2697 potuerint.

544 2716 632 2770 63.
667 2715 870 2786 Cyrilli
895 2715 1242 2770 vaticinium
1265 2732 1385 2770 non
1425 2715 1638 2770 fefellit
1669 2720 1931 2771 eventus.
1975 2717 2120 2771 Nam

477 2803 862 2875 subsequenti
897 2811 1069 2860 nocte
1101 2822 1232 2877 qua;
1265 2805 1338 2860 ad
1370 2805 1781 2878 incipiendum
1813 2822 1961 2876 opus
1995 2806 2120 2876 jam
2157 2845 2162 2850 η

475 2895 602 2950 sola
631 2893 894 2949 restabat
922 2895 1140 2965 (Rufini
1173 2895 1365 2950 verbis
1397 2902 1534 2950 utor
1564 2895 1668 2952 lib.
1704 2913 1742 2958 ι,
1772 2913 1822 2952 c.
1847 2897 2123 2965 38),terrz

474 2991 650 3040 motus
679 2987 870 3054 ingens
899 2986 1168 3052 oboritur,
1200 2991 1250 3040 et
1289 3002 1399 3042 non
1428 2988 1604 3042 solum
1632 2988 2125 3056 fundamentorum

475 3091 614 3130 saxa
645 3077 805 3145 longe
855 3075 1070 3146 lateque
1111 3075 1433 3146 jactantur,
1491 3093 1680 3132 verum
1738 3079 1908 3132 etiam
1963 3079 2126 3132 totius

476 3163 583 3218 loci
630 3181 772 3234 pene
827 3165 1068 3233 aedificia
1113 3165 1558 3236 complanantur.
1605 3168 1858 3222 Porticus
1905 3183 2120 3238 quoque

471 3253 732 3325 publicae,
763 3256 824 3308 in
849 3255 1047 3323 quibus
1099 3255 1418 3310 Judzorum
1459 3256 1782 3323 multitudo,
1814 3274 1936 3329 qum
1967 3259 2124 3328 operi

477 3343 770 3399 videbatur
790 3345 1059 3410 insistere,
1093 3346 1485 3400 commanebat.
1521 3347 1595 3401 ad
1622 3347 1795 3402 solum
1855 3347 2124 3409 deductae.

479 3449 659 3488 omnes
686 3433 906 3488 Judseos
932 3434 1031 3504 qui
1059 3436 1264 3504 reperti
1293 3441 1420 3489 sunt
1451 3452 1784 3506 oppressere.
1818 3437 1932 3508 (13)
1961 3439 2126 3490 Post-

480 3539 660 3595 quam
691 3531 888 3579 motus
917 3530 1090 3580 terra:
1120 3527 1479 3597 conquievit,
1533 3529 1632 3599 qui
1655 3532 2008 3599 supererant
2029 3528 2127 3582 Ju-

482 3614 757 3682 diei,cum
780 3615 1156 3687 imperatoris
1173 3617 1474 3672 mandatis
1496 3617 1712 3688 quibus
1735 3634 1941 3689 parere
1964 3618 2130 3673 nefas

481 3709 608 3761 erat
633 3707 977 3777 pressi,tum
1004 3707 1341 3778 complaciti
1375 3709 1572 3780 cperis
1603 3709 1950 3781 perficiendi
1973 3708 2132 3764 desi-

482 3793 648 3850 derio
672 3797 1200 3857 stimulati.rursus
1235 3797 1455 3854 instare
1490 3799 1767 3870 Operi.Ac
1789 3797 1930 3853 dum
1955 3798 2137 3853 denu—

483 3885 624 3942 dare
655 3886 1132 3953 fundamenta,et
1160 3888 1458 3944 {ediﬁcare
1491 3895 1803 3961 apparant,
1827 3886 2133 3944 metuendi

485 3973 863 4029 ﬂammarum
883 3975 1254 4048 globi,prope
1278 3977 1672 4034 fundamenta
1699 3995 1769 4033 ex
1800 3977 2138 4041 Ammiano,

491 4061 578 4116 vel
601 4079 670 4117 ex
683 4062 1251 4134 fundamentisipsis
1273 4067 1603 4122 secundum
1626 4068 2136 4137 Chrysostomum,

481 4152 918 4208 Theodoretum
962 4170 1029 4208 ac
1087 4153 1495 4223 Sozomenum,
1537 4155 1764 4210 crebris
1816 4154 2140 4210 assultibus

485 4248 868 4313 erumpentes
901 4243 1222 4312 (Ammiani
1245 4244 1438 4300 verbis
1468 4251 1604 4301 utor
1652 4245 1755 4301 lib.
1788 4261 1930 4300 xxm
1961 4245 2140 4315 init.),

483 4334 663 4399 fecere
684 4331 862 4387 locum
893 4335 1100 4389 exustis
1144 4335 1444 4405 aliquoties
1495 4337 1851 4406 operantibus
1906 4338 2140 4392 inacces.

484 4438 604 4478 sum
625 4437 649 4487 ;'
667 4423 803 4478 adeo
831 4431 894 4479 ut
908 4424 1172 4495 plurimis
1199 4426 1535 4496 fodientium
1556 4429 1909 4498 consumptis.
1961 4428 2146 4482 ceteri

487 4517 631 4584 fuga
653 4515 888 4570 salutem
919 4531 1243 4586 comparare
1272 4519 1452 4572 coacti
1478 4519 1590 4572 sint
1633 4516 1816 4572 Iidem
1851 4517 2018 4591 ignes
2074 4534 2145 4574 ex

493 4604 912 4674 Chrysostomo
936 4604 1164 4676 lapides
1195 4607 1374 4662 etiam
1397 4606 1510 4661 loci
1541 4605 1706 4662 illius
1735 4607 2138 4678 combussere,

491 4710 640 4766 quos
671 4695 954 4750 nimirum
972 4699 1143 4750 terrae
1161 4712 1414 4767 quassus
1435 4701 1607 4753 nocte
1623 4713 1745 4752 non
1776 4703 2137 4754 excusserat.

493 4785 599 4848 Qui
650 4790 768 4839 tum
810 4786 1024 4854 fugere,
1069 4787 1143 4840 ad
1187 4785 1568 4856 propinquam
1619 4787 1919 4858 quamdam
1974 4787 2138 4851 eccle-

489 4875 628 4930 siam
651 4880 1040 4944 perrexerunt,
1067 4875 1282 4946 partim
1312 4875 1586 4943 orationis
1614 4893 1798 4943 causa,
1825 4880 2056 4948 partim,
2078 4883 2142 4932 ut

489 4967 550 5020 in
580 4965 848 5036 ejusmodi
877 4965 1038 5022 rebus
1061 4965 1313 5022 accidere
1340 4967 1497 5033 solet,
1521 4983 1582 5021 eo
1613 4967 1761 5037 quod
1808 4954 2156 5038 oﬂ'erebatur

493 5056 566 5110 ad
586 5055 826 5125 periculi
845 5055 1323 5126 propulsationem
1351 5061 1582 5112 utentes.
1612 5057 1762 5124 Quid
1803 5057 1878 5112 iis
1919 5056 2142 5112 factum

493 5143 716 5199 referre
746 5145 938 5214 pergit
969 5147 1380 5200 Nazianzenus.
1414 5146 1574 5206 Sunt,
1608 5147 1821 5218 inquit,
1845 5149 1944 5218 qui
1971 5164 2058 5202 eos
2076 5164 2144 5202 ne

495 5250 529 5288 a
560 5233 760 5302 templo
791 5234 1013 5302 quidem
1041 5235 1302 5291 admissos
1349 5237 1518 5304 fuisse
1569 5243 2025 5300 commemorent;
2054 5236 2144 5293 sed

495 5339 616 5377 cum
646 5322 720 5376 ad
770 5329 993 5392 apertas
1037 5325 1184 5390 fores
1241 5327 1602 5392 accessissent,
1651 5333 1874 5399 repente
1931 5327 2146 5384 easdem

495 5411 707 5468 clausas
784 5412 1110 5482 pessuloque
1193 5415 1453 5471 obductas
1519 5417 1816 5488 offendisce
1896 5417 2148 5488 potentia

571 5575 680 5646 (13)
713 5573 960 5637 Sozom.,
987 5573 1091 5630 lib.
1119 5591 1244 5646 ην,
1265 5593 1316 5632 c.
1341 5580 1430 5632 21.

571 5645 682 5711 (14)
712 5647 867 5720 Naxi.
901 5651 1046 5720 orat.
1080 5649 1134 5706 4.
1168 5645 1235 5720 p.
1259 5653 1381 5704 111.

575 5720 684 5790 (15)
717 5717 936 5789 Rufin.,
961 5718 1064 5776 lib.
1090 5736 1131 5792 ι,
1151 5717 1202 5777 c.
1234 5723 1324 5778 39.

2213 1917 2466 1987 piusque
2499 1921 2558 1970 et
2587 1916 3072 1988 frequentissime
3131 1933 3236 1988 per
3291 1922 3486 1971 totam
3520 1915 3688 1971 illam
3723 1913 3862 1969 diem

2215 2004 2627 2060 continuatum
2659 2007 2790 2075 (16).
2827 2007 3097 2060 Socrates
3129 2004 3294 2060 aliud
3354 2005 3700 2077 prodigium
3731 2002 3867 2072 ignis

2218 2111 2248 2148 e
2281 2093 2427 2150 carlo
2461 2093 2685 2166 delapsi
2719 2101 2922 2150 narrat
2962 2112 2974 2162 ;
3019 2095 3142 2166 qui,
3184 2111 3318 2149 cum
3357 2095 3654 2166 frequens
3684 2108 3870 2147 conve-

2218 2184 2408 2238 nisset
2435 2185 2510 2239 ad
2523 2185 2847 2256 spectanda
2861 2191 2946 2240 tot
2958 2190 3253 2240 monstrat
3275 2185 3634 2240 Iudaeorum
3650 2182 3874 2238 mulitu-

2222 2273 2319 2340 do,
2354 2275 2425 2328 iis
2483 2274 2878 2346 praesentibus
2909 2275 3111 2330 omnia
3159 2274 3453 2346 opificum
3489 2274 3874 2328 instrumenta

2223 2362 3164 2435 consumpsit,ma|leos.scalpra,
3197 2379 3468 2428 secures,
3505 2363 3716 2427 ascias,
3745 2365 3828 2415 etc
3856 2400 3869 2420 ς

2224 2469 2340 2524 quo
2371 2453 2432 2507 in
2467 2452 2744 2508 incendio
2777 2457 2936 2508 totus
2967 2452 3095 2508 dies
3147 2453 3500 2524 insumptus
3545 2458 3654 2508 est.
3687 2451 3866 2520 Neque

2223 2542 2320 2598 hic
2351 2543 2563 2597 divinas
2595 2543 2698 2598 iraa
2730 2542 3160 2599 demonstratio
3182 2542 3557 2614 conquievit,
3628 2557 3758 2596 cum
3795 2543 3867 2593 tot

2223 2632 2512 2705 prodigiis
2533 2632 2790 2688 necdum
2816 2633 3058 2688 rebellis
3091 2632 3292 2704 populi
3318 2631 3872 2704 pertinaciafrange-

2225 2728 2408 2778 retur.
2446 2721 2662 2777 Eadem
2696 2722 2858 2778 enim
2914 2729 2973 2777 et
3003 2722 3272 2794 proxime
3319 2722 3671 2794 insequenti
3695 2724 3866 2778 nocte.

2226 2812 2327 2866 lux
2357 2811 2421 2866 in
2453 2811 2599 2866 caelo
2635 2810 2800 2866 stetit
2855 2827 3092 2866 crucem
3153 2811 3214 2865 in
3273 2810 3490 2866 orbem
3523 2807 3865 2870 describens,

2229 2918 2360 2972 qum
2391 2900 2650 2955 victorias
2673 2899 2954 2955 adversus
2986 2899 3201 2972 impios
3233 2917 3266 2955 a
3296 2901 3541 2956 Christo
3575 2901 3865 2969 reportata:

2230 2996 2520 3060 tropzeum
2544 2989 2832 3062 signabat(
2842 2991 2928 3056 17)
2959 2991 3038 3044 Ea
3063 3007 3226 3050 crux.
3245 3005 3313 3044 ex
3331 2989 3697 3062 Theophane
3720 2985 3869 3041 Chro-

2228 3096 2410 3149 nogr.,
2447 3095 2577 3150 pag.
2619 3081 2710 3142 44,
2743 3079 3086 3151 aGolgotha
3114 3079 3188 3134 ad
3220 3085 3496 3135 montem
3541 3091 3726 3148 usque
3770 3071 3869 3129 Oli-

2236 3185 2441 3224 varum
2468 3174 2768 3240 protensa,
2801 3168 2989 3224 multo
3020 3168 3402 3240 splendidior
3458 3185 3550 3236 ea,
3609 3181 3734 3239 quas
3778 3157 3870 3216 sub

2239 3258 2586 3314 Constantio
2616 3257 2738 3313 visa
2758 3257 2970 3322 fuerat,
3003 3258 3279 3330 apparuit
3307 3259 3448 3330 (18).
3512 3260 3793 3313 Prmterea
3817 3248 3867 3302 in

2234 3347 2514 3404 omnibus
2571 3347 2908 3403 Iudaeorum
2959 3347 3220 3403 vestibus
3251 3348 3471 3404 inusta:
3501 3344 3774 3401 divinitus
3811 3351 3867 3392 ac

2236 3436 2598 3510 consignata)
2629 3453 2856 3503 cruces,
2890 3453 2961 3492 ex
2991 3437 3522 3504 Theodoreto,atro
3553 3434 3745 3491 colore
3772 3423 3869 3483 suf-

2237 3527 2545 3597 fusaque
2575 3524 2762 3580 nullis
2785 3525 3112 3581 lotionibus
3141 3525 3370 3581 aboleri
3407 3524 3864 3597 potuerunt,tan-

2239 3621 2434 3686 taque
2487 3614 2828 3670 tenacitatis
2856 3614 3044 3679 fuere,
3095 3620 3161 3669 ut
3189 3615 3592 3671 Nazianzenus
3623 3601 3866 3666 miraculi

2241 3710 2424 3760 testes
2450 3709 2510 3758 et
2536 3704 2806 3759 conscios
2845 3708 3052 3774 postea
3081 3701 3633 3770 contestaretur,uti
3665 3695 3866 3771 profer-

2239 3799 2380 3850 rent
2415 3798 2607 3848 vestes
2638 3809 2776 3848 suas
2804 3791 2941 3848 illas
2970 3796 3096 3848 tum
3128 3792 3408 3848 crucibus
3440 3792 3737 3865 signatas;
3763 3796 3864 3837 non

2244 3900 2364 3940 uno
2393 3882 2635 3954 quidem
2675 3883 2736 3937 in
2771 3883 2899 3938 loco
2922 3888 3252 3951 notatas,ex
3271 3883 3664 3940 Theodoreto,
3685 3874 3776 3932 sed
3807 3870 3866 3924 iis

2247 3973 2433 4046 signis
2463 3971 2926 4044 repletasAddit
2954 3979 3152 4028 autem
3174 3971 3593 4036 Nazianzenus,
3619 3963 3785 4024 simul
3813 3973 3868 4012 ac

2249 4061 2545 4134 quispiam
2573 4061 2692 4116 sive
2718 4066 3082 4127 nostrorum,
3108 4062 3231 4116 sive
3264 4067 3604 4117 exterarum
3625 4057 3870 4110 haecnar-

2248 4152 2419 4207 rabat
2431 4155 2535 4207 aut
2545 4157 2857 4206 narrantes
2881 4148 3390 4210 audiebat.statim
3410 4151 3523 4205 hoc
3545 4139 3870 4202 miraculum

2250 4242 2313 4298 in
2345 4257 2407 4297 se
2437 4241 2566 4314 ipso
2598 4241 2689 4295 vel
2719 4241 2780 4295 in
2820 4239 3012 4295 vicino
3062 4257 3169 4295 suo
3201 4240 3579 4312 perspexisse
3613 4251 3626 4290 :
3657 4232 3792 4288 adeo
3817 4226 3873 4314 ut

2251 4330 2347 4386 vel
2375 4313 2503 4404 ipse
2534 4345 2664 4386 sese
2695 4329 2997 4386 stellatum
3018 4330 3296 4402 notisque
3327 4317 3784 4388 distinctum,vel
3809 4313 3868 4368 il-

2252 4423 2378 4477 tum
2410 4422 2493 4476 ita
2522 4421 2584 4476 in
2614 4421 2983 4476 vestimentis
3004 4425 3274 4476 notatum
3306 4419 3640 4475 intueretur
3663 4430 3675 4479 ;
3697 4415 3871 4465 utom-

2251 4528 2391 4567 nem
2423 4511 2658 4566 textorii
2689 4510 2926 4566 artificii
2957 4510 3337 4582 elegantiam,
3368 4526 3438 4566 ac
3495 4517 3723 4562 summa
3749 4505 3869 4552 cura

2251 4601 2615 4656 elaboratam
2639 4599 2934 4671 picturam
2950 4604 3106 4654 notae
3129 4597 3248 4654 illas
3259 4594 3596 4654 admirabili
3618 4585 3869 4647 varietate

2253 4697 2623 4762 superarent.
2659 4691 2824 4756 Quod
2856 4691 3098 4762 quidem
3122 4694 3456 4746 monstrum
3477 4701 3596 4741 non
3629 4679 3868 4735 Hieroso-

2249 4780 2426 4851 lymis
2447 4780 2772 4842 solum.sed
2803 4779 3128 4836 Antiochia:
3159 4779 3528 4851 reliquisque
3553 4775 3613 4829 in
3645 4762 3863 4860 urbibus

2251 4871 2518 4928 evenisse
2547 4871 2772 4937 refert;
2806 4887 2914 4926 nec
2947 4870 3008 4925 in
3041 4869 3186 4926 solis
3221 4869 3341 4926 sive
3385 4866 3713 4924 Iudaeorum
3759 4860 3860 4907 sive

2251 4961 2726 5018 Christianorum
2757 4959 3040 5025 vestibus,
3073 4975 3276 5014 verum
3299 4958 3480 5013 etiam
3527 4953 3588 5008 in
3614 4941 3863 5005 altarium

2251 5052 2508 5122 mappis,
2533 5050 2724 5115 libris,
2747 5049 3098 5118 ceterisque
3121 5045 3467 5119 hujusmodi
3498 5034 3762 5098 Ecclesia)
3783 5039 3864 5079 or-

2253 5142 2575 5198 namentis.
3765 5208 3777 5212 _
3833 5201 3841 5212 ,

2325 5235 2413 5288 64.
2445 5229 2544 5286 His
2574 5229 2853 5286 omnibus
2882 5228 3169 5302 prodigiis
3215 5225 3480 5284 deterriti
3513 5233 3640 5278 cum
3679 5208 3862 5302 Judaei:

2253 5330 2381 5380 tum
2411 5320 2683 5378 Julianus
2713 5319 2840 5391 ipse
2873 5294 3364 5391 opusincmptum
3387 5313 3676 5371 dimittere
3701 5294 3862 5355 coacti

2255 5417 2414 5470 sunt.
2449 5409 2662 5466 Multos
2684 5408 3022 5465 Iudaeorum
3055 5414 3116 5463 et
3142 5420 3505 5480 paganorum
3532 5416 3597 5455 eo
3629 5391 3862 5457 ιθωροτθ

2325 5575 2440 5646 (16)
2469 5572 2717 5634 Socrat.,
2751 5570 2855 5646 lib.
2887 5587 2972 5635 III,
3003 5587 3034 5628 c
3086 5574 3173 5646 17.

2326 5645 2438 5714 (17)
2464 5646 2618 5715 Nan,
2651 5648 2782 5700 orat
2833 5645 2888 5710 4η,
2911 5660 2970 5715 p.
3006 5645 3126 5698 112.

2327 5713 2440 5794 (18)
2468 5713 2692 5787 Ruﬁn.,
2713 5732 2766 5773 c.
2798 5717 2888 5776 39.
