4052 6434
247 390 292 447 91
1692 387 2211 453 DISSERTATIO
2252 392 2302 453 Ι.
3631 408 3710 469 98

241 523 426 578 veritate
440 522 772 595 agnitaad
790 526 1248 584 Christianam
1262 525 1605 595 religionem
1619 522 1944 579 accessisse
1973 524 2026 589 Α
2056 523 2340 581 referenti
2372 527 2475 585 lib.
2504 547 2600 599 vn,
2634 549 2684 590 c.
2722 534 2808 598 30,
2863 534 3034 602 fides,
3076 540 3549 609 amphitheatrum
3576 546 3727 603 Ηίε-Δ

240 613 283 668 in
302 613 557 669 confesso
611 619 740 669 est.
787 617 1242 673 Nazianzenus
1271 616 1351 672 ait
1377 632 1558 671 omnes
1585 617 1757 684 ferme
1782 614 1944 683 quasi
2044 617 2337 688 rosolymis
2368 623 2601 689 exstrui,
2632 625 2691 677 in
2735 640 2843 695 quo
2890 642 3134 683 reversus
3166 646 3201 684 a
3236 631 3473 698 Parthis,
3509 635 3714 702 episco—

244 708 444 773 ezsigno
471 720 597 757 uno
622 711 833 774 atque
866 723 1008 763 una
1040 724 1179 763 voce
1208 707 1641 766 Chsistianorum
1662 705 1833 759 Deum
1860 705 1946 758 in-
2040 724 2165 779 pos,
2199 711 2519 779 monachos,
2572 729 2862 784 omnesque
2919 718 3039 785 ejus
3093 719 3198 773 loci
3252 727 3468 777 sanctos
3526 723 3711 778 bestiis

248 812 431 862 vocasse,
460 811 728 866 eumque
758 798 994 855 multis
1029 799 1292 854 laudibus
1328 814 1391 853 ac
1414 797 1672 870 precibus
1715 794 1943 865 placare
2047 801 2217 854 etiam
2249 807 2368 856 arte
2397 802 2638 872 quadam
2668 804 2992 862 saevioribus
3020 811 3185 876 factis
3210 811 3491 881 objiceret,
3524 819 3707 882 specta

2047 895 2237 960 reique
2270 891 2578 947 laniandos.
2636 894 2748 948 Sed
2797 894 3082 951 immania
3133 898 3236 954 illa
3285 901 3537 956 consilia
3568 908 3703 957 ante

2046 981 2223 1035 vertit
2251 982 2425 1046 Deus,
2484 982 2742 1050 Iuliano,
2799 984 2997 1041 divina
3052 986 3394 1057 clementia,
3426 992 3707 1048 vicesima

2049 1075 2215 1125 sexta
2243 1070 2400 1125 Junii
2435 1071 2706 1142 ejusdem
2737 1075 2877 1128 anni
2912 1091 2943 1129 e
2974 1075 3115 1130 vivis
3149 1077 3403 1134 sublato.

2547 1161 2760 1233 [LXIX]
2814 1164 3048 1221 CAPUT
3087 1168 3206 1221 xu.

2227 1250 2424 1319 Cyrilli
2455 1258 2610 1320 gesta
2633 1255 2835 1322 primis
2885 1255 3134 1311 Valentis
3169 1260 3526 1328 temporibus.

2121 1340 2206 1391 65.
2246 1339 2428 1394 Dulce
2459 1346 2517 1394 et
2538 1341 2877 1413 jucundum
2903 1345 3205 1414 Ecclesiae,
3232 1348 3335 1402 sed
3359 1348 3708 1405 diuturnum

2049 1442 2169 1481 non
2191 1427 2322 1495 fuit,
2341 1429 2586 1498 Ioviani,
2621 1432 2722 1502 qui
2743 1433 2978 1488 Juliano
3012 1441 3317 1505 successit,
3342 1437 3666 1509 imperium
3691 1456 3704 1507 ;

2049 1517 2101 1572 is
2130 1519 2518 1575 reconciliata
2537 1521 2818 1576 Ecclesiis
2840 1540 3001 1594 pace,
3030 1532 3419 1598 revocatoque
3452 1529 3707 1584 Athana-

2051 1610 2139 1664 sio
2170 1625 2240 1665 ac
2265 1610 2504 1682 rejectis
2536 1614 2891 1669 Arianorum
2922 1615 3204 1673 adversus
3237 1635 3371 1673 eum
3405 1620 3706 1691 supplicao

247 887 485 943 studuisse.
547 886 881 944 Plurimos
939 892 1131 945 etiam
1178 905 1285 943 non
1320 890 1380 943 in
1428 888 1645 957 longius
1673 882 1943 954 {LXVIII}

243 978 739 1045 remextrahentes,
777 981 897 1035 sed
965 980 1163 1035 eodem
1214 982 1330 1050 ipso
1378 986 1642 1050 tempore,
1673 994 1780 1050 quo
1828 978 1943 1033 ha’c

238 1069 548 1133 acciderunt,
584 1068 672 1123 ad
702 1069 1063 1125 sacerdotes
1093 1076 1308 1125 nostros
1330 1072 1711 1139 properavisse
1726 1087 1748 1133 ;
1776 1066 1945 1123 adhi-

239 1160 438 1230 bitisque
473 1159 693 1214 multis
718 1160 1028 1229 precibus
1072 1162 1131 1215 in
1178 1159 1474 1215 Ecclesiam
1502 1159 1785 1225 admissos,
1814 1158 1943 1213 sub-

238 1250 521 1305 limioribus
580 1251 911 1319 mysteriis
974 1251 1234 1315 imbutos,
1299 1264 1560 1319 sacroque
1617 1249 1945 1318 baptismate

229 1342 539 1410 puriﬁcatos
570 1354 719 1394 esse.
762 1341 841 1393 In
880 1355 960 1395 ea
1012 1354 1076 1394 re
1108 1338 1285 1393 dubio
1316 1337 1525 1410 procul
1557 1337 1804 1393 emicuit
1830 1337 1941 1407 Cy-

236 1430 342 1485 rilli
362 1430 557 1485 nostri
583 1429 894 1484 Charitas
917 1435 983 1484 et
1003 1430 1104 1500 pia
1126 1427 1501 1493 sollicitudo;
1524 1432 1590 1483 ut
1617 1444 1753 1483 cum
1776 1426 1945 1482 nulla

241 1538 326 1577 res
348 1521 419 1577 ad
448 1520 739 1593 gloriam
770 1520 1017 1576 Christi
1040 1520 1355 1586 illustrior,
1379 1520 1459 1577 ita
1481 1520 1649 1576 nulla
1678 1519 1751 1575 ad
1778 1535 1941 1575 com-

250 1611 649 1668 mendandam
673 1612 914 1684 Cyr-illi
942 1613 1006 1667 in
1029 1610 1246 1666 divinis
1270 1611 1527 1666 oraculis
1557 1610 1943 1681 ﬂdem,atque

250 1705 306 1757 in
331 1702 787 1774 ampliﬁcanda
816 1703 928 1757 Dei
952 1702 1219 1757 Ecclesia
1247 1700 1625 1756 sedulitatem
1659 1698 1946 1755 honoriﬁ-

250 1794 471 1849 centior
493 1793 887 1864 contingere
907 1792 1171 1864 potuerit
1192 1791 1401 1845 Multos
1424 1796 1622 1846 tamen
1646 1790 1943 1845 exstitisse

2051 1701 2337 1768 tionibus,
2368 1702 2644 1759 libertate
2669 1704 2919 1760 Nicaame
2945 1706 3080 1761 fidei
3105 1708 3545 1779 professoribus
3571 1709 3710 1764 red-

2050 1790 2194 1858 dita,
2220 1793 2390 1864 cujus
2424 1810 2553 1849 sese
2586 1800 2938 1850 sectatorem
2969 1796 3382 1861 denuntiabat,
3416 1800 3618 1854 omnia
3649 1800 3711 1854 in

248 1883 473 1939 Judmos
506 1883 616 1954 qui
644 1882 974 1938 increduli
999 1881 1360 1937 etobstinati
1385 1880 1736 1941 manserint,
1760 1884 1937 1934 testa-
1974 1897 2019 1962 Β
2053 1887 2271 1937 statum
2304 1883 2593 1954 Optimum
2634 1901 2913 1956 reparare
2962 1888 3270 1961 satagebat
3322 1889 3478 1943 Nihil
3504 1889 3576 1943 de
3604 1891 3715 1960 Cy—

254 1981 347 2027 tur
366 1974 857 2045 Chrysostomus
891 1977 1042 2027 orat.
1075 1973 1162 2027 45.
1200 1976 1340 2026 tom.
1375 1971 1439 2035 V,
1480 1986 1611 2041 pag.
1644 1971 1767 2023 510.
1801 1968 1938 2035 Alii,

254 2070 317 2117 ut
350 2064 530 2118 refert
554 2063 1000 2134 Ruﬁnus,cap.
1036 2063 1125 2126 39,
1159 2060 1260 2131 qui
1290 2059 1487 2132 ignem
1516 2059 1688 2114 illum
1715 2075 1786 2113 ex
1817 2057 1943 2113 aede

258 2154 521 2209 inferiori
553 2170 676 2225 per
710 2152 992 2207 medium
1025 2152 1236 2224 plateas
1284 2151 1717 2207 discurrentem
1748 2156 1808 2206 et
1837 2150 1941 2206 ob-

264 2245 389 2298 rios
403 2260 681 2315 quosque
706 2242 1077 2298 adurentem
1094 2241 1386 2307 viderunt,
1411 2257 1626 2313 pavore
1643 2241 1866 2314 ingenti
1886 2245 1944 2296 et

259 2334 663 2405 trepidatione
712 2332 1022 2394 deterriti,
1063 2331 1256 2387 solum
1286 2348 1490 2387 verum
1530 2333 1716 2387 Deum
1743 2334 1943 2387 Jesum

260 2427 561 2481 Christum
594 2425 892 2481 confiteri
926 2423 1290 2495 cogebantur
1314 2424 1502 2489 inviti,
1532 2422 1657 2489 sed,
1686 2428 1756 2478 ut
1781 2422 1946 2478 addit

268 2516 563 2582 Socrates,
588 2513 902 2570 voluntati
932 2514 1060 2585 ejus
1088 2530 1207 2569 non
1228 2513 1448 2568 idcirco
1480 2519 1793 2583 gesserunt
1823 2529 1942 2569 mo-

278 2621 437 2665 rem.
486 2605 580 2660 sed
629 2604 938 2676 opinione
983 2602 1269 2658 Judaismi
1300 2603 1601 2658 mentibus
1631 2609 1946 2675 antecepta

267 2695 518 2750 omnino
548 2695 932 2750 tenebantur
972 2693 1217 2748 astricti.
1269 2695 1524 2749 Eventus
1555 2693 1656 2747 ille
1687 2694 1836 2748 tanti
1868 2693 1943 2749 ad

256 2784 521 2854 gloriam
538 2784 772 2840 Christi
793 2789 856 2839 et
872 2782 1179 2855 religionis
1201 2783 1330 2852 eius
1353 2783 1660 2838 veritatem
1684 2800 1945 2838 momen-

254 2878 323 2934 ti.
362 2894 476 2949 per
495 2894 559 2931 se
592 2874 999 2941 incredibilis,
1031 2879 1150 2929 tam
1185 2874 1389 2929 multis
1418 2891 1488 2930 ac
1518 2873 1732 2929 diversi
1764 2892 1944 2948 gene-

252 2967 342 3021 ris
368 2967 630 3023 testibus
655 2965 1150 3023 conﬁrmatumut
1174 2964 1222 3018 si
1250 2963 1427 3019 fidem
1457 2963 1787 3020 detrectare
1809 2965 1943 3036 quis

254 3058 432 3117 velit,
465 3058 623 3112 nihil
654 3056 763 3111 ille
793 3056 939 3111 certi
999 3054 1217 3109 habere
1274 3054 1464 3126 possit
1492 3055 1554 3109 in
1599 3055 1865 3111 historia.
1902 3057 1944 3110 Ε

250 3147 634 3202 Christianis
669 3145 1084 3200 testimonium
1116 3144 1316 3199 ferunt
1346 3145 1556 3209 sancti,
1585 3162 1840 3215 quorum
1872 3146 1945 3201 fi-

2054 1973 2191 2029 rillo
2223 1974 2296 2029 ab
2318 1974 2620 2031 historicis
2643 1976 2745 2031 illo
2769 1982 3036 2049 tempore
3058 1980 3357 2050 proditum
3381 1981 3512 2052 (20).
3542 1980 3715 2036 Nulla

2055 2062 2185 2133 ejus
2212 2064 2435 2119 mentio
2467 2064 2529 2118 in
2563 2065 2816 2137 supplici
2849 2066 3053 2122 libello
3076 2085 3111 2124 a
3134 2070 3347 2124 Basilio
3369 2073 3708 2142 Ancyrano,

2054 2152 2306 2225 Sylvano
2334 2154 2606 2210 Tarsensi
2640 2160 2699 2210 et
2728 2156 2993 2227 quinque
3042 2157 3177 2213 aliis
3207 2175 3241 2213 a
3272 2160 3525 2214 concilio
3557 2161 3711 2215 Con—

2057 2243 2588 2314 stantinOpolitano
2612 2244 2883 2316 dejectis,
2911 2251 2968 2300 et
2993 2246 3199 2302 eadem
3224 2265 3341 2319 qua
3369 2249 3624 2319 Cyrillus
3646 2249 3709 2304 in

2055 2348 2234 2388 causa
2256 2334 2648 2401 versantibus,
2670 2335 3013 2407 imperatori
3033 2337 3230 2392 oblato
3251 2356 3264 2405 ;
3286 2355 3401 2409 quo
3425 2339 3714 2411 rogabant

2056 2425 2122 2475 ut
2143 2426 2200 2475 et
2222 2422 2620 2478 Seleuciensis
2642 2425 2880 2481 concilii
2904 2426 3142 2483 decreta
3164 2433 3562 2495 manerent,et
3583 2445 3714 2499 quae

2056 2510 2143 2566 eis
2174 2512 2474 2567 contraria
2496 2512 2650 2569 facta
2672 2520 2846 2570 erant
2866 2515 3315 2589 abrogarentur,
3340 2525 3398 2573 et
3418 2519 3718 2574 Anomosis

2055 2599 2265 2671 pulsis,
2301 2601 2414 2673 ipsi
2449 2603 2509 2657 in
2543 2605 2825 2660 ecclesias
2857 2604 2928 2660 ab
2953 2606 3038 2661 eis
3071 2606 3329 2673 invasas,
3357 2624 3560 2663 eorum
3584 2608 3716 2663 loco

2058 2688 2503 2746 inducerentur.
2533 2694 2610 2748 De
2636 2711 2702 2748 eo
2725 2694 2902 2750 etiam
2928 2695 3139 2751 siletur
3160 2697 3221 2751 in
3244 2698 3497 2753 concilio
3517 2698 3714 2753 Antio-

2056 2779 2245 2835 cheno
2278 2797 2418 2836 ann.
2453 2784 2577 2850 363,
2610 2783 2671 2837 in
2703 2800 2840 2855 quo,
2874 2784 3126 2841 ducibus
3175 2786 3406 2842 Melelio
3439 2792 3498 2842 et
3526 2789 3711 2843 Euse-

2056 2868 2155 2925 bio
2180 2870 2601 2934 Samosatensi.
2626 2874 2911 2944 prmsules
2930 2877 3187 2947 amplius
3206 2880 3362 2943 25,et
3382 2877 3507 2948 ipse
3531 2877 3711 2932 etiam

2056 2961 2305 3016 Aeacius
2336 2978 2469 3017 cum
2500 2964 2787 3034 Eutychio
2820 2965 3433 3038 Eleutheropolitano,
3464 2966 3714 3037 aliisque

2058 3049 2326 3121 ejusdem
2360 3052 2674 3123 provincia:
2706 3053 2949 3109 factioni
2983 3072 3101 3110 sum
3135 3055 3471 3129 conjunctis
3493 3056 3715 3126 episco-

2058 3138 2169 3210 pis,
2204 3140 2499 3196 Nicaenam
2531 3141 2711 3198 ﬁdem
2733 3143 3159 3215 approbarunt,
3185 3150 3243 3199 et
3263 3161 3463 3200 vocem
3494 3145 3717 3201 consub-

253 3238 403 3292 dem
439 3254 509 3293 ac
540 3235 1071 3309 perspicacitatem
1102 3250 1379 3290 accusare
1424 3234 1666 3290 sceleris
1697 3242 1803 3292 est.
1839 3237 1945 3291 Fa-
1982 3244 2026 3312 ρ
2064 3231 2343 3285 Stantialis
2370 3234 2515 3301 (21);
2552 3247 2619 3286 eo
2653 3232 2813 3303 quod
2839 3250 2945 3288 vox
2977 3234 3081 3289 illa
3112 3252 3244 3306 quae
3277 3235 3586 3290 nonnullis
3616 3252 3719 3307 pe-

255 3334 435 3383 ctnm
462 3329 837 3397 eodem,quo
860 3326 1124 3398 contigit,
1147 3326 1239 3381 vel
1260 3326 1533 3397 sequenti
1554 3343 1712 3382 anno
1735 3326 1952 3383 refere-
2066 3319 2305 3389 regrina
2336 3320 2704 3387 videbantur,
2736 3339 2771 3377 a
2803 3323 3075 3378 Patribus
3096 3340 3233 3379 vera
3263 3325 3572 3395 errorique
3603 3340 3725 3380 non

258 3418 373 3473 bat
400 3418 743 3491 Gregorius
779 3417 1193 3480 Nazianzenus,
1244 3432 1449 3471 eorum
1495 3417 1596 3487 qui
1644 3418 1866 3472 conscii
1901 3423 1960 3473 et
2066 3407 2325 3465 obnoxia
2346 3410 2839 3482 interpretatione
2862 3413 3082 3469 donata
3103 3419 3298 3483 esset;
3330 3420 3396 3468 ut
3422 3414 3725 3487 signiﬁca-

262 3513 464 3562 testes
495 3508 748 3562 fuerant
778 3505 956 3561 ﬁdem
1006 3505 1334 3578 appellans.
1368 3507 1823 3579 Chrysostomus
1855 3508 1956 3579 qui
2063 3504 2230 3554 retur
2258 3499 2471 3555 Filium
2505 3516 2572 3556 ex
2605 3502 2939 3558 substantia
2968 3504 3156 3559 Patris
3178 3504 3466 3577 genitum.
3491 3502 3719 3559 eidem-

267 3615 399 3653 non
434 3599 499 3653 in
532 3615 658 3652 uno
693 3596 799 3651 sed
832 3596 893 3650 in
922 3596 1196 3667 pluribus
1227 3612 1477 3668 operum
1509 3613 1752 3652 suorum
1787 3598 1953 3666 locis,
2066 3605 2180 3659 que
2213 3589 2540 3645 secundum
2575 3591 2969 3648 substantiam
3019 3594 3275 3649 similem
3309 3611 3458 3653 esse.
3492 3599 3720 3648 remoto

268 3687 559 3742 eamdem
596 3685 913 3741 historiam
948 3686 1184 3758 regerit,
1208 3702 1333 3741 rem
1363 3692 1499 3741 ante
1526 3703 1721 3742 annos
1750 3688 1954 3760 viginti
2066 3679 2262 3733 omnis
2280 3680 2538 3735 carnalis
2555 3682 2959 3753 generationis
2981 3683 3140 3737 vitio.
3167 3683 3424 3754 Cyrillus
3447 3683 3724 3738 Hieroso-

272 3778 612 3850 contigisse
640 3776 821 3831 refert
849 3795 861 3842 ;
892 3791 1003 3831 nec
1033 3775 1275 3831 senibus
1323 3775 1516 3831 solum
1551 3777 1651 3831 sed
1685 3783 1744 3832 et
1766 3778 1957 3833 maxi-
2064 3768 2243 3840 lymis
2275 3768 2485 3841 agebat
2515 3771 2799 3840 paciﬁce:
2854 3770 3154 3841 refertque
3205 3772 3474 3826 Socrates
3507 3771 3608 3825 lib.
3644 3788 3721 3840 ιν,

273 3884 383 3921 me
408 3867 739 3939 juvenibus
770 3871 972 3921 notam
1005 3871 1065 3921 et
1090 3866 1468 3921 manifestam
1498 3867 1600 3933 ait,
1633 3883 1702 3922 ac
1732 3867 1957 3923 nudata
2067 3875 2116 3913 c.
2152 3862 2203 3923 1,
2237 3859 2434 3929 ipsum
2462 3859 2633 3913 initio
2657 3859 2923 3913 Valentis
2946 3860 3204 3931 imperii,
3227 3860 3339 3916 hoc
3372 3866 3462 3914 est
3490 3861 3720 3928 an.364,

277 3957 353 4009 in
407 3956 819 4011 testimonium
865 3954 1259 4011 fundamenta
1304 3956 1584 4028 appellat.
1628 3958 1829 4027 Hujus,
1860 3958 1955 4012 in-
2065 3947 2391 4003 ECOleSiam
2424 3948 3026 4020 Hierosolymitanam
3059 3950 3343 4005 tenuisse.

280 4048 423 4115 quit
451 4049 585 4116 (19).
618 4048 701 4100 rei
733 4063 842 4100 nos
878 4062 1085 4101 omnes
1136 4051 1316 4101 testes
1345 4062 1569 4101 sumus.
1606 4046 1955 4103 Ambrosius
2134 4039 2221 4092 66.
2255 4038 2531 4093 JOVianus
2563 4038 2783 4109 quippe
2814 4044 2986 4093 nocte
3019 4056 3151 4110 quae
3182 4039 3474 4094 decimam
3494 4044 3721 4095 sextam

286 4135 452 4190 idem
490 4140 709 4191 factum
746 4135 925 4191 refert
956 4136 1124 4208 epist,
1159 4137 1248 4202 40,
1285 4136 1504 4207 scripta
1541 4152 1697 4191 anno
1731 4137 1854 4201 388,
1890 4154 1950 4192 η,
2062 4127 2364 4182 Februarii
2397 4128 2554 4183 diem
2586 4133 2676 4184 est
2718 4128 3008 4189 insecuta.
3044 4128 3238 4185 subita
3277 4134 3467 4184 morte
3499 4147 3719 4200 praere-

292 4228 367 4278 1-2
391 4245 405 4291 :_
432 4227 521 4280 his
555 4226 847 4281 accedunt.
867 4226 1113 4281 Ruﬁnus
1138 4226 1199 4280 in
1231 4226 1783 4298 Hierosolymitanis
1806 4226 1953 4282 locis
2061 4222 2197 4289 ptus
2229 4222 2337 4273 est.
2374 4217 2830 4273 Valentinianus
2857 4217 3091 4273 delectu
3129 4219 3388 4274 militum
3421 4236 3720 4274 summam

284 4315 400 4370 diu
420 4323 688 4372 versatus
714 4333 727 4381 ;
762 4315 1184 4381 Theodoretus,
1210 4316 1308 4386 qui
1331 4316 1477 4370 vixit
1504 4332 1625 4371 non
1655 4317 1865 4387 procul
1888 4317 1950 4370 in

286 4406 492 4476 Syria;
530 4406 823 4462 Socrates.
858 4405 961 4476 qui
994 4405 1119 4460 hmo
1149 4406 1419 4461 omnium
1464 4405 1623 4461 fama
1651 4405 1954 4462 celebrata,
2062 4413 2292 4464 mense,
2326 4396 2420 4451 die
2452 4396 2739 4451 nimirum
2785 4396 2975 4452 Martii
3025 4399 3094 4452 28
3145 4404 3485 4453 consortem
3518 4397 3726 4454 ascivit

284 4493 502 4559 fuisse,
538 4502 598 4551 et
627 4495 701 4550 ad
746 4512 919 4551 aures
974 4495 1189 4550 Iuliani
1248 4496 1587 4567 pervenisse
1621 4501 1946 4563 memorat;
2062 4486 2300 4557 imperii
2326 4486 2629 4543 Valentem
2653 4486 2891 4542 fratrem
2916 4504 2928 4553 ;
2955 4488 3069 4542 ευίι
3095 4495 3394 4544 reservato
3420 4488 3532 4543 Sibi
3554 4487 3725 4543 0εοῖ-

286 4584 675 4652 Sozomenus,
703 4585 802 4657 qui
836 4602 941 4640 suo
965 4590 1229 4657 tempore
1260 4584 1445 4641 fuisse
1478 4585 1581 4652 ait,
1615 4584 1717 4657 qui
1744 4585 1855 4641 hoc
1875 4585 1948 4641 ab
1980 4604 2026 4668 Β
2061 4575 2259 4631 dentis
2289 4576 2565 4649 imperio,
2597 4576 2856 4632 Orientis
2880 4577 3214 4648 provincias
3236 4578 3527 4651 regendas
3558 4594 3721 4632 com-

285 4673 437 4745 ipsis
484 4675 917 4746 spectatoribus
977 4674 1385 4741 audivissent;
1445 4691 1557 4730 nec
1612 4674 1730 4729 alia
1759 4676 1947 4746 quam
1980 4665 2014 4668 ⁷
2058 4666 2240 4722 misit.
2268 4665 2506 4734 Valens,
2531 4666 2650 4722 sive
2672 4672 2991 4737 antequam
3014 4666 3089 4722 ad
3112 4668 3432 4739 imperium
3449 4667 3717 4739 perveni-

284 4771 573 4835 oportere
605 4764 967 4831 testimonia,
988 4769 1205 4836 praeter
1236 4763 1367 4835 ipsa
1392 4763 1611 4819 rudera
1639 4769 1699 4819 et
1727 4764 1947 4836 imper-
2059 4756 2388 4821 ret,hzeresi
2406 4756 2533 4827 jam
2565 4755 2782 4810 Ariana
2805 4756 3247 4812 contaminatus
3274 4763 3331 4812 et
3351 4757 3423 4812 ab
3449 4758 3709 4835 Eudoxio

280 4853 427 4910 fecti
461 4856 657 4927 operis
688 4854 968 4927 vestigia;
1004 4871 1073 4909 ex
1101 4853 1337 4909 Arianis
1377 4852 1811 4925 Philostorgius
1842 4854 1946 4910 lib.
2057 4846 2387 4918 baptizatus
2410 4851 2586 4907 esset,
2608 4862 2740 4916 quas
2758 4845 3014 4900 Socratis
3038 4847 3397 4901 existimatio
3420 4846 3710 4914 estlib.1v,

280 4963 388 5011 τηιν
420 4964 584 5003 ηῃηι·
617 4950 649 5002 9
685 4952 746 5002 ει
776 4946 864 5000 14,
898 4944 1157 5001 Tandem
1208 4962 1277 5000 ex
1324 4944 1569 5017 paganis
1598 4945 1949 5001 Ammianus
2058 4951 2186 5006 cap.
2220 4938 2269 5001 1,
2303 4934 2423 4989 sive
2454 4938 2661 5004 postea
2694 4939 2946 4998 tantum,
2981 4939 3046 4987 ut
3095 4933 3279 4987 refert
3307 4932 3712 4987 Theodoretus

286 5038 666 5094 Marcellinus
687 5036 795 5093 lib.
823 5052 985 5102 xxm,
1009 5051 1068 5089 n.
1097 5038 1144 5088 1.
1169 5034 1312 5089 Cum
1337 5050 1471 5089 vero
1494 5033 1654 5088 idem
1686 5034 1945 5090 Ammia-

2058 5024 2163 5078 lib.
2198 5041 2274 5087 1v,
2301 5040 2351 5078 c.
2389 5025 2475 5087 l2,
2508 5022 2581 5078 ab
2634 5021 2803 5078 Albia
2851 5022 3155 5077 Dominica
3185 5038 3367 5077 uxore
3398 5026 3714 5090 corruptus

286 5144 406 5181 nus
436 5133 705 5184 eventum
743 5124 898 5180 illud
946 5123 1020 5179 ad
1068 5141 1201 5179 eum
1244 5139 1470 5179 annum
1501 5128 1947 5193 commemoret,
2059 5118 2119 5167 et
2147 5112 2220 5168 ad
2251 5113 2501 5168 Arianas
2530 5117 2729 5184 partes
2778 5111 3102 5166 translatus
3155 5111 3250 5177 sit,
3292 5117 3469 5183 atque
3500 5112 3572 5167 ab
3607 5110 3716 5167 Eu-

290 5233 410 5287 quo
451 5219 721 5275 juuanus
773 5213 1021 5270 tertium
1071 5212 1281 5268 consul
1324 5212 1438 5267 fuit,
1478 5228 1613 5267 cum
1647 5212 1946 5276 Sallustio,
2060 5202 2236 5258 doxio
2267 5201 2616 5274 baptizatus,
2653 5218 2723 5256 ex
2774 5200 3134 5272 Hieronymo
3166 5201 3228 5256 in
3260 5202 3528 5259 Chronico
3559 5218 3717 5257 anno

285 5320 433 5364 anno
454 5310 555 5365 363
580 5305 736 5364 illud
760 5301 1109 5372 consignari
1133 5317 1378 5356 necesse
1409 5305 1518 5355 est.
1548 5300 1765 5372 (Iyrillo
1791 5317 1948 5356 mar-
2059 5292 2273 5347 Christi
2296 5294 2422 5360 367,
2447 5292 2519 5347 ab
2543 5292 2688 5363 ipSiS
2706 5296 2906 5345 tamen
2932 5290 3168 5362 imperii
3192 5292 3539 5364 primordiis
3565 5292 3718 5347 Aria-

279 5398 683 5474 tyn‘igmﬁam
751 5389 988 5462 eripuit
1043 5405 1201 5444 mors
1260 5387 1530 5460 ejusdem
1569 5387 1949 5459 imperatoris
2058 5381 2155 5436 nis
2184 5381 2572 5449 commodior,
2623 5378 3062 5474 catholicisque
3112 5379 3380 5474 iniquior
3435 5380 3566 5474 fuit.
3601 5380 3713 5435 Sed

258 5468 603 5566 paulo'post
636 5483 1006 5545 subsecuta.
1044 5479 1419 5551 Praeceperat
1447 5477 1629 5545 enim,
1665 5477 1711 5532 si
1745 5477 1949 5533 Orosio
2059 5476 2194 5542 post
2223 5476 2583 5544 reportatam
2615 5484 2645 5523 e
2680 5468 2961 5539 Procopio
2992 5473 3248 5540 tyranno
3272 5470 3579 5525 victoriam
3611 5486 3707 5525 an.

307 5644 417 5711 [19)
453 5644 619 5697 Orat.
658 5640 691 5687 εί
733 5629 883 5711 adv.
921 5622 1080 5691 Iud,
1111 5627 1152 5678 t.
1184 5625 1228 5692 Ι,
1257 5640 1391 5711 nov.
1423 5623 1589 5711 edit,
1623 5640 1682 5677 n.
1725 5622 1802 5711 I‘l'.
2134 5616 2245 5689 ζ21)
2280 5613 2482 5679 Iidem,
2516 5610 2657 5666 ibib.

450 5695 728 5775 socrat.,
791 5699 914 5755 lib.
974 5712 1055 5763 ιιι,
1102 5712 1231 5767 cap.
1281 5699 1391 5762 25;
1445 5697 1692 5761 Sozom.,
1741 5695 1841 5750 lib.
1874 5713 1950 5764 γι,

232 5809 282 5846 c.
314 5794 368 5849 4.

2060 4323 2261 4361 rerum
2292 4307 2574 4378 capessiit.
2602 4311 2670 4361 26
2702 4308 2927 4363 mensis
2969 4309 3236 4380 ejusdem
3264 4326 3278 4377 ;
3314 4325 3553 4379 unoque
3586 4313 3724 4380 post
3824 4322 3833 4329 ‘
