4052 6374
478 386 560 446 99

1771 376 1874 436 DE
1917 372 2104 435 VlTA
2147 372 2211 434 8.
2259 373 2590 440 CYRlLLl.

3766 389 3862 449 ιοο

483 521 611 583 366,
640 517 1019 590 maximeque
1054 519 1192 590 post
1237 517 1580 586 susceptum
1626 527 1723 567 an.
1766 511 1868 564 367
1913 506 1986 564 ab
2015 506 2134 562 Eu-
2165 506 2216 572 Α
2317 511 2405 564 68.
2437 511 2696 587 Contigit
2715 515 2826 571 hoc
2848 531 3097 573 annonx
3118 531 3273 590 pene
3297 515 3702 592 episcoporum
3721 519 3858 578 dele-

482 609 655 665 doxio
699 608 1084 680 baptismum,
1143 603 1488 680 gravissime
1538 602 1600 657 in
1653 600 1793 656 Asia
1843 598 2126 672 primum,

479 699 695 756 deinde
728 699 1064 766 Palaestina,
1097 703 1231 770 post
1257 697 1396 752 etin
1427 695 1562 750 aliis
1594 693 1827 766 imperii
1860 689 2128 763 partibus

479 790 799 846 Ecclesiam
834 788 1063 844 afﬂixit.
1099 787 1253 859 Nihil
1285 785 1360 841 ad
1391 785 1676 857 Cyrillum
1717 783 1931 838 attinet
1961 781 2126 835 Lam-

475 896 762 951 psacense
779 879 1298 934 exemi-Arianorum
1315 893 1420 931 seu
1436 873 1982 930 Maccdonianorum
1994 885 2130 924 con-

479 969 706 1036 cilium,
743 969 1010 1040 quamvis
1038 984 1072 1022 a
1103 965 1439 1038 conjunctis
1486 969 1623 1020 ante
1653 962 1715 1016 in
1748 960 1956 1016 eadem
1987 973 2124 1013 cum

475 1059 604 1130 ipso
631 1075 809 1114 causa
838 1057 1134 1130 episcopis
1189 1055 1553 1111 celebratum
1597 1055 1731 1124 (22).
1764 1050 1835 1106 Hi
1863 1065 1939 1104 an
1997 1050 2121 1113 365,

474 1147 737 1204 Valentis
769 1147 1064 1220 permissu
1088 1147 1476 1217 Lampsacum
1508 1141 1948 1202 convenientes,
1974 1153 2124 1209 pras-

471 1237 656 1292 missa
671 1237 921 1292 duorum
944 1235 1238 1292 mensium
1252 1233 1968 1298 deliberatione,statuere
1982 1229 2125 1282 Acta

470 1327 707 1383 concilii
733 1326 1374 1397 Constantinopolitani
1399 1340 1578 1396 opera
1602 1340 1669 1379 ac
1699 1320 1896 1376 studio
1928 1313 2121 1373 Acacii

469 1422 529 1472 et
557 1417 808 1472 Eudoxii
841 1417 1070 1473 sancita
1097 1415 1439 1488 abroganda
1470 1430 1598 1469 esse
1625 1429 1639 1468 :
1685 1408 2123 1484 explodendam

469 1506 606 1561 ﬂdei
637 1506 959 1563 formulam
993 1506 1476 1570 Ariminensem;
1523 1502 1803 1560 standum
1835 1499 2026 1573 [LXX]
2060 1497 2121 1552 in

463 1615 604 1653 voce
633 1599 832 1654 similis
860 1597 1208 1666 substantiae,
1240 1597 1316 1653 ad
1346 1595 1696 1652 servandam
1728 1605 2121 1666 personarum

465 1685 915 1742 distinctionem
965 1687 1344 1743 necessaria:
1381 1685 1702 1741 tenendam
1731 1683 1792 1738 in
1843 1679 2121 1737 omnibus

465 1776 748 1832 Ecclesiis
769 1776 1202 1849 professionem
1227 1776 1650 1832 Antiochenam
1671 1774 1732 1828 in
1751 1770 2005 1828 concilio
2028 1770 2123 1824 Se-

461 1863 752 1922 leuciensi
799 1866 1235 1922 confirmatam.
1290 1866 1687 1920 Decreverunt
1733 1867 2022 1934 prmterea
2051 1863 2118 1912 ut
2148 1878 2196 1944 Β

461 1955 635 2027 ejecti
658 1973 764 2028 per
784 1957 951 2012 nefas
974 1957 1048 2012 ab
1074 1957 1369 2012 Anommis
1393 1953 1656 2028 episcopi
1676 1951 1958 2008 ecclesias
1981 1965 2118 2004 suas

460 2045 832 2117 reciperent;
859 2063 926 2101 ac
950 2047 998 2101 si
1022 2046 1155 2117 quis
1177 2044 1460 2101 adversus
1481 2044 1743 2114 aliquem
1766 2058 1836 2096 ex
1860 2040 1978 2095 illis
2001 2038 2121 2110 epi-

463 2135 662 2206 scOpis
689 2136 1131 2191 accusationem
1172 2132 1622 2208 proponendam
1653 2131 1920 2198 haberet,
1951 2135 2019 2184 ut
2047 2143 2118 2184 ea

457 2223 534 2278 lis
565 2241 764 2280 coram
797 2225 1094 2298 episcopis
1144 2224 1463 2296 provincia:
1511 2229 1571 2278 et
1618 2221 1912 2280 finitimis.
1944 2233 2118 2288 mque

456 2311 588 2387 lege
619 2331 686 2370 ac
717 2315 844 2386 pari
876 2314 1237 2370 accusatoris
1285 2320 1344 2368 et
1389 2311 1646 2369 accusati
1679 2309 1944 2382 periculo
1971 2307 2116 2362 diri-

456 2410 742 2458 meretur.
777 2404 1100 2459 Eudosium
1125 2401 1340 2458 deinde
1362 2407 1422 2457 et
1446 2401 1640 2457 socios
1661 2399 1723 2454 in
1739 2400 1841 2471 jus
1861 2398 2113 2453 citavere

454 2493 820 2563 poenitentiae
848 2493 1046 2548 locum
1067 2492 1151 2547 eis
1172 2489 1627 2557 oﬂ‘erentes.Qui
1653 2505 1786 2544 cum
1808 2503 1931 2542 non
1951 2503 2110 2542 com-

459 2581 825 2652 paruissent,
859 2581 1140 2637 adversus
1183 2581 1460 2636 Acacium
1508 2586 1568 2635 et
1619 2576 1944 2635 Eudoxium
1977 2582 2106 2632 tan-

457 2685 637 2740 quam
662 2671 800 2742 jure
833 2677 1242 2727 exauctoratos
1289 2669 1480 2725 tulere
1527 2667 1903 2725 sententiam.
1938 2666 2111 2722 Nulla

456 2759 660 2830 Cyrilli
694 2776 831 2830 pars
862 2761 923 2814 in
945 2761 1038 2815 his
1061 2760 1314 2816 decretis
1337 2759 1519 2815 fuisse
1545 2757 1796 2814 videtur.
1817 2758 2107 2824 Quoniam

455 2853 656 2904 tamen
680 2848 1008 2906 dubitabile
1031 2857 1290 2916 est,num
1313 2849 1540 2920 aliquid
1556 2849 1631 2905 ad
1648 2849 1818 2903 illum
1837 2865 1904 2904 ex
1929 2848 2108 2918 hujus

455 2938 694 2993 concilii
741 2939 1129 2996 consectariis
1182 2940 1496 3012 pertineat,
1545 2939 1674 2994 haec
1703 2954 1814 2994 nos
1844 2936 2108 3010 Oportuit

445 3025 706 3082 breviter
719 3029 1030 3101 attingere.

517 3119 606 3170 67.
636 3117 849 3173 Acacio
873 3118 1220 3173 Caesariensi
1243 3117 1402 3174 haud
1425 3118 1646 3174 dudum
1671 3121 1806 3188 post
1828 3117 2102 3186 Lampsa-

2237 599 2394 670 gatio
2425 602 2691 669 Romam,
2726 611 2784 659 et
2812 623 2918 678 per
2953 605 3179 679 legatos
3214 621 3348 662 suo.a
3383 609 3716 682 conjunctio
3741 626 3854 666 cum

2238 689 2503 746 Romano
2534 694 2818 764 pontifice
2852 695 3121 751 Liberio:
3173 714 3323 768 quos
3367 697 3526 754 inter
3553 714 3682 754 cum
3726 715 3855 756 unus

2236 777 2492 849 Cyrillus
2513 789 2908 856 computetur,
2931 801 3106 856 quem
3137 785 3310 841 multi
3335 786 3611 842 eumdem
3633 804 3755 844 cum
3775 805 3860 844 no-

2238 872 2359 923 stro
2383 871 2752 940 existimant;
2777 873 3045 946 aliasque
3065 891 3272 931 eorum
3297 875 3600 948 principes
3620 878 3858 950 ejusdem

2236 956 2378 1012 olim
2409 976 2602 1016 causa;
2634 963 2916 1019 societate
2959 965 3266 1036 conjuncti
3294 983 3432 1022 cum
3463 965 3854 1037 Hierosolymi-

2234 1050 2374 1102 tano
2403 1048 2620 1121 Cyrillo
2650 1051 2893 1119 fuerint,
2923 1053 3099 1124 hujus
3119 1055 3206 1110 rei
3239 1054 3553 1112 historiam
3584 1057 3853 1128 prmterire

2235 1135 2346 1191 hoc
2375 1136 2506 1194 loco
2540 1156 2660 1196 non
2687 1157 3029 1213 possumus,
3051 1143 3388 1217 indagaturi
3417 1151 3622 1218 postea
3649 1145 3851 1200 aliusue

2232 1240 2269 1279 a
2289 1233 2494 1284 nostro
2523 1245 2599 1285 an
2631 1230 2788 1287 idem
2819 1230 3000 1287 fuerit
3026 1233 3283 1304 Cyrillus
3315 1233 3440 1300 ille,
3470 1235 3639 1306 cujus
3660 1249 3852 1290 nomen

2233 1313 2392 1370 inter
2419 1318 2748 1392 episcopos,
2780 1321 2855 1377 ad
2885 1339 3036 1394 quos
3079 1323 3232 1379 datm
3257 1330 3399 1380 sunt
3429 1324 3638 1380 Liberii
3666 1324 3851 1380 littera

2230 1405 2543 1475 reperitur.
2577 1410 2726 1466 Dum
2762 1410 2973 1466 Valens
3019 1411 3178 1468 bello
3223 1412 3506 1469 adversus
3537 1412 3849 1485 ProcOpium

2232 1494 2554 1566 detinetur,
2585 1499 2988 1556 Macedoniani
3034 1502 3135 1574 qui
3180 1519 3340 1558 anno
3372 1503 3674 1576 superiore
3703 1502 3851 1558 Lam-

2231 1586 2392 1657 psaci
2426 1588 2746 1644 concilium
2778 1589 3172 1659 celebrarant,
3198 1592 3351 1648 nihil
3383 1593 3495 1648 sibi
3523 1607 3848 1666 magnopere

2231 1675 2564 1734 timendum
2590 1679 3030 1737 existimabant.
3080 1683 3194 1753 (25)
3245 1683 3464 1738 Verum
3515 1682 3738 1738 sublata
3763 1696 3846 1736 an.

2229 1767 2354 1834 366,
2377 1769 2446 1822 28
2469 1769 2623 1837 Maii,
2648 1771 2919 1844 Procopii
2943 1771 3281 1843 tyrannide,
3305 1779 3642 1828 metuentes
3661 1789 3730 1827 ne
3749 1772 3846 1826 Eu-

2229 1854 2442 1911 doxius
2489 1857 2918 1930 imperatorum
2967 1866 3030 1917 et
3069 1860 3398 1918 familiares
3449 1863 3572 1918 suis
3611 1859 3848 1934 partibus

2226 1945 2594 2014 conciliaret,
2627 1949 2870 2022 suisque
2899 1949 3270 2007 adversarios
3295 1951 3614 2008 calumniis
3643 1965 3846 2023 preme-

2225 2039 2334 2104 ret,
2369 2043 2617 2093 conatus
2647 2039 2778 2111 ejus
2804 2044 3157 2110 prmvertere
3182 2045 3242 2096 et
3265 2043 3413 2097 Acta
3441 2040 3676 2097 concilii
3706 2040 3847 2096 Lam-

2225 2125 2466 2195 psaceni
2496 2128 2757 2200 Augusto
2789 2127 3126 2201 signiﬁcare
3173 2135 3552 2187 statuerunt:
3584 2131 3797 2202 ipsique
3822 2143 3846 2183 e

2223 2211 2441 2286 [LXXI]
2474 2214 2722 2272 Thracia
2745 2219 3063 2273 revertenti
3087 2219 3245 2292 apud
3269 2219 3612 2276 Heracleam
3640 2217 3844 2275 obviam

2223 2302 2392 2358 ﬁunt.
2424 2304 2539 2360 Sed
2564 2305 2984 2378 imperatorem
3007 2313 3067 2364 et
3089 2307 3318 2365 aulicos
3347 2309 3722 2366 offenderunt
3733 2307 3842 2382 jam

2220 2393 2448 2450 artibus
2477 2395 2724 2451 Eudoxii
2750 2403 3088 2470 occupatos.
3118 2397 3256 2454 Illos
3279 2401 3444 2455 enim
3465 2400 3716 2473 primum
3734 2397 3848 2452 hor-

2218 2489 2376 2540 tatus
2406 2501 2480 2541 ne
2511 2485 2584 2542 ab
2614 2487 2878 2543 Eudoxio
2908 2487 3442 2562 disjungerentur:
3496 2506 3629 2545 cum
3658 2486 3740 2543 illi
3765 2501 3846 2541 re-

2217 2580 2552 2647 pugnarent
2579 2580 2640 2630 et
2661 2573 2932 2632 fraudem
2955 2575 3017 2630 in
3041 2577 3298 2632 concilio
3329 2571 3843 2648 ConstantinOpoli-

2217 2667 2356 2719 tano
2386 2663 2623 2733 factam,
2647 2681 2968 2736 eversaque
2990 2665 3070 2720 ibi
3095 2666 3492 2724 Seleuciensis
3515 2664 3739 2723 concilii
3760 2661 3842 2719 de-

2215 2759 2376 2808 creta
2401 2753 2734 2826 objicerent
2769 2753 3070 2823 Eudoxio;
3119 2754 3530 2813 inflammatus
3560 2751 3841 2812 iracundia

2207 2841 2391 2914 jussit
2414 2843 2478 2899 in
2506 2844 2781 2900 exsilium
2803 2845 2912 2912 ire,
2935 2861 3264 2916 eorumque
3287 2846 3573 2903 ecclesias
3591 2845 3718 2902 aliis
3737 2847 3838 2898 tra-

2214 2931 2271 2987 di
2303 2933 2436 3004 (26).
2489 2933 2751 2989 Concilio
2797 2932 3014 2990 deinde
3071 2935 3434 2992 Arianorum
3466 2931 3838 2992 Nicomediam

2213 3021 2459 3085 indicto,
2492 3039 2759 3094 praesens
2789 3023 2940 3096 ipse,
2989 3029 3153 3080 metu
3211 3025 3408 3082 exsilii
3467 3033 3526 3081 et
3575 3024 3838 3081 bonorum

2210 3113 2676 3182 confiscationis,
2706 3114 2955 3169 invitum
2981 3120 3039 3169 et
3058 3115 3423 3172 renitentem
3445 3115 3735 3172 Eleusium
3763 3125 3841 3166 co-

444 3221 621 3262 cense
651 3207 971 3261 concilium
1001 3207 1119 3263 vita
1164 3207 1366 3264 functo
1407 3223 1544 3263 ann.
1592 3209 1695 3262 365
1729 3211 1977 3261 exeunte
2010 3202 2100 3258 vel
2128 3247 2173 3316 α
2211 3202 2329 3276 egit
2359 3219 2566 3258 eorum
2625 3202 2998 3276 dogmatibus
3055 3205 3358 3260 assentiri.
3413 3206 3522 3272 Qui
3575 3203 3839 3278 pmnitens

444 3295 545 3316 nea
605 3297 710 3316 Inn\
754 3297 1001 3316 Πᾼμμειιηκ
1066 3299 1142 3316 ηιξ
1206 3315 1229 3316 η
1255 3315 1259 3316 ,
1281 3298 1291 3310 ⁸
1317 3314 1348 3316 Α
1374 3315 1383 3316 κ
1437 3298 1448 3308 ⁸
1478 3315 1489 3316 γ
1582 3313 1597 3316 Α
1623 3314 1636 3316 _
1686 3312 1717 3316 __
1739 3295 2094 3316 _L1l!_-2.__---
2208 3291 2344 3316 ιδ-Αιε
2369 3292 2632 3316 Π---2---...
2658 3310 2708 3316 __
2728 3310 2928 3316 _--_--__
2953 3295 3245 3316 _._-__:__.
3282 3296 3406 3316 ---Ἰᾉ
3425 3313 3508 3316 ___
3539 3295 3720 3316 t_-_---
3743 3293 3834 3316 ,ιι-ιι

441 3295 571 3361 366,
603 3297 714 3367 (23)
753 3297 1008 3368 Cyrillus
1061 3299 1146 3352 uti
1205 3298 1528 3369 primarius
1575 3313 1644 3353 ac
1685 3295 2098 3351 nobilissimus

442 3385 760 3455 provinciae
810 3385 1125 3458 epiSCOpus
1173 3387 1303 3458 ejus
1339 3387 1618 3443 Ecclesiae
1671 3402 1872 3441 curam
1906 3385 2094 3440 susci-

439 3474 697 3545 piens,ei
725 3475 850 3530 sedi
877 3476 1298 3533 Philumenum
1323 3477 1642 3549 quemdam
1665 3477 2096 3548 imposuit.Quo

437 3562 527 3618 vel
551 3571 763 3634 sponte
785 3582 846 3620 se
865 3565 938 3620 ob
959 3565 1162 3623 turbas
1179 3566 1494 3622 addicante
1505 3566 1594 3621 vel
1609 3582 1713 3638 per
1733 3564 2094 3620 contrariam

435 3650 758 3709 factionem
807 3654 1064 3722 sublato,
1097 3656 1421 3728 Eutychius
1471 3654 2094 3726 Eleutheropolitanus

439 3759 619 3814 quem
649 3746 966 3801 continuas
989 3763 1124 3802 cum
1147 3746 1365 3818 Cyrillo
1389 3746 1724 3803 exercuisse
1747 3744 2093 3800 inimicitias

437 3831 712 3906 legimus,
746 3841 848 3890 aut
876 3835 1065 3907 ipsius
1095 3836 1314 3892 mortui
1345 3836 1545 3902 factio,
1577 3835 1862 3908 Cyrillum
1889 3850 2092 3905 quem-

438 3919 573 3978 dam
601 3924 900 3979 seniorem
919 3925 972 3979 ei
995 3925 1274 3982 Ecclesiae
1296 3925 1579 3997 praefecit.
1608 3927 1731 3981 Non
1764 3925 1900 3980 tulit
1929 3925 2090 3996 inju-

436 4010 588 4064 riam
619 4012 872 4081 Cyrillus
896 4031 910 4079 ;
944 4013 1049 4067 sed
1069 4014 1364 4069 Gelasium
1390 4016 1611 4070 sororis
1632 4029 1754 4068 sum
1783 4013 2084 4082 tilium,vi«

427 4115 562 4154 rum
595 4101 876 4156 omnibus
900 4103 1186 4158 virtutum
1209 4109 1268 4158 et
1286 4103 1574 4159 doctrinm
1606 4103 1974 4159 ornamentis
1996 4103 2084 4158 in-

429 4188 680 4260 signem,
714 4191 886 4262 pulso
911 4193 1268 4264 cognomine
1301 4195 1647 4265 episcopum
1677 4191 2007 4248 constituit.
2029 4192 2085 4246 Is

425 4275 529 4332 diu
560 4278 764 4334 sedem
795 4295 917 4335 non
948 4281 1162 4337 tenuit.
1199 4283 1342 4358 Nam
1382 4299 1499 4354 quo
1533 4289 1799 4354 tempore
1831 4281 2086 4353 Cyrillus

419 4366 548 4438 ipse
584 4369 846 4424 Valentis
864 4371 1280 4442 persecutione
1303 4372 1610 4439 exsulavit,
1629 4388 1786 4428 anno
1816 4378 1884 4428 ut
1910 4378 2084 4444 puta-

418 4473 575 4525 mus,
607 4459 734 4527 367,
768 4459 969 4516 Ariani
1018 4477 1219 4518 rerum
1279 4462 1501 4518 domini
1554 4461 1802 4536 depulso
1849 4462 2079 4518 Gelasio

417 4545 696 4602 Euzoium
729 4565 759 4604 e
792 4567 898 4606 suo
930 4568 1106 4625 grege
1151 4551 1213 4607 in
1265 4553 1617 4609 Caesariensi
1652 4553 1791 4608 sede
1822 4554 2076 4610 colloca-

413 4642 594 4696 runt:
630 4639 731 4710 qui
765 4645 884 4695 toto
917 4615 1133 4697 deinde
1165 4642 1432 4698 Valentis
1461 4643 1717 4716 imperio
1751 4643 2075 4700 Ecclesium
2107 4615 2155 4683 Ῑ)

415 4726 583 4782 nullo
634 4729 909 4786 turbante
968 4731 1138 4799 rexit,
1203 4737 1663 4804 corruptamque
1715 4733 1986 4807 Origenis
2018 4738 2077 4790 et

414 4817 710 4888 Pamphili
743 4818 1169 4877 bibliothecam
1200 4823 1309 4892 (24)
1347 4823 1534 4878 multo
1567 4823 1769 4878 labore
1800 4823 1863 4879 in
1883 4839 2072 4880 mem-

415 4904 621 4962 branis
653 4907 988 4966 instaurare
1029 4918 1280 4967 conatus
1311 4917 1418 4980 est,
1465 4930 1532 4969 ac
1561 4913 1750 4968 varios
1781 4913 2074 4985 multipli-

413 5011 631 5066 cesque
667 5003 971 5066 tractatus,
1007 5018 1158 5072 quos
1188 5018 1365 5057 nosse
1395 5002 1677 5074 perfacile
1711 5001 2070 5071 erat,edidit;

414 5085 518 5140 sed
548 5087 622 5142 ad
655 5096 985 5146 extremum
1035 5092 1143 5148 sub
1193 5093 1520 5149 Theodosio
1562 5095 1831 5167 principe
1865 5095 2070 5168 pulsus

411 5180 538 5242 est;
572 5177 959 5252 Gelasiusque
993 5181 1054 5236 in
1103 5199 1210 5238 sua
1240 5183 1379 5239 sede
1410 5185 1744 5250 restitutus,
1779 5199 1960 5256 quam
1991 5183 2066 5240 ad

411 5271 670 5322 mortem
701 5283 890 5340 usque
921 5270 1078 5328 circa
1106 5289 1200 5328 an.
1236 5275 1338 5329 395
1369 5273 1637 5330 retinuit.

411 5566 443 5604 ο
481 5477 594 5604 (32)
626 5481 870 5555 Socrat.,
897 5484 1004 5540 lib.
1036 5503 1108 5556 1v,
1141 5503 1270 5560 cap.
1303 5491 1335 5542 2
1366 5491 1512 5556 ett;
1565 5488 1814 5556 Sozom.,
1849 5484 1952 5542 lib.
1984 5502 2066 5558 v1,

631 5625 865 5708 Epiph.,
896 5647 1092 5698 Lxxul,
1126 5649 1184 5688 n.
1214 5633 1303 5687 37.

501 5696 574 5750 24
633 5697 898 5768 Hieron.,
929 5705 1205 5768 Cataloa.,
1236 5720 1289 5760 ο.

501 5696 597 5768 24)
633 5696 898 5771 Ηίθίοης,
929 5696 1205 5776 Catalog.,
1236 5720 1289 5760 c.
1325 5705 1450 5760 113.

2208 3291 2347 3348 facti
2368 3292 2637 3364 Cyzicum
2658 3310 2930 3348 reversus
2952 3295 3252 3366 propriam
3275 3296 3517 3368 culpam
3539 3295 3724 3352 fassus
3741 3293 3834 3354 est;

2207 3386 2264 3436 et
2288 3381 2452 3438 abire
2472 3381 2675 3438 volens
2692 3381 2884 3454 plebis
2905 3400 3028 3439 suae
3049 3383 3342 3440 charitate
3366 3392 3428 3441 et
3449 3400 3647 3442 amore
3667 3386 3838 3438 reten-

2206 3476 2319 3528 tus.
2353 3473 2464 3544 (27)
2490 3471 2896 3528 Macedoniam
2926 3489 3063 3529 vero
3104 3473 3328 3546 reliqui
3383 3469 3833 3548 impendentium

2205 3560 2500 3617 malorum
2523 3566 2702 3628 metu,
2730 3560 2802 3617 de
2823 3561 3160 3619 civitatibus
3183 3563 3307 3619 suis
3329 3564 3486 3619 alter
3505 3563 3579 3620 ad
3605 3561 3832 3618 alterum

2202 3649 2428 3723 legatos
2457 3651 2716 3716 mittere,
2738 3651 3193 3724 signiﬁcareque
3215 3652 3328 3708 sibi
3353 3651 3686 3710 necessario
3715 3661 3834 3704 con-

2198 3739 2569 3812 fugiendum,
2593 3757 2729 3796 cum
2753 3740 2828 3797 ad
2848 3740 3329 3798 Valentinianum
3349 3741 3720 3816 imperatoris
3734 3737 3834 3792 fra-

2199 3836 2372 3898 trem,
2391 3836 2518 3886 tum
2539 3830 2613 3887 ad
2637 3829 2932 3887 Liberium
2951 3832 3281 3888 Romanum
3307 3833 3651 3904 pontiﬁcem
3672 3846 3685 3884 :
3708 3841 3834 3900 quo-

2197 3939 2332 3978 rum
2353 3922 2532 3978 ﬁdem
2558 3923 2754 3994 potius
2771 3921 3464 3996 amplectendam,quam
3489 3923 3836 3996 conjungeu-

2197 4011 2357 4082 dam,
2387 4013 2473 4067 uti
2505 4010 2737 4067 volebat
2766 4011 3111 4084 imperator,
3136 4031 3270 4072 cum
3297 4015 3563 4072 Eudoxio
3590 4021 3835 4070 commu-

2195 4102 2460 4158 nionem.
2493 4101 2785 4167 Quoniam
2815 4117 2950 4158 vero
2981 4119 3102 4158 non
3149 4102 3373 4160 licebat
3401 4105 3550 4178 ipsis
3577 4103 3638 4158 in
3667 4110 3832 4156 unum

2195 4191 2789 4260 convenire,diversis
2812 4192 3206 4250 conventibus
3226 4193 3588 4267 Smyrnas,in
3609 4187 3826 4252 Pisidia,

2193 4281 2546 4354 Pamphylia
2574 4286 2634 4336 et
2663 4281 2836 4353 Lycia
2866 4281 3201 4351 celebratis,
3227 4289 3348 4339 tres
3380 4285 3443 4340 in
3473 4281 3829 4341 Occidentem

2191 4371 2416 4445 legatos
2465 4371 2730 4439 mittunt,
2775 4372 3150 4428 Eustathium
3199 4373 3612 4437 Sebastenum,
3650 4367 3831 4441 Sylva-

2191 4477 2337 4517 num
2366 4461 2717 4516 Tarsensem
2749 4476 2817 4516 ac
2867 4461 3262 4534 Theophilum
3318 4461 3823 4520 Castabalensem:

2189 4551 2406 4623 quibus
2436 4550 2499 4605 in
2533 4549 2830 4605 mandatis
2854 4549 3082 4614 datum,
3111 4567 3186 4608 ne
3209 4569 3344 4608 cum
3369 4551 3602 4608 Liberio
3625 4549 3697 4605 de
3725 4543 3827 4601 {ide

2187 4639 2638 4706 contenderent,
2673 4639 2780 4696 sed
2811 4657 2948 4696 cum
2980 4643 3247 4699 Romana
3285 4643 3551 4699 Ecclesia
3581 4648 3833 4696 commu-

2185 4731 2430 4787 nionem
2445 4729 2931 4794 ineuntes,fldem
2947 4731 3589 4789 consubstantialitatis
3600 4735 3830 4786 assensu

2185 4839 2291 4878 suo
2325 4820 2804 4893 comprobarent.
2835 4821 2936 4877 His
2963 4821 3196 4880 litteras
3228 4822 3446 4879 dedere
3480 4829 3603 4878 tum
3633 4817 3700 4875 ad
3723 4814 3826 4868 Va-

2181 4911 2585 4968 lentinianum
2619 4910 3068 4982 imperatorem,
3104 4928 3282 4983 quem
3333 4912 3394 4968 in
3447 4909 3651 4968 Galliis
3679 4899 3824 4961 bello

2180 5008 2388 5058 contra
2418 5001 2798 5057 Sauromatas
2820 5006 3175 5073 occupatum
3197 5001 3374 5074 legati
3397 5001 3562 5057 adire
3587 5012 3704 5054 non
3729 5005 3824 5064 p0-

2182 5096 2463 5160 tuerunt;
2497 5096 2624 5146 tum
2655 5089 2730 5144 ad
2777 5089 3076 5146 Liberium
3109 5092 3443 5147 Romanum
3475 5085 3824 5163 pontiﬁcem.

2178 5183 2562 5254 reliquosque
2584 5177 2924 5236 Occidentis
2945 5181 3280 5252 episcopos,
3307 5186 3514 5252 utpote
3536 5177 3636 5250 qui
3660 5171 3824 5230 ﬁdem

2179 5275 2474 5330 sinceram
2505 5274 2566 5326 et
2604 5269 2842 5325 firmam
2885 5269 2958 5325 ab
2987 5271 3276 5341 apostolis
3305 5273 3599 5332 tenerent,
3633 5268 3690 5320 et
3715 5271 3825 5332 pra

2247 5485 2361 5555 (25)
2391 5484 2642 5549 Sozom.,
2673 5479 2779 5555 lib.
2807 5497 2885 5550 v1,
2918 5499 2972 5539 c.
2997 5485 3052 5540 7.

2245 5553 2356 5628 (26)
2386 5557 2636 5630 Socrat.,
2669 5553 2774 5630 lib.
2809 5570 2885 5624 iv,
2915 5571 2968 5611 c.
3005 5556 3058 5610 6.
3172 5628 3215 5630 η
3333 5625 3358 5630 _
3609 5619 3650 5630 __

2245 5617 2354 5697 (27}
2383 5617 2632 5696 Socrat.,
2670 5623 2776 5682 lib.
2835 5617 2912 5694 iv,
2972 5641 3102 5698 cap.
3163 5628 3222 5681 lt
3254 5642 3270 5698 ;
3328 5625 3576 5692 Sozom.,
3609 5617 3712 5678 lib.
3743 5627 3813 5669 vr.

2175 5719 2228 5758 c.
2261 5703 2352 5756 10.
