4052 6402
254 375 321 437 101

1705 377 2228 445 DISSERTATIO
2275 378 2331 438 Ι.

3614 394 3731 455 102

248 511 423 566 celeris
454 511 781 587 religioni
820 519 1219 593 prospicere
1251 524 1629 577 tenerentur:
1662 523 1868 573 orante
1891 521 1957 572 ut
1987 517 2037 581 Α
2071 500 2208 567 dem
2237 527 2373 566 cum
2407 510 2737 567 Liberianis
2768 514 2995 569 tenoris
3016 532 3317 589 accepere.
3353 523 3562 580 Nonin
3595 526 3734 582 Sici-

246 601 403 674 legatis
435 603 574 658 suis
613 606 891 666 viribus
952 614 1260 668 omnibus
1305 617 1517 685 prresto
1550 615 1784 676 essent;
1817 625 1954 664 cum

248 691 348 763 ipsis
374 692 517 763 quid
566 693 763 752 factu
827 702 1172 772 optimum
1228 708 1381 758 esset
1425 701 1857 764 consultarent,
1891 703 1958 753 ut

256 788 397 837 status
426 784 747 841 Ecclesia:
788 788 867 845 in
908 793 1156 849 melius
1185 793 1611 849 restitueretur.
1650 791 1691 846 Ii
1724 790 1824 863 qui
1855 789 1955 843 lit-

256 877 363 927 teras
388 873 535 929 illas
558 876 1038 949 scripserunt,
1072 889 1214 939 sunt
1234 884 1412 938 dubio
1436 880 1643 955 procul
1667 880 1958 953 quinqua-

251 962 364 1034 ginta
388 979 632 1019 novem
672 966 778 1021 illi
815 971 1142 1044 episcopi,
1178 973 1390 1043 quibus
1421 990 1527 1044 per
1556 972 1785 1027 litteras
1817 986 1954 1024 suas

246 1052 547 1125 respondet
576 1055 926 1125 Liberius,
966 1062 1247 1118 omnium
1269 1061 1612 1119 nominibus
1642 1062 1705 1116 in
1737 1059 1953 1115 inscri—

246 1141 415 1214 ptione
450 1144 778 1216 praeﬁxis.
820 1150 1187 1206 Paucorum
1215 1157 1352 1207 nota
1384 1157 1524 1207 sunt
1545 1157 1603 1206 et
1623 1150 1868 1206 nomina
1898 1153 1958 1203 et

248 1231 411 1287 sedes.
473 1233 771 1305 Cyrillus
844 1240 1134 1296 secundo
1166 1241 1293 1297 loco
1349 1247 1736 1299 recensetur:
1799 1241 1953 1295 sitne

245 1328 418 1377 noster
448 1340 534 1378 an
571 1324 783 1393 alius,
828 1346 987 1385 mox
1020 1329 1414 1403 indagabitur.

305 1415 387 1467 69.
414 1413 627 1485 Legati
658 1423 802 1471 tres
831 1419 1100 1475 Romam
1132 1421 1361 1493 appulsi
1394 1421 1625 1476 litteras
1650 1437 1787 1476 suas
1814 1436 1955 1492 pon-

248 1501 375 1557 tiﬁci
400 1502 726 1561 obtulere.
763 1507 887 1562 Ille
914 1509 1179 1580 primum
1206 1526 1506 1583 respuere,
1531 1511 1701 1582 quasi
1724 1509 1953 1566 oblatas

258 1592 318 1648 ab
346 1593 583 1649 Arianae
620 1597 840 1667 partis
876 1599 1232 1656 hominibus
1287 1602 1388 1673 qui
1422 1603 1721 1657 Nicaanam
1772 1600 1953 1656 ﬁdem

259 1684 664 1758 abrogassent.
705 1688 833 1753 Qui
870 1706 1013 1744 cum
1034 1691 1234 1763 agnita
1258 1692 1499 1747 veritate
1532 1692 1857 1763 resipuisse
1892 1707 1953 1745 se

262 1773 539 1843 dicerent,
561 1780 1030 1834 Anomaaorum
1051 1781 1699 1853 haeresimjampridem
1720 1783 1801 1852 rej
1813 1781 1956 1835 ecis-

262 1881 343 1933 se,
364 1871 417 1919 et
437 1866 725 1922 similem
754 1868 969 1940 quoad
993 1871 1196 1925 omnia
1220 1871 1373 1926 Patri
1409 1871 1623 1927 Filium
1647 1871 1952 1927 confessos

267 1954 417 2026 quod
442 1955 607 2011 nihil
625 1973 665 2012 a
678 1959 1203 2016 consubstantiali
1230 1960 1597 2033 discreparet
1618 1978 1631 2015 :
1650 1961 1832 2033 jussit
1853 1978 1954 2017 eos

267 2045 474 2116 scripto
488 2063 677 2101 suam
694 2047 891 2102 fidem
910 2066 980 2104 ac
993 2051 1351 2106 sententiam
1372 2051 1657 2123 proﬁteri.
1704 2051 1796 2106 Illi
1812 2050 1953 2107 dato

272 2134 343 2189 ad
363 2136 913 2193 Liberiumlibello
937 2139 1263 2209 declarant,
1288 2159 1349 2196 se
1364 2140 1436 2197 ab
1463 2140 1707 2197 diversis
1733 2142 1957 2214 episco-

280 2242 479 2295 porum
497 2227 923 2282 conventibus
944 2228 1274 2300 deputatos,
1306 2236 1425 2285 tam
1448 2248 1553 2286 suo
1582 2247 1760 2303 quam
1793 2230 1952 2286 dele-

274 2316 535 2386 gantium
566 2318 838 2372 nomine
895 2317 1193 2373 Niczenam
1234 2318 1435 2387 ﬁdem,
1469 2320 1531 2374 in
1564 2337 1682 2391 qua
1709 2320 1951 2376 verbum

276 2405 809 2461 consubstantiale
850 2414 1055 2462 sancte
1088 2414 1147 2463 et
1190 2409 1285 2481 pie
1334 2410 1614 2466 adversus
1672 2410 1950 2465 Arianam

281 2493 557 2549 haeresim
588 2498 873 2567 positum
918 2498 1014 2563 sit,
1049 2504 1108 2553 et
1136 2500 1422 2568 tenuisse,
1473 2506 1531 2555 et
1562 2507 1764 2556 tenere
1794 2506 1851 2555 et
1879 2499 1954 2555 ad

293 2583 476 2638 ﬁnem
504 2602 691 2657 usque
718 2593 1087 2643 servaturos.
1123 2590 1418 2645 Damnant
1447 2591 1625 2646 etiam
1660 2591 1864 2646 Arium
1897 2596 1956 2646 et

283 2671 613 2730 doctrinam
649 2678 792 2749 ejus
829 2695 965 2732 cum
989 2677 1297 2750 discipulis
1315 2685 1372 2734 et
1393 2681 1806 2744 sectatoribus,
1831 2681 1945 2736 ha:-

268 2780 557 2835 resesque
573 2783 673 2821 om
688 2784 804 2821 nes
828 2768 1090 2827 Sabellii.
1110 2769 1951 2841 Patripassianorum,Marcio-

262 2852 591 2917 nistarum,
640 2856 1144 2913 Photinianorum
1199 2858 1442 2930 [LXXII]
1476 2861 1945 2916 Marcelliniano-

260 2957 425 3007 rum,
454 2945 625 2999 Pauli
652 2946 1100 3003 Samosatensis
1127 2965 1139 3001 :
1162 2949 1542 3005 anathemate
1564 2950 1788 3005 feriunt
1817 2951 1947 3006 doc-

260 3032 492 3088 trinam
523 3052 779 3090 omnem
814 3038 1049 3092 Nicaano
1100 3039 1354 3095 concilio
1387 3040 1822 3099 adversantem.
1855 3042 1945 3096 in-

256 3122 483 3190 primis
517 3125 975 3181 Ariminensem
1007 3127 1349 3197 formulam,
1373 3130 1468 3184 cui
1494 3146 1564 3185 ex
1595 3131 1733 3185 Nice
1764 3131 1945 3186 Thra-

259 3210 373 3264 ciae
387 3219 733 3284 apportata?
747 3216 1261 3288 Constantinopoli
1275 3218 1770 3290 subscripsissent
1790 3219 1945 3275 dolis

262 3307 324 3353 et
339 3304 474 3373 parj
488 3304 619 3357 urio
642 3304 955 3371 subducti;
973 3311 1097 3360 tum
1111 3306 1379 3379 subjecta
1394 3325 1463 3363 ex
1480 3309 1708 3382 integro
1723 3310 1943 3365 Nicaani

260 3393 516 3446 concilii
538 3393 849 3451 tlde.hanc
864 3395 922 3449 in
947 3402 1209 3452 extrema
1225 3398 1478 3470 epistola
1498 3399 1828 3455 clausulam
1850 3400 1950 3456 ad-

252 3480 693 3553 jiciunt,quod
719 3484 768 3537 si
793 3485 925 3555 quis
949 3486 1010 3539 in
1031 3491 1334 3557 posterum
1357 3487 1637 3544 adversus
1656 3490 1819 3561 ipsos
1845 3495 1949 3545 aut

264 3585 374 3624 eos
388 3573 665 3643 aquibus
690 3579 832 3627 sunt
851 3574 1359 3646 delegati,crimen
1377 3578 1619 3649 aliquod
1633 3580 1945 3635 intendere

270 3660 556 3728 voluerit,
584 3679 725 3717 cum
750 3663 1048 3733 pontiﬁcis
1071 3664 1285 3721 litteris
1310 3667 1386 3722 ad
1409 3684 1797 3740 quoscunque
1814 3687 1946 3741 pro-

268 3748 511 3805 baverit
538 3753 809 3822 pontifex
854 3754 1212 3811 orthodoxos
1266 3756 1595 3829 episc0pos,
1637 3760 1853 3829 veniat,
1888 3767 1947 3815 et

268 3838 756 3911 ipsisjudicibus
807 3860 1009 3899 secum
1058 3844 1387 3918 disceptet;
1440 3853 1501 3902 et
1542 3848 1944 3921 quodcunque

277 3931 607 3997 probatum
648 3932 829 3986 fuerit
876 3934 1126 4001 crimen,
1158 3935 1219 3990 in
1249 3942 1553 3991 auctorem
1584 3938 1936 3995 vindicetur.

272 4017 420 4074 Haec
432 4022 755 4090 sponsione
772 4022 1086 4078 obstrictos
1100 4024 1363 4081 Liberius
1375 4027 1438 4081 in
1452 4028 1938 4085 communionem

282 4110 820 4183 recepit,datisqne
846 4119 967 4167 tum
992 4130 1119 4181 suo,
1154 4120 1277 4170 tum
1307 4117 1488 4172 Italia:
1520 4122 1579 4171 et
1608 4119 1942 4174 Occidentis

281 4198 708 4270 episcoporum
746 4203 982 4258 nomine
1004 4202 1079 4258 ad
1109 4203 1450 4279 delegantes
1470 4208 1780 4278 praasules,
1815 4226 1943 4264 om-

277 4302 518 4358 nesque
540 4289 801 4345 Orientis
827 4292 1186 4349 orthodoxos
1206 4296 1516 4368 episcopos
1539 4297 1751 4353 litteris
1772 4299 1945 4354 dimi-

288 4374 397 4428 sit.
431 4380 493 4430 In
528 4377 600 4431 iis
651 4379 979 4448 gratulatur
1000 4381 1253 4437 Orientis
1276 4385 1590 4456 episcOpis,
1625 4386 1785 4457 quod
1819 4392 1942 4442 tum

276 4479 355 4516 ex
396 4482 599 4520 eorum
624 4467 838 4523 litteris
856 4469 930 4524 ad
949 4486 1010 4524 se
1033 4471 1297 4542 perlatis,
1333 4479 1458 4528 tum
1480 4491 1552 4529 ex
1579 4475 1759 4530 trium
1782 4475 1943 4548 lega-

275 4558 479 4609 torum
506 4558 874 4627 professione
898 4559 1261 4616 intellexerit
1281 4579 1382 4617 eos
1410 4569 1469 4619 et
1498 4581 1700 4619 secum
1724 4571 1783 4620 et
1802 4582 1938 4621 cum

1990 1900 2033 1964 Β

2061 602 2207 657 liam
2240 600 2457 669 solum,
2493 603 2597 658 sed
2630 602 2693 658 in
2724 603 2875 659 alias
2909 605 3088 661 etiam
3134 608 3476 669 Occidentis
3507 621 3728 685 partes,

2064 708 2165 748 eos
2186 693 2276 747 vel
2304 693 2503 763 simul,
2528 694 2617 749 vel
2641 696 2961 766 separatim
2985 698 3169 754 alium
3199 701 3259 755 in
3285 702 3463 758 aliam
3496 711 3728 776 partem

2063 782 2443 838 contendisse
2474 784 2758 839 credibile
2788 792 2879 841 est
2902 805 2915 852 ;
2951 805 3085 842 cum
3103 789 3177 845 ad
3196 792 3500 862 Tyanense
3524 796 3726 850 conci-

2062 870 2211 926 lium
2243 872 2552 927 attulerint
2583 889 2652 928 ex
2684 874 2886 929 Sozom
2928 875 3032 930 lib.
3069 895 3139 943 v1,
3175 896 3283 952 cap
3334 885 3419 943 12,
3454 900 3587 938 cum
3622 884 3723 938 Li-

2064 959 2213 1015 berii
2246 966 2305 1015 et
2335 961 2550 1017 Siciliae
2603 962 3020 1036 episcoporum
3051 968 3291 1035 litteris,
3324 971 3474 1027 alias
3518 972 3728 1038 Italiae,

2064 1051 2276 1107 Africae
2309 1058 2367 1107 et
2397 1052 2598 1108 Gallias
2630 1054 2955 1125 prmsulum
2989 1058 3218 1114 litteras
3252 1063 3387 1131 (28).
3421 1064 3729 1133 Tyanense

2065 1141 2215 1197 illud
2246 1143 2569 1198 concilium
2587 1160 2747 1200 anno
2772 1147 2875 1200 367
2902 1155 3213 1217 sequente,
3249 1167 3427 1206 verno
3462 1158 3728 1224 tempore

2065 1230 2431 1286 celebratum
2464 1237 2591 1287 est:
2624 1232 2689 1287 in
2720 1251 2837 1303 quo
2870 1238 3093 1306 recepti
3127 1238 3201 1292 ad
3235 1240 3723 1295 communionem

2063 1319 2262 1394 legati,
2282 1320 2553 1393 datmque
2577 1322 2650 1377 ad
2675 1340 2883 1379 omnes
2902 1326 3195 1382 Ecclesias
3219 1328 3431 1384 littera;
3451 1335 3517 1384 ut
3540 1345 3638 1383 eos
3659 1329 3723 1385 in

2063 1413 2549 1467 communionem
2573 1412 2979 1477 admitterent,
3003 1424 3206 1489 rogato
3233 1419 3412 1474 etiam
3433 1420 3610 1490 hujus
3635 1420 3721 1474 rei

2065 1504 2125 1555 et
2153 1502 2571 1575 suffragiorum
2603 1504 2937 1559 concordiae
2980 1505 3040 1560 in
3084 1508 3318 1579 scriptis
3352 1510 3720 1564 testimonio.

2062 1591 2309 1646 Tarsum
2342 1609 2580 1663 quoque
2629 1594 2951 1649 concilium
3011 1595 3356 1652 indixerunt
3384 1598 3458 1653 ad
3490 1604 3719 1654 certum

2063 1680 2244 1748 diem,
2278 1687 2344 1736 ut
2374 1699 2486 1753 pax
2512 1682 2790 1737 Ecclesiae
2813 1690 2869 1738 et
2891 1687 3211 1742 concordia
3242 1690 3543 1743 communi
3576 1705 3716 1743 con-

2065 1788 2243 1826 sensu
2275 1771 2662 1828 stabiliretur.
2690 1774 3023 1829 Concilium
3045 1776 3194 1831 illud
3215 1778 3501 1834 Tarsense
3534 1779 3719 1850 impe-

2065 1861 2254 1916 ditum
2277 1867 2386 1928 est,
2411 1878 2545 1916 cum
2568 1862 2640 1917 ab
2664 1862 3022 1934 imperatore
3036 1883 3141 1936 per
3161 1859 3495 1923 Eudoxium
3517 1868 3721 1924 adver-

2067 1967 2165 2005 sus
2198 1950 2535 2005 Catholicos
2562 1952 2832 2019 incenso,
2867 1960 2994 2008 tum
3016 1957 3566 2026 apertinacioribus
3590 1958 3721 2029 qui-

2063 2038 2315 2094 busdam
2349 2039 2790 2097 Macedonianis
2821 2043 3139 2115 episcopis,
3164 2047 3265 2117 qui
3297 2048 3627 2103 Antiochia)
3658 2046 3721 2102 in

2063 2129 2233 2183 Caria
2262 2129 2336 2184 ad
2365 2129 2607 2201 triginta
2639 2135 2898 2201 quatuor
2929 2135 3289 2207 congregati,
3324 2136 3720 2191 consubstan-

2062 2217 2223 2273 tialis
2252 2217 2606 2273 vocabulum
2625 2235 2931 2289 nunquam
2962 2222 3278 2278 admittere
3302 2223 3637 2293 voluerunt,
3663 2230 3723 2279 et

2061 2308 2125 2361 in
2158 2308 2527 2362 Antiocheno
2578 2308 2846 2379 symbolo
2906 2310 3187 2367 Seleuciae
3236 2316 3587 2371 confirmato
3619 2333 3717 2370 ac-

2061 2395 2369 2467 quiescere
2404 2412 2465 2450 se
2498 2397 2746 2468 professi
2775 2404 2930 2452 sunt.
2951 2400 3191 2455 Gravior
3221 2402 3435 2457 deinde
3453 2404 3715 2461 Valentis

2060 2486 2396 2557 persecutio
2430 2486 2746 2542 subsecuta
2768 2494 2875 2542 est.
2899 2488 2955 2543 Is
2978 2490 3376 2547 Asiaticorum
3406 2494 3711 2567 episcopo-

2060 2592 2192 2629 rum
2224 2575 2298 2629 ad
2332 2574 2628 2630 Liberium
2674 2576 3070 2649 delegationis
3104 2579 3239 2635 finis
3314 2582 3484 2637 Nunc
3514 2583 3713 2653 inqui-

2059 2664 2334 2732 rendum,
2368 2665 2525 2719 sitne
2553 2666 2808 2737 Cyrillus
2836 2673 3040 2722 noster
3070 2669 3169 2739 qui
3202 2671 3265 2725 in
3298 2671 3511 2727 Liberii
3556 2673 3716 2729 litte-

2058 2754 2141 2809 ris
2174 2755 2471 2809 secundus
2503 2755 2862 2827 appellatur.

2130 2848 2217 2898 70.
2244 2846 2392 2898 Eum
2424 2861 2553 2899 esse
2602 2845 2751 2899 mihi
2785 2846 3030 2901 omnino
3063 2848 3423 2918 persuadere
3454 2869 3710 2924 nequeo.

2056 2934 2334 3007 plurimis
2351 2935 2422 2991 de
2448 2936 2663 2991 causis.
2687 2938 2887 2993 Primo
2921 2955 3104 3003 enim,
3132 2941 3275 3011 quid
3300 2944 3426 2997 hanc
3448 2945 3715 3002 Romana.

2057 3026 2346 3099 delegalio
2379 3027 2455 3081 ad
2508 3027 2818 3100 Cyrillum,
2854 3029 2956 3100 qui
3007 3030 3433 3103 Hierosolymis
3466 3036 3711 3106 paciﬁce

2054 3116 2283 3189 agebat,
2318 3133 2615 3187 quemque
2651 3117 2804 3171 nihil
2843 3119 3172 3190 contigerat
3214 3128 3407 3177 metus
3451 3124 3576 3193 ille,
3608 3125 3713 3197 qui

2058 3205 2399 3278 delegantes
2426 3204 2665 3277 impulit
2694 3212 2759 3261 ut
2792 3207 3044 3279 [LXXIIIj
3074 3209 3134 3263 in
3169 3210 3489 3267 Occidente
3512 3219 3712 3285 patro-

2058 3296 2283 3350 cinium
2302 3295 2683 3366 quaererent?
2704 3296 3165 3352 Metuebantsibi
3212 3316 3245 3354 a
3266 3302 3520 3358 concilio
3546 3304 3713 3359 Lam-

2058 3385 2407 3457 psaceno,in
2426 3402 2543 3455 quo
2582 3384 2736 3439 male
2760 3387 3159 3441 multaverant
3189 3388 3518 3445 Eudoxium
3534 3408 3712 3462 quem

2057 3491 2132 3529 ne
2157 3474 2410 3547 injurias
2442 3491 2578 3529 suas
2610 3475 3003 3530 ulcisceretur
3030 3494 3150 3533 una
3182 3480 3533 3552 Procopiani
3568 3481 3710 3536 belli

2053 3568 2205 3623 ratio
2238 3573 2538 3623 remorata
2554 3573 2681 3623 erat
2704 3585 2774 3623 ex
2798 3568 2956 3623 Socr.
2989 3569 3092 3625 lib.
3122 3588 3195 3639 1v,
3229 3588 3357 3644 cap.
3392 3576 3441 3627 3.
3468 3576 3709 3630 Denun-

2058 3661 2301 3715 tiaverat
2331 3661 2418 3715 eis
2450 3660 2795 3731 imperator,
2821 3667 2887 3715 ut
2918 3678 2980 3717 se
3007 3679 3143 3717 cum
3165 3665 3428 3720 Eudoxio
3460 3668 3713 3738 conjun-

2054 3758 2262 3826 gerent
2289 3752 2458 3821 (Soz.,
2490 3751 2592 3805 lib.
2625 3768 2698 3805 γι.
2734 3769 2862 3823 cap.
2886 3754 2941 3823 7)
2968 3770 2980 3819 ;
3015 3754 3175 3823 quod
3207 3756 3433 3811 malum
3451 3763 3516 3811 ut
3546 3775 3713 3813 aver-

2055 3847 2270 3908 terent,
2302 3844 2502 3896 Romae
2537 3846 2595 3896 et
2623 3841 2782 3912 apud
2816 3840 3296 3899 Valentinianum
3322 3847 3713 3916 quaerendum

2054 3933 2401 4005 praesidium
2463 3948 2775 3987 censuere.
2831 3932 2990 3987 Nihil
3031 3934 3250 4004 Cyrillo
3302 3953 3619 3993 commune
3653 3939 3715 3993 in

2054 4025 2158 4079 illa
2184 4023 2430 4079 Eudoxii
2493 4023 2845 4089 offensione,
2880 4024 3033 4078 nihil
3083 4027 3144 4080 in
3194 4027 3315 4082 illis
3367 4030 3611 4100 Augusti
3644 4030 3715 4085 de

2052 4114 2475 4187 conjungenda
2535 4131 2671 4168 cum
2722 4113 2849 4186 ipso
2911 4116 3193 4171 societate
3252 4119 3568 4174 mandatis.
3607 4121 3708 4175 Se-

2054 4206 2273 4275 cundo,
2294 4223 2502 4261 omnes
2535 4206 2621 4260 illi
2648 4206 2908 4277 episcopi
2942 4206 3015 4261 ad
3049 4223 3180 4262 eam
3203 4210 3453 4264 Romani
3476 4210 3713 4281 imperii

2053 4301 2281 4369 partem
2295 4295 2675 4367 pertinebant
2691 4311 2869 4365 quam
2894 4312 3002 4349 nos
3018 4297 3219 4351 Asiam
3238 4298 3533 4355 minorem
3550 4316 3710 4354 nunc

2053 4386 2317 4441 solemus
2343 4385 2542 4439 dicere
2566 4402 2578 4439 :
2601 4401 2856 4455 quorum
2883 4386 3056 4441 sedes
3080 4392 3137 4440 et
3168 4389 3418 4444 nomina
3441 4389 3715 4444 novimus

2051 4480 2191 4531 sunt
2220 4492 2291 4529 ex
2314 4475 2581 4539 Thracia,
2616 4474 2814 4545 Lydia,
2848 4474 3074 4541 Cilicia,
3100 4479 3716 4551 ArmeniaCappado-

2050 4566 2162 4631 cia,
2197 4564 2441 4619 Isauria.
2476 4565 2695 4618 Eorum
2746 4570 3093 4632 conventus,
3150 4571 3298 4621 teste
3332 4567 3571 4623 Socrate
3603 4567 3708 4623 lib.

270 4644 416 4701 aliis
439 4649 777 4705 Occidentis
802 4652 1177 4723 episcOpisin
1202 4655 1411 4710 eadem
1434 4655 1550 4712 ﬁde
1572 4659 1934 4722 consentire,
1972 4638 2013 4700 Ῑ)
2045 4669 2123 4717 IV.
2154 4670 2282 4724 cap.
2334 4656 2422 4715 10.
2480 4653 2640 4707 unde
2698 4652 2772 4707 ad
2824 4653 3121 4709 Liberium
3180 4655 3413 4712 litteras
3463 4657 3704 4713 dedere-

274 4738 672 4811 monitosque
690 4741 982 4811 cupit,eos
995 4745 1544 4817 omnesepiscopos,
1560 4747 1660 4816 qui
1684 4748 1937 4803 Arimini

274 4824 422 4881 dolo
441 4834 497 4882 et
522 4828 762 4901 injuriis
783 4847 853 4885 ac
876 4830 1369 4889 subscribendum
1383 4834 1624 4891 fuerant
1643 4838 1935 4908 compulsi

264 4923 547 4973 revocata
551 4919 679 4991 jam
699 4919 1505 4978 sententiaformulamillam
1524 4924 1770 4996 impiam
1792 4942 1934 4982 ana-

269 5003 538 5062 themate
563 5008 908 5075 damnasse,
936 5016 994 5063 et
1018 5010 1251 5067 Nicenaa
1278 5011 1439 5081 ﬁdei,
1464 5030 1676 5087 magno
1700 5016 1933 5071 Arianaa

265 5093 556 5155 doctrinas
588 5100 726 5155 odio
757 5106 944 5169 atque
990 5099 1231 5156 horrore
1258 5143 1274 5169 ,
1310 5102 1756 5175 subscripsisse.
1788 5108 1936 5162 Acta

268 5181 403 5240 hac
452 5190 644 5246 Romae
696 5197 844 5246 ante
899 5190 971 5242 24
1001 5189 1364 5261 Septembris
1390 5209 1506 5264 quo
1539 5193 1632 5248 die
1665 5193 1932 5251 Liberius

266 5272 427 5343 obiit,
455 5282 736 5339 Gratiano
768 5287 834 5336 et
867 5279 1132 5351 Daglaifo
1164 5297 1342 5347 coss.,
1392 5283 1505 5338 hoc
1551 5290 1643 5339 est
1672 5301 1768 5339 an.
1804 5287 1926 5341 366.

266 5363 643 5429 Revertentes
676 5370 870 5445 legati
904 5368 968 5422 in
1000 5368 1261 5425 Siciliam
1294 5372 1794 5442 proficiscuntur:
1827 5375 1931 5430 ubi

250 5463 492 5521 concilio
519 5461 869 5540 provincia
920 5465 1240 5515 convocato
1267 5477 1337 5517 ac
1384 5460 1501 5518 fide
1532 5463 1756 5519 Nicaani
1786 5482 1931 5520 con-

232 5545 298 5608 lii
324 5559 712 5626 conﬁrmata,
748 5553 1003 5609 litteras
1044 5548 1115 5605 ab
1160 5550 1424 5608 Orientis
1451 5553 1745 5626 episcopis
1768 5556 1931 5627 ejus-

280 5720 396 5789 (28)
434 5720 656 5775 Sozam
704 5756 719 5781 ,
757 5707 890 5764 lib.
930 5720 1007 5774 γι,
1043 5720 1170 5776 cap.
1208 5705 1294 5761 12.

2049 4743 2338 4815 Smyrnaa.
2363 4743 2425 4797 in
2459 4742 2701 4809 Pisidia,
2726 4744 2973 4811 Isauria,
3002 4745 3360 4815 Pamphilia,
3390 4747 3585 4819 Lycia,
3612 4764 3710 4801 ce-

2047 4831 2280 4887 lebrati.
2315 4833 2450 4887 Haac
2480 4832 2708 4887 distant
2736 4833 2990 4888 maxime
3021 4850 3056 4888 a
3086 4834 3405 4890 Palaestina
3436 4853 3450 4901 ;
3496 4854 3607 4891 nec
3641 4851 3709 4891 eo

2047 4938 2359 4977 occurrere
2392 4921 2625 4976 videtur
2643 4923 2911 4994 potuisse
2929 4922 3207 4992 Cyrillus,
3244 4940 3377 4978 cum
3413 4925 3631 4995 raptim
3654 4928 3715 4978 et

2044 5012 2401 5067 festinanter
2429 5018 2634 5067 coacta
2656 5013 2778 5067 sint
2806 5013 2933 5067 baac
2964 5012 3238 5067 concilia.
3274 5015 3418 5067 Nam
3447 5014 3529 5069 ita
3555 5014 3709 5069 cele-

2044 5101 2190 5156 riter
2219 5107 2518 5157 transacta
2546 5118 2641 5156 res
2675 5106 2785 5166 est,
2845 5105 2910 5155 ut
2966 5100 3187 5155 mirum
3220 5102 3297 5156 sit
3330 5108 3449 5158 tam
3497 5103 3709 5159 multis

2043 5190 2221 5249 rebus
2244 5192 2388 5249 satis
2403 5192 2688 5264 temporis
2707 5190 3140 5261 suppeditasse.
3169 5193 3415 5249 Romam
3440 5193 3714 5267 pervenit

2043 5283 2259 5358 legatio
2290 5299 2411 5338 non
2443 5283 2634 5337 serius
2667 5280 3032 5350 Septembris
3064 5283 3290 5337 mensis
3323 5284 3514 5339 initiis
3542 5301 3554 5338 :
3590 5299 3701 5339 nec

2044 5374 2282 5430 decreta
2340 5378 2428 5428 est
2471 5371 2587 5426 nisi
2621 5370 2929 5441 aliquanto
2965 5375 3233 5441 tempore
3262 5380 3398 5444 post
3452 5379 3709 5428 mortem

2042 5462 2334 5533 Procopii,
2386 5478 2519 5531 quea
2575 5460 2855 5514 extremis
2887 5460 3021 5513 Maii
3079 5460 3289 5517 diebus
3350 5463 3696 5535 contigerat.

2041 5557 2186 5613 Nam
2216 5556 2505 5627 Procopio
2538 5555 2599 5609 in
2633 5551 2886 5623 Phrygia
2908 5550 3228 5621 debellato,
3250 5560 3308 5609 et
3338 5555 3561 5627 occiso,
3599 5559 3714 5613 Va-
