4052 6378
458 326 574 388 103

1753 325 1855 386 DE
1896 319 2084 383 VlTA
2131 319 2198 379 S.
2243 315 2580 379 CYRILLI.

3743 323 3838 384 {04

461 462 592 515 lens
605 458 848 514 fratrem
868 460 1115 516 Romam
1138 459 1616 532 proficiscentem
1632 460 1863 533 aliquot
1882 459 2113 516 dierum

2231 450 2333 521 qui
2363 465 2523 506 anno
2554 451 2656 504 375
2686 448 3002 518 scribebat,
3037 453 3310 507 recenset
3337 451 3641 526 episcopos
3669 457 3760 527 qui
3785 474 3842 513 eo

457 550 612 604 viam
643 549 962 604 comitatus
1013 555 1122 605 est.
1180 550 1322 606 Inde
1354 551 1406 607 ei
1439 551 1782 617 revertenti,
1817 549 2112 605 Heracleas

461 640 692 694 obviam
725 640 876 694 ﬁunt
907 641 1287 712 Lampsaceni
1339 643 1577 698 concilii
1633 643 1809 715 legati
1848 660 1861 710 ;
1897 641 2114 714 quibus

462 729 617 786 male
648 729 888 790 habitis,
921 731 1265 786 consultant
1306 733 1460 788 inter
1489 751 1550 788 se
1587 733 1872 805 episcopi.
1906 731 2115 804 legatis

466 819 524 873 in
559 819 737 873 urbes
764 819 914 874 alter
945 819 1016 874 ad
1057 820 1310 876 alterum
1345 823 1566 889 missis,
1599 823 1670 879 de
1703 821 2026 895 qumrendo
2053 821 2113 875 in

469 908 785 963 Occidente
834 909 1124 977 subsidio,
1157 917 1282 966 tum
1316 912 1376 966 in
1432 912 1678 984 privatis
1727 911 2116 967 conventibus

459 1013 610 1068 quos
641 997 702 1052 in
728 997 872 1054 locis
904 999 1159 1055 maxime
1182 999 1407 1055 dissitis
1431 1001 1755 1064 celebrant,
1781 1001 1853 1056 de
1876 1001 2114 1056 mitten-

461 1086 533 1141 da
565 1087 625 1142 in
658 1087 1038 1143 Occidentem
1069 1087 1365 1160 legatione
1399 1096 1685 1146 statuunt.
1720 1092 1845 1146 Non
1871 1095 2115 1162 potuere

464 1176 525 1230 in
553 1177 644 1231 his
667 1177 1056 1232 conventibus
1079 1178 1194 1233 nisi
1223 1179 1461 1236 ﬁnitimi
1491 1181 1753 1253 episc0pi
1787 1181 2117 1244 interesse;

465 1281 573 1320 nec
605 1265 846 1321 dissitos
875 1267 1189 1339 episcopos
1216 1269 1596 1341 exspectandi
1624 1277 1857 1343 tempus
1889 1269 2019 1337 fuit,
2054 1274 2119 1324 ut

462 1354 718 1425 Cyrillus
741 1372 772 1410 e
799 1355 1116 1412 Palaestina
1138 1358 1198 1412 in
1224 1359 1489 1414 Ciciliam
1514 1365 1571 1414 et
1591 1360 1877 1416 Isauriam
1899 1358 2116 1415 adven-

460 1449 632 1501 taret.
657 1445 873 1510 Tertio,
901 1462 976 1501 ne
1003 1463 1071 1502 eo
1099 1448 1354 1518 Cyrillus
1376 1449 1566 1504 adiret
1591 1449 1989 1521 prohibebant
2019 1465 2115 1504 oc-

465 1533 893 1604 cupationesin
927 1535 1245 1592 Palaestina
1275 1538 1328 1593 ei
1361 1555 1432 1593 ex
1487 1539 1684 1594 Acacii
1716 1545 1908 1594 morte
1939 1543 2111 1593 natm.

471 1623 616 1676 Nam
650 1623 761 1677 hoc
791 1640 949 1678 anno
1000 1625 1150 1680 duos
1182 1627 1464 1682 Cassareas
1512 1630 1733 1684 creavit
1784 1629 2116 1701 episcopos,

465 1710 1107 1785 Philumenum.eoque
1127 1715 1323 1770 statim
1338 1717 1584 1788 expulso
1600 1718 1918 1774 Gelasium.
1935 1719 2118 1784 Quar-

465 1803 545 1862 to,
579 1799 665 1853 illi
705 1816 914 1857 omnes
945 1803 1205 1874 episcopi
1239 1805 1538 1862 Niczenam
1567 1807 1746 1862 fidem
1795 1807 2105 1879 abrogave-

464 1893 880 1960 rant.quorum
905 1890 1135 1948 litteras
1159 1908 1226 1947 ea
1249 1894 1478 1950 ratione
1507 1895 1698 1966 primo
1728 1897 1993 1967 recipere
2021 1897 2118 1952 de-

465 1978 756 2034 trectabat
785 1979 1092 2036 Liberius:
1147 1983 1239 2038 cui
1291 1985 1736 2056 responderunt
1784 1987 1981 2058 legati,
2015 2003 2117 2041 eos

462 2068 662 2142 agnita
683 2071 925 2124 veritate
955 2071 1274 2143 resipuisse
1323 2075 1434 2129 Per
1455 2075 1619 2130 illam
1641 2077 1860 2132 Nicmui
1886 2076 2118 2148 symbo-

462 2158 504 2213 li
536 2159 982 2229 abrogationem
1011 2161 1385 2236 intelligebat
1413 2165 1700 2234 Liberius,
1727 2167 2115 2241 subscriptio-

461 2263 598 2303 nem
639 2250 1036 2306 confessionis
1067 2253 1422 2322 Arimensis,
1457 2272 1636 2326 quam
1669 2256 1730 2312 in
1763 2274 1870 2314 sua
1915 2258 1990 2313 ad
2018 2274 2118 2312 eos

464 2338 717 2409 epistola
747 2340 1146 2411 subscriptam
1177 2341 1250 2396 ab
1281 2342 1370 2398 eis
1401 2343 1606 2400 fraude
1640 2351 1697 2400 et
1717 2346 1978 2418 perjurio
2011 2347 2118 2402 de-

466 2427 652 2498 ceptis
683 2429 784 2482 ait.
808 2429 984 2498 Atqui
1013 2430 1300 2500 Cyrillum
1327 2431 1540 2487 nullibi
1573 2433 1816 2506 legimus
1839 2435 1978 2491 huic
2002 2435 2120 2492 for-

466 2515 643 2571 mula)
667 2517 1090 2588 subscripsisse
1115 2536 1128 2586 ;
1155 2527 1546 2593 secutumque
1565 2524 1694 2596 ejus
1715 2525 1990 2582 exsilium
2014 2543 2117 2582 an-

471 2611 710 2676 tequam
736 2623 804 2661 ea
843 2622 948 2678 per
978 2609 1310 2678 provincias
1342 2610 1692 2674 deferretur.
1724 2631 1859 2670 eum
1893 2616 2122 2672 videtur

472 2694 545 2749 ab
580 2693 688 2750 hac
715 2694 1152 2768 subscriptione
1197 2697 1503 2754 liberasse.
1540 2702 1888 2775 Quanquam
1933 2705 2123 2761 fateor

473 2783 648 2838 verba
678 2784 892 2839 Liberii
919 2785 999 2841 ita
1015 2786 1278 2859 urgenda
1301 2805 1420 2843 non
1447 2807 1598 2858 esse,
1623 2798 1688 2846 ut
1708 2809 1882 2849 nemo
1914 2811 2120 2850 eorum

467 2873 540 2927 ad
573 2891 721 2944 quos
775 2873 983 2928 scribit
1007 2891 1040 2930 a
1072 2875 1511 2948 subscriptione
1571 2880 1674 2936 illa
1706 2881 1858 2937 liber
1897 2883 2118 2952 fuerit;

471 2960 801 3033 eademque
824 2963 1055 3018 ratione
1071 2980 1188 3035 qua
1209 2966 1516 3036 Cyrillum.
1533 2970 1824 3040 quosdam
1849 2973 1909 3028 in
1932 2975 2125 3029 conci-

472 3051 551 3106 lio
582 3051 1243 3124 Constantinopolitano
1275 3055 1549 3114 absentes
1577 3060 1898 3132 depositos,
1933 3065 2032 3135 qui
2061 3065 2122 3118 in

471 3141 690 3196 litteris
709 3147 907 3197 tamen
941 3143 1157 3198 Liberii
1182 3147 1792 3218 comprehenduntur,
1817 3152 2121 3226 subscrip-

471 3228 654 3285 tionis
675 3230 855 3302 hujus
877 3231 1177 3289 immunes
1194 3238 1432 3306 agnosci
1457 3255 1630 3310 posse
1649 3246 1714 3296 ut
1732 3243 1992 3299 Neonam
2018 3244 2121 3299 Se-

463 3317 830 3376 leuciensem
857 3323 968 3394 (29)
1011 3323 1251 3391 Quinto,
1275 3342 1344 3381 ex
1365 3328 1544 3399 gestis
1567 3331 1805 3385 concilii
1850 3333 2116 3404 Tyaneu-

460 3409 542 3463 sis
577 3410 900 3482 colligitur,
935 3413 1248 3485 episcopos
1273 3415 1345 3471 de
1379 3417 1596 3488 quibus
1625 3420 1856 3487 agimus
1887 3423 2117 3479 alienos

459 3497 645 3554 fuisse
679 3516 712 3556 a
760 3503 1183 3558 communione
1235 3521 1442 3562 eorum
1490 3509 1837 3579 prmsulum,
1872 3512 1974 3583 qui
2005 3513 2115 3569 sub

457 3588 698 3643 Joviano
771 3607 892 3646 una
950 3609 1085 3647 cum
1147 3594 1380 3650 Meletio
1433 3599 2115 3660 consubstantialitatem

461 3677 722 3750 [LXXIV]
779 3689 1146 3753 receperant.
1201 3685 1443 3758 Legatos
1501 3691 1661 3745 enim
1694 3708 1898 3747 eorum
1935 3699 2113 3765 atque

466 3769 626 3841 ipsos
657 3770 729 3826 ad
783 3775 1268 3832 communionem
1300 3777 1614 3844 admisere,
1646 3788 1829 3854 utque
1861 3783 2018 3839 idem
2050 3785 2112 3840 in

458 3859 736 3916 omnibus
767 3862 1038 3918 ecclesiis
1062 3865 1230 3921 fieret
1252 3883 1356 3938 per
1377 3868 2109 3931 litterasadmonuere.At-

453 3949 558 4019 qui
595 3947 852 4020 Cyrillus
895 3953 1022 4022 jam
1072 3960 1208 4010 ante
1261 3957 1696 4016 Antiochenum
1730 3963 1838 4017 sub
1868 3964 2109 4021 Joviano

458 4037 781 4094 concilium
817 4059 874 4096 in
908 4043 1121 4098 Meletii
1157 4052 1215 4101 et
1253 4051 1734 4108 communionem
1767 4060 1824 4108 et
1850 4055 2110 4114 familia-

454 4127 693 4183 ritatem
739 4129 1036 4187 admissus
1073 4141 1222 4198 erat,
1254 4141 1319 4190 ut
1349 4137 1622 4205 vidimus,
1656 4159 1784 4213 cap.
1818 4143 1889 4212 II,
1923 4161 1982 4198 n.
2015 4148 2103 4202 59.

452 4217 554 4271 His
577 4219 855 4276 omnibus
887 4224 1255 4294 argumentis
1277 4225 1540 4282 adducor
1561 4234 1626 4284 ut
1645 4230 1830 4287 alium
1863 4250 2105 4304 prorsus

453 4323 486 4363 a
517 4313 722 4364 nostro
755 4311 1042 4384 Cyrillum
1066 4313 1127 4369 in
1163 4315 1375 4371 Liberii
1405 4317 1619 4376 litteris
1649 4327 2104 4382 commemorari

447 4395 804 4454 existimem.
831 4401 972 4467 Quis
1006 4402 1106 4460 ille
1151 4405 1228 4460 sit
1259 4409 1555 4478 coniicere
1606 4429 1946 4484 possumus,
1978 4433 2101 4472 non

447 4485 746 4576 affirmare
774 4508 787 4545 :
819 4508 1013 4564 neque
1047 4495 1208 4552 enim
1239 4499 1488 4570 Cyrillos
1519 4518 1726 4559 omnes
1753 4505 1855 4576 qui
1878 4504 1940 4560 id
1960 4511 2101 4563 mta-

449 4575 524 4630 tis
556 4575 797 4634 fuerunt
821 4582 1117 4640 novimus.
1165 4586 1358 4642 Facile
1410 4590 1716 4647 crederem
1753 4575 1922 4648 illum
1973 4611 2103 4651 esse

451 4666 737 4737 Cyrillum
783 4671 844 4726 in
886 4675 1168 4732 Armenia
1199 4677 1565 4752 episc0pum,
1601 4681 1671 4737 de
1705 4701 1822 4754 quo
1850 4685 2104 4742 Basilius

451 4756 720 4828 epistolis
769 4763 836 4815 38
895 4769 953 4818 et
989 4766 1108 4832 l87,
1144 4765 1190 4822 si
1223 4774 1523 4825 constaret
1553 4788 1691 4829 eum
1748 4772 1932 4830 fuisse
1963 4781 2103 4832 ante

452 4845 578 4902 haec
611 4852 878 4922 tempora
907 4853 1272 4912 ordinatum.

1063 4971 1297 5029 CAPUT
1335 4975 1484 5031 XIII.

451 5080 688 5166 Cyrillus
715 5086 814 5138 sub
851 5087 1085 5166 Valente
1113 5093 1357 5166 _tertium
1404 5093 1528 5148 sede
1575 5096 1820 5166 dejertus
1867 5100 2106 5155 exsulat.

681 5170 743 5207 eo
787 5157 986 5241 exsule.
1020 5161 1336 5241 Patzestinw
1365 5172 1418 5220 et
1447 5167 1507 5220 in
1532 5153 1740 5237 priinis
1785 5153 2104 5241 Hierosolth

525 5225 748 5280 mitame
780 5228 1032 5285 Ecclesia.v
1059 5239 1255 5290 status.

523 5409 610 5459 71.
645 5405 884 5464 Certum
945 5417 1034 5466 est
1087 5413 1374 5485 Cyrillum
1434 5416 1542 5474 sub
1604 5419 1848 5478 Valente
1899 5423 2107 5479 exsilio

468 5495 788 5554 multatum
831 5499 1156 5559 Ecclesiam
1189 5505 1363 5562 tertio
1393 5509 1688 5566 amisisse.
1739 5511 2110 5584 Epiphanius

523 5675 634 5747 (29)
659 5677 780 5733 Soz.
797 5677 944 5746 ,lib.’
959 5697 1036 5753 vr,
1069 5699 1213 5754 cap.
1261 5687 1348 5740 12.

2229 538 2476 612 depulso
2508 539 2833 595 Ecclesiam
2858 541 2987 612 ejus
3017 542 3350 597 tenuissent
3373 559 3388 608 ;
3408 549 3466 597 et
3484 542 3591 599 hoc
3614 550 3843 618 tempore

2227 631 2300 687 ab
2335 631 2638 687 Hilariono
2691 639 3041 703 occupatam
3075 638 3349 688 testatur.
3405 634 3776 708 Hieronymus
3801 642 3848 693 et

2225 722 2584 776 Sozomenus
2612 721 2897 793 Cyrillum
2931 729 3064 794 post
3101 722 3360 779 Valentis
3393 732 3656 780 mortem.
3687 727 3848 782 Thro-

2227 810 2393 866 dosio
2416 811 2704 883 principe,
2739 811 3068 867 Ecclesiam
3120 830 3287 869 suam
3337 831 3710 886 recuperasse
3742 822 3846 873 tra-

2227 901 2376 958 dunt
2402 921 2415 970 ;
2449 903 2732 959 amiserat
2759 903 2938 976 igitur
2969 904 3078 959 sub
3103 905 3366 961 Valente.
3388 907 3511 971 Quo
3545 914 3730 963 autem
3759 910 3848 964 Va-

2228 994 2405 1051 lentis
2439 1013 2620 1062 anno,
2637 1012 2758 1051 non
2787 997 2931 1052 satis
2955 1001 3216 1064 constat;
3251 997 3353 1053 sed
3377 1015 3512 1054 cum
3536 999 3848 1057 diuturnum

2224 1084 2405 1141 fuerit
2429 1087 2558 1159 ejus
2580 1085 2879 1154 exsilium,
2909 1103 3028 1142 non
3051 1103 3168 1142 uno
3202 1087 3306 1143 sed
3338 1087 3608 1160 pluribus
3639 1089 3849 1146 interim

2227 1177 2355 1249 ejus
2387 1177 2546 1232 sedis
2579 1177 2951 1232 invasoribus
2973 1177 3034 1231 in
3067 1177 3318 1234 historia
3351 1180 3690 1236 memoratis
3721 1197 3734 1248 ;
3764 1197 3848 1237 ex-

2228 1265 2561 1336 pulsionem
2591 1267 2718 1338 ejus
2751 1283 2871 1322 non
2903 1266 2977 1322 ad
3005 1266 3167 1322 aliud
3199 1285 3518 1340 possumus
3550 1269 3728 1341 magis
3755 1287 3848 1342 op-

2229 1361 2551 1427 portunum
2585 1361 2818 1428 tempus
2855 1372 3150 1425 revocare,
3185 1373 3365 1429 quam
3397 1356 3472 1413 ad
3502 1374 3719 1413 annum
3747 1360 3849 1425 367,

2230 1461 2346 1515 quo
2373 1444 2590 1501 Valens
2615 1445 2688 1501 ab
2715 1444 2977 1502 Eudoxio
3000 1445 3328 1519 baptizatus
3356 1448 3490 1518 (30),
3517 1446 3754 1520 singulis
3773 1464 3855 1502 cu-

2222 1532 2445 1606 jusque
2473 1534 2790 1606 provinciaa
2848 1534 3145 1608 prmfectis
3205 1535 3556 1592 mandatum
3604 1534 3773 1599 dedit,
3802 1539 3854 1589 ut

2231 1623 2508 1688 abdicati,
2540 1623 2870 1679 Constantii
2904 1623 3293 1696 temporibus,
3326 1624 3611 1697 episcopi,
3640 1624 3734 1696 qui
3763 1624 3851 1679 sub

2229 1712 2462 1768 Juliano
2495 1713 2744 1768 fuissent
2779 1713 2841 1768 in
2873 1713 3206 1770 sacerdotia
3237 1731 3345 1770 sua
3376 1714 3655 1776 restituti,
3685 1713 3850 1768 eccle-

2232 1801 2336 1857 siis
2367 1801 2830 1874 expellerentur.
2863 1804 2988 1869 Quo
3028 1803 3270 1874 quidem
3304 1803 3586 1860 mandato
3617 1804 3849 1858 Athana-

2231 1891 2353 1946 sius
2381 1890 2528 1946 abiit
2553 1891 2933 1960 Alexandria,
2965 1892 3260 1965 multique
3283 1893 3386 1948 alii
3419 1891 3689 1948 catholici
3719 1891 3853 1964 epis-

2227 1980 2358 2052 copi
2392 1979 2514 2035 suis
2545 1981 2879 2037 civitatibus
2937 1982 3136 2054 ejecti.
3171 1988 3235 2037 In
3295 1982 3390 2037 his
3423 1982 3700 2054 Cyrillum
3731 1997 3850 2036 nos-

2228 2072 2386 2122 trum
2418 2084 2734 2124 numerare
2758 2068 2913 2124 licet.
2943 2070 3085 2140 Ejus
3112 2069 3312 2125 sedem
3342 2076 3464 2126 toto
3485 2070 3587 2126 illo
3619 2077 3852 2142 tempore

2227 2163 2470 2213 tenuere
2503 2158 2828 2214 secundum
2854 2159 3178 2226 Socratem,
3212 2161 3603 2217 Sozomeuum
3629 2167 3685 2216 et
3709 2160 3850 2216 Nice-

2225 2250 2503 2321 phorum,
2557 2250 2862 2306 Heraclius
2893 2257 2952 2306 et
2983 2251 3264 2314 Hilarius.
3297 2254 3402 2325 qui
3434 2253 3591 2309 idem
3627 2258 3710 2309 cst
3735 2266 3849 2306 cum

2229 2338 2494 2395 Helladio
2525 2339 2598 2395 ab
2631 2346 2872 2396 auctore
2905 2340 3165 2414 Catalogi
3214 2342 3566 2399 Coisliniani
3607 2347 3730 2414 post
3755 2339 3850 2395 He-

2225 2427 2474 2484 raclium
2524 2429 2880 2485 nominato:
2932 2430 3259 2486 secundum
3309 2429 3844 2504 Epiphanium,Cy-

2225 2517 2396 2574 rillus
2426 2518 2577 2573 alter
2606 2537 2639 2575 a
2670 2525 2872 2574 nostro
2906 2526 2964 2574 et
2995 2519 3340 2576 Hilarionus
3377 2521 3532 2577 idem
3560 2535 3686 2576 cum
3717 2517 3852 2573 Hila-

2225 2608 2336 2663 rio.
2363 2609 2760 2682 Hieronymus
2791 2615 2926 2682 post
2951 2611 3290 2666 restitutum
3312 2611 3576 2667 secundo
3599 2608 3850 2681 Cyrillum

2227 2714 2414 2753 unum
2441 2699 2731 2756 Hilarium
2759 2699 2860 2772 qui
2911 2699 2964 2756 ei
3008 2701 3369 2756 successerit
3401 2701 3595 2758 refert.
3631 2701 3744 2766 Quo
3771 2712 3854 2754 au-

2228 2793 2350 2842 tem
2385 2788 2727 2861 migraverit
2773 2789 3029 2861 Cyrillus
3087 2789 3275 2846 altum
3309 2791 3376 2846 in
3410 2790 3656 2847 historia
3703 2787 3859 2844 silen-

2231 2877 2376 2932 tium
2403 2895 2417 2944 ;
2450 2877 2553 2933 sed
2584 2895 2722 2934 eum
2756 2877 2888 2935 loca
2919 2879 3116 2935 exsilii
3149 2880 3308 2936 varia
3340 2885 3732 2937 commutasse
3759 2873 3856 2930 col-

2230 2965 2330 3039 ligi
2364 2973 2560 3040 potest
2600 2985 2670 3023 ex
2720 2968 2958 3024 concilii
2991 2969 3639 3043 Constantinopolitani
3669 2965 3857 3030 verbis,

2231 3054 2291 3109 in
2325 3072 2441 3128 quo
2475 3057 2679 3111 Patres
2723 3055 2862 3112 dum
2913 3057 3202 3130 Cyrillum
3235 3057 3508 3128 laudant,
3543 3059 3702 3116 aiunt
3743 3067 3856 3110 eum

2235 3144 2494 3217 plurima
2525 3145 2700 3201 variis
2731 3145 2793 3200 in
2821 3143 2969 3201 locis
3000 3153 3207 3203 contra
3252 3148 3511 3206 Arianos
3566 3145 3859 3204 certamina

2235 3232 2488 3289 subiisse
2517 3251 2530 3288 :
2566 3251 2819 3306 quorum
2847 3235 3116 3291 omnium
3165 3239 3569 3294 certaminum
3598 3251 3789 3293 causas
3815 3235 3862 3287 et

2227 3322 2433 3380 modos
2464 3324 2650 3379 tacuit
2678 3323 2950 3380 historia.

2297 3452 2386 3506 72.
2419 3451 2606 3515 Quam
2629 3450 2922 3518 luctuosa,
2947 3449 3193 3506 absente
3216 3452 3463 3522 Cyrillo,
3479 3449 3790 3508 Palasstinm
3807 3446 3856 3499 et

2225 3539 2780 3612 Hierosolymitanm
2809 3539 3086 3596 Ecclesia
3109 3541 3290 3597 facies
3313 3541 3516 3611 fuerit,
3538 3558 3655 3597 non
3679 3546 3853 3594 tacue-

2223 3634 2366 3684 runt
2395 3630 2735 3700 scriptores.
2770 3633 2836 3686 ln
2860 3646 2991 3686 eam
3015 3631 3178 3685 enim
3209 3630 3582 3689 inﬂuxerant
3602 3636 3658 3686 et
3680 3623 3854 3684 Ariani

2223 3718 2726 3790 etApollinaristm
2747 3725 2807 3775 et
2819 3720 3350 3776 Pneumatomachi
3367 3729 3428 3778 et
3444 3721 3635 3778 omnis
3650 3713 3856 3792 generis

2220 3807 2380 3863 hiare
2389 3808 2485 3862 tici
2505 3825 2756 3880 eamque
2769 3809 2968 3864 labem
2982 3809 3327 3865 domesticas
3346 3811 3535 3868 turba;
3549 3808 3853 3866 consecuta

2221 3901 2380 3952 sunt.
2407 3897 2722 3969 Gregorius
2742 3898 3028 3953 Nissenus
3049 3897 3151 3952 lib.
3177 3916 3214 3954 ιι
3243 3901 3305 3954 iu
3323 3902 3580 3965 Eunom,
3603 3913 3722 3970 pag.
3746 3892 3855 3954 315,

2217 3985 2600 4042 Palaestinam
2633 3993 2911 4042 numerat
2931 3987 3090 4042 inter
3111 3989 3457 4059 provincias
3490 4005 3620 4062 qua)
3649 3977 3862 4041 haereti-

2218 4092 2348 4131 cam
2363 4077 2754 4132 vastationem
2773 4083 2834 4132 et
2852 4078 3287 4150 grassationem
3309 4086 3569 4152 expertas
3592 4068 3863 4144 sunt.pul-

2217 4165 2556 4238 sis[LXXV]
2579 4166 2970 4222 ecclesiarum
2993 4167 3351 4238 praesidibus
3374 4175 3616 4242 propter
3637 4159 3859 4221 tldeide-

2214 4255 2551 4310 fensionem
2573 4255 3220 4328 insignibusCmsarem
3243 4257 3419 4329 pulso
3439 4256 3855 4324 Gelasio,quem

2215 4344 2472 4418 Cyrillus
2495 4345 2548 4399 ei
2571 4344 2850 4400 Ecclesia)
2871 4343 3437 4416 praafecerat,substi
3447 4353 3606 4402 tutus
3625 4360 3693 4400 ex
3705 4339 3856 4397 Aria-

2214 4451 2429 4490 norum
2441 4450 2616 4507 grege
2630 4432 3088 4490 Euzoius.Erant
3101 4451 3338 4507 quoque
3359 4437 3465 4492 alii
3484 4454 3554 4492 ex
3575 4433 3773 4490 eadem
3787 4425 3857 4481 fa-

2213 4523 2410 4578 ctione
2429 4522 2784 4594 episcopi,ut
2806 4522 3174 4580 Gemellinus
3192 4514 3854 4598 PhilippusScythopoli-

2215 4618 2388 4668 tanus
2399 4614 2571 4667 Patro
2579 4611 2726 4683 pbili
2746 4627 3057 4668 successor
3071 4619 3128 4667 et
3141 4615 3494 4670 Anastasius
3513 4607 3760 4684 Philippi
3775 4601 3865 4661 alii

2214 4718 2350 4774 que.
2376 4703 2482 4767 Qui
2504 4702 2748 4771 quidem,
2773 4702 2856 4756 ait
2876 4701 3088 4773 Epiph.
3112 4701 3325 4761 haeres.
3357 4721 3553 4769 Lxxm,
3585 4715 3743 4757 num.
3769 4695 3860 4760 37.

2213 4811 2325 4849 non
2349 4794 2558 4848 occulte
2577 4793 2672 4849 sed
2683 4793 2877 4864 palam
2894 4799 2946 4848 et
2967 4794 3236 4850 audacter
3253 4796 3400 4852 velut
3421 4797 3596 4852 omnis
3616 4785 3856 4848 bonitatis

2215 4889 2482 4954 expertes,
2509 4899 2618 4937 non
2652 4884 2778 4938 Arii
2804 4883 2980 4937 solum
3020 4883 3242 4940 decreta
3288 4885 3506 4952 docent,
3532 4882 3627 4939 sed
3652 4886 3859 4936 etsuam

2213 4974 2461 5044 ipsorum
2487 4979 2850 5043 propugnant
2873 4972 3141 5042 haeresim,
3174 4989 3239 5029 ac
3269 4973 3522 5029 veritatis
3548 4971 3860 5044 professores

2216 5065 2583 5134 insequuntur
2601 5078 2620 5116 :
2651 5075 2789 5132 quos
2807 5078 2920 5116 non
2940 5061 3120 5117 verbis
3148 5063 3308 5118 modo
3337 5067 3600 5118 nituntur
3619 5061 3858 5115 evertere,

2215 5153 2312 5210 sed
2369 5151 2656 5207 hostilibus
2708 5152 3023 5206 inimicitiis
3079 5167 3146 5206 ac
3205 5152 3359 5209 bellis
3407 5153 3694 5212 lacessunt,
3739 5141 3862 5198 etin

2216 5249 2378 5299 rectae
2407 5241 2540 5312 ﬁdei
2589 5246 2882 5296 sectatores
2929 5239 3138 5310 gladiis
3185 5245 3353 5298 etiam
3375 5235 3866 5298 animadvertunt:

2216 5348 2315 5389 nec
2341 5334 2398 5386 in
2429 5347 2545 5386 una
2571 5329 2850 5385 duntaxat
2869 5332 3183 5400 provincia,
3214 5332 3310 5387 sed
3333 5349 3394 5387 in
3435 5331 3715 5401 plerisque
3755 5333 3854 5418 ne:

2215 5424 2363 5492 farie
2393 5419 2647 5476 δασοήαεὶ
2674 5425 2803 5474 sunt
2876 5419 3012 5475 Hmc
3038 5419 3139 5476 ille
3193 5421 3353 5476 circa
3381 5436 3459 5476 an
3533 5420 3634 5473 375
3659 5432 3672 5483 ;
3703 5407 3858 5468 addit

2218 5529 2279 5569 n.
2305 5511 2395 5580 38,
2427 5526 2515 5567 eos
2537 5507 2760 5580 publice
2809 5509 3121 5580 medicare
3145 5526 3257 5566 non
3303 5511 3594 5571 dubitasse,
3625 5505 3854 5562 creatum

2291 5690 2409 5765 (ac)
2439 5689 2596 5751 Ibid.
