4052 6386
274 370 361 433 H3
1733 379 1950 442 DISBE

2069 380 2260 442 ‘ATIO
2305 384 2357 444 Ι.
3648 388 3766 447 114

277 512 401 563 esset
420 510 875 572 Paulinianas
904 517 1155 573 factioni
1179 516 1481 583 infensior,
1507 515 1796 587 perﬁcere
1821 520 1990 588 pote-
2020 522 2075 586 Α
2105 517 2500 573 sanctissimae
2529 517 2831 574 Trinitatis
2888 535 3069 575 unam
3124 519 3427 585 deitatem,
3477 527 3536 575 et
3565 522 3765 577 Sancti

280 604 383 654 rant
394 599 604 655 turbas
626 603 717 658 ab
735 605 871 661 illa
920 614 1095 678 parte
1116 607 1174 661 in
1189 606 1381 678 ipsum
1395 605 1569 661 annis
1582 603 1991 677 superioribus
2102 606 2354 677 Spiritus
2376 606 2743 663 divinitatem
2768 609 3139 680 prmdicarat,
3162 612 3763 667 Pneumatomachos-

287 688 982 767 excitatze,sparsmque
999 696 1069 751 ab
1087 696 1169 751 eis
1190 695 1467 751 adversus
1500 695 1630 766 ejus
1661 693 1992 749 ordinatio-
2100 711 2215 767 que
2248 697 2424 768 paulo
2456 704 2632 753 antea
2654 698 3029 769 judicaverat
3084 699 3156 753 ab
3217 700 3482 755 Ecclesia
3528 701 3759 759 alienos

289 779 759 837 nemcalumniaa
780 784 874 839 de
890 785 1207 856 quibus,ut
1227 784 1380 840 infra
1399 782 1987 855 dicemusprobabile
2098 786 2214 841 nisi
2256 787 2697 859 resipiscerent.
2745 789 2892 843 Cum
2924 788 3103 862 igitur
3151 790 3450 861 duplicem
3484 791 3650 847 illam
3683 791 3757 847 ob

291 875 351 923 est
368 885 504 923 eum
527 870 614 925 ad
638 875 1027 930 concilium
1049 875 1346 930 retulisse.
1372 873 1485 929 Sed
1510 891 1645 930 cum
1687 890 1845 929 anno
1887 888 1988 928 su-
2096 892 2360 945 causam,
2386 878 2832 933 contentionem
2850 894 3064 950 nempe
3098 879 3171 934 de
3195 897 3537 935 successore
3568 882 3623 937 S.
3650 883 3760 936 Me-

284 958 483 1028 periore
522 959 973 1019 Paulinianos
1006 965 1266 1020 Melaniae
1300 971 1357 1019 et
1402 965 1598 1020 Ruﬁni
1648 965 1986 1019 interventu
2094 965 2235 1021 letio
2266 968 2669 1033 attribuendo,
2698 973 2757 1023 et
2804 974 3111 1040 exceptam
3159 969 3395 1025 facilius
3427 970 3757 1026 abdicatio-

281 1049 484 1104 sincere
508 1050 591 1105 ad
620 1068 866 1122 pacem
891 1054 1426 1123 admisisset,nihil
1448 1072 1559 1109 nos
1584 1055 1739 1127 cogit
1758 1059 1824 1108 ut
1847 1070 1983 1110 eum
2093 1072 2232 1111 nem
2258 1057 2542 1129 Gregorii,
2567 1057 2788 1113 factum
2812 1058 2889 1112 sit
2911 1064 2975 1112 ut
2993 1058 3097 1112 ille
3119 1059 3668 1130 conciliium(carm.
3700 1064 3750 1129 1,

279 1137 479 1193 fervide
510 1140 840 1197 adversus
873 1144 1200 1199 Paulinum
1230 1144 1418 1217 egisse
1450 1144 1741 1200 dicamus.
2091 1161 2221 1219 pag.
2261 1148 2375 1214 27),
2424 1147 2779 1216 graculorum
2832 1164 3053 1218 gregem
3083 1154 3135 1203 et
3164 1165 3452 1219 vesparum
3497 1167 3748 1218 examen,

2090 1240 2150 1290 et
2173 1239 2368 1305 (carm.
2404 1239 2489 1302 11,
2518 1253 2649 1310 pag.
2700 1238 2789 1307 81)
2847 1253 3127 1307 magnam
3159 1238 3288 1309 ejus
3322 1239 3747 1311 episcoporum

2089 1330 2317 1396 partem
2347 1342 2509 1395 grues
2536 1332 2591 1381 et
2618 1342 2834 1382 anseres
2853 1327 3275 1399 appellaverit;
3300 1327 3585 1400 Cyrillum
3611 1346 3747 1400 pos-

2088 1431 2294 1470 sumus
2324 1415 2397 1470 ab
2431 1416 2541 1471 hoc
2571 1431 2744 1488 grege
2777 1432 3107 1489 segregare.

2155 1505 2242 1558 81.
2270 1506 2337 1559 In
2359 1504 2557 1560 locum
2582 1505 2843 1576 Gregorii
2868 1511 3075 1577 postea
3093 1505 3405 1562 ordinatus
3429 1512 3521 1562 est
3542 1509 3745 1565 Necta-

2084 1593 2207 1649 rius
2229 1594 2517 1666 Cyrillum
2540 1594 2720 1650 etiam
2751 1594 3058 1666 probabile
3079 1603 3169 1651 est
3197 1596 3269 1651 de
3300 1597 3579 1653 Ecclesiae
3606 1599 3741 1654 Hie-

2081 1683 2527 1755 rosolymitanee
2545 1688 2702 1739 statu
2720 1684 3024 1751 retulisse;
3046 1687 3649 1758 commemoratisque
3672 1704 3742 1743 ac

334 1287 416 1341 80.
439 1288 528 1342 Ea
550 1289 832 1344 concilii
864 1290 1155 1347 adversus
1190 1290 1415 1362 optima
1445 1289 1706 1363 Gregorii
1728 1289 1981 1345 consilia

269 1376 606 1446 reluctatio,
646 1383 917 1435 tantum
951 1380 1087 1451 ejus
1117 1382 1320 1436 animo
1346 1379 1572 1435 doloris
1598 1378 1822 1451 injecit,
1848 1383 1916 1435 ut
1943 1396 1979 1434 a

268 1466 674 1522 conventibus
712 1485 785 1524 se
824 1468 1167 1524 subducere
1194 1510 1209 1537 ,
1242 1486 1311 1525 ac
1341 1469 1414 1523 de
1446 1485 1687 1524 secessu
1718 1468 1976 1541 cogitare

278 1555 524 1627 omperit.
564 1557 854 1613 Interim
903 1558 1153 1631 .‘Egyplii
1187 1563 1246 1613 et
1272 1558 1620 1614 Macedones
1659 1557 1974 1629 advenere,

275 1645 369 1716 qui
392 1647 782 1717 Gregorium
844 1648 910 1703 in
942 1648 1139 1703 locum
1190 1648 1423 1703 Maximi
1456 1664 1490 1703 a
1518 1646 1843 1720 [LXXXIII]
1875 1646 1971 1702 Ti-

267 1735 505 1791 motheo
529 1736 983 1793 Alexandrino
1011 1737 1071 1792 in
1090 1738 1282 1808 pretio
1314 1737 1522 1801 habiti,
1555 1736 1627 1792 ab
1659 1736 1971 1792 Orientali-
2972 1735 3736 1833 ἑλιξιῶ”ἆῌῶἔῐξόῌξῶ’οἒξ

265 1834 374 1934 bus
394 1835 459 1890 in
492 1836 726 1936 sedem
754 1836 1480 1936 Co‘nstantinopolitanam
1502 1840 1767 1935 evectum
1785 1833 1969 1936 fuisse
2003 1894 2045 1936 ρ
2079 1860 2349 1928 lumniis,
2383 1877 2513 1916 eam
2548 1862 2802 1917 concilio
2835 1862 3219 1935 approbasse,
3252 1864 3500 1936 ejusque
3531 1870 3735 1920 aucto-

271 1923 284 1933 .
338 1925 349 1934 .
1011 1926 1022 1936 ⁸
1160 1894 1178 1908 ι
1663 1925 1672 1935 ,
1925 1924 1935 1935 ⁸
2002 1894 2047 1959 Β
2079 1894 2349 1928 luxuuua,
2383 1894 2513 1916 cum
2548 1894 2802 1917 υυιιυιιιυ
2835 1894 3219 1935 αγμιυυαδθῠ,
3252 1894 3500 1936 CJualiuc
3531 1894 3735 1920 αυυιυ-

269 1941 478 2027 ungue
514 1925 759 1993 tulere»
794 1932 858 1982 ει
896 1943 1098 2026 ianos
1129 1926 1408 2026 adversi”
1436 1926 1593 2027 ξξίωο
1624 1941 1753 2027 θιιξξδ
1810 1924 1969 1979 0rd"
2080 1950 2255 2006 ritate
2284 1951 2629 2007 conﬁrmari
2662 1952 2965 2023 sategisse.
2995 1952 3063 2007 Id
3086 1953 3229 2008 satis
3261 1952 3479 2009 diserte
3514 1954 3736 2027 signiﬁ-

272 2015 595 2070 ηδίίοοθω
643 2060 660 2083 ο
699 2017 911 2112 -ξῙ-υδδξ
968 2015 1606 2112 θδηοηΠω-νίηάξξδθῖ
1638 2014 1969 2112 ﬁmi-Bay“?
2079 2045 2175 2095 cat
2204 2040 2382 2112 hujus
2440 2042 2677 2097 concilii
2737 2014 2979 2097 Patrum
3037 2042 3254 2097 iterum
3311 2043 3375 2097 in
3407 2014 3732 2100 concilium

273 2110 637 2175 praetextus.
680 2105 949 2161 Aliunde
990 2121 1200 2178 parum
1246 2104 1531 2178 Egyptiis
1558 2109 1617 2160 et
1645 2102 1968 2159 Macedoni-

280 2192 392 2249 bus
444 2211 589 2250 cum
661 2195 1078 2251 Orientalibus
1135 2194 1542 2251 conveniebat.
1602 2194 1972 2264 Quapropter

277 2283 600 2355 Gregorius
634 2292 848 2349 (carm.
881 2289 928 2349 l,
952 2301 1082 2358 pag.
1108 2287 1218 2350 26),
1252 2284 1312 2339 id
1330 2284 1490 2355 quod
1508 2284 1638 2356 jam
1668 2283 1729 2338 in
1759 2281 1972 2338 solem-

277 2372 343 2428 ni
377 2381 685 2430 conventu
720 2380 1138 2446 proposuerat,
1172 2380 1238 2429 ut
1268 2391 1329 2431 se
1362 2373 1637 2429 videlicet
1665 2371 1971 2427 abdicaret

282 2471 661 2544 episcopatu,
700 2474 952 2545 exsequi
994 2473 1274 2541 decrevit,
1306 2472 1717 2545 praasulesque
1750 2485 1967 2526 exora-

293 2559 406 2623 vit,
432 2567 498 2615 ut
522 2562 591 2617 ad
640 2562 1009 2626 sedandam,
1041 2578 1219 2633 quam
1277 2562 1406 2633 ipse
1437 2577 1559 2616 non
1612 2559 1971 2615 excitaverat

292 2650 363 2705 in
422 2652 687 2709 Ecclesia
748 2658 1188 2724 tempestatem,
1240 2668 1370 2707 sese
1415 2652 1576 2707 Jonai
1603 2649 1875 2720 exemplo
1907 2649 1968 2703 in

288 2756 458 2795 mare
476 2742 853 2814 praecipitari
879 2746 1241 2814 paterentur.
1262 2741 1542 2797 Condicio
1558 2756 1593 2794 a
1614 2738 1826 2811 majori
1850 2737 1968 2810 epi—

281 2847 619 2903 scoporum
664 2833 849 2887 etiam
901 2830 1290 2888 Orientalium
1328 2836 1495 2902 parte
1539 2835 1785 2901 excepta
1832 2844 1969 2883 cum

278 2920 832 2993 plausu,stupente
850 2927 908 2976 et
927 2921 1276 2993 indignante
1298 2920 1575 2993 Gregorio
1597 2921 1748 2991 (pag.
1764 2922 1852 2986 29,
1877 2919 1967 2989 30)

280 3013 570 3082 quamvis
592 3028 659 3067 se
695 3028 878 3067 onere
909 3011 1249 3067 absolutum
1292 3011 1595 3084 gauderet.
1646 3011 1831 3065 Fuere
1882 3013 1969 3063 ta-

278 3118 432 3156 men
466 3101 781 3173 permulti,
808 3101 907 3173 qui
927 3101 1067 3157 dum
1092 3101 1174 3157 ita
1202 3100 1375 3156 facile
1397 3098 1674 3172 Gregorio
1701 3098 1965 3171 postula-

276 3204 343 3255 ta
376 3199 638 3255 concedi
671 3199 961 3264 viderent,
996 3199 1107 3254 sibi
1163 3215 1338 3255 aures
1383 3198 1765 3263 occluserint,
1798 3195 1962 3251 abie-

278 3289 532 3360 rintque
566 3306 598 3344 e
627 3305 935 3357 consessu,
960 3289 1266 3343 neminem
1297 3287 1558 3343 aliumin
1590 3288 1722 3359 ejus
1752 3285 1955 3341 sedem
1989 3261 2033 3327 (ἶ

277 3377 493 3433 induci
528 3378 851 3450 patientes.
880 3377 988 3441 Qui
1018 3377 1105 3431 illi
1136 3377 1360 3433 fuerint
1389 3419 1404 3445 ,
1438 3380 1595 3432 tacet
1628 3374 1963 3459 Gregorius:

280 3467 431 3522 Cum
465 3468 528 3523 in
561 3468 677 3523 hoc
729 3467 984 3523 concilio
1042 3484 1164 3523 non
1226 3466 1402 3539 pauci
1462 3465 1743 3522 sederent
1773 3466 1965 3520 sanctl

286 3573 439 3627 quos
468 3558 742 3614 Ecclesia
790 3559 852 3613 in
902 3562 1247 3614 sanctorum
1303 3557 1539 3613 tabulas
1592 3556 1820 3624 retulit,
1854 3557 1963 3610 hos

290 3653 582 3718 tanquam
616 3648 897 3704 humanis
926 3647 1237 3703 affectibus
1268 3647 1469 3703 minus
1497 3646 1809 3708 obnoxios,
1846 3661 1960 3700 me-

290 3739 547 3798 lioribus
577 3742 851 3798 consiliis
882 3741 1194 3797 obsecutos
1227 3741 1512 3798 crebibile
1541 3747 1650 3797 est.
1677 3742 1839 3797 Unus
1860 3757 1957 3795 au-

294 3834 412 3885 tem
447 3849 517 3887 ex
548 3832 638 3887 eis
657 3831 937 3903 Cyrillus,
970 3847 1148 3903 quem
1172 3831 1385 3887 saltem
1414 3848 1446 3887 a
1478 3831 1650 3887 turba
1670 3830 1956 3903 plauden-

296 3930 448 3983 tium
479 3930 552 3984 de
594 3927 969 3983 abdicatione
1026 3927 1285 4000 Gregorii
1347 3928 1765 4000 episcoporum
1796 3927 1956 3983 exci-

297 4035 439 4089 pere
482 4018 641 4073 licet.
692 4018 734 4071 li
768 4017 947 4081 enim,
1000 4018 1128 4089 ipso
1180 4023 1350 4081 teste,
1381 4017 1568 4084 fuere,
1620 4017 1722 4087 qui
1766 4017 1861 4072 vel
1892 4017 1954 4072 in

296 4107 514 4162 Meletii
547 4123 890 4162 successore
920 4106 1312 4179 designanda,
1345 4107 1441 4162 cui
1499 4107 1586 4162 rei
1620 4124 1682 4162 se
1717 4106 1815 4161 ille
1846 4124 1953 4178 op-

293 4197 577 4267 ponebat,
609 4196 980 4252 ardentiores
1012 4202 1181 4252 erant
1208 4198 1397 4267 (carm.
1436 4199 1522 4264 13,
1555 4213 1685 4268 pag.
1720 4196 1832 4260 85).
1859 4196 1951 4252 vel

295 4286 399 4356 qui
431 4287 560 4357 ejus
610 4285 963 4356 eloquentia:
1009 4285 1303 4341 nonnulla
1354 4286 1679 4341 invidentia
1711 4290 1951 4356 torque-

295 4372 546 4444 bantur(
559 4377 633 4430 De
656 4377 945 4446 episcopis,
981 4391 1109 4448 pag.
1140 4376 1265 4443 302,
1301 4376 1412 4431 col.
1448 4378 1521 4445 2),
1551 4375 1639 4429 vel
1670 4375 1945 4430 virtutem

294 4464 427 4535 ejus
459 4463 672 4519 invidis
705 4464 895 4519 oculis
926 4464 1313 4520 intuebantur
1342 4465 1547 4533 (ibid.),
1581 4465 1673 4520 vel
1706 4464 1943 4519 tandem

294 4553 399 4623 qui
428 4554 712 4609 doctrinm
744 4554 817 4609 ab
850 4555 980 4625 ipso
1012 4553 1084 4608 de
1120 4554 1340 4625 Spiritu
1374 4559 1578 4609 sancto
1610 4553 1944 4625 praedicata)

2080 2146 2237 2186 anno
2269 2132 2544 2202 sequenti
2577 2137 3066 2204 congregatorum
3107 2133 3541 2201 testimonium,
3575 2135 3734 2206 quod

2078 2219 2234 2275 infra
2263 2220 2610 2276 referemus.
2646 2221 2929 2277 Ordinato
2972 2221 3292 2294 [LXXXIV]
3345 2223 3736 2281 ecclesiarum

2078 2315 2254 2377 statu,
2290 2310 2563 2382 quaedam
2596 2311 2670 2366 ad
2702 2310 3060 2365 refellendas
3082 2311 3342 2366 haereses
3374 2317 3433 2367 et
3459 2314 3733 2369 sancien-

2076 2400 2213 2455 dam
2247 2400 2714 2456 ecclesiasticam
2748 2400 3124 2472 disciplinam
3160 2401 3418 2457 decrevit
3449 2404 3735 2473 synodus,

2056 2489 2293 2560 .quibus
2315 2489 2488 2545 facile
2510 2490 2765 2561 Cyrillus
2786 2490 3045 2545 asscnsit
3075 2491 3208 2561 (37).
3253 2492 3618 2548 Conﬁrmata
3650 2498 3739 2548 est

2076 2578 2314 2634 Nicaana
2334 2580 2503 2646 ﬁdes,
2530 2580 2700 2652 cujus
2722 2578 3058 2634 doctrinam
3084 2580 3341 2651 Cyrillus
3371 2580 3432 2635 in
3462 2583 3735 2638 cateche-

2075 2668 2239 2725 sibus
2270 2675 2664 2741 expresserat,
2684 2669 2813 2739 ipsa
2831 2685 2969 2723 voce
3002 2670 3481 2727 consubstantialis
3513 2671 3632 2741 iam
3659 2671 3731 2727 ab

2073 2758 2246 2813 initio
2280 2759 2369 2813 sui
2402 2759 2779 2830 episcopatus
2808 2758 3158 2829 approbata,
3196 2764 3253 2813 et
3301 2760 3360 2814 in
3412 2760 3627 2815 litteris
3657 2761 3731 2816 ad

2073 2848 2484 2904 Constantium
2569 2848 2934 2919 praedicata.
2996 2848 3269 2903 Haeretici
3356 2851 3728 2920 pronuntiati

2073 2955 2193 2994 non
2225 2939 2423 2994 Ariani
2469 2938 2686 3007 solum,
2720 2938 2824 2993 sed
2856 2944 2914 2993 et
2943 2938 3354 3006 semi-Ariani,
3397 2956 3500 2994 seu
3532 2942 3729 2996 Pneu-

2072 3029 2455 3091 matomachi,
2482 3030 2611 3100 jam
2650 3028 2723 3084 ab
2756 3028 2884 3100 ipso
2909 3029 3173 3084 Ecclesia
3204 3028 3466 3096 exclusi;
3503 3030 3730 3101 Apolli-

2072 3119 2313 3174 naristm
2343 3118 2653 3174 turbarum
2683 3118 2964 3174 adversus
2994 3118 3279 3190 Cyrillum
3303 3125 3574 3175 auctores
3599 3141 3613 3187 ;
3641 3121 3730 3192 ip-

2073 3206 2121 3261 si
2152 3206 2547 3262 infensissimi
2588 3206 2947 3262 Marcelliani
2998 3224 3254 3277 quorum
3301 3208 3578 3264 hmresim
3601 3208 3730 3279 jam

2073 3302 2211 3353 ante
2238 3297 2578 3369 complures
2600 3313 2790 3352 annos
2816 3297 3073 3368 atquein
3094 3298 3237 3369 ipsis
3259 3298 3447 3354 initiis
3469 3298 3734 3355 debella-

2072 3393 2236 3443 verat
2258 3388 2386 3459 (cat.
2422 3387 2510 3452 15,
2537 3404 2597 3441 n.
2639 3388 2751 3459 27),
2785 3387 3123 3459 symbolum
3156 3389 3458 3443 Nicaanum
3490 3394 3729 3444 auctum

2072 3476 2363 3544 articulis,
2396 3493 2651 3548 quorum
2695 3477 3028 3532 doctrinam
3076 3479 3136 3531 in
3168 3478 3579 3534 catechesibus
3600 3479 3728 3549 jam

2070 3567 2373 3631 docuerat,
2407 3584 2475 3622 ac
2505 3567 2685 3622 verba
2726 3567 2857 3638 ipsa
2904 3573 3136 3622 tantum
3186 3585 3305 3623 non
3355 3584 3426 3622 ex
3457 3568 3726 3639 symbolo

2070 3658 2607 3729 Hierosolymitano
2640 3674 2939 3731 expressa.
2969 3660 3049 3713 De
3093 3660 3324 3714 caateris
3371 3661 3724 3728 canonibus,

2067 3746 2352 3817 quoniam
2382 3746 2532 3801 nihil
2564 3746 2637 3802 ad
2668 3747 2954 3818 Cyrillum
2974 3748 3481 3818 pertinenttaceo.
3514 3750 3724 3805 Conci-

2065 3836 2145 3891 lio
2174 3840 2378 3891 exacto
2420 3835 2665 3891 domum
2724 3853 2859 3891 cum
2917 3837 3149 3891 caeteris
3206 3853 3477 3891 reversus
3507 3844 3615 3893 est.
3653 3843 3719 3894 In

2063 3925 2258 3980 reditu
2281 3931 2480 3980 autem
2519 3925 2779 3979 astitisse
2819 3924 3049 3979 videtur
3094 3925 3443 3989 Antiochiae,
3479 3926 3717 3983 ordina-

2063 4013 2521 4088 tionizFlaviani,
2556 4030 2735 4085 quam
2767 4015 2972 4069 Patres
3003 4014 3241 4069 concilii
3292 4016 3718 4072 Constantino-

2061 4104 2310 4175 politani
2370 4104 2511 4159 anni
2578 4104 2883 4175 sequentis
2932 4102 3149 4159 factam
3204 4104 3512 4160 afﬁrmant
3559 4107 3717 4178 apud

2057 4194 2407 4251 Theodoret.
2442 4193 2545 4251 lib.
2583 4210 2633 4263 ν,
2682 4210 2809 4266 cap.
2853 4198 2906 4261 9,
2965 4194 3027 4249 in
3072 4194 3326 4249 concilio
3350 4194 3421 4250 ab
3453 4198 3719 4267 episcopis

2048 4287 2384 4355 provinciw,
2411 4291 2461 4339 et
2491 4285 2785 4341 Orientalis
2811 4285 3070 4351 diceeesis,
3095 4300 3327 4339 summo
3350 4290 3409 4339 et
3440 4286 3711 4341 unanimi

2056 4375 2442 4430 Antiochenaa
2500 4374 2781 4429 Ecclesiae
2822 4374 3101 4446 suﬁ‘ragio
3133 4390 3201 4429 ac
3235 4391 3554 4430 consensu.
3592 4376 3719 4431 Una

2053 4470 2253 4519 autem
2302 4480 2374 4518 ex
2403 4462 2748 4535 quindecim
2780 4462 3038 4518 Orientis
3066 4462 3338 4518 dimcesis
3394 4465 3716 4535 provinciis

2054 4554 2373 4609 Palaestina
2401 4558 2547 4608 erat.
2571 4553 2716 4607 Cum
2738 4551 2985 4607 vidisset
3006 4553 3066 4607 iu
3088 4553 3343 4608 concilio
3376 4554 3711 4611 Constanti-

296 4642 625 4713 iniquiores
666 4649 858 4711 erant,
891 4650 995 4698 aut
1036 4644 1248 4699 saltem
1307 4644 1586 4699 ﬁduciam
1617 4650 1677 4699 et
1704 4644 1946 4700 liberta-
1981 4638 2024 4701 ί)
2055 4642 2403 4714 nopolitano
2435 4644 2676 4698 Patrum
2702 4658 2852 4714 pene
2885 4642 3153 4697 omnium
3177 4644 3625 4714 conspirantem
3648 4643 3711 4699 in

298 4738 417 4787 tem
446 4750 564 4803 qua
584 4733 864 4804 Spiritum
890 4738 1159 4788 sanctum
1181 4734 1366 4788 Deum
1398 4749 1530 4789 esse
1561 4733 1942 4804 prmdicabat,

290 4821 812 4893 reprehendebant
866 4823 1029 4893 (orat.
1062 4824 1151 4892 32,
1206 4839 1337 4894 pag.
1371 4826 1497 4886 519,
1532 4829 1589 4877 et
1619 4839 1786 4879 carm.
1822 4825 1945 4896 123,

288 4927 418 4984 pag.
454 4913 600 4983 187).
634 4915 707 4966 At
750 4910 921 4966 nulla
955 4927 1159 4966 earum
1220 4912 1521 4967 rationum
1553 4910 1626 4966 ad
1659 4912 1944 4984 Cyrillum

284 5001 640 5071 pertinebat.
661 5002 759 5072 qui
779 5017 909 5055 sese
925 5000 1295 5056 Paulinianis
1317 5001 1743 5071 Hierosolyma;
1765 5003 1944 5058 etiam

282 5090 511 5146 vivente
559 5090 789 5146 Meletio
838 5090 1367 5156 reconciliaverat;
1403 5091 1506 5161 qui
1560 5091 1836 5147 virtutem
1889 5099 1946 5148 et

290 5178 467 5235 ﬁnem
502 5180 560 5234 in
591 5178 907 5251 discipulis
938 5179 1116 5234 etiam
1149 5180 1274 5235 suis
1305 5181 1594 5250 majorem
1629 5186 1687 5235 et
1719 5181 1940 5237 ﬁrmio-

285 5285 414 5324 rem
444 5286 548 5325 sua
599 5276 657 5325 et
688 5268 1072 5341 praacipiebat
1127 5274 1187 5323 et
1247 5269 1490 5340 optabat
1519 5273 1650 5340 (cal.
1681 5273 1733 5335 5,
1758 5288 1818 5326 n.
1854 5276 1940 5340 12,

287 5366 397 5415 cat.
432 5362 514 5427 15,
547 5376 604 5414 n.
639 5361 714 5431 7),
751 5358 847 5414 cui
891 5356 1127 5413 adesset
1181 5357 1544 5429 eloquentia,
1580 5359 1687 5414 etsi
1722 5361 1939 5433 Grego-

280 5448 449 5503 riana
475 5448 741 5515 inferior,
776 5452 839 5502 at
860 5462 984 5501 non
1020 5446 1385 5517 paenitenda,
1421 5463 1538 5518 qua
1569 5448 1820 5521 pepulos
1848 5451 1935 5506 sui

282 5539 471 5595 studio
503 5538 749 5595 tenebat
779 5537 1096 5603 astrictos;
1150 5536 1251 5608 qui
1283 5536 1542 5608 denique
1576 5538 1747 5611 longe
1799 5545 1937 5594 ante

284 5627 614 5702 Gregorium
648 5628 712 5683 in
761 5624 1179 5681 catechesibus
1210 5642 1331 5681 non
1381 5626 1581 5681 minus
1631 5626 1851 5683 diserte
1882 5634 1942 5682 et

352 5759 455 5832 (37)
483 5759 662 5816 Conc.
697 5752 1457 5827 Constantinopolitanum,
1482 5770 1619 5813 can.
1655 5757 1705 5812 1.

2055 4732 2437 4789 attribuendo
2457 4731 2689 4787 Meletio
2708 4748 3051 4788 successore
3065 4733 3513 4795 sententiam,et
3534 4733 3713 4788 totius

2055 4838 2205 4894 pene
2255 4821 2640 4876 Antiochense
2693 4821 2971 4876 Ecclesiae
3016 4822 3145 4891 ejus
3176 4821 3261 4876 rei
3319 4822 3708 4891 desiderium,

2054 4928 2229 4967 suum
2253 4912 2429 4965 etiam
2448 4912 2791 4983 suﬁ‘ragium
2818 4928 2938 4965 non
2961 4910 3375 4979 denegandum
3400 4911 3709 4982 judicavit,

2054 5000 2344 5073 quidquid
2375 5000 2447 5056 de
2479 5017 2542 5056 re
2573 5005 2694 5055 tota
2723 5000 2888 5072 prius
2920 5000 2979 5053 in
3007 4999 3261 5053 concilio
3284 5000 3637 5055 censuisset.

2126 5092 2213 5145 82.
2247 5090 2468 5145 Eodem
2501 5106 2659 5145 anno
2709 5107 2825 5160 quo
2858 5087 3224 5143 celebratum
3267 5093 3357 5143 est
3384 5090 3711 5146 concilium

2054 5179 2809 5250 Constantinopolitanum,
2844 5175 3007 5232 aliud
3040 5176 3330 5247 Aquileia
3382 5178 3494 5234 sub
3530 5181 3712 5237 ﬁnem

2051 5267 2193 5323 anni
2225 5284 2429 5324 mense
2463 5266 2793 5339 Septembri
2824 5264 2896 5320 ab
2929 5265 3409 5322 Occidentalibus
3436 5269 3711 5325 celebra-

2052 5364 2176 5412 tum
2209 5362 2330 5423 est;
2355 5357 2456 5428 qui
2490 5356 2692 5411 audito
2747 5355 3140 5410 Orientalium
3192 5356 3430 5413 decreto
3462 5364 3528 5413 ut
3557 5359 3712 5415 alius

2050 5446 2321 5519 neglecto
2358 5445 2604 5500 Paulino
2640 5445 2701 5499 in
2756 5445 2956 5499 locum
2992 5444 3205 5499 Meletii
3266 5446 3707 5519 subrogaretur,

2047 5536 2202 5591 datis
2228 5536 2303 5591 ad
2355 5536 2777 5605 imperatorem
2809 5533 3045 5601 litteris,
3089 5536 3247 5605 apud
3296 5537 3499 5592 Ambr.
3531 5540 3705 5609 epist.

2049 5628 2133 5692 12,
2170 5630 2541 5698 rogaverunt,
2565 5631 2631 5679 ut
2646 5625 2757 5679 hac
2778 5640 2958 5696 super
2978 5641 3062 5693 re,
3086 5626 3365 5698 generale
3383 5626 3706 5684 concilium
