4052 6390
255 356 336 416 11⁵1
1716 363 1950 428 DISSEI

2065 360 2240 423 ATIO
2283 363 2332 421 l.
3626 373 3743 433 118

260 490 573 552 calumnias
612 499 771 555 vivo
812 507 891 556 et
931 507 1160 558 mortuo
1188 501 1473 575 impactas
1521 500 1760 558 refellit.
1816 499 1960 554 Cum
1992 496 2047 564 Α
2077 495 2379 567 suspexit;
2410 496 2728 569 magniﬁca
2758 502 2898 553 sunt
2920 516 3052 569 qua
3077 498 3148 554 de
3170 500 3222 555 vi
3247 504 3739 577 exorcismorum,

271 584 377 640 anni
406 586 513 640 351
559 587 774 645 initio
819 592 1243 665 episcopatum
1294 594 1643 666 susceperit,
1693 590 1807 648 fuit
1851 587 1975 660 epi-
2082 585 2667 656 exorcisatarumque
2698 602 2922 655 rerum,
2955 588 3043 643 uti
3073 605 3265 660 aqua,
3291 591 3428 660 olei,
3455 593 3742 651 chrisma-

272 690 443 747 scopus
459 691 688 733 annos
718 681 805 735 35
827 698 865 736 e
894 682 1118 752 quibus
1138 683 1277 739 anni
1298 682 1420 739 fere
1446 678 1978 751 sexdecimquibus
2083 674 2179 744 tis,
2215 674 2408 745 deque
2441 675 2716 731 habenda
2746 677 2808 731 in
2840 678 3007 750 signo
3040 679 3254 748 crucis,
3287 682 3373 735 uti
3432 683 3507 737 ad
3549 685 3742 742 multa

280 763 450 819 absens
478 765 617 822 fuit
654 770 1053 842 excipiendi
1082 788 1094 825 :
1118 773 1501 843 quamobrem
1525 787 1718 827 annos
1741 784 1981 824 novem—
2081 764 2500 836 potentissimo
2533 766 2772 831 ﬁducia,
2795 784 2863 823 ac
2887 767 2958 822 de
2978 775 3319 824 sanctarum
3348 772 3743 843 reliquiarum

285 852 428 909 ἀρείω
465 862 739 912 tantum
787 860 1143 917 Ecclesiam
1172 880 1436 933 praesens
1467 862 1639 918 rexit,
1691 860 1824 917 Fuit
1870 874 1975 914 au-
2082 853 2139 907 vi
2170 858 2230 908 et
2259 853 2528 910 efﬁcacia
2585 856 2810 926 passim
2860 855 3119 913 disserit.
3173 860 3254 912 Ex
3299 859 3402 913 illo
3456 862 3744 919 Ecclesia

286 949 365 998 tem
390 945 535 1015 ejus
570 946 711 1002 vita
738 964 1074 1006 annorum
1104 950 1228 1006 fere
1256 952 1653 1026 septuaginta.

324 1037 392 1089 84.
431 1036 643 1092 Graeci
684 1038 759 1092 in
824 1042 1066 1096 Menao
1119 1042 1413 1098 nonnulla
1462 1042 1534 1098 de
1589 1041 1796 1098 habitu
1846 1038 1976 1111 ejus

276 1126 546 1181 exteriore
570 1136 892 1197 narrant,
920 1147 1058 1201 qua
1079 1147 1285 1187 vereor
1306 1138 1372 1188 ut
1394 1149 1461 1187 ex
1496 1131 1740 1204 optimis
1760 1145 1970 1185 monu-

270 1216 469 1273 mentis
493 1224 780 1290 accepta
805 1220 962 1275 sint.
992 1221 1179 1276 Aiunt
1197 1222 1358 1277 enim
1389 1246 1407 1270 σι
1439 1222 1728 1295 Cyrillum
1748 1226 1976 1275 statura

273 1330 297 1357 α
326 1308 598 1378 corporis
643 1310 974 1365 mediocri
1028 1311 1232 1378 fuisse,
1282 1312 1598 1383 pallidum,
1658 1309 1973 1383 promissis

271 1419 293 1445 ιι
323 1396 580 1467 capillis,
621 1398 799 1453 simo
826 1415 984 1454 naso
1010 1417 1026 1466 ;
1052 1399 1169 1455 lato
1197 1418 1319 1467 ore,
1345 1418 1452 1457 seu
1470 1401 1636 1457 vultu
1659 1399 1971 1471 quadrato,

272 1510 297 1536 α
328 1488 689 1559 superciliis
725 1489 797 1544 in
832 1490 1135 1546 directum
1167 1491 1605 1563 crispantibus;
1638 1490 1802 1547 canis
1824 1490 1973 1547 den-

2082 959 2284 999 amore
2302 950 2509 999 natum
2538 944 2689 1000 illud
2715 946 3133 1002 haereticorum
3165 948 3389 1014 odium,
3420 951 3585 1021 quod
3607 952 3746 1008 ubi-

2082 1050 2196 1106 que
2218 1050 2434 1107 magno
2470 1035 2666 1090 studio
2693 1035 2965 1107 pracipit
2988 1041 3047 1091 et
3076 1037 3362 1093 inculcat.
3393 1040 3522 1094 Vid.
3550 1046 3663 1097 cat.
3684 1045 3738 1109 6,

2079 1140 2140 1178 ιι.
2176 1125 2262 1190 13,
2298 1127 2385 1193 19,
2416 1126 2504 1192 33,
2534 1125 2624 1192 35,
2658 1131 2769 1180 cat.
2805 1129 2857 1193 '7,
2892 1143 2950 1181 ιι.
2982 1130 3033 1194 1,
3062 1132 3174 1182 cat.
3212 1131 3298 1194 16,
3335 1145 3393 1183 ιι.
3432 1134 3517 1184 11.
3552 1131 3737 1197 Quam

2078 1210 2197 1267 alte
2229 1212 2431 1268 animo
2479 1212 2800 1269 imbiberat
2843 1215 3047 1278 ﬁdem,
3098 1215 3335 1272 fortiter
3380 1219 3520 1275 data
3567 1237 3737 1277 occa-

2078 1302 2246 1359 sione
2307 1302 2615 1359 confessus
2673 1310 2788 1361 est.
2847 1305 3433 1363 Consubstantialem
3481 1310 3735 1367 Trinita-

2076 1395 2196 1446 tem
2230 1392 2320 1447 sui
2351 1394 2731 1465 episcopatus
2761 1395 2931 1449 initio
2963 1396 3305 1467 pradicavit
3327 1398 3388 1453 in
3410 1398 3629 1455 litteris
3660 1401 3735 1457 ad

2075 1481 2488 1539 Constantium
2510 1484 2689 1558 hujus
2706 1485 2994 1542 doctrina
3020 1487 3511 1546 inimicissimum
3540 1489 3694 1546 datis
3721 1509 3733 1548 :

278 1600 301 1625 ιι
330 1578 528 1649 sisque
562 1578 729 1650 pilis
769 1595 972 1652 genas
1016 1580 1427 1651 vestientibus,
1478 1579 1664 1636 barba
1712 1581 1774 1634 in
1824 1579 1970 1634 duas
2075 1573 2267 1629 multa
2295 1574 2472 1630 variis
2505 1576 2566 1631 in
2597 1576 2745 1633 locis
2776 1594 2882 1650 pro
2915 1578 3214 1634 catholica
3243 1580 3489 1637 veritate
3530 1587 3737 1637 contra

275 1689 303 1716 α
328 1672 523 1737 partes
558 1666 687 1721 sub
718 1674 1007 1724 mentum
1029 1668 1216 1724 divisa
1243 1686 1257 1736 ;
1293 1690 1321 1719 ››
1355 1668 1705 1740 adduntque
1746 1690 1771 1721 α
1794 1667 1973 1723 mori—
2073 1663 2326 1720 Arianos
2358 1667 2687 1722 certamina
2717 1667 2920 1737 subiit,
2955 1668 3174 1740 triplex
3197 1669 3472 1725 exsilium
3499 1687 3731 1743 passus;

265 1778 294 1806 α
325 1755 429 1810 bus
452 1756 773 1812 omnibus
797 1758 1195 1813 rusticitatem
1216 1758 1538 1829 quamdam
1562 1758 1962 1831 pratulisse-.
2075 1770 2317 1826 suaque
2350 1772 2530 1826 quam
2562 1757 2679 1812 cito
2710 1757 2881 1812 licuit
2939 1774 3068 1814 sese
3120 1759 3400 1815 Εοοιθδίω
3449 1760 3731 1828 reddens.

266 1846 529 1918 Corpore
551 1846 810 1903 laboris
828 1848 1267 1920 patientissimo
1288 1848 1475 1905 fuisse
1504 1849 1679 1904 facile
1705 1846 1969 1904 credide—
1993 1857 2039 1922 Β
2070 1843 2518 1914 Apollinaristis
2550 1850 2608 1900 et
2639 1846 3037 1902 schismaticis
3067 1847 3151 1903 ita
3198 1849 3436 1917 restitit,
3486 1856 3551 1905 ut
3599 1866 3728 1923 gra-

268 1937 400 2005 rim,
433 1954 583 1992 cum
642 1938 1092 2011 Hierosolymis
1135 1955 1414 2011 magnum
1467 1956 1618 1995 onus
1665 1938 1964 1995 indefesse
2072 1949 2204 1988 vem
2234 1933 2348 1989 sibi
2380 1934 2452 1989 ab
2485 1934 2570 1990 eis
2599 1936 2970 1992 vexationem
3000 1938 3333 1993 concitarit.

267 2025 663 2098 pradicandi
701 2026 993 2082 alacriter
1023 2028 1365 2085 sustineret.
1401 2028 1459 2083 Si
1494 2045 1611 2100 qua
1633 2028 1696 2083 in
1719 2028 1821 2083 illo
1842 2043 1968 2082 rus-
2148 2024 2236 2078 86.
2270 2025 2512 2096 Magnus
2542 2025 2605 2079 in
2638 2025 2769 2097 ejus
2801 2027 3037 2098 scriptis
3095 2028 3319 2099 passim
3366 2029 3609 2102 effulget
3656 2029 3727 2085 de

270 2117 473 2171 ticitas
504 2122 676 2183 erat,
716 2122 846 2172 tota
878 2116 1075 2173 vultus
1106 2123 1285 2188 atque
1343 2117 1583 2173 habitus
1632 2123 1779 2187 erat,
1829 2133 1965 2171 cum
2076 2114 2195 2169 Deo
2229 2130 2479 2170 sensus:
2511 2115 2834 2187 magniﬁca
2864 2121 3005 2170 sunt
3033 2133 3165 2187 qua
3198 2117 3270 2172 de
3301 2134 3364 2173 re
3399 2134 3467 2173 ea
3488 2118 3733 2174 disserit

271 2222 491 2279 magna
520 2207 589 2262 in
631 2224 709 2262 eo
748 2224 822 2263 ex
855 2208 985 2279 ejus
1012 2209 1423 2265 catechesibus
1480 2224 1621 2281 erga
1667 2208 1966 2281 subjectos
2077 2203 2405 2259 catechesis
2439 2209 2618 2259 sexta
2650 2204 2839 2260 initio.
2874 2205 3036 2260 Hanc
3068 2206 3432 2277 sequebatur
3459 2208 3596 2263 vilis
3628 2208 3733 2264 illa

281 2297 533 2352 comitas
564 2314 644 2353 ac
673 2297 1084 2353 mansuetudo
1117 2300 1339 2370 passim
1372 2300 1670 2373 eﬁ‘ulgeat.
2078 2294 2151 2349 de
2183 2310 2246 2350 se
2279 2294 2660 2362 existimatio,
2696 2294 3099 2365 demissioque
3132 2297 3244 2363 sui,
3270 2296 3443 2351 dictis
3465 2302 3524 2351 et
3548 2299 3732 2369 gestis

351 2388 439 2442 83.
474 2389 709 2443 Verum
738 2389 944 2459 potior
975 2389 1105 2460 ejus
1157 2389 1349 2462 imago
1401 2406 1472 2445 ex
1523 2391 1654 2461 ejus
1705 2387 1967 2459 scriptis,
2080 2384 2401 2453 declarata,
2434 2385 2497 2439 in
2526 2384 2843 2456 Evangelio
2876 2389 2936 2440 et
2965 2384 3059 2441 SS.
3094 2385 3368 2441 Patribus
3400 2387 3583 2441 tantis
3601 2387 3733 2443 lau-

278 2477 488 2548 gestis,
511 2476 929 2533 acvirtutibus
944 2478 1352 2549 exprimenda.
1378 2478 1751 2545 Fuitanimo,
1778 2493 1968 2548 quan-
2080 2475 2255 2532 dibus
2287 2476 2591 2532 cumulata
2621 2476 2840 2544 virtus;
2871 2492 2939 2531 ea
2972 2476 3038 2530 ﬁt
3075 2477 3361 2548 primum,
3413 2486 3477 2534 ut
3524 2496 3735 2551 parum

291 2575 430 2623 tum
449 2570 837 2642 conjicimus,
867 2569 1100 2625 excelso
1124 2576 1182 2626 et
1201 2571 1362 2637 forti,
1385 2569 1877 2643 quempracipue
1906 2569 1968 2623 in
2080 2565 2141 2621 in
2172 2565 2345 2622 nobis
2376 2566 2522 2639 ipsis
2546 2565 2811 2637 prasidii
2836 2565 3008 2621 nobis
3042 2572 3320 2638 putemus
3353 2584 3505 2634 esse,
3540 2586 3740 2640 spem-

2079 2672 2193 2727 que
2224 2672 2464 2711 omnem
2498 2656 2560 2710 in
2594 2656 2711 2711 Deo
2748 2655 3130 2712 collocemus.
3156 2656 3258 2712 Hic
3280 2658 3342 2712 in
3362 2658 3565 2729 Cyrilli
3600 2660 3739 2715 scri-

2075 2746 2193 2818 ptis
2225 2745 2445 2817 ubique
2477 2762 2689 2801 sensus
2721 2745 2947 2813 elucet;
2982 2746 3045 2801 in
3078 2747 3358 2803 omnibus
3403 2748 3526 2803 fere
3570 2753 3731 2804 cate-

2074 2836 2355 2892 chesibus
2386 2836 2459 2892 de
2489 2836 2669 2891 rebus
2700 2837 3013 2908 pracipuis
3043 2838 3312 2893 dicturus
3345 2838 3603 2895 divinam
3663 2855 3725 2895 se

2071 2927 2322 3000 gratiam
2353 2943 2485 2997 qua
2506 2926 2620 2981 sibi
2652 2926 2726 2982 ad
2756 2932 2916 2982 recte
2938 2926 3258 2983 dicendum
3275 2929 3613 2984 necessaria
3625 2929 3723 2997 sit,

290 2666 570 2731 suscepta
595 2676 743 2716 cum
770 2660 988 2715 Acacio
1048 2662 1434 2717 contentione
1482 2660 1763 2733 prodidit.
1810 2660 1968 2716 Nihil

277 2749 450 2804 enim
482 2752 717 2805 veritus
747 2755 1053 2805 versutum
1094 2751 1267 2822 juxta
1315 2768 1383 2806 ac
1433 2751 1718 2807 audacem
1764 2750 1969 2806 omnia

273 2840 531 2913 aggredi
552 2841 780 2908 virum,
807 2840 868 2895 in
890 2841 1029 2897 aula
1057 2841 1435 2913 imperatoris
1458 2841 1963 2913 potentissimum,

274 2931 576 2987 Ecclesia
598 2948 730 2986 sua
740 2931 887 3002 jura
909 2930 1163 2987 ﬁrmiter
1178 2932 1593 3004 intrepideque
1608 2937 1831 2987 tutatus
1850 2939 1958 3001 est;

278 3020 361 3076 ab
388 3021 838 3093 eoqueinjuste
859 3021 1167 3093 depositus
1184 3027 1241 3077 et
1262 3022 1565 3094 expulsus,
1594 3022 1790 3094 majus
1817 3040 1960 3078 con—
2071 3022 2414 3088 exspectare
2447 3015 2548 3083 ait,
2584 3020 2643 3070 et
2698 3016 3038 3072 auditorum
3096 3018 3374 3089 precibus
3423 3018 3722 3076 conﬁsum

271 3110 500 3167 cnlium
523 3111 692 3166 civili
720 3126 904 3176 more,
938 3127 1088 3165 novo
1110 3117 1177 3166 ut
1216 3112 1419 3167 ferunt
1448 3112 1719 3184 exemplo
1749 3129 1960 3184 provo-
2071 3122 2409 3161 sermonem
2432 3104 2691 3178 aggredi.
2718 3105 2844 3161 Vid.
2870 3111 2982 3162 cat.
3009 3109 3096 3174 12,
3123 3123 3182 3163 ιι.
3217 3109 3272 3174 4,
3306 3112 3419 3173 cat,
3458 3110 3541 3165 13.
3565 3126 3625 3164 ιι.
3659 3110 3714 3178 8,

272 3202 476 3269 cavit;
524 3206 859 3271 oratusque
914 3200 976 3255 in
1024 3201 1275 3257 concilio
1326 3200 1710 3268 Seleuciensi,
1767 3207 1833 3256 ut
1879 3202 1953 3258 ad
1985 3232 2027 3299 ρ
2069 3201 2182 3296 cat.
2219 3198 2304 3262 16,
2338 3212 2398 3252 n.
2435 3193 2855 3294 1..Nolebat.ab
2878 3194 3247 3299 auditoribus
3269 3197 3597 3299 quidquam
3615 3216 3723 3254 sua

277 3291 770 3361 postulationem
802 3289 998 3345 Acacii
1032 3306 1062 3343 e
1093 3307 1376 3347 consessu
1399 3290 1473 3346 ad
1505 3296 1740 3363 tempus
1757 3292 1949 3348 disce-
1988 3283 2027 3299 ’³
2066 3286 2248 3342 unius
2273 3284 2624 3341 auctoritate
2659 3283 2850 3356 excipi
2884 3301 2951 3340 ac
2982 3285 3182 3352 credi;
3216 3303 3284 3342 ac
3340 3288 3457 3342 nisi
3508 3288 3725 3345 idonea

278 3378 785 3453 deret,graduvel
805 3379 1119 3435 minimum
1139 3380 1956 3437 cedereconstantissimede-
2065 3393 2135 3432 ex
2167 3374 2489 3447 Scripturis
2529 3379 2882 3446 argumenta
2938 3375 3247 3446 producat,
3294 3394 3464 3448 aquo
3522 3379 3722 3435 animo

278 3471 585 3525 trectavit.
622 3469 883 3524 Emicuit
913 3468 1091 3525 etiam
1123 3470 1251 3541 ejus
1289 3470 1573 3525 fortitudo
1607 3471 1952 3544 [LXXXVII]
2065 3466 2178 3522 sibi
2198 3464 2378 3520 ﬁdem
2399 3463 2680 3536 denegari
2708 3463 2929 3536 patitur
2953 3465 3161 3521 multis
3182 3466 3244 3520 in
3273 3466 3440 3533 locis,
3465 3485 3721 3539 praeer-

286 3559 351 3614 in
384 3557 783 3631 praﬁciendo
842 3564 1050 3614 contra
1093 3560 1363 3631 Eutychii
1392 3565 1451 3615 et
1480 3559 1837 3616 Arianorum
1867 3560 1950 3616 fa-
2066 3556 2171 3611 tim
2197 3559 2311 3611 cat.
2345 3556 2397 3609 4.
2431 3571 2491 3609 ιι.
2530 3557 2614 3621 17,
2648 3560 2761 3609 cat.
2800 3557 2885 3621 12,
2920 3570 2978 3609 ιι.
3014 3557 3066 3623 5,
3101 3561 3213 3611 cat.
3250 3560 3336 3625 13,
3388 3574 3446 3611 ιι.
3505 3560 3557 3613 8.
3608 3560 3721 3615 Ea-

289 3651 557 3705 ctionem
589 3648 945 3704 Casariensi
986 3649 1264 3705 Ecclesia
1309 3650 1611 3721 episcopo,
1661 3666 1781 3705 non
1828 3667 1951 3706 uno
2063 3644 2200 3700 dem
2231 3643 2589 3699 humilitatis
2617 3642 2800 3698 virtus
2830 3643 2990 3710 facit,
3024 3650 3090 3699 ut
3120 3662 3374 3716 quorum
3395 3646 3510 3718 ipsi
3527 3646 3713 3703 bono-

293 3745 551 3805 tantum,
587 3739 693 3794 sed
726 3744 783 3794 et
812 3738 998 3794 altero
1055 3744 1191 3811 post
1243 3738 1656 3811 depulsionem
1712 3740 1951 3811 prioris,
2061 3751 2196 3790 rum
2219 3750 2329 3789 nos
2353 3733 2562 3803 inopes
2579 3738 2639 3787 et
2659 3731 2935 3805 indignos
2958 3733 3354 3799 sentimus,ea
3375 3751 3497 3790 non
3519 3736 3715 3793 solum

294 3830 743 3900 violentamque
767 3828 1013 3883 alterius
1032 3828 1420 3885 invasionem.
1452 3829 1623 3884 Fides
1644 3829 1733 3884 illi
1756 3831 1949 3896 ﬁrma,

295 3918 664 3973 curiositatis
694 3917 910 3983 aliena,
944 3917 1338 3973 vacillationis
1368 3934 1601 3989 expers,
1651 3935 1717 3974 ac
1765 3920 1950 3975 inter-

296 4008 434 4071 rita,
460 4014 574 4063 cat.
604 4010 659 4077 5,
684 4024 745 4062 ιι.
777 4010 861 4060 12.
896 4007 1241 4079 Symbolum
1273 4007 1599 4063 traditurus
1629 4014 1854 4075 monet,
1885 4014 1954 4064 ut

294 4095 453 4151 hanc
485 4096 907 4151 intemeratam
962 4095 1366 4167 intactamque
1416 4095 1598 4153 ﬁdem
1651 4102 1771 4152 toto
1818 4097 1950 4153 vita

299 4190 573 4257 tempore
605 4184 965 4252 custodiant,
1000 4201 1192 4257 neque
1225 4185 1351 4241 ulla
1380 4191 1504 4241 arte
1531 4192 1633 4241 aut
1660 4187 1713 4240 vi
1771 4185 1950 4242 aliam

302 4275 423 4329 sibi
455 4274 656 4330 induci
688 4275 1010 4346 patiantur,
1072 4274 1303 4330 etiamsi
1349 4276 1477 4348 ipse
1525 4280 1790 4331 mutatus
1835 4275 1953 4331 alia

299 4362 563 4419 doceret.
603 4363 905 4419 Vitandam
939 4363 999 4417 in
1033 4363 1242 4419 divinis
1292 4364 1471 4420 rebus
1519 4365 1947 4433 curiositatem,

299 4457 365 4507 et
398 4452 544 4508 nihil
574 4452 734 4507 ultra
758 4452 819 4507 id
849 4450 1010 4523 quod
1040 4453 1101 4507 in
1132 4452 1450 4523 Scripturis
1471 4459 1631 4509 Deus
1653 4453 1949 4522 revelavit,

294 4542 726 4614 inquirendum
757 4542 980 4597 millies
1008 4543 1237 4614 repetit.
1275 4543 1461 4608 Quam
1484 4543 1839 4616 negligenda
1862 4562 1952 4600 ra-

2061 3824 2195 3881 aliis
2227 3839 2347 3878 non
2378 3821 2773 3887 invideamus,
2807 3820 2911 3875 sed
2941 3826 3007 3875 ut
3034 3821 3123 3876 illi
3154 3822 3413 3877 habeant
3438 3831 3715 3897 peropte-

2059 3913 2652 3983 mus,ethabentibus
2665 3913 3316 3985 gratulemur.Cyrillus
3335 3915 3708 3973 auditoribus

2062 4007 2186 4063 suis
2220 4005 2378 4060 dona
2410 4002 2835 4059 miraculorum
2869 4009 2927 4058 et
2957 4004 3306 4076 prophetiae,
3352 4006 3716 4082 [LXXXVIII]

2060 4097 2182 4152 illis
2207 4094 2574 4168 temporibus
2606 4093 2749 4149 satis
2769 4094 3132 4161 communia,
3152 4094 3500 4167 frequenter
3515 4114 3722 4170 appre-

2061 4194 2248 4255 catur,
2287 4201 2423 4240 cum
2454 4184 2582 4256 ipse
2613 4183 2943 4256 prophetiae
2967 4182 3120 4239 dono
3144 4202 3264 4240 non
3297 4203 3359 4241 se
3391 4203 3592 4244 carere
3623 4205 3739 4244 so-'

2062 4278 2208 4346 lum,
2240 4276 2345 4332 sed
2370 4275 2756 4348 etindignum
2781 4292 2910 4331 esse
2933 4275 3304 4347 proﬁteatur,
3339 4283 3452 4333 cat.
3482 4281 3568 4348 15,
3597 4281 3716 4335 ιι.4.

2063 4371 2182 4424 Νοη
2227 4366 2715 4438 prophetantibus,
2775 4365 2991 4437 inquit,
3052 4366 3251 4431 nobis;
3308 4369 3528 4438 indigni
3575 4373 3721 4426 enim

2059 4452 2268 4513 sumus.
2304 4455 2592 4511 Difﬁdens
2625 4454 2739 4510 sibi
2772 4460 2997 4524 monet,
3058 4473 3134 4511 ne
3180 4457 3228 4511 si
3274 4458 3401 4529 ipse
3450 4465 3715 4516 mutatus

2063 4547 2363 4603 contraria
2391 4546 2653 4612 doceret,
2687 4545 2883 4616 ipsum
2916 4552 3265 4617 sequantur,
3299 4553 3411 4603 cat.
3445 4552 3499 4617 5,
3532 4567 3590 4605 ιι.
3624 4554 3710 4619 12,

299 4613 485 4687 tionis
518 4632 704 4704 ipsius
735 4638 836 4687 aut
878 4648 1166 4687 sensuum
1216 4637 1424 4688 contra
1473 4632 1611 4687 ﬁdei
1669 4634 1955 4705 mysteria
1988 4613 2029 4676 Π
2063 4642 2167 4693 aut
2195 4637 2243 4692 si
2276 4637 2401 4707 ipse
2431 4634 2623 4706 culpa
2654 4634 3024 4703 succumbat,
3055 4652 3176 4691 una
3207 4654 3342 4692 cum
3366 4638 3494 4709 ipso
3516 4640 3712 4711 perire

300 4722 639 4793 reluctatio,
675 4726 794 4777 tota
823 4721 1051 4777 catech.
1075 4722 1143 4775 2'3
1161 4727 1219 4775 et
1238 4724 1304 4776 23
1332 4720 1531 4790 docet;
1565 4727 1788 4793 quanta
1816 4741 1951 4780 vero

297 4810 365 4868 in
396 4813 620 4879 mediis,
658 4829 788 4883 qua
835 4812 897 4866 in
949 4811 1210 4867 Ecclesia
1256 4817 1582 4867 nascantur
1630 4814 1949 4882 scandalis,

296 4903 640 4958 constantia
669 4908 727 4957 et
758 4901 1045 4956 ﬁdelitate
1078 4900 1520 4973 persistendum
1570 4902 1664 4966 sit,
1712 4909 1825 4961 cat.
1862 4908 1947 4971 15,

297 5008 364 5046 ιι.
404 4997 451 5047 7.
485 4993 679 5048 Firma
708 4991 770 5047 in
803 4991 1020 5046 divinis
1051 4990 1308 5046 oraculis
1342 4991 1479 5051 ﬁde.
1514 4997 1571 5046 et
1618 4992 1950 5050 divinarum

293 5082 765 5154 promissionum
789 5080 1253 5152 exspectatione,
1282 5087 1457 5153 negat
1478 5081 1950 5153 seiniquissimis

295 5172 645 5228 Antichristi
672 5169 1039 5242 temporibus
1057 5169 1129 5225 de
1149 5169 1359 5226 robore
1379 5175 1437 5226 et
1455 5172 1649 5226 nervis
1671 5172 1949 5228 Ecclesia

290 5261 589 5331 difﬁdere,
622 5267 735 5318 cat.
775 5264 863 5328 15,
896 5277 956 5314 ιι.
998 5261 1082 5327 16,
1114 5258 1574 5331 Judaorumque
1606 5261 1667 5316 in
1729 5262 1947 5335 templo

297 5351 685 5409 instaurando
723 5350 833 5406 sub
892 5349 1126 5404 Iuliano
1176 5354 1426 5404 conatus
1473 5351 1623 5405 risit.
1672 5352 1946 5408 Ecclesia

294 5442 676 5499 traditionem
707 5448 767 5496 et
786 5439 1034 5494 decreta
1053 5438 1137 5493 uti
1160 5437 1531 5495 inviolabilia
1552 5440 1777 5509 habuit,
1800 5449 1857 5497 et
1873 5461 1946 5499 ne

300 5532 487 5588 latum
509 5533 749 5604 quidem
771 5544 1037 5601 unguem
1061 5527 1131 5583 ab
1155 5528 1240 5582 eis
1270 5528 1467 5584 recedi
1501 5548 1675 5601 posse
1705 5549 1947 5604 persua-

299 5638 431 5678 sum
486 5622 758 5679 habebat.
822 5618 955 5674 Vid.
1008 5621 1121 5674 cat.
1181 5618 1234 5685 4,
1276 5634 1335 5672 ιι.
1371 5619 1458 5688 35,
1492 5626 1604 5676 cat.
1640 5622 1729 5688 l8,
1765 5640 1824 5678 n.
1860 5627 1945 5681 16.

296 5711 589 5787 Religione
623 5726 867 5769 summa
909 5722 1119 5761 omnes
1169 5722 1315 5763 usus
1365 5715 1423 5762 et
1469 5708 1620 5766 ritus
1669 5710 1947 5772 Ecclesia

2060 4726 2265 4794 velint,
2297 4730 2409 4781 cat.
2448 4728 2534 4793 15,
2567 4742 2627 4780 ιι.
2661 4728 2713 4780 7.
2747 4727 2931 4797 Neque
2960 4728 3177 4782 etiamsi
3196 4744 3294 4797 ego
3333 4730 3432 4799 qui
3470 4735 3519 4784 te
3547 4730 3711 4785 doceo

2051 4832 2299 4889 peream,
2335 4822 2396 4869 tu
2424 4832 2538 4869 una
2566 4831 2776 4869 meeum
2825 4831 3039 4886 pereas.
3095 4816 3205 4871 Sed
3236 4820 3323 4885 fas
3362 4825 3440 4872 est
3484 4821 3708 4874 audito-

2060 4922 2171 4961 rem
2200 4906 2468 4975 magistro
2494 4905 2771 4959 meliorem
2801 4907 2941 4973 ﬁeri,
2975 4911 3027 4958 et
3079 4921 3199 4958 eum
3238 4907 3337 4974 qui
3382 4907 3706 4963 novissimus

2059 4997 2227 5062 venit,
2254 4998 2501 5064 priorem
2533 4996 2699 5063 efﬁci.
2735 4995 2789 5049 Is
2844 4993 3119 5048 demissa
3164 4993 3236 5048 de
3287 5010 3349 5048 se
3407 4996 3709 5067 Opinionis

2061 5101 2273 5140 sensus
2302 5089 2464 5139 tanto
2496 5082 2953 5154 pradicabilior,
2989 5081 3148 5153 quod
3169 5099 3291 5139 non
3324 5084 3385 5139 in
3418 5088 3580 5142 tenui
3612 5090 3716 5144 ab-

2051 5175 2334 5246 jectoque
2367 5173 2630 5247 ingenio,
2666 5173 2768 5229 sed
2800 5173 2861 5227 in
2895 5172 3128 5228 excelso
3188 5180 3529 5247 erectoque,
3578 5178 3717 5234 forti

2059 5281 2128 5320 ac
2145 5263 2353 5337 grandi
2387 5264 2587 5319 animo
2612 5262 2974 5318 versabatur.
3000 5263 3122 5328 Quo
3148 5264 3234 5331 ﬁt,
3267 5269 3334 5319 ut
3373 5282 3504 5322 eam
3535 5284 3718 5338 quam

2059 5355 2120 5410 in
2153 5354 2569 5426 persequenda
2598 5370 2778 5409 causa
2809 5369 2915 5407 sua
2930 5352 3341 5409 fortitudinem
3364 5361 3422 5411 et
3442 5364 3717 5413 constan-

2060 5445 2204 5500 tiam
2233 5444 2502 5511 retinuit,
2535 5460 2656 5498 non
2688 5442 3031 5513 pertinacia
3062 5442 3274 5514 suique
3293 5445 3479 5516 ipsius
3496 5448 3708 5515 amori,

2059 5535 2163 5590 sed
2187 5534 2367 5589 ofﬁcii
2387 5532 3128 5589 conservationiascribere
3153 5532 3709 5608 debeamusMaguo

2059 5624 2132 5681 ad
2173 5623 2643 5694 promovendum
2677 5622 2775 5677 Dei
2810 5621 3037 5676 cultum
3069 5621 3265 5677 studio
3304 5623 3611 5691 aestuabat,
3643 5632 3709 5681 ut

2060 5731 2166 5773 suo
2196 5713 2386 5770 labori
2414 5730 2536 5770 non
2563 5718 2875 5786 parceret;
2926 5710 3241 5768 indefessas
3289 5718 3414 5771 tum
3457 5714 3520 5768 in
3574 5727 3704 5784 sua,
