4052 6368
481 393 594 452 H9

1765 378 1867 438 DE
1911 375 2100 436 VlTA
2144 378 2206 434 S.
2255 373 2596 438 CYRILLI.

3751 383 3844 445 120

483 539 662 596 quam
685 522 739 576 ei
767 522 921 576 Deus
951 515 1333 573 commiserat
1361 513 1643 579 Ecclesia,
1677 517 1804 568 tum
1834 511 1895 566 in
1925 510 1998 565 iis
2027 508 2128 564 ubi
2163 509 2210 576 Α
2243 509 2597 566 substantiah'
2653 513 3038 568 adhaerentem.
3099 514 3225 568 Non
3292 511 3466 567 credo
3519 512 3602 568 illi
3647 514 3750 570 alia
3781 515 3838 571 de

487 609 922 684 hospitabatur,
957 605 1138 662 divini
1169 604 1328 660 verbi
1371 601 1778 676 praedicationi
1829 600 2134 655 insistens.

486 705 764 759 Amorem
797 703 855 753 et
878 692 1335 754 beneﬁcentiam
1369 694 1498 766 ejus
1529 693 1590 747 in
1621 707 1914 764 pauperes
1937 689 2128 744 declav

483 791 639 848 ravit
667 789 772 844 illa
800 787 859 842 in
888 789 1145 859 egestate
1174 783 1433 856 publica,
1461 782 1533 838 ad
1583 781 2005 837 sublevandam
2041 795 2138 834 eoo

486 898 620 937 rum
652 878 916 950 inopiam
949 892 1129 931 sacrae
1159 873 1550 946 supellectilis
1581 870 1888 925 distractio
1916 869 2136 936 ;susci-

487 975 610 1026 tata
640 967 751 1039 ipsi
787 965 857 1022 ab
907 963 1168 1020 inimicis
1206 963 1278 1018 ob
1337 979 1467 1018 eam
1519 977 1644 1016 rem
1695 960 2031 1027 vexatione,
2085 963 2142 1013 et

484 1056 898 1132 persecutione
933 1071 968 1110 a
996 1056 1113 1108 Deo
1146 1057 1447 1107 coronata.
1483 1051 1650 1106 Pacis
1681 1066 1911 1114 amans,
1935 1054 1994 1104 et
2023 1053 2140 1104 tur-

486 1148 698 1204 barum
728 1162 885 1212 osor,
919 1143 1184 1216 primum
1218 1141 1466 1196 Maximo
1496 1141 1746 1208 vivente,
1778 1138 2045 1194 medium
2079 1154 2140 1193 se

491 1243 551 1294 et
584 1235 735 1292 nulli
765 1234 919 1307 parti
952 1232 1254 1289 addictum
1287 1231 1348 1286 in
1402 1230 1824 1286 ecclesiasticis
1879 1227 2142 1283 dissidiis

491 1325 856 1402 gravissimis
886 1322 1099 1378 habuit
1123 1338 1136 1376 :
1159 1321 1298 1377 dein
1325 1319 2006 1376 consubstantialitatem
2024 1334 2144 1373 am-

494 1416 725 1489 plexus,
754 1429 958 1469 eorum
983 1411 1084 1483 qui
1118 1411 1234 1466 ﬁde
1265 1410 1328 1464 in
1362 1415 1488 1465 tuto
1521 1410 1712 1482 posita
1743 1408 1814 1464 de
1847 1424 1984 1462 voce
2018 1407 2146 1462 sola

489 1504 792 1577 ambigere
812 1498 1676 1567 videbantur,communionem
1699 1515 1818 1554 non
1851 1497 2145 1551 detrecta-

489 1595 601 1660 vit;
625 1592 978 1662 Meletioque
1003 1589 1075 1645 ab
1107 1589 1367 1646 inimicis
1399 1588 1522 1643 suis
1544 1587 1838 1651 ordinato,
1874 1602 2008 1641 cum
2043 1585 2144 1640 ille

493 1685 791 1740 sinceram
814 1688 872 1736 et
894 1679 1282 1735 orthodoxam
1301 1677 1481 1732 ﬁdem
1498 1677 1801 1748 professus
1824 1682 2143 1745 esset,eum

495 1790 615 1830 non
639 1773 833 1827 solum
851 1769 937 1824 uti
960 1769 1326 1840 episcopum,
1352 1767 1456 1822 sed
1475 1767 1655 1821 etiam
1677 1765 1737 1820 in
1760 1766 2144 1820 familiarium

2245 615 2424 656 causa
2454 601 2592 656 ﬁdei
2625 602 3009 658 variationem
3063 602 3366 673 imputari,
3417 618 3590 672 quam
3639 610 3842 676 propter

2243 690 2629 746 variationem
2661 692 3104 746 communionis
3133 692 3246 763 ipsi
3279 698 3499 747 temere
3543 693 3841 764 ascriptum.

2246 780 2359 836 Sed
2387 781 2554 852 prius
2579 797 2823 854 agamus
2854 782 2926 837 de
2960 781 3094 836 ﬁde.
3133 782 3455 836 Dissentire
3484 797 3596 836 non
3631 789 3846 854 possunt

2248 869 2376 941 ejus
2407 868 2726 925 adversarii
2759 871 2951 941 prima
2981 873 3110 941 ejus
3143 878 3200 924 et
3231 878 3494 927 extrema
3513 871 3846 943 episcopatus

2247 965 2515 1032 tempora
2544 977 2677 1014 cum
2720 960 2952 1016 sincera
3003 959 3116 1015 ﬁde
3162 966 3461 1015 transacta
3509 977 3631 1016 esse
3675 961 3847 1016 ortho-

2248 1049 2580 1120 doxamque
2606 1050 2735 1121 ejus
2759 1051 2820 1105 in
2845 1050 3255 1106 catechesibus
3277 1049 3348 1104 de
3369 1050 3643 1105 Trinitate
3662 1049 3846 1105 doctri-

2247 1157 2386 1195 nam
2401 1139 2837 1195 dissertationis
2852 1141 3037 1195 tertim
3053 1139 3241 1194 initiis
3255 1140 3472 1195 invicte
3486 1139 3847 1211 probabimus;

2247 1235 2315 1284 ut
2344 1229 2502 1282 idem
2535 1228 2606 1283 de
2639 1228 3013 1284 intermediis
3045 1227 3850 1302 temporibusjudicetur,nisi

2250 1317 2486 1372 obstent
2503 1317 2726 1373 diserta
2750 1319 2810 1372 in
2836 1319 3200 1373 contrarium
3225 1323 3590 1390 argumenta.
3610 1317 3698 1372 lex
3724 1317 3850 1388 aequi

2242 1407 2511 1479 justique
2543 1407 2823 1479 postulat.
2857 1407 3102 1472 Qualem
3136 1413 3294 1462 certe
3344 1423 3507 1462 num.
3559 1409 3623 1461 84
3665 1406 3852 1462 descri-

2249 1497 2480 1569 psimus
2509 1497 2712 1569 Cyrilli
2747 1496 2948 1562 ﬁdem,
2981 1497 3042 1552 in
3073 1514 3205 1552 eam
3237 1497 3485 1552 minime
3509 1497 3755 1551 omnium
3773 1513 3852 1550 va-

2249 1586 2524 1641 riationis
2545 1603 2612 1641 ac
2635 1586 2983 1641 mutationis
3005 1587 3265 1658 suspicio
3287 1587 3498 1642 cadere
3517 1591 3717 1658 potest,
3745 1601 3854 1640 cum

2252 1691 2382 1731 sese
2403 1674 2464 1730 in
2489 1681 2865 1730 antecessum
2884 1675 3114 1747 judicio
3138 1676 3264 1748 ipse
3289 1693 3396 1731 suo
3428 1675 3790 1740 damnaverit,
3816 1675 3853 1728 si

2252 1764 2431 1820 ﬁdem
2463 1770 2722 1820 mutaret
2751 1781 3038 1836 unquam.
3073 1771 3186 1820 cat.
3222 1769 3274 1834 5,
3309 1782 3370 1820 n.
3407 1769 3490 1821 12.
3537 1765 3705 1830 Alias,
3737 1763 3852 1820 nul-

496 1879 750 1920 numero
773 1859 1000 1916 habuit.
1034 1858 1416 1913 Paulinianos
1435 1873 1671 1928 quoque
1694 1856 2038 1922 monachos,
2071 1855 2144 1910 ab
2181 1868 2223 1931 Β
2257 1853 2375 1909 lam
2406 1853 2586 1909 aliam
2619 1854 2834 1926 legitur
2867 1855 3144 1910 Arianam
3175 1855 3493 1911 formulam
3513 1872 3615 1911 sua
3643 1853 3857 1910 subscri-

495 1955 602 2010 illa
630 1958 796 2026 parte
829 1949 1097 2022 quamvis
1129 1950 1391 2005 offensus
1417 1949 1780 2022 gravissime,
1818 1947 1890 2002 ad
1939 1963 2144 2019 pacem

495 2043 624 2099 sine
657 2039 1085 2096 detrectatione
1135 2037 1377 2108 recepit.
1415 2039 1456 2090 E
1487 2036 1757 2092 conciliis
1789 2040 1906 2090 tam
1942 2035 2147 2090 multis

495 2149 628 2204 quas
653 2130 760 2185 sub
783 2127 1127 2184 Constantio
1159 2125 1458 2182 celebrata
1479 2132 1836 2198 sunt,pauca
1859 2130 2000 2180 sunt
2019 2140 2150 2179 om-

493 2223 638 2278 nino
671 2219 886 2292 quibus
912 2219 1014 2274 ille
1045 2216 1404 2284 interfuerit,
1436 2216 1587 2272 nulli
1618 2217 1704 2270 rei
1739 2232 1800 2271 se
1823 2215 2034 2271 ducem
2059 2220 2150 2270 at-

495 2329 610 2384 que
642 2307 1069 2365 intermedium
1100 2307 1399 2379 ingerens.
1459 2306 1727 2376 Cumque
1779 2305 1841 2358 in
1892 2303 2146 2358 concilio

495 2396 1153 2470 Constantinopolitano
1211 2395 1418 2450 multis
1469 2410 1603 2450 cum
1663 2392 1798 2447 aliis
1842 2392 2148 2464 depositus

495 2491 727 2557 fuisset,
762 2488 850 2543 illi
885 2493 944 2543 et
973 2487 1199 2552 statim,
1241 2490 1299 2540 et
1319 2485 1430 2540 sub
1477 2485 1736 2551 Iuliano,
1783 2484 2046 2552 Joviano,
2092 2489 2150 2539 et

495 2580 768 2646 Valente,
794 2577 985 2632 multa
1005 2575 1286 2632 adversus
1309 2591 1409 2630 eos
1432 2591 1466 2630 a
1487 2573 1706 2644 quibus
1728 2573 1991 2628 damnati
2021 2571 2146 2628 fue-

497 2674 652 2736 rant,
684 2673 743 2722 et
772 2665 1026 2723 concilia
1056 2670 1114 2720 et
1130 2669 1456 2720 conventus
1478 2662 1872 2728 celebravere,
1894 2679 2146 2733 quorum

497 2758 648 2814 nulli
679 2756 934 2828 Cyrillus
960 2755 1175 2828 legitur
1204 2753 1566 2808 interfuisse.
1601 2751 1810 2807 Multas
1841 2751 1989 2806 alias
2020 2751 2148 2822 ejus

497 2849 744 2904 virtutes
775 2847 838 2901 in
870 2845 1058 2917 ipsius
1087 2843 1295 2900 Ofﬁcio
1327 2847 1644 2898 recensent
1674 2843 1878 2908 Graeci,
1922 2841 2150 2897 aientes

503 2960 524 2988 ι
552 2953 687 2992 eum
710 2936 970 2992 animam
997 2949 1164 2989 suam
1181 2931 1495 2988 virtutibus
1518 2947 1859 2999 exornasse,
1884 2937 2146 2986 mentem

501 3049 530 3076 α
561 3025 864 3098 corporeis
894 3023 1072 3080 rebus
1099 3021 1466 3094 superiorem
1490 3019 1758 3076 effecisse
1783 3040 1797 3087 ;
1830 3037 1964 3075 cum
1989 3036 2151 3075 men-

501 3137 529 3165 ‹‹
564 3119 681 3170 tem
701 3113 950 3169 haberet
970 3111 1167 3167 divino
1191 3111 1403 3166 timore
1426 3110 1879 3175 inflammatam,
1905 3125 2147 3164 omnem

2255 1943 2460 2016 ptione
2491 1943 2870 2016 approbasse,
2914 1945 3028 2000 nisi
3088 1945 3514 2002 Antiochenam
3563 1945 3702 2000 forte
3746 1957 3855 1998 cum

2253 2032 2387 2087 aliis
2417 2033 2478 2087 in
2510 2035 2764 2088 concilio
2797 2034 3160 2090 Seleuciensi
3187 2052 3200 2100 ;
3234 2041 3294 2090 at
3325 2037 3376 2090 ei
3411 2035 3556 2091 forte
3587 2051 3699 2090 una
3743 2032 3857 2087 sub-

2256 2121 2494 2194 scripsit
2523 2123 2780 2179 Hilarius
2809 2123 3034 2179 ibidem
3083 2142 3372 2196 praesens.
3423 2126 3523 2196 qui
3573 2124 3767 2180 saltem
3809 2122 3856 2176 in

2255 2212 2406 2266 libro
2431 2214 2504 2267 De
2527 2213 2749 2283 synodis
2772 2215 2896 2284 jam
2933 2213 3282 2285 probaverat
3311 2231 3442 2270 eam
3481 2213 3628 2270 nihil
3655 2212 3758 2268 nisi
3782 2227 3861 2265 ve-

2253 2319 2385 2359 rum
2420 2309 2479 2357 et
2523 2304 2883 2359 catholicum
2941 2306 3288 2372 continere;
3341 2323 3452 2361 nec
3498 2305 3569 2361 ad
3615 2304 3858 2360 Arianum

2256 2409 2497 2448 sensum
2525 2392 2682 2447 ﬁecti
2713 2399 2925 2464 potest,
2978 2394 3091 2449 nisi
3110 2396 3403 2450 contortis
3423 2401 3480 2450 et
3500 2393 3703 2450 alienis
3723 2403 3860 2464 pror-

2256 2499 2356 2536 sus
2387 2482 2460 2537 ab
2491 2481 2663 2536 obvio
2696 2489 2754 2536 et
2783 2483 3046 2556 legitimo
3097 2501 3277 2539 sensu
3333 2481 3856 2556 interpretamentis,

2255 2575 2468 2628 Vocem
2524 2574 3002 2629 consubstantialis
3050 2575 3243 2647 primo
3293 2581 3627 2648 suspectam
3667 2572 3862 2628 videtur

2256 2662 2555 2718 habuisse.
2583 2664 2748 2718 Hunc
2768 2664 2880 2735 ipsi
2904 2665 3032 2719 sine
3055 2664 3234 2720 dubio
3267 2665 3610 2738 scrupulum
3642 2661 3861 2720 excussit

2257 2752 2616 2808 Athanasius
2645 2769 2742 2807 an.
2778 2754 2880 2807 349
2905 2770 2918 2818 ;
2955 2770 3020 2808 eo
3045 2771 3186 2809 sane
3203 2755 3492 2810 vocabulo
3524 2754 3692 2810 ﬁdem
3722 2765 3860 2806 suam

2255 2843 2327 2898 de
2359 2843 2454 2898 SS.
2487 2842 2771 2898 Trinitate
2794 2843 3098 2914 professus
3121 2851 3212 2918 est
3231 2844 3303 2900 ad
3325 2845 3724 2901 Constantium
3744 2839 3864 2895 scri-

2253 2931 2423 3002 bens,
2447 2931 2606 3003 quod
2633 2932 2693 2988 in
2718 2948 2824 2988 sua
2845 2947 2978 2988 cum
3011 2934 3224 2989 Acacio
3248 2933 3320 2990 de
3359 2941 3563 2990 mutua
3591 2933 3863 3003 utriusque

2254 3021 2371 3077 ﬁde
2393 3022 2774 3076 contentione
2798 3022 3120 3078 retinuisse
3137 3023 3396 3082 videtur.
3419 3027 3533 3080 Nec
3555 3023 3722 3096 hujus
3735 3017 3868 3076 abdi-

2253 3111 2408 3166 catio
2440 3111 2503 3165 in
2535 3111 2792 3166 formula
2843 3112 3215 3168 Antiochena
3259 3115 3626 3180 continetur,
3670 3115 3864 3166 tantum

499 3226 528 3255 ‹‹
564 3202 883 3275 voluptatis
911 3201 1181 3256 fomitem
1211 3201 1275 3256 in
1306 3200 1540 3256 cineres
1569 3199 1902 3272 redegisse;
1950 3198 2142 3269 lacry-
2177 3233 2220 3298 Β
2257 3201 2683 3273 praetermissio
2716 3218 2783 3257 ac
2815 3201 3138 3258 silentium.
3174 3205 3299 3258 Non
3331 3203 3516 3276 igitur
3539 3203 3588 3258 ei
3644 3196 3866 3256 subscri-

497 3315 522 3347 ιι
557 3309 789 3349 marum
821 3291 1114 3347 imbribus
1135 3291 1454 3346 aﬁ'ectuum
1471 3289 1746 3345 ﬂammas
1767 3289 2141 3354 exstinxisse,

495 3406 522 3434 ε(
558 3382 1017 3454 lampademque
1047 3396 1216 3435 suam
1247 3378 1666 3434 inexstinctam
1724 3394 2140 3444 conservasse;

494 3495 523 3522 «
558 3489 626 3528 ac
665 3471 924 3542 denique
983 3469 1228 3526 desidias
1275 3469 1680 3524 somnolentia
1722 3467 1794 3524 ab
1841 3468 2142 3540 palpebris

497 3583 522 3615 ι
557 3561 772 3617 animae
805 3564 1150 3616 constanter
1177 3558 1386 3630 ejecta,
1417 3558 1477 3613 in
1502 3574 1778 3613 somnum
1802 3558 1984 3630 justis
2006 3575 2144 3614 con-

493 3674 522 3702 «
556 3651 892 3706 venientem
923 3648 1157 3722 placide
1189 3647 1618 3704 obdormivisse
1650 3670 1700 3702 ›ι.
1751 3649 1888 3713 Qua:
1937 3647 2142 3703 omnia

489 3743 688 3798 sintne
719 3755 1068 3796 communes
1098 3738 1210 3794 loci
1245 3737 1463 3809 quibus
1495 3742 1839 3792 sanctorum
1869 3737 2140 3793 omnium

487 3837 734 3888 ornatur
759 3832 970 3903 pietas,
998 3846 1074 3886 an
1106 3845 1177 3883 ex
1234 3827 1639 3900 peculiaribus
1679 3827 1810 3898 ejus
1857 3827 2138 3882 virtutum

488 3921 931 3977 characteribus
962 3933 1242 3990 expressa
1269 3917 1409 3985 sint,
1434 3917 1654 3990 ambigi
1681 3917 1892 3972 merito
1925 3921 2136 3988 potest.

559 4011 649 4064 87.
675 4007 1029 4064 Patientiam
1054 4005 1245 4062 sancti
1267 4006 1376 4060 viri
1408 4007 1563 4060 Deus
1595 4010 1717 4059 toto
1749 4006 1878 4076 ejus
1909 4005 2132 4076 episco-

489 4102 662 4168 patus
695 4101 961 4168 tempore
990 4093 1168 4150 variis
1199 4092 1470 4165 probavit
1496 4091 1726 4148 modis:
1760 4099 1850 4148 ter
1897 4094 2138 4166 injustis

487 4183 969 4242 accusationibus
991 4181 1132 4239 sede
1156 4181 1424 4251 dejectus
1447 4188 1502 4236 et
1526 4182 1584 4235 in
1610 4182 1884 4238 exsilium
1909 4183 2134 4254 pulsus.

486 4277 554 4330 In
589 4275 816 4330 exsiliis
846 4273 992 4340 suis,
1025 4271 1234 4328 saltem
1271 4271 1330 4325 in
1363 4278 1684 4342 postremo.
1729 4272 1916 4327 multa
1947 4278 2037 4328 est
2065 4273 2137 4328 ab

485 4363 724 4436 Arianis
757 4379 989 4436 passus.
1023 4361 1276 4417 Domum
1309 4361 1491 4416 redux
1526 4361 1826 4416 intestinis
1875 4361 2138 4417 dissidiis

489 4435 808 4520 turbatam,
844 4458 904 4506 et
941 4449 1301 4508 factionibus
1349 4450 1661 4506 adversum
1711 4467 1773 4505 se
1817 4453 2135 4524 [LXXXIX]

494 4542 795 4599 suscitatis
827 4540 1077 4596 offendit
1104 4538 1450 4604 Ecclesiam,
1484 4538 1918 4596 ordinationem
1967 4558 2135 4598 suam

487 4631 678 4687 doluit
708 4629 950 4704 injustis
982 4628 1426 4700 suspicionibus
1457 4627 1745 4697 infamari,
1777 4647 1925 4700 quas
1957 4631 2136 4686 etiam

486 4721 674 4776 sancti
707 4726 766 4776 et
794 4719 952 4774 docti
1002 4718 1130 4781 viri,
1180 4723 1247 4772 ut
1301 4717 1694 4789 Hieronymus
1751 4723 1809 4773 et
1861 4720 2134 4783 Ruﬁnus.

485 4812 706 4882 scripto
740 4809 1072 4882 posteritati
1102 4808 1551 4879 consignarunt.
1583 4808 1718 4862 Tria
1747 4809 2044 4880 prazcipue
2074 4809 2136 4864 in

482 4901 702 4973 Cyrillo
733 4899 1275 4974 reprehenduntur,
1311 4897 1606 4952 ordinatio
1631 4898 1782 4969 ejus,
1807 4899 2050 4954 variatio
2073 4899 2135 4954 in

482 4991 622 5058 ﬁde,
647 4998 706 5047 et
725 4993 787 5046 in
815 4988 1710 5048 communione.0rdinationem
1731 4989 1861 5060 ejus
1886 4990 2133 5046 Ruﬁnus

483 5079 682 5134 media
711 5086 1048 5150 temporum
1079 5077 1428 5134 confusione
1459 5076 1675 5132 factam
1707 5077 1809 5144 ait,
1844 5078 2132 5149 Hierony-

484 5184 618 5224 mus
639 5184 774 5223 vero
791 5167 1240 5223 incredibilibus
1255 5183 1498 5238 prorsus
1513 5165 1976 5222 circumstantiis
1989 5186 2134 5240 prm-

483 5261 666 5316 ditam
699 5259 899 5315 refert.
933 5260 1068 5313 Ha-c
1099 5260 1301 5314 omnia
1321 5275 1432 5313 nos
1464 5275 1531 5313 ex
1556 5257 1904 5313 melioribus
1927 5264 2131 5316 aucto-

481 5349 650 5404 ribus
671 5355 729 5402 ct
752 5347 1152 5403 monumentis
1175 5364 1280 5402 suo
1301 5347 1431 5402 loco
1447 5347 1784 5402 dissolvisse
1799 5365 2128 5419 speramus.

483 5438 734 5494 Ruﬁnus
769 5437 852 5493 ait
881 5436 1168 5510 Cyrillum
1212 5437 1521 5506 aliquando
1567 5439 1627 5492 in
1667 5439 1775 5506 ﬁde
1821 5440 2020 5507 smpius
2071 5441 2131 5493 in

481 5529 860 5583 communione
890 5529 1150 5582 variasse.
1186 5525 1600 5597 Astipulantur
1625 5527 1747 5580 fere
1775 5527 2043 5582 Socrates
2074 5535 2134 5583 et

483 5615 1036 5688 Sozomenus,§dum
1068 5613 1238 5669 aiunt
1266 5631 1402 5668 eum
1433 5615 1686 5670 concilio
1717 5616 2128 5672 Constantino-

477 5705 744 5779 politano
773 5703 1139 5775 interfuisse,
1175 5708 1298 5758 tum
1331 5703 1648 5775 eﬁmutala
1675 5703 1952 5760 sententia
1999 5722 2126 5761 con.

2259 3291 2453 3346 bendo
2476 3292 2930 3346 consubstantiah'
2943 3291 3257 3363 repudium
3276 3293 3554 3350 dedit.Ad
3579 3302 3860 3350 summum,

2252 3396 2389 3435 cum
2409 3380 2470 3434 in
2491 3379 2745 3435 concilio
2778 3380 3140 3436 Seleuciensi
3168 3381 3524 3438 idoneorum
3545 3381 3764 3438 testium
3782 3391 3863 3431 au-

2252 3469 2544 3534 ctoritate,
2575 3469 2648 3524 de
2679 3470 2886 3526 vocula
2918 3470 3134 3534 solum,
3183 3487 3307 3526 non
3363 3473 3435 3527 de
3484 3471 3734 3543 subjecta
3769 3463 3862 3536 ipsi

2251 3560 2688 3634 signiﬁcatione
2711 3560 3110 3633 ambigeretur
3134 3582 3149 3628 ;
3174 3561 3220 3616 si
3246 3579 3453 3618 vocem
3475 3560 3784 3618 deseruisse
3802 3551 3861 3609 ad

2249 3649 2595 3722 praesidium
2628 3649 2764 3705 ﬁdei
2797 3651 3048 3722 positam
3069 3655 3381 3722 peccatum
3406 3659 3639 3718 est,non
3656 3650 3862 3704 mutata

2249 3738 2387 3794 ﬁdei
2421 3738 2524 3794 sed
2555 3738 2788 3795 amissaa
2819 3741 3171 3795 constantia;
3201 3748 3513 3812 peccatum
3549 3745 3669 3805 est;
3708 3731 3861 3808 quod.

2249 3827 2510 3883 inimicis
2541 3828 2888 3894 fatentibus,
2921 3831 3272 3900 paenitentia
3297 3830 3497 3896 diluit,
3531 3836 3588 3886 et
3633 3823 3863 3883 toleratis

2247 3915 2612 3987 gravissimis
2642 3916 2714 3970 ab
2749 3917 2968 3972 Ariaua
2996 3917 3251 3972 factione
3286 3919 3498 3989 poenis.

2319 4007 2407 4060 88.
2445 4007 2762 4061 Veniamus
2796 4006 3010 4062 deinde
3042 4008 3116 4062 ad
3147 4007 3446 4080 objectam
3480 4007 3590 4080 ipsi
3631 4013 3864 4060 commu-

2248 4095 2448 4150 nionis
2477 4096 2885 4151 variationem.
2923 4097 3207 4163 Primum,
3239 4114 3377 4153 cum
3425 4098 3615 4154 adhuc
3662 4092 3863 4148 vivente

2248 4185 2503 4240 Maximo
2536 4185 2725 4241 solum
2757 4185 3068 4258 presbyter
3125 4191 3302 4254 esset,
3352 4187 3629 4243 Ecclesiae
3671 4197 3778 4238 sum
3817 4179 3864 4229 et

2247 4274 2507 4346 episcopi
2534 4291 2758 4330 morem
2775 4281 2833 4330 et
2837 4276 2967 4346 judi
2977 4276 3132 4331 cium
3150 4271 3863 4342 secutus,communionem

2247 4381 2381 4420 cum
2419 4364 2740 4420 Athanasio
2774 4367 2833 4420 in
2866 4365 3134 4438 Tyriensi
3165 4367 3421 4422 concilio
3453 4367 3591 4422 sede
3639 4363 3864 4433 dejeclo,

2247 4473 2358 4512 nec
2379 4455 2521 4510 fovit
2542 4457 2779 4527 proprie
2803 4473 2911 4510 nec
2935 4457 3112 4528 rupit,
3145 4456 3409 4512 alienum
3435 4464 3494 4512 et
3521 4455 3862 4525 inexpertum

2247 4563 2280 4602 a
2303 4545 2491 4600 turbis
2519 4545 2941 4600 ecclesiasticis
2963 4545 3128 4600 illius
3148 4547 3437 4615 temporis
3467 4563 3602 4602 cum
3633 4548 3745 4599 tota
3771 4539 3863 4591 Ec-

2245 4635 2430 4692 clesia
2447 4650 2555 4689 sua
2571 4651 2633 4688 se
2657 4633 3053 4706 habens.Ejus
3075 4637 3560 4691 communionem
3586 4630 3864 4704 amplexus

2246 4725 2558 4797 estsynodi
2576 4725 3124 4796 Hierosolymitanze
3138 4743 3236 4780 an.
3261 4727 3364 4780 349
3379 4733 3660 4798 tempore.
3681 4723 3863 4778 Utrum

2244 4814 2440 4870 Acacii
2463 4815 2534 4868 de
2548 4830 2730 4869 manu
2749 4814 3185 4869 ordinationem
3211 4803 3864 4888 susceperit,dubitabile

2245 4911 2365 4969 est;
2391 4903 2494 4958 sed
2518 4903 2606 4958 fac
2631 4904 2711 4958 ita
2737 4919 2901 4958 esse:
2939 4921 3059 4958 non
3092 4905 3375 4959 continuo
3407 4921 3542 4960 cum
3574 4893 3865 4958 Athanasio

2245 4993 2380 5064 [XC]
2411 4993 2896 5048 communionem
2931 4994 3128 5065 rupit;
3161 4993 3263 5064 qui
3294 5011 3430 5050 cum
3471 4993 3668 5049 sedem
3718 4997 3862 5042 suam

2242 5082 2346 5138 illo
2379 5090 2644 5154 tempore
2676 5082 2916 5138 nemine
2952 5082 3226 5138 turbante
3257 5083 3572 5149 obtineret,
3631 5079 3700 5136 ad
3745 5085 3862 5130 eum

2242 5171 2371 5227 sine
2399 5171 2578 5226 dubio
2605 5171 2918 5242 synodicas
2939 5178 2996 5226 et
3013 5173 3457 5228 communionis
3480 5171 3647 5226 initio
3669 5165 3865 5236 episco-

2239 5268 2414 5333 patus
2439 5261 2670 5316 litteras
2694 5259 2878 5327 dedit,
2910 5261 2956 5314 si
2978 5261 3106 5332 jam
3130 5268 3256 5317 tum
3283 5261 3384 5316 ille
3407 5277 3536 5316 mos
3566 5252 3859 5314 obtinebat.

2240 5351 2453 5406 Fuerat
2513 5350 2758 5404 Acacius
2809 5349 2967 5422 gravi
3018 5349 3386 5406 Sardicensis
3436 5347 3664 5420 synodi.
3706 5351 3863 5412 quam

2239 5441 2504 5495 Ecclesia
2532 5440 3073 5512 Hierosolymitana
3105 5446 3429 5512 receperat,
3461 5437 3703 5494 fulmine
3745 5443 3863 5501 per—

2238 5546 2484 5595 cussus;
2511 5530 2613 5584 sed
2637 5529 2952 5598 iniquitate
2979 5536 3312 5601 temporum
3341 5531 3557 5584 factum
3584 5530 3687 5590 est,
3717 5526 3777 5574 ut
3802 5529 3860 5570 ea

2239 5618 2538 5674 sententia
2558 5619 2772 5673 effectu
2795 5619 3163 5676 careret.Nec
3184 5619 3378 5676 Acacii
3397 5611 3853 5674 communionem

2239 5705 2354 5762 tein
2363 5723 2505 5777 pore
2523 5705 2757 5762 concilii
2774 5707 3188 5777 Seleuciensis,
3205 5725 3341 5764 cum
3365 5706 3464 5762 ille
3478 5703 3672 5778 priora
3685 5693 3852 5755 multo
