  <div class='ocr_page' id='page_1' title='image "/cluster/home/n/w/nwhite01/storage/ocr_20150623/33/coo.31924054869304/068.png"; bbox 0 0 4052 6386; ppageno 0'>
   <div class='ocr_carea' id='block_1_1' title="bbox 237 372 1919 444">
    <p class='ocr_par' dir='ltr' id='par_1_1' title="bbox 237 372 1919 438">
     <span class='ocr_line' id='line_1_1' title="bbox 237 372 1919 438; baseline 0.003 -7"><span class='ocrx_word' id='word_1_1' title='bbox 237 372 316 432; x_wconf 61' lang='lat' dir='ltr'>ill</span> <span class='ocrx_word' id='word_1_2' title='bbox 1698 374 1919 438; x_wconf 85' lang='lat' dir='ltr'>DISSE</span> 
     </span>
    </p>
   </div>
   <div class='ocr_carea' id='block_1_2' title="bbox 2067 372 3734 444">
    <p class='ocr_par' dir='ltr' id='par_1_2' title="bbox 2067 377 3734 444">
     <span class='ocr_line' id='line_1_2' title="bbox 2067 377 3734 444; baseline 0.004 -6"><span class='ocrx_word' id='word_1_3' title='bbox 2067 377 2225 439; x_wconf 74' lang='lat' dir='ltr'>LTIO</span> <span class='ocrx_word' id='word_1_4' title='bbox 2271 378 2320 440; x_wconf 93' lang='grc' dir='ltr'>Ι.</span> <span class='ocrx_word' id='word_1_5' title='bbox 3616 383 3734 444; x_wconf 74' lang='grc'><strong>122</strong></span> 
     </span>
    </p>
   </div>
   <div class='ocr_carea' id='block_1_3' title="bbox 244 507 3736 585">
    <p class='ocr_par' dir='ltr' id='par_1_3' title="bbox 244 507 3736 585">
     <span class='ocr_line' id='line_1_3' title="bbox 244 507 3736 585; baseline 0.003 -21"><span class='ocrx_word' id='word_1_6' title='bbox 244 507 610 583; x_wconf 74' lang='lat' dir='ltr'>gravioribus</span> <span class='ocrx_word' id='word_1_7' title='bbox 671 513 998 570; x_wconf 86' lang='lat' dir='ltr'>crimina</span> <span class='ocrx_word' id='word_1_8' title='bbox 1045 510 1414 578; x_wconf 89' lang='lat' dir='ltr'>cumulasset,</span> <span class='ocrx_word' id='word_1_9' title='bbox 1463 510 1620 566; x_wconf 90' lang='lat' dir='ltr'>inire</span> <span class='ocrx_word' id='word_1_10' title='bbox 1671 509 1960 568; x_wconf 83' lang='lat' dir='ltr'>dubitavit</span> <span class='ocrx_word' id='word_1_11' title='bbox 1990 519 2039 583; x_wconf 79' lang='grc' dir='ltr'><strong>Α</strong></span> <span class='ocrx_word' id='word_1_12' title='bbox 2072 516 2315 584; x_wconf 84' lang='lat' dir='ltr'>propter</span> <span class='ocrx_word' id='word_1_13' title='bbox 2339 529 2692 585; x_wconf 82' lang='lat' dir='ltr'>generosam</span> <span class='ocrx_word' id='word_1_14' title='bbox 2725 515 2986 570; x_wconf 82' lang='lat' dir='ltr'>veritatis</span> <span class='ocrx_word' id='word_1_15' title='bbox 3019 515 3457 572; x_wconf 85' lang='lat' dir='ltr'>confessionem</span> <span class='ocrx_word' id='word_1_16' title='bbox 3497 517 3736 574; x_wconf 88' lang='lat' dir='ltr'>exsula-</span> 
     </span>
    </p>
   </div>
   <div class='ocr_carea' id='block_1_4' title="bbox 249 599 3735 676">
    <p class='ocr_par' dir='ltr' id='par_1_4' title="bbox 249 599 3735 676">
     <span class='ocr_line' id='line_1_4' title="bbox 249 599 3735 676; baseline 0.002 -22"><span class='ocrx_word' id='word_1_17' title='bbox 249 599 610 655; x_wconf 77' lang='lat' dir='ltr'>S.ililarius.</span> <span class='ocrx_word' id='word_1_18' title='bbox 651 603 946 667; x_wconf 86' lang='lat' dir='ltr'>Quanto</span> <span class='ocrx_word' id='word_1_19' title='bbox 987 602 1346 658; x_wconf 83' lang='lat' dir='ltr'>innocentior</span> <span class='ocrx_word' id='word_1_20' title='bbox 1375 600 1650 672; x_wconf 86' lang='lat' dir='ltr'>Cyrillus.</span> <span class='ocrx_word' id='word_1_21' title='bbox 1687 601 1755 667; x_wconf 90' lang='lat' dir='ltr'>si,</span> <span class='ocrx_word' id='word_1_22' title='bbox 1799 601 1958 672; x_wconf 92' lang='lat' dir='ltr'>quod</span> <span class='ocrx_word' id='word_1_23' title='bbox 2077 606 2204 669; x_wconf 82' lang='lat' dir='ltr'>ret;</span> <span class='ocrx_word' id='word_1_24' title='bbox 2243 608 2301 656; x_wconf 90' lang='lat' dir='ltr'>et</span> <span class='ocrx_word' id='word_1_25' title='bbox 2330 620 2591 669; x_wconf 88' lang='lat' dir='ltr'>omnem,</span> <span class='ocrx_word' id='word_1_26' title='bbox 2626 620 2804 675; x_wconf 90' lang='lat' dir='ltr'>quam</span> <span class='ocrx_word' id='word_1_27' title='bbox 2851 604 3016 676; x_wconf 91' lang='lat' dir='ltr'>prius</span> <span class='ocrx_word' id='word_1_28' title='bbox 3061 605 3273 660; x_wconf 89' lang='lat' dir='ltr'>fovisse</span> <span class='ocrx_word' id='word_1_29' title='bbox 3319 623 3454 660; x_wconf 89' lang='lat' dir='ltr'>cum</span> <span class='ocrx_word' id='word_1_30' title='bbox 3503 608 3735 663; x_wconf 91' lang='lat' dir='ltr'>Arianis</span> 
     </span>
    </p>
   </div>
   <div class='ocr_carea' id='block_1_5' title="bbox 259 690 1957 764">
    <p class='ocr_par' dir='ltr' id='par_1_5' title="bbox 259 690 1957 764">
     <span class='ocr_line' id='line_1_5' title="bbox 259 690 1957 764; baseline -0.001 -18"><span class='ocrx_word' id='word_1_31' title='bbox 259 696 424 746; x_wconf 83' lang='lat' dir='ltr'>tamen</span> <span class='ocrx_word' id='word_1_32' title='bbox 445 690 802 747; x_wconf 85' lang='lat' dir='ltr'>incertum</span> <span class='ocrx_word' id='word_1_33' title='bbox 823 699 960 760; x_wconf 88' lang='lat' dir='ltr'>est,</span> <span class='ocrx_word' id='word_1_34' title='bbox 973 693 1097 764; x_wconf 90' lang='lat' dir='ltr'>ejus</span> <span class='ocrx_word' id='word_1_35' title='bbox 1113 707 1287 747; x_wconf 87' lang='lat' dir='ltr'>manu</span> <span class='ocrx_word' id='word_1_36' title='bbox 1305 691 1815 746; x_wconf 79' lang='lat' dir='ltr'>consecrationem</span> <span class='ocrx_word' id='word_1_37' title='bbox 1835 692 1957 763; x_wconf 88' lang='lat' dir='ltr'>epi-</span> 
     </span>
    </p>
   </div>
   <div class='ocr_carea' id='block_1_6' title="bbox 268 779 1955 853">
    <p class='ocr_par' dir='ltr' id='par_1_6' title="bbox 268 779 1955 853">
     <span class='ocr_line' id='line_1_6' title="bbox 268 779 1955 853; baseline -0.001 -17"><span class='ocrx_word' id='word_1_38' title='bbox 268 780 535 852; x_wconf 83' lang='lat' dir='ltr'>scopalem</span> <span class='ocrx_word' id='word_1_39' title='bbox 560 781 862 853; x_wconf 83' lang='lat' dir='ltr'>recepit.</span> <span class='ocrx_word' id='word_1_40' title='bbox 895 785 1045 848; x_wconf 71' lang='lat' dir='ltr'>Qum</span> <span class='ocrx_word' id='word_1_41' title='bbox 1068 787 1218 836; x_wconf 87' lang='lat' dir='ltr'>certe</span> <span class='ocrx_word' id='word_1_42' title='bbox 1250 780 1562 847; x_wconf 78' lang='lat' dir='ltr'>ordinatio,</span> <span class='ocrx_word' id='word_1_43' title='bbox 1583 779 1785 852; x_wconf 87' lang='lat' dir='ltr'>judice</span> <span class='ocrx_word' id='word_1_44' title='bbox 1813 797 1955 835; x_wconf 88' lang='lat' dir='ltr'>con-</span> 
     </span>
    </p>
   </div>
   <div class='ocr_carea' id='block_1_7' title="bbox 268 868 1954 943">
    <p class='ocr_par' dir='ltr' id='par_1_7' title="bbox 268 868 1954 943">
     <span class='ocr_line' id='line_1_7' title="bbox 268 868 1954 943; baseline -0.002 -16"><span class='ocrx_word' id='word_1_45' title='bbox 268 871 368 927; x_wconf 83' lang='lat' dir='ltr'>cilio</span> <span class='ocrx_word' id='word_1_46' title='bbox 421 869 1163 943; x_wconf 71' lang='lat' dir='ltr'>Constantinopolitano</span> <span class='ocrx_word' id='word_1_47' title='bbox 1217 886 1292 924; x_wconf 91' lang='lat' dir='ltr'>an</span> <span class='ocrx_word' id='word_1_48' title='bbox 1343 871 1464 932; x_wconf 89' lang='lat'>382,</span> <span class='ocrx_word' id='word_1_49' title='bbox 1499 868 1828 924; x_wconf 89' lang='lat' dir='ltr'>secundum</span> <span class='ocrx_word' id='word_1_50' title='bbox 1859 887 1954 924; x_wconf 89' lang='lat' dir='ltr'>ca-</span> 
     </span>
    </p>
   </div>
   <div class='ocr_carea' id='block_1_8' title="bbox 266 959 1955 1031">
    <p class='ocr_par' dir='ltr' id='par_1_8' title="bbox 266 959 1955 1031">
     <span class='ocr_line' id='line_1_8' title="bbox 266 959 1955 1031; baseline -0.002 -16"><span class='ocrx_word' id='word_1_51' title='bbox 266 977 413 1016; x_wconf 86' lang='lat' dir='ltr'>nones</span> <span class='ocrx_word' id='word_1_52' title='bbox 442 965 720 1031; x_wconf 86' lang='lat' dir='ltr'>peracta</span> <span class='ocrx_word' id='word_1_53' title='bbox 771 960 930 1014; x_wconf 81' lang='lat' dir='ltr'>fuit.</span> <span class='ocrx_word' id='word_1_54' title='bbox 989 960 1074 1014; x_wconf 86' lang='lat' dir='ltr'>Ab</span> <span class='ocrx_word' id='word_1_55' title='bbox 1123 959 1332 1014; x_wconf 87' lang='lat' dir='ltr'>Acaeio</span> <span class='ocrx_word' id='word_1_56' title='bbox 1379 964 1596 1030; x_wconf 64' lang='lat' dir='ltr'>praeter</span> <span class='ocrx_word' id='word_1_57' title='bbox 1616 959 1718 1031; x_wconf 86' lang='lat' dir='ltr'>jus</span> <span class='ocrx_word' id='word_1_58' title='bbox 1749 959 1955 1030; x_wconf 83' lang='lat' dir='ltr'>fasque</span> 
     </span>
    </p>
   </div>
   <div class='ocr_carea' id='block_1_9' title="bbox 257 1048 1957 1122">
    <p class='ocr_par' dir='ltr' id='par_1_9' title="bbox 257 1048 1957 1122">
     <span class='ocr_line' id='line_1_9' title="bbox 257 1048 1957 1122; baseline -0.002 -17"><span class='ocrx_word' id='word_1_59' title='bbox 257 1050 570 1122; x_wconf 86' lang='lat' dir='ltr'>depositus,</span> <span class='ocrx_word' id='word_1_60' title='bbox 609 1056 970 1122; x_wconf 87' lang='lat' dir='ltr'>receptum</span> <span class='ocrx_word' id='word_1_61' title='bbox 1021 1049 1226 1104; x_wconf 86' lang='lat' dir='ltr'>habuit</span> <span class='ocrx_word' id='word_1_62' title='bbox 1273 1048 1428 1120; x_wconf 90' lang='lat' dir='ltr'>apud</span> <span class='ocrx_word' id='word_1_63' title='bbox 1467 1048 1785 1119; x_wconf 90' lang='lat' dir='ltr'>Sylvanum</span> <span class='ocrx_word' id='word_1_64' title='bbox 1816 1051 1957 1104; x_wconf 87' lang='lat' dir='ltr'>Tar-</span> 
     </span>
    </p>
   </div>
   <div class='ocr_carea' id='block_1_10' title="bbox 258 1136 1954 1211">
    <p class='ocr_par' dir='ltr' id='par_1_10' title="bbox 258 1136 1954 1211">
     <span class='ocr_line' id='line_1_10' title="bbox 258 1136 1954 1211; baseline -0.002 -15"><span class='ocrx_word' id='word_1_65' title='bbox 258 1156 500 1207; x_wconf 85' lang='lat' dir='ltr'>sensem,</span> <span class='ocrx_word' id='word_1_66' title='bbox 535 1140 760 1210; x_wconf 87' lang='lat' dir='ltr'>iisque</span> <span class='ocrx_word' id='word_1_67' title='bbox 794 1139 1180 1211; x_wconf 83' lang='lat' dir='ltr'>temporibus</span> <span class='ocrx_word' id='word_1_68' title='bbox 1201 1139 1784 1203; x_wconf 87' lang='lat' dir='ltr'>communionem,ac</span> <span class='ocrx_word' id='word_1_69' title='bbox 1805 1136 1954 1193; x_wconf 91' lang='lat' dir='ltr'>forte</span> 
     </span>
    </p>
   </div>
   <div class='ocr_carea' id='block_1_11' title="bbox 255 1227 1954 1286">
    <p class='ocr_par' dir='ltr' id='par_1_11' title="bbox 255 1227 1954 1286">
     <span class='ocr_line' id='line_1_11' title="bbox 255 1227 1954 1286; baseline -0.002 0"><span class='ocrx_word' id='word_1_70' title='bbox 255 1230 648 1286; x_wconf 85' lang='lat' dir='ltr'>conciliorum</span> <span class='ocrx_word' id='word_1_71' title='bbox 687 1229 1075 1285; x_wconf 88' lang='lat' dir='ltr'>societatem</span> <span class='ocrx_word' id='word_1_72' title='bbox 1131 1227 1336 1282; x_wconf 88' lang='lat' dir='ltr'>habuit</span> <span class='ocrx_word' id='word_1_73' title='bbox 1364 1243 1500 1282; x_wconf 91' lang='lat' dir='ltr'>eum</span> <span class='ocrx_word' id='word_1_74' title='bbox 1533 1227 1954 1283; x_wconf 77' lang='lat' dir='ltr'>semi-Arianaa</span> 
     </span>
    </p>
   </div>
   <div class='ocr_carea' id='block_1_12' title="bbox 255 1316 1952 1392">
    <p class='ocr_par' dir='ltr' id='par_1_12' title="bbox 255 1316 1952 1392">
     <span class='ocr_line' id='line_1_12' title="bbox 255 1316 1952 1392; baseline -0.003 -17"><span class='ocrx_word' id='word_1_75' title='bbox 255 1320 423 1392; x_wconf 89' lang='lat' dir='ltr'>partis</span> <span class='ocrx_word' id='word_1_76' title='bbox 454 1318 904 1391; x_wconf 84' lang='lat' dir='ltr'>principibus.</span> <span class='ocrx_word' id='word_1_77' title='bbox 933 1321 1007 1372; x_wconf 88' lang='lat' dir='ltr'>At</span> <span class='ocrx_word' id='word_1_78' title='bbox 1028 1317 1067 1371; x_wconf 89' lang='lat' dir='ltr'>ii</span> <span class='ocrx_word' id='word_1_79' title='bbox 1094 1316 1182 1370; x_wconf 92' lang='lat' dir='ltr'>vel</span> <span class='ocrx_word' id='word_1_80' title='bbox 1205 1333 1439 1387; x_wconf 88' lang='lat' dir='ltr'>semper</span> <span class='ocrx_word' id='word_1_81' title='bbox 1459 1316 1742 1371; x_wconf 88' lang='lat' dir='ltr'>Catholici</span> <span class='ocrx_word' id='word_1_82' title='bbox 1766 1316 1952 1384; x_wconf 90' lang='lat' dir='ltr'>fuere,</span> 
     </span>
    </p>
   </div>
   <div class='ocr_carea' id='block_1_13' title="bbox 251 1405 1952 1481">
    <p class='ocr_par' dir='ltr' id='par_1_13' title="bbox 251 1405 1952 1481">
     <span class='ocr_line' id='line_1_13' title="bbox 251 1405 1952 1481; baseline -0.003 -16"><span class='ocrx_word' id='word_1_83' title='bbox 251 1427 358 1465; x_wconf 91' lang='lat' dir='ltr'>una</span> <span class='ocrx_word' id='word_1_84' title='bbox 385 1424 531 1464; x_wconf 88' lang='lat' dir='ltr'>voce</span> <span class='ocrx_word' id='word_1_85' title='bbox 557 1425 595 1463; x_wconf 85' lang='lat' dir='ltr'>a</span> <span class='ocrx_word' id='word_1_86' title='bbox 628 1407 1052 1481; x_wconf 83' lang='lat' dir='ltr'>rigidioribus</span> <span class='ocrx_word' id='word_1_87' title='bbox 1082 1407 1344 1460; x_wconf 88' lang='lat' dir='ltr'>veritatis</span> <span class='ocrx_word' id='word_1_88' title='bbox 1375 1405 1790 1461; x_wconf 85' lang='lat' dir='ltr'>defensoribus</span> <span class='ocrx_word' id='word_1_89' title='bbox 1822 1407 1952 1460; x_wconf 91' lang='lat' dir='ltr'>dis-</span> 
     </span>
    </p>
   </div>
   <div class='ocr_carea' id='block_1_14' title="bbox 253 1495 1953 1571">
    <p class='ocr_par' dir='ltr' id='par_1_14' title="bbox 253 1495 1953 1571">
     <span class='ocr_line' id='line_1_14' title="bbox 253 1495 1953 1571; baseline -0.003 -16"><span class='ocrx_word' id='word_1_90' title='bbox 253 1506 585 1571; x_wconf 81' lang='lat' dir='ltr'>crepantes,</span> <span class='ocrx_word' id='word_1_91' title='bbox 626 1498 735 1552; x_wconf 87' lang='lat' dir='ltr'>vel</span> <span class='ocrx_word' id='word_1_92' title='bbox 783 1515 861 1554; x_wconf 91' lang='lat' dir='ltr'>eo</span> <span class='ocrx_word' id='word_1_93' title='bbox 912 1503 1181 1569; x_wconf 90' lang='lat' dir='ltr'>tempore</span> <span class='ocrx_word' id='word_1_94' title='bbox 1232 1513 1439 1552; x_wconf 91' lang='lat' dir='ltr'>sanam</span> <span class='ocrx_word' id='word_1_95' title='bbox 1472 1501 1531 1551; x_wconf 92' lang='lat' dir='ltr'>et</span> <span class='ocrx_word' id='word_1_96' title='bbox 1561 1495 1953 1551; x_wconf 83' lang='lat' dir='ltr'>orthodoxam</span> 
     </span>
    </p>
   </div>
   <div class='ocr_carea' id='block_1_15' title="bbox 263 1586 1949 1660">
    <p class='ocr_par' dir='ltr' id='par_1_15' title="bbox 263 1586 1949 1660">
     <span class='ocr_line' id='line_1_15' title="bbox 263 1586 1949 1660; baseline -0.004 -14"><span class='ocrx_word' id='word_1_97' title='bbox 263 1590 423 1646; x_wconf 79' lang='lat' dir='ltr'>fidem</span> <span class='ocrx_word' id='word_1_98' title='bbox 456 1588 948 1660; x_wconf 88' lang='lat' dir='ltr'>proﬁtebantur</span> <span class='ocrx_word' id='word_1_99' title='bbox 976 1604 987 1640; x_wconf 91' lang='lat'><strong>:</strong></span> <span class='ocrx_word' id='word_1_100' title='bbox 1023 1586 1180 1658; x_wconf 90' lang='lat' dir='ltr'>quod</span> <span class='ocrx_word' id='word_1_101' title='bbox 1230 1587 1389 1641; x_wconf 91' lang='lat' dir='ltr'>enim</span> <span class='ocrx_word' id='word_1_102' title='bbox 1435 1586 1618 1657; x_wconf 86' lang='lat' dir='ltr'>aliqui</span> <span class='ocrx_word' id='word_1_103' title='bbox 1652 1586 1949 1653; x_wconf 63' lang='lat' dir='ltr'>haeresim,</span> 
     </span>
    </p>
   </div>
   <div class='ocr_carea' id='block_1_16' title="bbox 258 1676 3727 1753">
    <p class='ocr_par' dir='ltr' id='par_1_16' title="bbox 258 1676 3727 1753">
     <span class='ocr_line' id='line_1_16' title="bbox 258 1676 3727 1753; baseline 0.001 -18"><span class='ocrx_word' id='word_1_104' title='bbox 258 1697 428 1751; x_wconf 87' lang='lat' dir='ltr'>quam</span> <span class='ocrx_word' id='word_1_105' title='bbox 461 1686 698 1749; x_wconf 86' lang='lat' dir='ltr'>postea</span> <span class='ocrx_word' id='word_1_106' title='bbox 762 1678 1177 1750; x_wconf 90' lang='lat' dir='ltr'>publicarunt,</span> <span class='ocrx_word' id='word_1_107' title='bbox 1231 1677 1358 1748; x_wconf 90' lang='lat' dir='ltr'>jam</span> <span class='ocrx_word' id='word_1_108' title='bbox 1419 1682 1559 1731; x_wconf 92' lang='lat' dir='ltr'>tunc</span> <span class='ocrx_word' id='word_1_109' title='bbox 1590 1676 1858 1732; x_wconf 87' lang='lat' dir='ltr'>fortassis</span> <span class='ocrx_word' id='word_1_110' title='bbox 1890 1677 1951 1731; x_wconf 92' lang='lat' dir='ltr'>in</span> <span class='ocrx_word' id='word_1_111' title='bbox 2063 1681 2123 1735; x_wconf 93' lang='lat' dir='ltr'>in</span> <span class='ocrx_word' id='word_1_112' title='bbox 2159 1686 2281 1736; x_wconf 89' lang='lat' dir='ltr'>tota</span> <span class='ocrx_word' id='word_1_113' title='bbox 2313 1681 2734 1737; x_wconf 87' lang='lat' dir='ltr'>dissertatione</span> <span class='ocrx_word' id='word_1_114' title='bbox 2766 1683 2954 1736; x_wconf 88' lang='lat' dir='ltr'>fusius</span> <span class='ocrx_word' id='word_1_115' title='bbox 2987 1682 3255 1752; x_wconf 87' lang='lat' dir='ltr'>exposita</span> <span class='ocrx_word' id='word_1_116' title='bbox 3287 1688 3442 1745; x_wconf 88' lang='lat' dir='ltr'>sunt,</span> <span class='ocrx_word' id='word_1_117' title='bbox 3479 1688 3727 1753; x_wconf 86' lang='lat' dir='ltr'>apparet</span> 
     </span>
    </p>
   </div>
   <div class='ocr_carea' id='block_1_17' title="bbox 254 1765 3723 1844">
    <p class='ocr_par' dir='ltr' id='par_1_17' title="bbox 254 1765 3723 1844">
     <span class='ocr_line' id='line_1_17' title="bbox 254 1765 3723 1844; baseline 0 -19"><span class='ocrx_word' id='word_1_118' title='bbox 254 1771 428 1826; x_wconf 89' lang='lat' dir='ltr'>corde</span> <span class='ocrx_word' id='word_1_119' title='bbox 459 1769 788 1824; x_wconf 84' lang='lat' dir='ltr'>latentem</span> <span class='ocrx_word' id='word_1_120' title='bbox 843 1772 1208 1840; x_wconf 88' lang='lat' dir='ltr'>premerent,</span> <span class='ocrx_word' id='word_1_121' title='bbox 1259 1766 1318 1821; x_wconf 92' lang='lat' dir='ltr'>id</span> <span class='ocrx_word' id='word_1_122' title='bbox 1362 1765 1651 1839; x_wconf 85' lang='lat' dir='ltr'>cognitori</span> <span class='ocrx_word' id='word_1_123' title='bbox 1682 1766 1950 1822; x_wconf 90' lang='lat' dir='ltr'>cordium</span> <span class='ocrx_word' id='word_1_124' title='bbox 2064 1776 2407 1826; x_wconf 87' lang='lat' dir='ltr'>constanter</span> <span class='ocrx_word' id='word_1_125' title='bbox 2437 1771 2510 1826; x_wconf 91' lang='lat' dir='ltr'>ab</span> <span class='ocrx_word' id='word_1_126' title='bbox 2564 1773 2690 1844; x_wconf 92' lang='lat' dir='ltr'>ipso</span> <span class='ocrx_word' id='word_1_127' title='bbox 2740 1777 3030 1826; x_wconf 84' lang='lat' dir='ltr'>servatam</span> <span class='ocrx_word' id='word_1_128' title='bbox 3064 1771 3216 1825; x_wconf 90' lang='lat' dir='ltr'>hanc</span> <span class='ocrx_word' id='word_1_129' title='bbox 3249 1771 3526 1825; x_wconf 69' lang='lat' dir='ltr'>ineundas</span> <span class='ocrx_word' id='word_1_130' title='bbox 3559 1789 3723 1825; x_wconf 84' lang='lat' dir='ltr'>com-</span> 
     </span>
    </p>
   </div>
   <div class='ocr_carea' id='block_1_18' title="bbox 251 1855 3721 1964">
    <p class='ocr_par' dir='ltr' id='par_1_18' title="bbox 251 1855 3721 1964">
     <span class='ocr_line' id='line_1_18' title="bbox 251 1855 3721 1964; baseline 0.002 -54"><span class='ocrx_word' id='word_1_131' title='bbox 251 1861 368 1916; x_wconf 83' lang='lat' dir='ltr'>Deo</span> <span class='ocrx_word' id='word_1_132' title='bbox 401 1858 800 1915; x_wconf 82' lang='lat' dir='ltr'>servandum</span> <span class='ocrx_word' id='word_1_133' title='bbox 846 1856 1141 1930; x_wconf 88' lang='lat' dir='ltr'>judicium</span> <span class='ocrx_word' id='word_1_134' title='bbox 1202 1861 1345 1910; x_wconf 91' lang='lat' dir='ltr'>erat.</span> <span class='ocrx_word' id='word_1_135' title='bbox 1378 1856 1547 1910; x_wconf 87' lang='lat' dir='ltr'>Certe</span> <span class='ocrx_word' id='word_1_136' title='bbox 1578 1872 1784 1911; x_wconf 89' lang='lat' dir='ltr'>omnes</span> <span class='ocrx_word' id='word_1_137' title='bbox 1816 1855 1949 1926; x_wconf 85' lang='lat' dir='ltr'>qui-</span> <span class='ocrx_word' id='word_1_138' title='bbox 1986 1904 2027 1964; x_wconf 77' lang='lat' dir='ltr'>B</span> <span class='ocrx_word' id='word_1_139' title='bbox 2062 1861 2576 1933; x_wconf 80' lang='lat' dir='ltr'>munionislegem</span> <span class='ocrx_word' id='word_1_140' title='bbox 2596 1862 3022 1927; x_wconf 87' lang='lat' dir='ltr'>fuisse,uteam</span> <span class='ocrx_word' id='word_1_141' title='bbox 3046 1859 3271 1914; x_wconf 89' lang='lat' dir='ltr'>nemini</span> <span class='ocrx_word' id='word_1_142' title='bbox 3295 1860 3721 1916; x_wconf 88' lang='lat' dir='ltr'>nisisententia</span> 
     </span>
    </p>
   </div>
   <div class='ocr_carea' id='block_1_19' title="bbox 252 1945 3720 2021">
    <p class='ocr_par' dir='ltr' id='par_1_19' title="bbox 252 1945 3720 2021">
     <span class='ocr_line' id='line_1_19' title="bbox 252 1945 3720 2021; baseline -0.001 -16"><span class='ocrx_word' id='word_1_143' title='bbox 252 1950 508 2005; x_wconf 87' lang='lat' dir='ltr'>buseum</span> <span class='ocrx_word' id='word_1_144' title='bbox 567 1949 955 2020; x_wconf 88' lang='lat' dir='ltr'>conjunctus</span> <span class='ocrx_word' id='word_1_145' title='bbox 999 1947 1228 2001; x_wconf 86' lang='lat' dir='ltr'>videtur</span> <span class='ocrx_word' id='word_1_146' title='bbox 1265 1945 1761 2018; x_wconf 78' lang='lat' dir='ltr'>Cyrillus,magno</span> <span class='ocrx_word' id='word_1_147' title='bbox 1811 1951 1953 2000; x_wconf 88' lang='lat' dir='ltr'>tunc</span> <span class='ocrx_word' id='word_1_148' title='bbox 1986 1945 2027 1964; x_wconf 77' lang='grc' dir='ltr'><em>υ</em></span> <span class='ocrx_word' id='word_1_149' title='bbox 2065 1951 2498 2017; x_wconf 89' lang='lat' dir='ltr'>Catholico,aut</span> <span class='ocrx_word' id='word_1_150' title='bbox 2523 1951 2784 2005; x_wconf 89' lang='lat' dir='ltr'>exterius</span> <span class='ocrx_word' id='word_1_151' title='bbox 2816 1966 2948 2005; x_wconf 89' lang='lat' dir='ltr'>eam</span> <span class='ocrx_word' id='word_1_152' title='bbox 2982 1951 3158 2004; x_wconf 89' lang='lat' dir='ltr'>ﬁdem</span> <span class='ocrx_word' id='word_1_153' title='bbox 3184 1951 3487 2021; x_wconf 89' lang='lat' dir='ltr'>proﬁtenti</span> <span class='ocrx_word' id='word_1_154' title='bbox 3511 1967 3720 2005; x_wconf 91' lang='lat' dir='ltr'>conce-</span> 
     </span>
    </p>
   </div>
   <div class='ocr_carea' id='block_1_20' title="bbox 257 2035 3720 2106">
    <p class='ocr_par' dir='ltr' id='par_1_20' title="bbox 257 2035 3720 2106">
     <span class='ocr_line' id='line_1_20' title="bbox 257 2035 3720 2106; baseline -0.001 -10"><span class='ocrx_word' id='word_1_155' title='bbox 257 2041 458 2096; x_wconf 84' lang='lat' dir='ltr'>animo</span> <span class='ocrx_word' id='word_1_156' title='bbox 483 2039 833 2094; x_wconf 86' lang='lat' dir='ltr'>adversum</span> <span class='ocrx_word' id='word_1_157' title='bbox 861 2036 1111 2093; x_wconf 84' lang='lat' dir='ltr'>Arianos</span> <span class='ocrx_word' id='word_1_158' title='bbox 1134 2035 1536 2102; x_wconf 87' lang='lat' dir='ltr'>decertabant,</span> <span class='ocrx_word' id='word_1_159' title='bbox 1563 2035 1792 2106; x_wconf 90' lang='lat' dir='ltr'>solique</span> <span class='ocrx_word' id='word_1_160' title='bbox 1815 2035 1952 2090; x_wconf 91' lang='lat' dir='ltr'>illos</span> <span class='ocrx_word' id='word_1_161' title='bbox 2064 2038 2248 2094; x_wconf 86' lang='lat' dir='ltr'>deret.</span> <span class='ocrx_word' id='word_1_162' title='bbox 2289 2040 2583 2095; x_wconf 89' lang='lat' dir='ltr'>Voluisset</span> <span class='ocrx_word' id='word_1_163' title='bbox 2607 2040 2855 2094; x_wconf 77' lang='lat' dir='ltr'>Ruﬁnus</span> <span class='ocrx_word' id='word_1_164' title='bbox 2878 2039 3076 2105; x_wconf 89' lang='lat' dir='ltr'>credo,</span> <span class='ocrx_word' id='word_1_165' title='bbox 3100 2044 3164 2093; x_wconf 90' lang='lat' dir='ltr'>ut</span> <span class='ocrx_word' id='word_1_166' title='bbox 3184 2055 3314 2093; x_wconf 89' lang='lat' dir='ltr'>cum</span> <span class='ocrx_word' id='word_1_167' title='bbox 3341 2039 3573 2102; x_wconf 87' lang='lat' dir='ltr'>Acacio,</span> <span class='ocrx_word' id='word_1_168' title='bbox 3607 2041 3720 2094; x_wconf 83' lang='lat' dir='ltr'>Me-</span> 
     </span>
    </p>
   </div>
   <div class='ocr_carea' id='block_1_21' title="bbox 263 2125 3722 2202">
    <p class='ocr_par' dir='ltr' id='par_1_21' title="bbox 263 2125 3722 2202">
     <span class='ocr_line' id='line_1_21' title="bbox 263 2125 3722 2202; baseline -0 -18"><span class='ocrx_word' id='word_1_169' title='bbox 263 2130 457 2202; x_wconf 88' lang='lat' dir='ltr'>palam</span> <span class='ocrx_word' id='word_1_170' title='bbox 491 2127 995 2200; x_wconf 82' lang='lat' dir='ltr'>impugnabant;</span> <span class='ocrx_word' id='word_1_171' title='bbox 1029 2143 1166 2181; x_wconf 91' lang='lat' dir='ltr'>cum</span> <span class='ocrx_word' id='word_1_172' title='bbox 1207 2125 1267 2180; x_wconf 93' lang='lat' dir='ltr'>id</span> <span class='ocrx_word' id='word_1_173' title='bbox 1299 2125 1457 2196; x_wconf 88' lang='lat' dir='ltr'>quod</span> <span class='ocrx_word' id='word_1_174' title='bbox 1493 2131 1801 2196; x_wconf 86' lang='lat' dir='ltr'>supererat</span> <span class='ocrx_word' id='word_1_175' title='bbox 1829 2125 1948 2178; x_wconf 90' lang='lat' dir='ltr'>for-</span> <span class='ocrx_word' id='word_1_176' title='bbox 2063 2127 2226 2194; x_wconf 89' lang='lat' dir='ltr'>letio,</span> <span class='ocrx_word' id='word_1_177' title='bbox 2261 2129 2513 2183; x_wconf 90' lang='lat' dir='ltr'>Eusebio</span> <span class='ocrx_word' id='word_1_178' title='bbox 2544 2128 2944 2183; x_wconf 86' lang='lat' dir='ltr'>Samosatensi</span> <span class='ocrx_word' id='word_1_179' title='bbox 2984 2127 3452 2198; x_wconf 86' lang='lat' dir='ltr'>abrumperet,et</span> <span class='ocrx_word' id='word_1_180' title='bbox 3482 2129 3722 2183; x_wconf 88' lang='lat' dir='ltr'>Latino-</span> 
     </span>
    </p>
   </div>
   <div class='ocr_carea' id='block_1_22' title="bbox 269 2214 3721 2286">
    <p class='ocr_par' dir='ltr' id='par_1_22' title="bbox 269 2214 3721 2286">
     <span class='ocr_line' id='line_1_22' title="bbox 269 2214 3721 2286; baseline -0 -14"><span class='ocrx_word' id='word_1_181' title='bbox 269 2220 416 2273; x_wconf 88' lang='lat' dir='ltr'>tium</span> <span class='ocrx_word' id='word_1_182' title='bbox 446 2215 1006 2273; x_wconf 89' lang='lat' dir='ltr'>consubstantialis</span> <span class='ocrx_word' id='word_1_183' title='bbox 1059 2214 1460 2281; x_wconf 87' lang='lat' dir='ltr'>defensorum,</span> <span class='ocrx_word' id='word_1_184' title='bbox 1494 2214 1554 2268; x_wconf 92' lang='lat' dir='ltr'>in</span> <span class='ocrx_word' id='word_1_185' title='bbox 1597 2214 1820 2268; x_wconf 87' lang='lat' dir='ltr'>exsiliis</span> <span class='ocrx_word' id='word_1_186' title='bbox 1852 2220 1955 2269; x_wconf 89' lang='lat' dir='ltr'>aut</span> <span class='ocrx_word' id='word_1_187' title='bbox 2062 2234 2195 2271; x_wconf 89' lang='lat' dir='ltr'>rum</span> <span class='ocrx_word' id='word_1_188' title='bbox 2250 2218 2734 2272; x_wconf 88' lang='lat' dir='ltr'>communionem</span> <span class='ocrx_word' id='word_1_189' title='bbox 2789 2221 3136 2270; x_wconf 90' lang='lat' dir='ltr'>sectaretur.</span> <span class='ocrx_word' id='word_1_190' title='bbox 3190 2217 3406 2269; x_wconf 81' lang='lat' dir='ltr'>Verum</span> <span class='ocrx_word' id='word_1_191' title='bbox 3465 2216 3590 2286; x_wconf 88' lang='lat' dir='ltr'>ipse</span> <span class='ocrx_word' id='word_1_192' title='bbox 3660 2217 3721 2272; x_wconf 90' lang='lat' dir='ltr'>in</span> 
     </span>
    </p>
   </div>
   <div class='ocr_carea' id='block_1_23' title="bbox 265 2304 3718 2378">
    <p class='ocr_par' dir='ltr' id='par_1_23' title="bbox 265 2304 3718 2378">
     <span class='ocr_line' id='line_1_23' title="bbox 265 2304 3718 2378; baseline -0.001 -15"><span class='ocrx_word' id='word_1_193' title='bbox 265 2311 334 2363; x_wconf 88' lang='lat' dir='ltr'>in</span> <span class='ocrx_word' id='word_1_194' title='bbox 365 2308 611 2364; x_wconf 83' lang='lat' dir='ltr'>latebris</span> <span class='ocrx_word' id='word_1_195' title='bbox 641 2307 934 2362; x_wconf 88' lang='lat' dir='ltr'>occultati</span> <span class='ocrx_word' id='word_1_196' title='bbox 959 2310 1191 2370; x_wconf 90' lang='lat' dir='ltr'>essent;</span> <span class='ocrx_word' id='word_1_197' title='bbox 1217 2304 1318 2375; x_wconf 92' lang='lat' dir='ltr'>qui</span> <span class='ocrx_word' id='word_1_198' title='bbox 1343 2304 1583 2375; x_wconf 89' lang='lat' dir='ltr'>quidem</span> <span class='ocrx_word' id='word_1_199' title='bbox 1605 2304 1948 2358; x_wconf 87' lang='lat' dir='ltr'>semi-Aria-</span> <span class='ocrx_word' id='word_1_200' title='bbox 2061 2307 2299 2361; x_wconf 90' lang='lat' dir='ltr'>Oriente</span> <span class='ocrx_word' id='word_1_201' title='bbox 2332 2307 2559 2378; x_wconf 88' lang='lat' dir='ltr'>positus</span> <span class='ocrx_word' id='word_1_202' title='bbox 2590 2306 2764 2377; x_wconf 83' lang='lat' dir='ltr'>longe</span> <span class='ocrx_word' id='word_1_203' title='bbox 2810 2305 3025 2360; x_wconf 77' lang='lat' dir='ltr'>melius</span> <span class='ocrx_word' id='word_1_204' title='bbox 3070 2322 3272 2359; x_wconf 90' lang='lat' dir='ltr'>earum</span> <span class='ocrx_word' id='word_1_205' title='bbox 3310 2305 3563 2374; x_wconf 87' lang='lat' dir='ltr'>partium</span> <span class='ocrx_word' id='word_1_206' title='bbox 3600 2311 3718 2359; x_wconf 86' lang='lat' dir='ltr'>sta-</span> 
     </span>
    </p>
   </div>
   <div class='ocr_carea' id='block_1_24' title="bbox 265 2393 3716 2469">
    <p class='ocr_par' dir='ltr' id='par_1_24' title="bbox 265 2393 3716 2469">
     <span class='ocr_line' id='line_1_24' title="bbox 265 2393 3716 2469; baseline -0.001 -16"><span class='ocrx_word' id='word_1_207' title='bbox 265 2416 385 2453; x_wconf 87' lang='lat' dir='ltr'>nos</span> <span class='ocrx_word' id='word_1_208' title='bbox 409 2399 509 2453; x_wconf 91' lang='lat' dir='ltr'>illo</span> <span class='ocrx_word' id='word_1_209' title='bbox 543 2405 832 2469; x_wconf 87' lang='lat' dir='ltr'>tempore</span> <span class='ocrx_word' id='word_1_210' title='bbox 865 2414 971 2468; x_wconf 87' lang='lat' dir='ltr'>pro</span> <span class='ocrx_word' id='word_1_211' title='bbox 1001 2394 1282 2450; x_wconf 87' lang='lat' dir='ltr'>fratribus</span> <span class='ocrx_word' id='word_1_212' title='bbox 1313 2393 1703 2460; x_wconf 84' lang='lat' dir='ltr'>charissimis,</span> <span class='ocrx_word' id='word_1_213' title='bbox 1737 2400 1796 2449; x_wconf 92' lang='lat' dir='ltr'>et</span> <span class='ocrx_word' id='word_1_214' title='bbox 1825 2393 1952 2449; x_wconf 87' lang='lat' dir='ltr'>sola</span> <span class='ocrx_word' id='word_1_215' title='bbox 2061 2400 2186 2451; x_wconf 89' lang='lat' dir='ltr'>tum</span> <span class='ocrx_word' id='word_1_216' title='bbox 2247 2402 2592 2467; x_wconf 84' lang='lat' dir='ltr'>perceptum</span> <span class='ocrx_word' id='word_1_217' title='bbox 2653 2394 2927 2450; x_wconf 87' lang='lat' dir='ltr'>habebat.</span> <span class='ocrx_word' id='word_1_218' title='bbox 2991 2397 3106 2448; x_wconf 82' lang='lat' dir='ltr'>Nec</span> <span class='ocrx_word' id='word_1_219' title='bbox 3165 2395 3430 2448; x_wconf 87' lang='lat' dir='ltr'>accusari</span> <span class='ocrx_word' id='word_1_220' title='bbox 3462 2394 3716 2465; x_wconf 85' lang='lat' dir='ltr'>Cyrillus</span> 
     </span>
    </p>
   </div>
   <div class='ocr_carea' id='block_1_25' title="bbox 273 2483 3712 2557">
    <p class='ocr_par' dir='ltr' id='par_1_25' title="bbox 273 2483 3712 2557">
     <span class='ocr_line' id='line_1_25' title="bbox 273 2483 3712 2557; baseline -0.001 -14"><span class='ocrx_word' id='word_1_221' title='bbox 273 2505 312 2543; x_wconf 85' lang='lat' dir='ltr'>a</span> <span class='ocrx_word' id='word_1_222' title='bbox 332 2505 398 2542; x_wconf 86' lang='lat' dir='ltr'>se</span> <span class='ocrx_word' id='word_1_223' title='bbox 418 2488 625 2543; x_wconf 78' lang='lat' dir='ltr'>vocula</span> <span class='ocrx_word' id='word_1_224' title='bbox 655 2487 868 2542; x_wconf 86' lang='lat' dir='ltr'>divisis</span> <span class='ocrx_word' id='word_1_225' title='bbox 888 2485 1206 2540; x_wconf 89' lang='lat' dir='ltr'>habebant.</span> <span class='ocrx_word' id='word_1_226' title='bbox 1227 2485 1286 2539; x_wconf 87' lang='lat' dir='ltr'>In</span> <span class='ocrx_word' id='word_1_227' title='bbox 1311 2485 1562 2538; x_wconf 90' lang='lat' dir='ltr'>concilio</span> <span class='ocrx_word' id='word_1_228' title='bbox 1581 2483 1946 2539; x_wconf 90' lang='lat' dir='ltr'>Seleuciensi</span> <span class='ocrx_word' id='word_1_229' title='bbox 2059 2490 2271 2556; x_wconf 89' lang='lat' dir='ltr'>potest,</span> <span class='ocrx_word' id='word_1_230' title='bbox 2288 2486 2432 2557; x_wconf 91' lang='lat' dir='ltr'>quin</span> <span class='ocrx_word' id='word_1_231' title='bbox 2455 2485 2661 2540; x_wconf 90' lang='lat' dir='ltr'>eadem</span> <span class='ocrx_word' id='word_1_232' title='bbox 2690 2485 3106 2539; x_wconf 86' lang='lat' dir='ltr'>criminatione</span> <span class='ocrx_word' id='word_1_233' title='bbox 3129 2483 3371 2554; x_wconf 89' lang='lat' dir='ltr'>plurimi</span> <span class='ocrx_word' id='word_1_234' title='bbox 3401 2485 3712 2539; x_wconf 89' lang='lat' dir='ltr'>sanctitate</span> 
     </span>
    </p>
   </div>
   <div class='ocr_carea' id='block_1_26' title="bbox 277 2575 3064 2646">
    <p class='ocr_par' dir='ltr' id='par_1_26' title="bbox 277 2575 3064 2646">
     <span class='ocr_line' id='line_1_26' title="bbox 277 2575 3064 2646; baseline -0.002 -12"><span class='ocrx_word' id='word_1_235' title='bbox 277 2596 421 2634; x_wconf 90' lang='lat' dir='ltr'>cum</span> <span class='ocrx_word' id='word_1_236' title='bbox 447 2579 720 2634; x_wconf 87' lang='lat' dir='ltr'>omnibus</span> <span class='ocrx_word' id='word_1_237' title='bbox 754 2577 957 2632; x_wconf 87' lang='lat' dir='ltr'>statim</span> <span class='ocrx_word' id='word_1_238' title='bbox 991 2575 1468 2638; x_wconf 85' lang='lat' dir='ltr'>communicavit,</span> <span class='ocrx_word' id='word_1_239' title='bbox 1503 2575 1813 2645; x_wconf 89' lang='lat' dir='ltr'>sanctique</span> <span class='ocrx_word' id='word_1_240' title='bbox 1848 2575 1946 2628; x_wconf 87' lang='lat' dir='ltr'>Hi-</span> <span class='ocrx_word' id='word_1_241' title='bbox 2057 2575 2325 2630; x_wconf 91' lang='lat' dir='ltr'>celebres</span> <span class='ocrx_word' id='word_1_242' title='bbox 2365 2575 2752 2631; x_wconf 90' lang='lat' dir='ltr'>includantur</span> <span class='ocrx_word' id='word_1_243' title='bbox 2782 2575 3064 2646; x_wconf 89' lang='lat' dir='ltr'>episcopi.</span> 
     </span>
    </p>
   </div>
   <div class='ocr_carea' id='block_1_27' title="bbox 271 2663 3714 2738">
    <p class='ocr_par' dir='ltr' id='par_1_27' title="bbox 271 2663 3714 2738">
     <span class='ocr_line' id='line_1_27' title="bbox 271 2663 3714 2738; baseline -0.001 -15"><span class='ocrx_word' id='word_1_244' title='bbox 271 2669 415 2723; x_wconf 82' lang='lat' dir='ltr'>larii</span> <span class='ocrx_word' id='word_1_245' title='bbox 439 2667 711 2738; x_wconf 84' lang='lat' dir='ltr'>exemplo</span> <span class='ocrx_word' id='word_1_246' title='bbox 739 2665 996 2720; x_wconf 91' lang='lat' dir='ltr'>nimium</span> <span class='ocrx_word' id='word_1_247' title='bbox 1015 2669 1178 2719; x_wconf 89' lang='lat' dir='ltr'>tutus</span> <span class='ocrx_word' id='word_1_248' title='bbox 1201 2663 1633 2719; x_wconf 89' lang='lat' dir='ltr'>est.Sciderunt</span> <span class='ocrx_word' id='word_1_249' title='bbox 1657 2681 1718 2718; x_wconf 89' lang='lat' dir='ltr'>se</span> <span class='ocrx_word' id='word_1_250' title='bbox 1740 2669 1946 2735; x_wconf 89' lang='lat' dir='ltr'>postea</span> <span class='ocrx_word' id='word_1_251' title='bbox 2128 2669 2292 2722; x_wconf 86' lang='lat' dir='ltr'>Nune</span> <span class='ocrx_word' id='word_1_252' title='bbox 2325 2675 2391 2722; x_wconf 89' lang='lat' dir='ltr'>ut</span> <span class='ocrx_word' id='word_1_253' title='bbox 2421 2684 2655 2722; x_wconf 87' lang='lat' dir='ltr'>summa</span> <span class='ocrx_word' id='word_1_254' title='bbox 2693 2666 3032 2736; x_wconf 73' lang='lat' dir='ltr'>Cyrillianaa</span> <span class='ocrx_word' id='word_1_255' title='bbox 3064 2666 3195 2719; x_wconf 58' lang='lat' dir='ltr'>vita;</span> <span class='ocrx_word' id='word_1_256' title='bbox 3229 2665 3422 2736; x_wconf 85' lang='lat' dir='ltr'>capita</span> <span class='ocrx_word' id='word_1_257' title='bbox 3454 2670 3574 2719; x_wconf 89' lang='lat' dir='ltr'>tota</span> <span class='ocrx_word' id='word_1_258' title='bbox 3603 2666 3714 2721; x_wconf 88' lang='lat' dir='ltr'>hac</span> 
     </span>
    </p>
   </div>
   <div class='ocr_carea' id='block_1_28' title="bbox 259 2753 3708 2828">
    <p class='ocr_par' dir='ltr' id='par_1_28' title="bbox 259 2753 3708 2828">
     <span class='ocr_line' id='line_1_28' title="bbox 259 2753 3708 2828; baseline -0.001 -15"><span class='ocrx_word' id='word_1_259' title='bbox 259 2758 345 2812; x_wconf 84' lang='lat' dir='ltr'>ab</span> <span class='ocrx_word' id='word_1_260' title='bbox 373 2756 806 2813; x_wconf 81' lang='lat' dir='ltr'>semi-Arianis</span> <span class='ocrx_word' id='word_1_261' title='bbox 827 2753 1475 2824; x_wconf 73' lang='lat' dir='ltr'>Anomuai,quibuscum</span> <span class='ocrx_word' id='word_1_262' title='bbox 1495 2753 1723 2809; x_wconf 88' lang='lat' dir='ltr'>nullam</span> <span class='ocrx_word' id='word_1_263' title='bbox 1738 2759 1946 2824; x_wconf 87' lang='lat' dir='ltr'>postea</span> <span class='ocrx_word' id='word_1_264' title='bbox 2055 2757 2476 2812; x_wconf 88' lang='lat' dir='ltr'>dissertatione</span> <span class='ocrx_word' id='word_1_265' title='bbox 2499 2756 3026 2828; x_wconf 80' lang='lat' dir='ltr'>sparsa,longeque</span> <span class='ocrx_word' id='word_1_266' title='bbox 3051 2773 3085 2810; x_wconf 93' lang='lat' dir='ltr'>a</span> <span class='ocrx_word' id='word_1_267' title='bbox 3106 2772 3167 2810; x_wconf 91' lang='lat' dir='ltr'>se</span> <span class='ocrx_word' id='word_1_268' title='bbox 3191 2756 3392 2809; x_wconf 88' lang='lat' dir='ltr'>avulsa</span> <span class='ocrx_word' id='word_1_269' title='bbox 3412 2755 3708 2826; x_wconf 77' lang='lat' dir='ltr'>colligam,</span> 
     </span>
    </p>
   </div>
   <div class='ocr_carea' id='block_1_29' title="bbox 258 2843 3712 2920">
    <p class='ocr_par' dir='ltr' id='par_1_29' title="bbox 258 2843 3712 2920">
     <span class='ocr_line' id='line_1_29' title="bbox 258 2843 3712 2920; baseline -0.001 -18"><span class='ocrx_word' id='word_1_270' title='bbox 258 2848 490 2920; x_wconf 73' lang='lat' dir='ltr'>legitur</span> <span class='ocrx_word' id='word_1_271' title='bbox 520 2847 880 2902; x_wconf 88' lang='lat' dir='ltr'>societatem</span> <span class='ocrx_word' id='word_1_272' title='bbox 905 2849 964 2899; x_wconf 90' lang='lat' dir='ltr'>et</span> <span class='ocrx_word' id='word_1_273' title='bbox 992 2843 1786 2915; x_wconf 88' lang='lat' dir='ltr'>communionemjunxisse.</span> <span class='ocrx_word' id='word_1_274' title='bbox 1816 2845 1940 2898; x_wconf 85' lang='lat' dir='ltr'>Me-</span> <span class='ocrx_word' id='word_1_275' title='bbox 2053 2847 2209 2903; x_wconf 90' lang='lat' dir='ltr'>hanc</span> <span class='ocrx_word' id='word_1_276' title='bbox 2243 2849 2480 2902; x_wconf 87' lang='lat' dir='ltr'>brevem</span> <span class='ocrx_word' id='word_1_277' title='bbox 2503 2845 2664 2901; x_wconf 90' lang='lat' dir='ltr'>illius</span> <span class='ocrx_word' id='word_1_278' title='bbox 2688 2846 2974 2918; x_wconf 91' lang='lat' dir='ltr'>synopsin</span> <span class='ocrx_word' id='word_1_279' title='bbox 2997 2862 3114 2900; x_wconf 88' lang='lat' dir='ltr'>uno</span> <span class='ocrx_word' id='word_1_280' title='bbox 3138 2850 3458 2916; x_wconf 85' lang='lat' dir='ltr'>conspectu</span> <span class='ocrx_word' id='word_1_281' title='bbox 3491 2861 3712 2916; x_wconf 60' lang='lat' dir='ltr'>reprae-</span> 
     </span>
    </p>
   </div>
   <div class='ocr_carea' id='block_1_30' title="bbox 248 2935 2240 3008">
    <p class='ocr_par' dir='ltr' id='par_1_30' title="bbox 248 2935 2240 3008">
     <span class='ocr_line' id='line_1_30' title="bbox 248 2935 2240 3008; baseline -0.002 -15"><span class='ocrx_word' id='word_1_282' title='bbox 248 2939 409 2994; x_wconf 86' lang='lat' dir='ltr'>letio</span> <span class='ocrx_word' id='word_1_283' title='bbox 472 2956 605 2994; x_wconf 89' lang='lat' dir='ltr'>sese</span> <span class='ocrx_word' id='word_1_284' title='bbox 666 2935 943 3008; x_wconf 90' lang='lat' dir='ltr'>adjunxit</span> <span class='ocrx_word' id='word_1_285' title='bbox 994 2935 1361 2991; x_wconf 90' lang='lat' dir='ltr'>Antiocheno</span> <span class='ocrx_word' id='word_1_286' title='bbox 1397 2951 1491 2989; x_wconf 89' lang='lat' dir='ltr'>an.</span> <span class='ocrx_word' id='word_1_287' title='bbox 1527 2935 1650 3001; x_wconf 85' lang='lat'>362,</span> <span class='ocrx_word' id='word_1_288' title='bbox 1685 2935 1938 3007; x_wconf 90' lang='lat' dir='ltr'>quijam</span> <span class='ocrx_word' id='word_1_289' title='bbox 2051 2941 2240 2992; x_wconf 89' lang='lat' dir='ltr'>sento.</span> 
     </span>
    </p>
   </div>
   <div class='ocr_carea' id='block_1_31' title="bbox 2076 691 3734 766">
    <p class='ocr_par' dir='ltr' id='par_1_31' title="bbox 2076 691 3734 766">
     <span class='ocr_line' id='line_1_31' title="bbox 2076 691 3734 766; baseline 0.005 -21"><span class='ocrx_word' id='word_1_290' title='bbox 2076 691 2755 763; x_wconf 89' lang='lat' dir='ltr'>videbatur,societatem</span> <span class='ocrx_word' id='word_1_291' title='bbox 2790 695 3128 766; x_wconf 88' lang='lat' dir='ltr'>abruperat.</span> <span class='ocrx_word' id='word_1_292' title='bbox 3158 698 3390 752; x_wconf 73' lang='lat' dir='ltr'>Nullam</span> <span class='ocrx_word' id='word_1_293' title='bbox 3425 697 3639 754; x_wconf 87' lang='lat' dir='ltr'>deinde</span> <span class='ocrx_word' id='word_1_294' title='bbox 3672 700 3734 754; x_wconf 90' lang='lat' dir='ltr'>in</span> 
     </span>
    </p>
   </div>
   <div class='ocr_carea' id='block_1_32' title="bbox 2075 783 3729 856">
    <p class='ocr_par' dir='ltr' id='par_1_32' title="bbox 2075 783 3729 856">
     <span class='ocr_line' id='line_1_32' title="bbox 2075 783 3729 856; baseline 0.005 -21"><span class='ocrx_word' id='word_1_295' title='bbox 2075 783 2632 839; x_wconf 89' lang='lat' dir='ltr'>Macedonianorum</span> <span class='ocrx_word' id='word_1_296' title='bbox 2666 785 2843 840; x_wconf 90' lang='lat' dir='ltr'>rebus</span> <span class='ocrx_word' id='word_1_297' title='bbox 2868 793 3093 856; x_wconf 86' lang='lat' dir='ltr'>partem</span> <span class='ocrx_word' id='word_1_298' title='bbox 3119 787 3468 848; x_wconf 78' lang='lat' dir='ltr'>habuit,nisi</span> <span class='ocrx_word' id='word_1_299' title='bbox 3504 789 3729 843; x_wconf 89' lang='lat' dir='ltr'>socium</span> 
     </span>
    </p>
   </div>
   <div class='ocr_carea' id='block_1_33' title="bbox 2073 872 3730 949">
    <p class='ocr_par' dir='ltr' id='par_1_33' title="bbox 2073 872 3730 949">
     <span class='ocr_line' id='line_1_33' title="bbox 2073 872 3730 949; baseline 0.004 -24"><span class='ocrx_word' id='word_1_300' title='bbox 2073 889 2135 925; x_wconf 91' lang='lat' dir='ltr'>se</span> <span class='ocrx_word' id='word_1_301' title='bbox 2169 872 2253 927; x_wconf 90' lang='lat' dir='ltr'>eis</span> <span class='ocrx_word' id='word_1_302' title='bbox 2288 875 2625 944; x_wconf 79' lang='lat' dir='ltr'>praestiterit</span> <span class='ocrx_word' id='word_1_303' title='bbox 2677 875 2737 929; x_wconf 89' lang='lat' dir='ltr'>in</span> <span class='ocrx_word' id='word_1_304' title='bbox 2788 875 3132 943; x_wconf 73' lang='lat' dir='ltr'>delegandis</span> <span class='ocrx_word' id='word_1_305' title='bbox 3164 876 3237 931; x_wconf 90' lang='lat' dir='ltr'>ad</span> <span class='ocrx_word' id='word_1_306' title='bbox 3271 877 3565 931; x_wconf 83' lang='lat' dir='ltr'>Liberium</span> <span class='ocrx_word' id='word_1_307' title='bbox 3601 879 3730 949; x_wconf 91' lang='lat' dir='ltr'>epi-</span> 
     </span>
    </p>
   </div>
   <div class='ocr_carea' id='block_1_34' title="bbox 2072 963 3731 1038">
    <p class='ocr_par' dir='ltr' id='par_1_34' title="bbox 2072 963 3731 1038">
     <span class='ocr_line' id='line_1_34' title="bbox 2072 963 3731 1038; baseline 0.004 -22"><span class='ocrx_word' id='word_1_308' title='bbox 2072 963 2288 1033; x_wconf 76' lang='lat' dir='ltr'>scopis,</span> <span class='ocrx_word' id='word_1_309' title='bbox 2309 964 2408 1034; x_wconf 91' lang='lat' dir='ltr'>qui</span> <span class='ocrx_word' id='word_1_310' title='bbox 2434 964 2839 1036; x_wconf 79' lang='lat' dir='ltr'>delegantium</span> <span class='ocrx_word' id='word_1_311' title='bbox 2863 966 3104 1019; x_wconf 91' lang='lat' dir='ltr'>nomine</span> <span class='ocrx_word' id='word_1_312' title='bbox 3129 967 3188 1019; x_wconf 92' lang='lat' dir='ltr'>in</span> <span class='ocrx_word' id='word_1_313' title='bbox 3219 967 3437 1021; x_wconf 77' lang='lat' dir='ltr'>Nicaeni</span> <span class='ocrx_word' id='word_1_314' title='bbox 3474 967 3731 1038; x_wconf 91' lang='lat' dir='ltr'>symboli</span> 
     </span>
    </p>
   </div>
   <div class='ocr_carea' id='block_1_35' title="bbox 2069 1051 3730 1128">
    <p class='ocr_par' dir='ltr' id='par_1_35' title="bbox 2069 1051 3730 1128">
     <span class='ocr_line' id='line_1_35' title="bbox 2069 1051 3730 1128; baseline 0.005 -25"><span class='ocrx_word' id='word_1_315' title='bbox 2069 1051 2244 1107; x_wconf 89' lang='lat' dir='ltr'>verba</span> <span class='ocrx_word' id='word_1_316' title='bbox 2267 1053 2563 1124; x_wconf 89' lang='lat' dir='ltr'>jurarent,</span> <span class='ocrx_word' id='word_1_317' title='bbox 2598 1056 2767 1125; x_wconf 84' lang='lat' dir='ltr'>cujus</span> <span class='ocrx_word' id='word_1_318' title='bbox 2800 1055 2881 1108; x_wconf 88' lang='lat' dir='ltr'>rei</span> <span class='ocrx_word' id='word_1_319' title='bbox 2917 1055 3201 1126; x_wconf 64' lang='lat' dir='ltr'>Cyrillum</span> <span class='ocrx_word' id='word_1_320' title='bbox 3237 1057 3512 1111; x_wconf 92' lang='lat' dir='ltr'>existimo</span> <span class='ocrx_word' id='word_1_321' title='bbox 3547 1058 3730 1128; x_wconf 87' lang='lat' dir='ltr'>parti-</span> 
     </span>
    </p>
   </div>
   <div class='ocr_carea' id='block_1_36' title="bbox 2069 1141 3728 1212">
    <p class='ocr_par' dir='ltr' id='par_1_36' title="bbox 2069 1141 3728 1212">
     <span class='ocr_line' id='line_1_36' title="bbox 2069 1141 3728 1212; baseline 0.004 -17"><span class='ocrx_word' id='word_1_322' title='bbox 2069 1141 2261 1212; x_wconf 91' lang='lat' dir='ltr'>cipem</span> <span class='ocrx_word' id='word_1_323' title='bbox 2292 1159 2414 1198; x_wconf 91' lang='lat' dir='ltr'>non</span> <span class='ocrx_word' id='word_1_324' title='bbox 2446 1143 2650 1199; x_wconf 85' lang='lat' dir='ltr'>fuisse.</span> <span class='ocrx_word' id='word_1_325' title='bbox 2682 1145 2859 1198; x_wconf 91' lang='lat' dir='ltr'>Suum</span> <span class='ocrx_word' id='word_1_326' title='bbox 2887 1144 2994 1198; x_wconf 89' lang='lat' dir='ltr'>sub</span> <span class='ocrx_word' id='word_1_327' title='bbox 3019 1144 3264 1199; x_wconf 85' lang='lat' dir='ltr'>Valente</span> <span class='ocrx_word' id='word_1_328' title='bbox 3296 1145 3572 1200; x_wconf 81' lang='lat' dir='ltr'>exsilium</span> <span class='ocrx_word' id='word_1_329' title='bbox 3606 1163 3728 1202; x_wconf 87' lang='lat' dir='ltr'>non</span> 
     </span>
    </p>
   </div>
   <div class='ocr_carea' id='block_1_37' title="bbox 2067 1233 3732 1304">
    <p class='ocr_par' dir='ltr' id='par_1_37' title="bbox 2067 1233 3732 1304">
     <span class='ocr_line' id='line_1_37' title="bbox 2067 1233 3732 1304; baseline 0.004 -20"><span class='ocrx_word' id='word_1_330' title='bbox 2067 1233 2417 1302; x_wconf 90' lang='lat' dir='ltr'>promeruit,</span> <span class='ocrx_word' id='word_1_331' title='bbox 2453 1233 2566 1288; x_wconf 92' lang='lat' dir='ltr'>nisi</span> <span class='ocrx_word' id='word_1_332' title='bbox 2599 1234 2890 1304; x_wconf 86' lang='lat' dir='ltr'>susceptis</span> <span class='ocrx_word' id='word_1_333' title='bbox 2914 1251 3048 1288; x_wconf 91' lang='lat' dir='ltr'>cum</span> <span class='ocrx_word' id='word_1_334' title='bbox 3075 1234 3292 1289; x_wconf 88' lang='lat' dir='ltr'>Ariana</span> <span class='ocrx_word' id='word_1_335' title='bbox 3315 1235 3568 1290; x_wconf 87' lang='lat' dir='ltr'>factione</span> <span class='ocrx_word' id='word_1_336' title='bbox 3597 1253 3732 1290; x_wconf 89' lang='lat' dir='ltr'>cer-</span> 
     </span>
    </p>
   </div>
   <div class='ocr_carea' id='block_1_38' title="bbox 2067 1321 3727 1393">
    <p class='ocr_par' dir='ltr' id='par_1_38' title="bbox 2067 1321 3727 1393">
     <span class='ocr_line' id='line_1_38' title="bbox 2067 1321 3727 1393; baseline 0.003 -19"><span class='ocrx_word' id='word_1_337' title='bbox 2067 1321 2413 1389; x_wconf 88' lang='lat' dir='ltr'>taminibus,</span> <span class='ocrx_word' id='word_1_338' title='bbox 2451 1340 2704 1393; x_wconf 82' lang='lat' dir='ltr'>quorum</span> <span class='ocrx_word' id='word_1_339' title='bbox 2738 1323 2916 1378; x_wconf 88' lang='lat' dir='ltr'>etiam</span> <span class='ocrx_word' id='word_1_340' title='bbox 2961 1322 3148 1376; x_wconf 89' lang='lat' dir='ltr'>multa</span> <span class='ocrx_word' id='word_1_341' title='bbox 3192 1323 3373 1377; x_wconf 90' lang='lat' dir='ltr'>subiit</span> <span class='ocrx_word' id='word_1_342' title='bbox 3400 1323 3460 1376; x_wconf 91' lang='lat' dir='ltr'>in</span> <span class='ocrx_word' id='word_1_343' title='bbox 3492 1325 3727 1381; x_wconf 84' lang='lat' dir='ltr'>exsilio.</span> 
     </span>
    </p>
   </div>
   <div class='ocr_carea' id='block_1_39' title="bbox 2067 1408 3725 1483">
    <p class='ocr_par' dir='ltr' id='par_1_39' title="bbox 2067 1408 3725 1483">
     <span class='ocr_line' id='line_1_39' title="bbox 2067 1408 3725 1483; baseline 0.002 -18"><span class='ocrx_word' id='word_1_344' title='bbox 2067 1408 2208 1465; x_wconf 89' lang='lat' dir='ltr'>Inde</span> <span class='ocrx_word' id='word_1_345' title='bbox 2222 1417 2752 1477; x_wconf 90' lang='lat' dir='ltr'>reversus,tantum</span> <span class='ocrx_word' id='word_1_346' title='bbox 2776 1412 2835 1465; x_wconf 93' lang='lat' dir='ltr'>in</span> <span class='ocrx_word' id='word_1_347' title='bbox 2854 1410 3162 1483; x_wconf 80' lang='lat' dir='ltr'>largienda</span> <span class='ocrx_word' id='word_1_348' title='bbox 3176 1429 3282 1466; x_wconf 87' lang='lat' dir='ltr'>sua</span> <span class='ocrx_word' id='word_1_349' title='bbox 3303 1413 3725 1468; x_wconf 88' lang='lat' dir='ltr'>communione</span> 
     </span>
    </p>
   </div>
   <div class='ocr_carea' id='block_1_40' title="bbox 2066 1499 3721 1572">
    <p class='ocr_par' dir='ltr' id='par_1_40' title="bbox 2066 1499 3721 1572">
     <span class='ocr_line' id='line_1_40' title="bbox 2066 1499 3721 1572; baseline 0.002 -18"><span class='ocrx_word' id='word_1_350' title='bbox 2066 1499 2331 1555; x_wconf 90' lang='lat' dir='ltr'>delectus</span> <span class='ocrx_word' id='word_1_351' title='bbox 2362 1518 2428 1556; x_wconf 80' lang='lat' dir='ltr'>ac</span> <span class='ocrx_word' id='word_1_352' title='bbox 2455 1501 2668 1572; x_wconf 88' lang='lat' dir='ltr'>judicii</span> <span class='ocrx_word' id='word_1_353' title='bbox 2704 1501 2929 1566; x_wconf 80' lang='lat' dir='ltr'>habuit,</span> <span class='ocrx_word' id='word_1_354' title='bbox 2955 1507 3020 1554; x_wconf 90' lang='lat' dir='ltr'>ut</span> <span class='ocrx_word' id='word_1_355' title='bbox 3043 1503 3617 1556; x_wconf 87' lang='lat' dir='ltr'>Pneumatomachos</span> <span class='ocrx_word' id='word_1_356' title='bbox 3650 1503 3721 1558; x_wconf 90' lang='lat' dir='ltr'>ab</span> 
     </span>
    </p>
   </div>
   <div class='ocr_carea' id='block_1_41' title="bbox 2063 1590 3722 1663">
    <p class='ocr_par' dir='ltr' id='par_1_41' title="bbox 2063 1590 3722 1663">
     <span class='ocr_line' id='line_1_41' title="bbox 2063 1590 3722 1663; baseline 0.002 -19"><span class='ocrx_word' id='word_1_357' title='bbox 2063 1590 2330 1646; x_wconf 89' lang='lat' dir='ltr'>Ecclesia</span> <span class='ocrx_word' id='word_1_358' title='bbox 2360 1592 2622 1646; x_wconf 91' lang='lat' dir='ltr'>tenuerit</span> <span class='ocrx_word' id='word_1_359' title='bbox 2651 1591 2901 1647; x_wconf 89' lang='lat' dir='ltr'>alienos.</span> <span class='ocrx_word' id='word_1_360' title='bbox 2927 1593 3007 1644; x_wconf 90' lang='lat' dir='ltr'>Ex</span> <span class='ocrx_word' id='word_1_361' title='bbox 3039 1591 3255 1661; x_wconf 90' lang='lat' dir='ltr'>quibus</span> <span class='ocrx_word' id='word_1_362' title='bbox 3285 1591 3722 1663; x_wconf 72' lang='lat' dir='ltr'>omnibus,qum</span> 
     </span>
    </p>
   </div>
   <div class='ocr_carea' id='block_1_42' title="bbox 1053 3179 2915 3238">
    <p class='ocr_par' dir='ltr' id='par_1_42' title="bbox 1053 3179 2915 3238">
     <span class='ocr_line' id='line_1_42' title="bbox 1053 3179 2915 3238; baseline 0.002 -4"><span class='ocrx_word' id='word_1_363' title='bbox 1053 3179 1650 3236; x_wconf 83' lang='lat' dir='ltr'>CHRONOLOGICUM</span> <span class='ocrx_word' id='word_1_364' title='bbox 1689 3179 2144 3236; x_wconf 72' lang='lat' dir='ltr'>CYRILLIANE</span> <span class='ocrx_word' id='word_1_365' title='bbox 2187 3181 2376 3235; x_wconf 64' lang='lat' dir='ltr'>VITE</span> <span class='ocrx_word' id='word_1_366' title='bbox 2424 3181 2915 3238; x_wconf 81' lang='lat' dir='ltr'>COMPENDIUM.</span> 
     </span>
    </p>
   </div>
   <div class='ocr_carea' id='block_1_43' title="bbox 323 3331 3699 3408">
    <p class='ocr_par' dir='ltr' id='par_1_43' title="bbox 323 3331 3699 3408">
     <span class='ocr_line' id='line_1_43' title="bbox 323 3331 3699 3408; baseline -0.001 -16"><span class='ocrx_word' id='word_1_367' title='bbox 323 3337 493 3408; x_wconf 69' lang='lat' dir='ltr'>[XCI]</span> <span class='ocrx_word' id='word_1_368' title='bbox 526 3336 808 3392; x_wconf 76' lang='lat' dir='ltr'>Nascitur</span> <span class='ocrx_word' id='word_1_369' title='bbox 831 3334 1084 3406; x_wconf 83' lang='lat' dir='ltr'>Cyrillus</span> <span class='ocrx_word' id='word_1_370' title='bbox 1107 3331 1490 3403; x_wconf 86' lang='lat' dir='ltr'>Jerosolymis</span> <span class='ocrx_word' id='word_1_371' title='bbox 1513 3331 1601 3386; x_wconf 88' lang='lat' dir='ltr'>vel</span> <span class='ocrx_word' id='word_1_372' title='bbox 1629 3332 1689 3385; x_wconf 93' lang='lat' dir='ltr'>in</span> <span class='ocrx_word' id='word_1_373' title='bbox 1717 3331 1930 3387; x_wconf 87' lang='lat' dir='ltr'>vicinia</span> <span class='ocrx_word' id='word_1_374' title='bbox 1959 3333 2001 3399; x_wconf 84' lang='lat' dir='ltr'>C</span> <span class='ocrx_word' id='word_1_375' title='bbox 2113 3333 2401 3404; x_wconf 87' lang='lat' dir='ltr'>Cyrillum</span> <span class='ocrx_word' id='word_1_376' title='bbox 2433 3334 2683 3390; x_wconf 87' lang='lat' dir='ltr'>interest</span> <span class='ocrx_word' id='word_1_377' title='bbox 2713 3334 2966 3389; x_wconf 92' lang='lat' dir='ltr'>concilio</span> <span class='ocrx_word' id='word_1_378' title='bbox 3016 3334 3374 3390; x_wconf 87' lang='lat' dir='ltr'>Melitinensi</span> <span class='ocrx_word' id='word_1_379' title='bbox 3406 3334 3466 3389; x_wconf 92' lang='lat' dir='ltr'>in</span> <span class='ocrx_word' id='word_1_380' title='bbox 3497 3335 3699 3388; x_wconf 84' lang='lat' dir='ltr'>Arme-</span> 
     </span>
    </p>
   </div>
   <div class='ocr_carea' id='block_1_44' title="bbox 258 3427 929 3482">
    <p class='ocr_par' dir='ltr' id='par_1_44' title="bbox 258 3427 929 3482">
     <span class='ocr_line' id='line_1_44' title="bbox 258 3427 929 3482; baseline -0.004 -2"><span class='ocrx_word' id='word_1_381' title='bbox 258 3428 509 3482; x_wconf 86' lang='lat' dir='ltr'>circiter</span> <span class='ocrx_word' id='word_1_382' title='bbox 540 3441 774 3480; x_wconf 89' lang='lat' dir='ltr'>annum</span> <span class='ocrx_word' id='word_1_383' title='bbox 809 3427 929 3478; x_wconf 86' lang='grc'>315.</span> 
     </span>
    </p>
   </div>
   <div class='ocr_carea' id='block_1_45' title="bbox 335 3510 1930 3583">
    <p class='ocr_par' dir='ltr' id='par_1_45' title="bbox 335 3510 1930 3583">
     <span class='ocr_line' id='line_1_45' title="bbox 335 3510 1930 3583; baseline -0.004 -12"><span class='ocrx_word' id='word_1_384' title='bbox 335 3517 688 3571; x_wconf 73' lang='grc' dir='ltr'>Μοωιεῑὶοω</span> <span class='ocrx_word' id='word_1_385' title='bbox 719 3515 850 3570; x_wconf 67' lang='lat' dir='ltr'>vita)</span> <span class='ocrx_word' id='word_1_386' title='bbox 882 3513 1172 3569; x_wconf 89' lang='lat' dir='ltr'>institutis</span> <span class='ocrx_word' id='word_1_387' title='bbox 1195 3511 1504 3578; x_wconf 90' lang='lat' dir='ltr'>imbuitur,</span> <span class='ocrx_word' id='word_1_388' title='bbox 1532 3515 1591 3566; x_wconf 92' lang='lat' dir='ltr'>et</span> <span class='ocrx_word' id='word_1_389' title='bbox 1610 3510 1930 3583; x_wconf 80' lang='lat' dir='ltr'>virginitati</span> 
     </span>
    </p>
   </div>
   <div class='ocr_carea' id='block_1_46' title="bbox 266 3604 1337 3661">
    <p class='ocr_par' dir='ltr' id='par_1_46' title="bbox 266 3604 1337 3661">
     <span class='ocr_line' id='line_1_46' title="bbox 266 3604 1337 3661; baseline -0.003 -2"><span class='ocrx_word' id='word_1_390' title='bbox 266 3613 661 3661; x_wconf 88' lang='lat' dir='ltr'>consecratur</span> <span class='ocrx_word' id='word_1_391' title='bbox 690 3604 929 3660; x_wconf 86' lang='lat' dir='ltr'>circiter</span> <span class='ocrx_word' id='word_1_392' title='bbox 958 3619 1182 3659; x_wconf 90' lang='lat' dir='ltr'>annum</span> <span class='ocrx_word' id='word_1_393' title='bbox 1215 3605 1337 3656; x_wconf 87' lang='lat'>330.</span> 
     </span>
    </p>
   </div>
   <div class='ocr_carea' id='block_1_47' title="bbox 341 3690 1925 3759">
    <p class='ocr_par' dir='ltr' id='par_1_47' title="bbox 341 3690 1925 3759">
     <span class='ocr_line' id='line_1_47' title="bbox 341 3690 1925 3759; baseline -0.003 -9"><span class='ocrx_word' id='word_1_394' title='bbox 341 3697 644 3752; x_wconf 85' lang='lat' dir='ltr'>Diaconus</span> <span class='ocrx_word' id='word_1_395' title='bbox 675 3694 986 3749; x_wconf 90' lang='lat' dir='ltr'>ordinatur</span> <span class='ocrx_word' id='word_1_396' title='bbox 1013 3711 1048 3749; x_wconf 91' lang='lat' dir='ltr'>a</span> <span class='ocrx_word' id='word_1_397' title='bbox 1076 3694 1130 3748; x_wconf 92' lang='lat' dir='ltr'>S.</span> <span class='ocrx_word' id='word_1_398' title='bbox 1168 3690 1441 3759; x_wconf 85' lang='lat' dir='ltr'>Macario,</span> <span class='ocrx_word' id='word_1_399' title='bbox 1473 3695 1539 3745; x_wconf 88' lang='lat' dir='ltr'>ut</span> <span class='ocrx_word' id='word_1_400' title='bbox 1568 3690 1758 3746; x_wconf 90' lang='lat' dir='ltr'>serius</span> <span class='ocrx_word' id='word_1_401' title='bbox 1783 3707 1925 3745; x_wconf 92' lang='lat' dir='ltr'>ann.</span> 
     </span>
    </p>
   </div>
   <div class='ocr_carea' id='block_1_48' title="bbox 270 3786 395 3842">
    <p class='ocr_par' dir='ltr' id='par_1_48' title="bbox 270 3786 395 3842">
     <span class='ocr_line' id='line_1_48' title="bbox 270 3786 395 3842; baseline 0.032 -4"><span class='ocrx_word' id='word_1_402' title='bbox 270 3786 395 3842; x_wconf 69' lang='grc'>334.</span> 
     </span>
    </p>
   </div>
   <div class='ocr_carea' id='block_1_49' title="bbox 345 3871 1834 3947">
    <p class='ocr_par' dir='ltr' id='par_1_49' title="bbox 345 3871 1834 3947">
     <span class='ocr_line' id='line_1_49' title="bbox 345 3871 1834 3947; baseline -0.001 -19"><span class='ocrx_word' id='word_1_403' title='bbox 345 3876 664 3947; x_wconf 81' lang='lat' dir='ltr'>Presbyter</span> <span class='ocrx_word' id='word_1_404' title='bbox 695 3879 928 3930; x_wconf 89' lang='lat' dir='ltr'>creatur</span> <span class='ocrx_word' id='word_1_405' title='bbox 951 3891 985 3929; x_wconf 88' lang='lat' dir='ltr'>a</span> <span class='ocrx_word' id='word_1_406' title='bbox 1016 3875 1071 3928; x_wconf 88' lang='lat' dir='ltr'>S.</span> <span class='ocrx_word' id='word_1_407' title='bbox 1106 3873 1356 3928; x_wconf 84' lang='lat' dir='ltr'>Maximo</span> <span class='ocrx_word' id='word_1_408' title='bbox 1391 3871 1549 3926; x_wconf 89' lang='lat' dir='ltr'>circa</span> <span class='ocrx_word' id='word_1_409' title='bbox 1578 3887 1673 3926; x_wconf 91' lang='lat' dir='ltr'>an.</span> <span class='ocrx_word' id='word_1_410' title='bbox 1710 3872 1834 3926; x_wconf 76' lang='grc'>345.</span> 
     </span>
    </p>
   </div>
   <div class='ocr_carea' id='block_1_50' title="bbox 347 3962 1926 4035">
    <p class='ocr_par' dir='ltr' id='par_1_50' title="bbox 347 3962 1926 4035">
     <span class='ocr_line' id='line_1_50' title="bbox 347 3962 1926 4035; baseline -0.002 -16"><span class='ocrx_word' id='word_1_411' title='bbox 347 3965 667 4020; x_wconf 81' lang='lat' dir='ltr'>Homiliam</span> <span class='ocrx_word' id='word_1_412' title='bbox 698 3967 757 4019; x_wconf 80' lang='lat' dir='ltr'>in</span> <span class='ocrx_word' id='word_1_413' title='bbox 782 3965 1156 4035; x_wconf 81' lang='lat' dir='ltr'>paralyticum</span> <span class='ocrx_word' id='word_1_414' title='bbox 1187 3963 1350 4026; x_wconf 90' lang='lat' dir='ltr'>dicit,</span> <span class='ocrx_word' id='word_1_415' title='bbox 1375 3968 1580 4016; x_wconf 88' lang='lat' dir='ltr'>nostra</span> <span class='ocrx_word' id='word_1_416' title='bbox 1610 3962 1926 4029; x_wconf 89' lang='lat' dir='ltr'>sententia,</span> 
     </span>
    </p>
   </div>
   <div class='ocr_carea' id='block_1_51' title="bbox 273 4051 1674 4124">
    <p class='ocr_par' dir='ltr' id='par_1_51' title="bbox 273 4051 1674 4124">
     <span class='ocr_line' id='line_1_51' title="bbox 273 4051 1674 4124; baseline -0.001 -17"><span class='ocrx_word' id='word_1_417' title='bbox 273 4061 411 4108; x_wconf 85' lang='lat' dir='ltr'>ante</span> <span class='ocrx_word' id='word_1_418' title='bbox 444 4056 828 4110; x_wconf 88' lang='lat' dir='ltr'>cathecheses</span> <span class='ocrx_word' id='word_1_419' title='bbox 859 4060 918 4109; x_wconf 91' lang='lat' dir='ltr'>et</span> <span class='ocrx_word' id='word_1_420' title='bbox 950 4054 1091 4109; x_wconf 88' lang='lat' dir='ltr'>satis</span> <span class='ocrx_word' id='word_1_421' title='bbox 1123 4070 1306 4108; x_wconf 91' lang='lat' dir='ltr'>novus</span> <span class='ocrx_word' id='word_1_422' title='bbox 1347 4051 1674 4124; x_wconf 86' lang='lat' dir='ltr'>presbyter.</span> 
     </span>
    </p>
   </div>
   <div class='ocr_carea' id='block_1_52' title="bbox 347 4141 1927 4213">
    <p class='ocr_par' dir='ltr' id='par_1_52' title="bbox 347 4141 1927 4213">
     <span class='ocr_line' id='line_1_52' title="bbox 347 4141 1927 4213; baseline -0.001 -15"><span class='ocrx_word' id='word_1_423' title='bbox 347 4145 697 4200; x_wconf 87' lang='lat' dir='ltr'>Catecheses</span> <span class='ocrx_word' id='word_1_424' title='bbox 743 4146 807 4198; x_wconf 79' lang='lat' dir='ltr'>t8</span> <span class='ocrx_word' id='word_1_425' title='bbox 837 4144 913 4199; x_wconf 89' lang='lat' dir='ltr'>ad</span> <span class='ocrx_word' id='word_1_426' title='bbox 961 4141 1390 4198; x_wconf 92' lang='lat' dir='ltr'>illuminandos</span> <span class='ocrx_word' id='word_1_427' title='bbox 1421 4158 1529 4213; x_wconf 90' lang='lat' dir='ltr'>per</span> <span class='ocrx_word' id='word_1_428' title='bbox 1557 4146 1738 4196; x_wconf 90' lang='lat' dir='ltr'>totam</span> <span class='ocrx_word' id='word_1_429' title='bbox 1773 4141 1927 4206; x_wconf 90' lang='lat' dir='ltr'>Qua—</span> 
     </span>
    </p>
   </div>
   <div class='ocr_carea' id='block_1_53' title="bbox 271 4231 1926 4306">
    <p class='ocr_par' dir='ltr' id='par_1_53' title="bbox 271 4231 1926 4306">
     <span class='ocr_line' id='line_1_53' title="bbox 271 4231 1926 4306; baseline 0.001 -21"><span class='ocrx_word' id='word_1_430' title='bbox 271 4232 690 4306; x_wconf 83' lang='lat' dir='ltr'>dragesimam,</span> <span class='ocrx_word' id='word_1_431' title='bbox 719 4241 778 4289; x_wconf 88' lang='lat' dir='ltr'>et</span> <span class='ocrx_word' id='word_1_432' title='bbox 805 4237 834 4288; x_wconf 86' lang='lat'><strong>5</strong></span> <span class='ocrx_word' id='word_1_433' title='bbox 867 4233 1292 4305; x_wconf 72' lang='lat' dir='ltr'>mystagogicas</span> <span class='ocrx_word' id='word_1_434' title='bbox 1323 4231 1398 4287; x_wconf 87' lang='lat' dir='ltr'>ad</span> <span class='ocrx_word' id='word_1_435' title='bbox 1423 4231 1758 4303; x_wconf 79' lang='lat' dir='ltr'>neophytos</span> <span class='ocrx_word' id='word_1_436' title='bbox 1779 4231 1926 4287; x_wconf 91' lang='lat' dir='ltr'>heb-</span> 
     </span>
    </p>
   </div>
   <div class='ocr_carea' id='block_1_54' title="bbox 271 4321 1777 4394">
    <p class='ocr_par' dir='ltr' id='par_1_54' title="bbox 271 4321 1777 4394">
     <span class='ocr_line' id='line_1_54' title="bbox 271 4321 1777 4394; baseline 0.001 -20"><span class='ocrx_word' id='word_1_437' title='bbox 271 4321 528 4378; x_wconf 88' lang='lat' dir='ltr'>domada</span> <span class='ocrx_word' id='word_1_438' title='bbox 558 4325 861 4379; x_wconf 88' lang='lat' dir='ltr'>Paschatis</span> <span class='ocrx_word' id='word_1_439' title='bbox 894 4323 1256 4394; x_wconf 91' lang='lat' dir='ltr'>pronuntiat,</span> <span class='ocrx_word' id='word_1_440' title='bbox 1290 4337 1366 4376; x_wconf 90' lang='lat' dir='ltr'>an</span> <span class='ocrx_word' id='word_1_441' title='bbox 1398 4323 1501 4375; x_wconf 81' lang='grc'>347</span> <span class='ocrx_word' id='word_1_442' title='bbox 1532 4321 1622 4375; x_wconf 89' lang='lat' dir='ltr'>vel</span> <span class='ocrx_word' id='word_1_443' title='bbox 1654 4323 1777 4376; x_wconf 78' lang='grc'>348.</span> 
     </span>
    </p>
   </div>
   <div class='ocr_carea' id='block_1_55' title="bbox 347 4411 1922 4485">
    <p class='ocr_par' dir='ltr' id='par_1_55' title="bbox 347 4411 1922 4485">
     <span class='ocr_line' id='line_1_55' title="bbox 347 4411 1922 4485; baseline 0.001 -20"><span class='ocrx_word' id='word_1_444' title='bbox 347 4414 408 4467; x_wconf 91' lang='lat' dir='ltr'>In</span> <span class='ocrx_word' id='word_1_445' title='bbox 442 4413 696 4469; x_wconf 88' lang='lat' dir='ltr'>concilio</span> <span class='ocrx_word' id='word_1_446' title='bbox 726 4413 1217 4485; x_wconf 85' lang='lat' dir='ltr'>Jerosolymitano</span> <span class='ocrx_word' id='word_1_447' title='bbox 1269 4411 1628 4466; x_wconf 81' lang='lat' dir='ltr'>Athanasius</span> <span class='ocrx_word' id='word_1_448' title='bbox 1659 4429 1922 4483; x_wconf 67' lang='lat' dir='ltr'>praesens</span> 
     </span>
    </p>
   </div>
   <div class='ocr_carea' id='block_1_56' title="bbox 268 4501 1921 4574">
    <p class='ocr_par' dir='ltr' id='par_1_56' title="bbox 268 4501 1921 4574">
     <span class='ocr_line' id='line_1_56' title="bbox 268 4501 1921 4574; baseline 0.001 -20"><span class='ocrx_word' id='word_1_449' title='bbox 268 4502 336 4556; x_wconf 89' lang='lat' dir='ltr'>in</span> <span class='ocrx_word' id='word_1_450' title='bbox 364 4503 843 4558; x_wconf 89' lang='lat' dir='ltr'>communionem</span> <span class='ocrx_word' id='word_1_451' title='bbox 872 4509 1166 4574; x_wconf 89' lang='lat' dir='ltr'>receptus,</span> <span class='ocrx_word' id='word_1_452' title='bbox 1196 4507 1256 4557; x_wconf 90' lang='lat' dir='ltr'>et</span> <span class='ocrx_word' id='word_1_453' title='bbox 1294 4501 1628 4572; x_wconf 88' lang='lat' dir='ltr'>subscripta</span> <span class='ocrx_word' id='word_1_454' title='bbox 1658 4501 1921 4572; x_wconf 86' lang='lat' dir='ltr'>synodus</span> 
     </span>
    </p>
   </div>
   <div class='ocr_carea' id='block_1_57' title="bbox 267 4591 917 4648">
    <p class='ocr_par' dir='ltr' id='par_1_57' title="bbox 267 4591 917 4648">
     <span class='ocr_line' id='line_1_57' title="bbox 267 4591 917 4648; baseline 0.003 -4"><span class='ocrx_word' id='word_1_455' title='bbox 267 4591 639 4648; x_wconf 85' lang='lat' dir='ltr'>Sardicensis</span> <span class='ocrx_word' id='word_1_456' title='bbox 663 4610 758 4648; x_wconf 90' lang='lat' dir='ltr'>an.</span> <span class='ocrx_word' id='word_1_457' title='bbox 794 4594 917 4647; x_wconf 74' lang='grc'>349.</span> 
     </span>
    </p>
   </div>
   <div class='ocr_carea' id='block_1_58' title="bbox 343 4681 1414 4738">
    <p class='ocr_par' dir='ltr' id='par_1_58' title="bbox 343 4681 1414 4738">
     <span class='ocr_line' id='line_1_58' title="bbox 343 4681 1414 4738; baseline 0 -2"><span class='ocrx_word' id='word_1_458' title='bbox 343 4683 624 4738; x_wconf 78' lang='lat' dir='ltr'>Maximus</span> <span class='ocrx_word' id='word_1_459' title='bbox 654 4683 906 4738; x_wconf 89' lang='lat' dir='ltr'>moritur</span> <span class='ocrx_word' id='word_1_460' title='bbox 937 4699 1012 4736; x_wconf 90' lang='lat' dir='ltr'>an</span> <span class='ocrx_word' id='word_1_461' title='bbox 1043 4684 1143 4737; x_wconf 81' lang='grc'>349</span> <span class='ocrx_word' id='word_1_462' title='bbox 1171 4681 1261 4736; x_wconf 88' lang='lat' dir='ltr'>vel</span> <span class='ocrx_word' id='word_1_463' title='bbox 1291 4684 1414 4736; x_wconf 82' lang='lat'>350.</span> 
     </span>
    </p>
   </div>
   <div class='ocr_carea' id='block_1_59' title="bbox 343 4771 1110 4844">
    <p class='ocr_par' dir='ltr' id='par_1_59' title="bbox 343 4771 1110 4844">
     <span class='ocr_line' id='line_1_59' title="bbox 343 4771 1110 4844; baseline -0.001 -18"><span class='ocrx_word' id='word_1_464' title='bbox 343 4772 518 4826; x_wconf 85' lang='lat' dir='ltr'>Sedes</span> <span class='ocrx_word' id='word_1_465' title='bbox 547 4771 896 4844; x_wconf 87' lang='lat' dir='ltr'>aliquandiu</span> <span class='ocrx_word' id='word_1_466' title='bbox 929 4776 1110 4827; x_wconf 90' lang='lat' dir='ltr'>vacat.</span> 
     </span>
    </p>
   </div>
   <div class='ocr_carea' id='block_1_60' title="bbox 338 4860 1915 4933">
    <p class='ocr_par' dir='ltr' id='par_1_60' title="bbox 338 4860 1915 4933">
     <span class='ocr_line' id='line_1_60' title="bbox 338 4860 1915 4933; baseline 0.001 -17"><span class='ocrx_word' id='word_1_467' title='bbox 338 4861 590 4931; x_wconf 78' lang='lat' dir='ltr'>Cyrillus</span> <span class='ocrx_word' id='word_1_468' title='bbox 613 4861 682 4916; x_wconf 91' lang='lat' dir='ltr'>ab</span> <span class='ocrx_word' id='word_1_469' title='bbox 706 4860 1002 4933; x_wconf 87' lang='lat' dir='ltr'>episcopis</span> <span class='ocrx_word' id='word_1_470' title='bbox 1023 4861 1340 4932; x_wconf 70' lang='lat' dir='ltr'>provincias</span> <span class='ocrx_word' id='word_1_471' title='bbox 1363 4861 1651 4916; x_wconf 88' lang='lat' dir='ltr'>canonice</span> <span class='ocrx_word' id='word_1_472' title='bbox 1675 4862 1915 4917; x_wconf 90' lang='lat' dir='ltr'>ordina-</span> 
     </span>
    </p>
   </div>
   <div class='ocr_carea' id='block_1_61' title="bbox 262 4951 896 5006">
    <p class='ocr_par' dir='ltr' id='par_1_61' title="bbox 262 4951 896 5006">
     <span class='ocr_line' id='line_1_61' title="bbox 262 4951 896 5006; baseline 0.003 -4"><span class='ocrx_word' id='word_1_473' title='bbox 262 4954 363 5004; x_wconf 90' lang='lat' dir='ltr'>tur</span> <span class='ocrx_word' id='word_1_474' title='bbox 388 4967 484 5006; x_wconf 90' lang='lat' dir='ltr'>an.</span> <span class='ocrx_word' id='word_1_475' title='bbox 518 4953 620 5005; x_wconf 87' lang='grc'>350</span> <span class='ocrx_word' id='word_1_476' title='bbox 653 4951 739 5004; x_wconf 90' lang='lat' dir='ltr'>vel</span> <span class='ocrx_word' id='word_1_477' title='bbox 773 4952 896 5004; x_wconf 79' lang='grc'>351.</span> 
     </span>
    </p>
   </div>
   <div class='ocr_carea' id='block_1_62' title="bbox 339 5039 1914 5112">
    <p class='ocr_par' dir='ltr' id='par_1_62' title="bbox 339 5039 1914 5112">
     <span class='ocr_line' id='line_1_62' title="bbox 339 5039 1914 5112; baseline 0.001 -19"><span class='ocrx_word' id='word_1_478' title='bbox 339 5041 437 5095; x_wconf 89' lang='lat' dir='ltr'>Die</span> <span class='ocrx_word' id='word_1_479' title='bbox 469 5044 498 5093; x_wconf 78' lang='lat'><strong>7</strong></span> <span class='ocrx_word' id='word_1_480' title='bbox 529 5041 662 5096; x_wconf 81' lang='lat' dir='ltr'>Maii</span> <span class='ocrx_word' id='word_1_481' title='bbox 694 5044 940 5112; x_wconf 89' lang='lat' dir='ltr'>apparet</span> <span class='ocrx_word' id='word_1_482' title='bbox 967 5039 1348 5110; x_wconf 81' lang='lat' dir='ltr'>Jerosolymis</span> <span class='ocrx_word' id='word_1_483' title='bbox 1397 5057 1539 5094; x_wconf 89' lang='lat' dir='ltr'>crux</span> <span class='ocrx_word' id='word_1_484' title='bbox 1572 5039 1633 5094; x_wconf 91' lang='lat' dir='ltr'>in</span> <span class='ocrx_word' id='word_1_485' title='bbox 1666 5039 1812 5094; x_wconf 65' lang='lat' dir='ltr'>coelo</span> <span class='ocrx_word' id='word_1_486' title='bbox 1844 5057 1914 5095; x_wconf 88' lang='lat' dir='ltr'>ex</span> 
     </span>
    </p>
   </div>
   <div class='ocr_carea' id='block_1_63' title="bbox 261 5127 1913 5202">
    <p class='ocr_par' dir='ltr' id='par_1_63' title="bbox 261 5127 1913 5202">
     <span class='ocr_line' id='line_1_63' title="bbox 261 5127 1913 5202; baseline 0.001 -19"><span class='ocrx_word' id='word_1_487' title='bbox 261 5127 392 5184; x_wconf 83' lang='lat' dir='ltr'>luce</span> <span class='ocrx_word' id='word_1_488' title='bbox 418 5147 430 5183; x_wconf 90' lang='lat'>:</span> <span class='ocrx_word' id='word_1_489' title='bbox 466 5130 621 5200; x_wconf 91' lang='lat' dir='ltr'>quod</span> <span class='ocrx_word' id='word_1_490' title='bbox 654 5130 858 5185; x_wconf 88' lang='lat' dir='ltr'>statim</span> <span class='ocrx_word' id='word_1_491' title='bbox 888 5129 1142 5200; x_wconf 86' lang='lat' dir='ltr'>Cyrillus</span> <span class='ocrx_word' id='word_1_492' title='bbox 1165 5130 1507 5186; x_wconf 90' lang='lat' dir='ltr'>Constantio</span> <span class='ocrx_word' id='word_1_493' title='bbox 1541 5130 1777 5185; x_wconf 89' lang='lat' dir='ltr'>nuntiat</span> <span class='ocrx_word' id='word_1_494' title='bbox 1807 5147 1913 5202; x_wconf 92' lang='lat' dir='ltr'>per</span> 
     </span>
    </p>
   </div>
   <div class='ocr_carea' id='block_1_64' title="bbox 261 5218 770 5276">
    <p class='ocr_par' dir='ltr' id='par_1_64' title="bbox 261 5218 770 5276">
     <span class='ocr_line' id='line_1_64' title="bbox 261 5218 770 5276; baseline 0 -4"><span class='ocrx_word' id='word_1_495' title='bbox 261 5218 491 5275; x_wconf 86' lang='lat' dir='ltr'>litteras</span> <span class='ocrx_word' id='word_1_496' title='bbox 515 5237 609 5276; x_wconf 90' lang='lat' dir='ltr'>an.</span> <span class='ocrx_word' id='word_1_497' title='bbox 645 5223 770 5275; x_wconf 83' lang='grc'>351.</span> 
     </span>
    </p>
   </div>
   <div class='ocr_carea' id='block_1_65' title="bbox 336 5308 1911 5382">
    <p class='ocr_par' dir='ltr' id='par_1_65' title="bbox 336 5308 1911 5382">
     <span class='ocr_line' id='line_1_65' title="bbox 336 5308 1911 5382; baseline 0.001 -19"><span class='ocrx_word' id='word_1_498' title='bbox 336 5309 416 5365; x_wconf 80' lang='lat' dir='ltr'>Ab</span> <span class='ocrx_word' id='word_1_499' title='bbox 449 5310 575 5381; x_wconf 88' lang='lat' dir='ltr'>ipso</span> <span class='ocrx_word' id='word_1_500' title='bbox 607 5326 757 5382; x_wconf 89' lang='lat' dir='ltr'>pene</span> <span class='ocrx_word' id='word_1_501' title='bbox 789 5308 1164 5380; x_wconf 89' lang='lat' dir='ltr'>episcopatus</span> <span class='ocrx_word' id='word_1_502' title='bbox 1195 5308 1438 5364; x_wconf 87' lang='lat' dir='ltr'>exordio</span> <span class='ocrx_word' id='word_1_503' title='bbox 1468 5310 1911 5365; x_wconf 86' lang='lat' dir='ltr'>contentionem</span> 
     </span>
    </p>
   </div>
   <div class='ocr_carea' id='block_1_66' title="bbox 263 5397 1913 5471">
    <p class='ocr_par' dir='ltr' id='par_1_66' title="bbox 263 5397 1913 5471">
     <span class='ocr_line' id='line_1_66' title="bbox 263 5397 1913 5471; baseline 0.002 -20"><span class='ocrx_word' id='word_1_504' title='bbox 263 5400 507 5471; x_wconf 85' lang='lat' dir='ltr'>suscipit</span> <span class='ocrx_word' id='word_1_505' title='bbox 535 5417 669 5455; x_wconf 90' lang='lat' dir='ltr'>cum</span> <span class='ocrx_word' id='word_1_506' title='bbox 706 5399 913 5455; x_wconf 86' lang='lat' dir='ltr'>Acacio</span> <span class='ocrx_word' id='word_1_507' title='bbox 943 5397 1014 5452; x_wconf 89' lang='lat' dir='ltr'>de</span> <span class='ocrx_word' id='word_1_508' title='bbox 1037 5399 1492 5470; x_wconf 88' lang='lat' dir='ltr'>metropolitieis</span> <span class='ocrx_word' id='word_1_509' title='bbox 1517 5399 1755 5471; x_wconf 90' lang='lat' dir='ltr'>juribus</span> <span class='ocrx_word' id='word_1_510' title='bbox 1780 5417 1792 5465; x_wconf 96' lang='lat'><strong>;</strong></span> <span class='ocrx_word' id='word_1_511' title='bbox 1820 5417 1913 5455; x_wconf 90' lang='lat' dir='ltr'>se-</span> 
     </span>
    </p>
   </div>
   <div class='ocr_carea' id='block_1_67' title="bbox 261 5490 1914 5560">
    <p class='ocr_par' dir='ltr' id='par_1_67' title="bbox 261 5490 1914 5560">
     <span class='ocr_line' id='line_1_67' title="bbox 261 5490 1914 5560; baseline 0.001 -17"><span class='ocrx_word' id='word_1_512' title='bbox 261 5497 404 5546; x_wconf 69' lang='lat' dir='ltr'>cutae</span> <span class='ocrx_word' id='word_1_513' title='bbox 433 5498 568 5547; x_wconf 90' lang='lat' dir='ltr'>sunt</span> <span class='ocrx_word' id='word_1_514' title='bbox 598 5497 824 5546; x_wconf 61' lang='lat' dir='ltr'>mutuas</span> <span class='ocrx_word' id='word_1_515' title='bbox 857 5490 1168 5560; x_wconf 90' lang='lat' dir='ltr'>utriusque</span> <span class='ocrx_word' id='word_1_516' title='bbox 1191 5491 1350 5546; x_wconf 91' lang='lat' dir='ltr'>circa</span> <span class='ocrx_word' id='word_1_517' title='bbox 1381 5490 1560 5545; x_wconf 85' lang='lat' dir='ltr'>ﬁdem</span> <span class='ocrx_word' id='word_1_518' title='bbox 1591 5493 1914 5546; x_wconf 90' lang='lat' dir='ltr'>accusatio-</span> 
     </span>
    </p>
   </div>
   <div class='ocr_carea' id='block_1_68' title="bbox 261 5581 1050 5648">
    <p class='ocr_par' dir='ltr' id='par_1_68' title="bbox 261 5581 1050 5648">
     <span class='ocr_line' id='line_1_68' title="bbox 261 5581 1050 5648; baseline -0.001 -16"><span class='ocrx_word' id='word_1_519' title='bbox 261 5595 362 5633; x_wconf 86' lang='lat' dir='ltr'>nes</span> <span class='ocrx_word' id='word_1_520' title='bbox 391 5581 542 5637; x_wconf 89' lang='lat' dir='ltr'>circa</span> <span class='ocrx_word' id='word_1_521' title='bbox 572 5597 669 5636; x_wconf 89' lang='lat' dir='ltr'>an.</span> <span class='ocrx_word' id='word_1_522' title='bbox 707 5581 817 5634; x_wconf 80' lang='grc'>352</span> <span class='ocrx_word' id='word_1_523' title='bbox 838 5583 898 5633; x_wconf 89' lang='lat' dir='ltr'>et</span> <span class='ocrx_word' id='word_1_524' title='bbox 924 5595 1050 5648; x_wconf 88' lang='lat' dir='ltr'>seq.</span> 
     </span>
    </p>
   </div>
   <div class='ocr_carea' id='block_1_69' title="bbox 327 5668 1911 5745">
    <p class='ocr_par' dir='ltr' id='par_1_69' title="bbox 327 5668 1911 5745">
     <span class='ocr_line' id='line_1_69' title="bbox 327 5668 1911 5745; baseline 0.001 -20"><span class='ocrx_word' id='word_1_525' title='bbox 327 5672 563 5728; x_wconf 87' lang='lat' dir='ltr'>Aeacius</span> <span class='ocrx_word' id='word_1_526' title='bbox 584 5688 695 5745; x_wconf 89' lang='lat' dir='ltr'>per</span> <span class='ocrx_word' id='word_1_527' title='bbox 714 5668 1032 5726; x_wconf 88' lang='lat' dir='ltr'>biennium</span> <span class='ocrx_word' id='word_1_528' title='bbox 1053 5668 1339 5740; x_wconf 84' lang='lat' dir='ltr'>Cyrillum</span> <span class='ocrx_word' id='word_1_529' title='bbox 1357 5669 1430 5725; x_wconf 89' lang='lat' dir='ltr'>ad</span> <span class='ocrx_word' id='word_1_530' title='bbox 1448 5686 1622 5726; x_wconf 88' lang='lat' dir='ltr'>suum</span> <span class='ocrx_word' id='word_1_531' title='bbox 1648 5670 1911 5727; x_wconf 89' lang='lat' dir='ltr'>tribunal</span> 
     </span>
    </p>
   </div>
   <div class='ocr_carea' id='block_1_70' title="bbox 247 5757 1388 5833">
    <p class='ocr_par' dir='ltr' id='par_1_70' title="bbox 247 5757 1388 5833">
     <span class='ocr_line' id='line_1_70' title="bbox 247 5757 1388 5833; baseline 0.002 -19"><span class='ocrx_word' id='word_1_532' title='bbox 247 5759 636 5830; x_wconf 73' lang='lat' dir='ltr'>judicandum</span> <span class='ocrx_word' id='word_1_533' title='bbox 668 5757 946 5833; x_wconf 84' lang='lat' dir='ltr'>appellat</span> <span class='ocrx_word' id='word_1_534' title='bbox 974 5775 1070 5816; x_wconf 81' lang='lat' dir='ltr'>an.</span> <span class='ocrx_word' id='word_1_535' title='bbox 1105 5759 1230 5829; x_wconf 76' lang='lat'>356,</span> <span class='ocrx_word' id='word_1_536' title='bbox 1264 5761 1388 5816; x_wconf 82' lang='grc'>357.</span> 
     </span>
    </p>
   </div>
   <div class='ocr_carea' id='block_1_71' title="bbox 2041 3423 3701 3495">
    <p class='ocr_par' dir='ltr' id='par_1_71' title="bbox 2041 3423 3701 3495">
     <span class='ocr_line' id='line_1_71' title="bbox 2041 3423 3701 3495; baseline 0.002 -19"><span class='ocrx_word' id='word_1_537' title='bbox 2041 3423 2160 3489; x_wconf 90' lang='lat' dir='ltr'>nia,</span> <span class='ocrx_word' id='word_1_538' title='bbox 2195 3424 2366 3495; x_wconf 89' lang='lat' dir='ltr'>cujus</span> <span class='ocrx_word' id='word_1_539' title='bbox 2396 3423 2650 3479; x_wconf 90' lang='lat' dir='ltr'>decretis</span> <span class='ocrx_word' id='word_1_540' title='bbox 2682 3424 3042 3479; x_wconf 88' lang='lat' dir='ltr'>obsistentes</span> <span class='ocrx_word' id='word_1_541' title='bbox 3073 3423 3370 3495; x_wconf 90' lang='lat' dir='ltr'>Elpidium</span> <span class='ocrx_word' id='word_1_542' title='bbox 3405 3429 3462 3478; x_wconf 89' lang='lat' dir='ltr'>et</span> <span class='ocrx_word' id='word_1_543' title='bbox 3492 3426 3701 3478; x_wconf 87' lang='lat' dir='ltr'>Eusta-</span> 
     </span>
    </p>
   </div>
   <div class='ocr_carea' id='block_1_72' title="bbox 2041 3514 2702 3571">
    <p class='ocr_par' dir='ltr' id='par_1_72' title="bbox 2041 3514 2702 3571">
     <span class='ocr_line' id='line_1_72' title="bbox 2041 3514 2702 3571; baseline 0.003 -3"><span class='ocrx_word' id='word_1_544' title='bbox 2041 3514 2230 3569; x_wconf 87' lang='lat' dir='ltr'>thium</span> <span class='ocrx_word' id='word_1_545' title='bbox 2263 3515 2419 3570; x_wconf 88' lang='lat' dir='ltr'>fovet</span> <span class='ocrx_word' id='word_1_546' title='bbox 2448 3533 2544 3570; x_wconf 91' lang='lat' dir='ltr'>an.</span> <span class='ocrx_word' id='word_1_547' title='bbox 2578 3519 2702 3571; x_wconf 79' lang='grc'>357.</span> 
     </span>
    </p>
   </div>
   <div class='ocr_carea' id='block_1_73' title="bbox 2109 3604 3695 3677">
    <p class='ocr_par' dir='ltr' id='par_1_73' title="bbox 2109 3604 3695 3677">
     <span class='ocr_line' id='line_1_73' title="bbox 2109 3604 3695 3677; baseline 0.002 -20"><span class='ocrx_word' id='word_1_548' title='bbox 2109 3604 2363 3674; x_wconf 87' lang='lat' dir='ltr'>Cyrillus</span> <span class='ocrx_word' id='word_1_549' title='bbox 2388 3605 2459 3659; x_wconf 89' lang='lat' dir='ltr'>ab</span> <span class='ocrx_word' id='word_1_550' title='bbox 2484 3607 2695 3660; x_wconf 88' lang='lat' dir='ltr'>Acacio</span> <span class='ocrx_word' id='word_1_551' title='bbox 2728 3606 2789 3660; x_wconf 91' lang='lat' dir='ltr'>in</span> <span class='ocrx_word' id='word_1_552' title='bbox 2826 3605 3210 3661; x_wconf 90' lang='lat' dir='ltr'>tumultuario</span> <span class='ocrx_word' id='word_1_553' title='bbox 3236 3605 3489 3660; x_wconf 89' lang='lat' dir='ltr'>concilio</span> <span class='ocrx_word' id='word_1_554' title='bbox 3513 3605 3695 3677; x_wconf 90' lang='lat' dir='ltr'>depo-</span> 
     </span>
    </p>
   </div>
   <div class='ocr_carea' id='block_1_74' title="bbox 2036 3693 3582 3766">
    <p class='ocr_par' dir='ltr' id='par_1_74' title="bbox 2036 3693 3582 3766">
     <span class='ocr_line' id='line_1_74' title="bbox 2036 3693 3582 3766; baseline 0.003 -20"><span class='ocrx_word' id='word_1_555' title='bbox 2036 3693 2201 3747; x_wconf 90' lang='lat' dir='ltr'>nitur</span> <span class='ocrx_word' id='word_1_556' title='bbox 2232 3699 2289 3748; x_wconf 91' lang='lat' dir='ltr'>et</span> <span class='ocrx_word' id='word_1_557' title='bbox 2311 3695 2697 3766; x_wconf 84' lang='lat' dir='ltr'>Jerosolymis</span> <span class='ocrx_word' id='word_1_558' title='bbox 2729 3695 3046 3766; x_wconf 83' lang='lat' dir='ltr'>expellitur</span> <span class='ocrx_word' id='word_1_559' title='bbox 3076 3695 3246 3749; x_wconf 91' lang='lat' dir='ltr'>initio</span> <span class='ocrx_word' id='word_1_560' title='bbox 3288 3696 3426 3748; x_wconf 90' lang='lat' dir='ltr'>anni</span> <span class='ocrx_word' id='word_1_561' title='bbox 3461 3696 3582 3750; x_wconf 89' lang='grc'>358.</span> 
     </span>
    </p>
   </div>
   <div class='ocr_carea' id='block_1_75' title="bbox 2109 3784 3364 3856">
    <p class='ocr_par' dir='ltr' id='par_1_75' title="bbox 2109 3784 3364 3856">
     <span class='ocr_line' id='line_1_75' title="bbox 2109 3784 3364 3856; baseline -0.002 -17"><span class='ocrx_word' id='word_1_562' title='bbox 2109 3785 2500 3840; x_wconf 89' lang='lat' dir='ltr'>Substituitur</span> <span class='ocrx_word' id='word_1_563' title='bbox 2530 3787 2590 3840; x_wconf 90' lang='lat' dir='ltr'>in</span> <span class='ocrx_word' id='word_1_564' title='bbox 2625 3787 2753 3856; x_wconf 86' lang='lat' dir='ltr'>ejus</span> <span class='ocrx_word' id='word_1_565' title='bbox 2791 3786 2988 3840; x_wconf 89' lang='lat' dir='ltr'>locum</span> <span class='ocrx_word' id='word_1_566' title='bbox 3022 3784 3364 3856; x_wconf 84' lang='lat' dir='ltr'>Eutychius.</span> 
     </span>
    </p>
   </div>
   <div class='ocr_carea' id='block_1_76' title="bbox 2109 3872 3691 3945">
    <p class='ocr_par' dir='ltr' id='par_1_76' title="bbox 2109 3872 3691 3945">
     <span class='ocr_line' id='line_1_76' title="bbox 2109 3872 3691 3945; baseline -0.001 -17"><span class='ocrx_word' id='word_1_567' title='bbox 2109 3873 2364 3945; x_wconf 83' lang='lat' dir='ltr'>Cyrillus</span> <span class='ocrx_word' id='word_1_568' title='bbox 2396 3874 2658 3945; x_wconf 90' lang='lat' dir='ltr'>appellat</span> <span class='ocrx_word' id='word_1_569' title='bbox 2689 3874 2762 3928; x_wconf 90' lang='lat' dir='ltr'>ad</span> <span class='ocrx_word' id='word_1_570' title='bbox 2797 3873 3141 3928; x_wconf 88' lang='lat' dir='ltr'>concillium</span> <span class='ocrx_word' id='word_1_571' title='bbox 3184 3873 3402 3943; x_wconf 85' lang='lat' dir='ltr'>majus.</span> <span class='ocrx_word' id='word_1_572' title='bbox 3435 3878 3494 3927; x_wconf 90' lang='lat' dir='ltr'>et</span> <span class='ocrx_word' id='word_1_573' title='bbox 3522 3889 3583 3926; x_wconf 85' lang='lat' dir='ltr'>se</span> <span class='ocrx_word' id='word_1_574' title='bbox 3615 3872 3691 3928; x_wconf 90' lang='lat' dir='ltr'>ad</span> 
     </span>
    </p>
   </div>
   <div class='ocr_carea' id='block_1_77' title="bbox 2038 3963 3692 4035">
    <p class='ocr_par' dir='ltr' id='par_1_77' title="bbox 2038 3963 3692 4035">
     <span class='ocr_line' id='line_1_77' title="bbox 2038 3963 3692 4035; baseline -0.001 -17"><span class='ocrx_word' id='word_1_575' title='bbox 2038 3964 2354 4035; x_wconf 85' lang='lat' dir='ltr'>Sylvanum</span> <span class='ocrx_word' id='word_1_576' title='bbox 2376 3967 2733 4019; x_wconf 90' lang='lat' dir='ltr'>Tarsensum</span> <span class='ocrx_word' id='word_1_577' title='bbox 2765 3965 2997 4035; x_wconf 91' lang='lat' dir='ltr'>recipit,</span> <span class='ocrx_word' id='word_1_578' title='bbox 3019 3963 3175 4032; x_wconf 90' lang='lat' dir='ltr'>apud</span> <span class='ocrx_word' id='word_1_579' title='bbox 3207 3980 3384 4034; x_wconf 90' lang='lat' dir='ltr'>quem</span> <span class='ocrx_word' id='word_1_580' title='bbox 3413 3963 3472 4017; x_wconf 92' lang='lat' dir='ltr'>in</span> <span class='ocrx_word' id='word_1_581' title='bbox 3495 3964 3692 4018; x_wconf 85' lang='lat' dir='ltr'>Eccle-</span> 
     </span>
    </p>
   </div>
   <div class='ocr_carea' id='block_1_78' title="bbox 2035 4053 2696 4109">
    <p class='ocr_par' dir='ltr' id='par_1_78' title="bbox 2035 4053 2696 4109">
     <span class='ocr_line' id='line_1_78' title="bbox 2035 4053 2696 4109; baseline -0.002 -1"><span class='ocrx_word' id='word_1_582' title='bbox 2035 4053 2122 4108; x_wconf 91' lang='lat' dir='ltr'>sia</span> <span class='ocrx_word' id='word_1_583' title='bbox 2152 4054 2469 4109; x_wconf 89' lang='lat' dir='ltr'>conciones</span> <span class='ocrx_word' id='word_1_584' title='bbox 2500 4053 2696 4108; x_wconf 85' lang='lat' dir='ltr'>habet.</span> 
     </span>
    </p>
   </div>
   <div class='ocr_carea' id='block_1_79' title="bbox 2105 4144 3684 4200">
    <p class='ocr_par' dir='ltr' id='par_1_79' title="bbox 2105 4144 3684 4200">
     <span class='ocr_line' id='line_1_79' title="bbox 2105 4144 3684 4200; baseline 0.002 -3"><span class='ocrx_word' id='word_1_585' title='bbox 2105 4145 2352 4200; x_wconf 88' lang='lat' dir='ltr'>Aeacius</span> <span class='ocrx_word' id='word_1_586' title='bbox 2385 4145 2556 4200; x_wconf 91' lang='lat' dir='ltr'>illum</span> <span class='ocrx_word' id='word_1_587' title='bbox 2586 4147 2764 4199; x_wconf 90' lang='lat' dir='ltr'>Tarso</span> <span class='ocrx_word' id='word_1_588' title='bbox 2818 4144 3039 4200; x_wconf 88' lang='lat' dir='ltr'>frustra</span> <span class='ocrx_word' id='word_1_589' title='bbox 3070 4144 3384 4199; x_wconf 88' lang='lat' dir='ltr'>exturbare</span> <span class='ocrx_word' id='word_1_590' title='bbox 3416 4149 3684 4200; x_wconf 89' lang='lat' dir='ltr'>conatur.</span> 
     </span>
    </p>
   </div>
   <div class='ocr_carea' id='block_1_80' title="bbox 2032 4233 3684 4307">
    <p class='ocr_par' dir='ltr' id='par_1_80' title="bbox 2032 4233 3684 4307">
     <span class='ocr_line' id='line_1_80' title="bbox 2032 4233 3684 4307; baseline 0.001 -20"><span class='ocrx_word' id='word_1_591' title='bbox 2032 4234 2174 4289; x_wconf 91' lang='lat' dir='ltr'>Cum</span> <span class='ocrx_word' id='word_1_592' title='bbox 2210 4235 2424 4289; x_wconf 87' lang='lat' dir='ltr'>Basilio</span> <span class='ocrx_word' id='word_1_593' title='bbox 2460 4237 2770 4304; x_wconf 84' lang='lat' dir='ltr'>Ancyrano</span> <span class='ocrx_word' id='word_1_594' title='bbox 2805 4241 2861 4289; x_wconf 90' lang='lat' dir='ltr'>et</span> <span class='ocrx_word' id='word_1_595' title='bbox 2893 4235 3136 4307; x_wconf 79' lang='lat' dir='ltr'>Georgio</span> <span class='ocrx_word' id='word_1_596' title='bbox 3170 4233 3498 4289; x_wconf 86' lang='lat' dir='ltr'>Laodiceno</span> <span class='ocrx_word' id='word_1_597' title='bbox 3530 4251 3684 4290; x_wconf 90' lang='lat' dir='ltr'>com-</span> 
     </span>
    </p>
   </div>
   <div class='ocr_carea' id='block_1_81' title="bbox 2031 4323 3684 4380">
    <p class='ocr_par' dir='ltr' id='par_1_81' title="bbox 2031 4323 3684 4380">
     <span class='ocr_line' id='line_1_81' title="bbox 2031 4323 3684 4380; baseline -0.001 -4"><span class='ocrx_word' id='word_1_598' title='bbox 2031 4323 2400 4380; x_wconf 90' lang='lat' dir='ltr'>munionem.</span> <span class='ocrx_word' id='word_1_599' title='bbox 2427 4340 2493 4378; x_wconf 90' lang='lat' dir='ltr'>ac</span> <span class='ocrx_word' id='word_1_600' title='bbox 2516 4323 2664 4378; x_wconf 91' lang='lat' dir='ltr'>forte</span> <span class='ocrx_word' id='word_1_601' title='bbox 2691 4323 3078 4378; x_wconf 90' lang='lat' dir='ltr'>consiliorum</span> <span class='ocrx_word' id='word_1_602' title='bbox 3102 4323 3444 4377; x_wconf 89' lang='lat' dir='ltr'>societatem</span> <span class='ocrx_word' id='word_1_603' title='bbox 3477 4323 3684 4378; x_wconf 87' lang='lat' dir='ltr'>adver-</span> 
     </span>
    </p>
   </div>
   <div class='ocr_carea' id='block_1_82' title="bbox 2030 4413 3038 4468">
    <p class='ocr_par' dir='ltr' id='par_1_82' title="bbox 2030 4413 3038 4468">
     <span class='ocr_line' id='line_1_82' title="bbox 2030 4413 3038 4468; baseline 0.001 -1"><span class='ocrx_word' id='word_1_604' title='bbox 2030 4430 2129 4467; x_wconf 84' lang='lat' dir='ltr'>sus</span> <span class='ocrx_word' id='word_1_605' title='bbox 2161 4413 2490 4467; x_wconf 88' lang='lat' dir='ltr'>Eudoxium</span> <span class='ocrx_word' id='word_1_606' title='bbox 2523 4419 2580 4467; x_wconf 92' lang='lat' dir='ltr'>et</span> <span class='ocrx_word' id='word_1_607' title='bbox 2609 4414 2884 4468; x_wconf 87' lang='lat' dir='ltr'>Acacium</span> <span class='ocrx_word' id='word_1_608' title='bbox 2908 4413 3038 4468; x_wconf 91' lang='lat' dir='ltr'>init.</span> 
     </span>
    </p>
   </div>
   <div class='ocr_carea' id='block_1_83' title="bbox 2098 4502 3681 4573">
    <p class='ocr_par' dir='ltr' id='par_1_83' title="bbox 2098 4502 3681 4573">
     <span class='ocr_line' id='line_1_83' title="bbox 2098 4502 3681 4573; baseline -0.001 -17"><span class='ocrx_word' id='word_1_609' title='bbox 2098 4503 2281 4556; x_wconf 86' lang='lat' dir='ltr'>Adest</span> <span class='ocrx_word' id='word_1_610' title='bbox 2311 4503 2371 4556; x_wconf 91' lang='lat' dir='ltr'>in</span> <span class='ocrx_word' id='word_1_611' title='bbox 2409 4502 2662 4557; x_wconf 87' lang='lat' dir='ltr'>concilio</span> <span class='ocrx_word' id='word_1_612' title='bbox 2697 4502 3081 4562; x_wconf 88' lang='lat' dir='ltr'>Seleuciensi,</span> <span class='ocrx_word' id='word_1_613' title='bbox 3117 4502 3175 4555; x_wconf 93' lang='lat' dir='ltr'>in</span> <span class='ocrx_word' id='word_1_614' title='bbox 3209 4519 3345 4573; x_wconf 91' lang='lat' dir='ltr'>quo,</span> <span class='ocrx_word' id='word_1_615' title='bbox 3381 4502 3559 4556; x_wconf 88' lang='lat' dir='ltr'>citato</span> <span class='ocrx_word' id='word_1_616' title='bbox 3593 4502 3681 4555; x_wconf 85' lang='lat' dir='ltr'>in-</span> 
     </span>
    </p>
   </div>
   <div class='ocr_carea' id='block_1_84' title="bbox 2025 4591 3684 4660">
    <p class='ocr_par' dir='ltr' id='par_1_84' title="bbox 2025 4591 3684 4660">
     <span class='ocr_line' id='line_1_84' title="bbox 2025 4591 3684 4660; baseline -0.001 -14"><span class='ocrx_word' id='word_1_617' title='bbox 2025 4608 2264 4647; x_wconf 86' lang='lat' dir='ltr'>cassum</span> <span class='ocrx_word' id='word_1_618' title='bbox 2293 4592 2528 4660; x_wconf 90' lang='lat' dir='ltr'>Acacio,</span> <span class='ocrx_word' id='word_1_619' title='bbox 2562 4609 2597 4646; x_wconf 91' lang='lat' dir='ltr'>a</span> <span class='ocrx_word' id='word_1_620' title='bbox 2628 4592 2903 4645; x_wconf 89' lang='lat' dir='ltr'>Patribus</span> <span class='ocrx_word' id='word_1_621' title='bbox 2961 4591 3087 4646; x_wconf 89' lang='lat' dir='ltr'>sedi</span> <span class='ocrx_word' id='word_1_622' title='bbox 3136 4591 3471 4647; x_wconf 89' lang='lat' dir='ltr'>restituitur</span> <span class='ocrx_word' id='word_1_623' title='bbox 3503 4597 3560 4646; x_wconf 90' lang='lat' dir='ltr'>et</span> <span class='ocrx_word' id='word_1_624' title='bbox 3589 4592 3684 4645; x_wconf 86' lang='lat' dir='ltr'>Je—</span> 
     </span>
    </p>
   </div>
   <div class='ocr_carea' id='block_1_85' title="bbox 1954 4681 3020 4772">
    <p class='ocr_par' dir='ltr' id='par_1_85' title="bbox 1954 4681 3020 4772">
     <span class='ocr_line' id='line_1_85' title="bbox 1954 4681 3020 4772; baseline -0.002 -35"><span class='ocrx_word' id='word_1_625' title='bbox 1954 4710 1994 4772; x_wconf 76' lang='lat' dir='ltr'>D</span> <span class='ocrx_word' id='word_1_626' title='bbox 2027 4681 2389 4752; x_wconf 89' lang='lat' dir='ltr'>rosolymam</span> <span class='ocrx_word' id='word_1_627' title='bbox 2423 4681 2736 4736; x_wconf 89' lang='lat' dir='ltr'>revertitur</span> <span class='ocrx_word' id='word_1_628' title='bbox 2767 4699 2862 4736; x_wconf 90' lang='lat' dir='ltr'>an.</span> <span class='ocrx_word' id='word_1_629' title='bbox 2899 4683 3020 4735; x_wconf 85' lang='grc'>359.</span> 
     </span>
    </p>
   </div>
   <div class='ocr_carea' id='block_1_86' title="bbox 2099 4771 3678 4844">
    <p class='ocr_par' dir='ltr' id='par_1_86' title="bbox 2099 4771 3678 4844">
     <span class='ocr_line' id='line_1_86' title="bbox 2099 4771 3678 4844; baseline -0.002 -17"><span class='ocrx_word' id='word_1_630' title='bbox 2099 4774 2345 4828; x_wconf 88' lang='lat' dir='ltr'>Aeacius</span> <span class='ocrx_word' id='word_1_631' title='bbox 2378 4773 2645 4827; x_wconf 91' lang='lat' dir='ltr'>animum</span> <span class='ocrx_word' id='word_1_632' title='bbox 2677 4772 3054 4844; x_wconf 89' lang='lat' dir='ltr'>imperatoris</span> <span class='ocrx_word' id='word_1_633' title='bbox 3081 4771 3362 4826; x_wconf 82' lang='lat' dir='ltr'>adversus</span> <span class='ocrx_word' id='word_1_634' title='bbox 3393 4771 3678 4842; x_wconf 77' lang='lat' dir='ltr'>Cyrillum</span> 
     </span>
    </p>
   </div>
   <div class='ocr_carea' id='block_1_87' title="bbox 2027 4863 2324 4919">
    <p class='ocr_par' dir='ltr' id='par_1_87' title="bbox 2027 4863 2324 4919">
     <span class='ocr_line' id='line_1_87' title="bbox 2027 4863 2324 4919; baseline 0 -1"><span class='ocrx_word' id='word_1_635' title='bbox 2027 4863 2324 4919; x_wconf 89' lang='lat' dir='ltr'>accendit.</span> 
     </span>
    </p>
   </div>
   <div class='ocr_carea' id='block_1_88' title="bbox 2099 4949 3683 5024">
    <p class='ocr_par' dir='ltr' id='par_1_88' title="bbox 2099 4949 3683 5024">
     <span class='ocr_line' id='line_1_88' title="bbox 2099 4949 3683 5024; baseline -0.003 -17"><span class='ocrx_word' id='word_1_636' title='bbox 2099 4953 2355 5024; x_wconf 83' lang='lat' dir='ltr'>Cyrillus</span> <span class='ocrx_word' id='word_1_637' title='bbox 2387 4951 2648 5007; x_wconf 89' lang='lat' dir='ltr'>secundo</span> <span class='ocrx_word' id='word_1_638' title='bbox 2673 4951 2992 5023; x_wconf 89' lang='lat' dir='ltr'>deponitur</span> <span class='ocrx_word' id='word_1_639' title='bbox 3013 4951 3073 5004; x_wconf 91' lang='lat' dir='ltr'>in</span> <span class='ocrx_word' id='word_1_640' title='bbox 3106 4949 3358 5004; x_wconf 90' lang='lat' dir='ltr'>concilio</span> <span class='ocrx_word' id='word_1_641' title='bbox 3390 4950 3683 5003; x_wconf 88' lang='lat' dir='ltr'>Constan-</span> 
     </span>
    </p>
   </div>
   <div class='ocr_carea' id='block_1_89' title="bbox 2022 5037 3506 5113">
    <p class='ocr_par' dir='ltr' id='par_1_89' title="bbox 2022 5037 3506 5113">
     <span class='ocr_line' id='line_1_89' title="bbox 2022 5037 3506 5113; baseline -0.005 -15"><span class='ocrx_word' id='word_1_642' title='bbox 2022 5042 2442 5113; x_wconf 88' lang='lat' dir='ltr'>tinopolitano,</span> <span class='ocrx_word' id='word_1_643' title='bbox 2477 5047 2534 5095; x_wconf 91' lang='lat' dir='ltr'>et</span> <span class='ocrx_word' id='word_1_644' title='bbox 2565 5041 2626 5096; x_wconf 92' lang='lat' dir='ltr'>in</span> <span class='ocrx_word' id='word_1_645' title='bbox 2658 5040 2935 5095; x_wconf 89' lang='lat' dir='ltr'>exsilium</span> <span class='ocrx_word' id='word_1_646' title='bbox 2968 5037 3223 5093; x_wconf 90' lang='lat' dir='ltr'>mittitur</span> <span class='ocrx_word' id='word_1_647' title='bbox 3253 5055 3347 5092; x_wconf 90' lang='lat' dir='ltr'>an.</span> <span class='ocrx_word' id='word_1_648' title='bbox 3384 5041 3506 5092; x_wconf 87' lang='lat'>360.</span> 
     </span>
    </p>
   </div>
   <div class='ocr_carea' id='block_1_90' title="bbox 2094 5127 3568 5203">
    <p class='ocr_par' dir='ltr' id='par_1_90' title="bbox 2094 5127 3568 5203">
     <span class='ocr_line' id='line_1_90' title="bbox 2094 5127 3568 5203; baseline -0.002 -17"><span class='ocrx_word' id='word_1_649' title='bbox 2094 5132 2283 5203; x_wconf 85' lang='lat' dir='ltr'>[XCII]</span> <span class='ocrx_word' id='word_1_650' title='bbox 2317 5131 2705 5186; x_wconf 89' lang='lat' dir='ltr'>Substituitur</span> <span class='ocrx_word' id='word_1_651' title='bbox 2734 5131 2793 5184; x_wconf 93' lang='lat' dir='ltr'>in</span> <span class='ocrx_word' id='word_1_652' title='bbox 2822 5130 2950 5199; x_wconf 88' lang='lat' dir='ltr'>ejus</span> <span class='ocrx_word' id='word_1_653' title='bbox 2978 5127 3181 5183; x_wconf 89' lang='lat' dir='ltr'>sedem</span> <span class='ocrx_word' id='word_1_654' title='bbox 3216 5128 3568 5183; x_wconf 86' lang='lat' dir='ltr'>Herennius.</span> 
     </span>
    </p>
   </div>
   <div class='ocr_carea' id='block_1_91' title="bbox 2093 5217 3675 5289">
    <p class='ocr_par' dir='ltr' id='par_1_91' title="bbox 2093 5217 3675 5289">
     <span class='ocr_line' id='line_1_91' title="bbox 2093 5217 3675 5289; baseline -0.004 -12"><span class='ocrx_word' id='word_1_655' title='bbox 2093 5225 2318 5277; x_wconf 88' lang='lat' dir='ltr'>Mortuo</span> <span class='ocrx_word' id='word_1_656' title='bbox 2351 5221 2697 5276; x_wconf 89' lang='lat' dir='ltr'>Constantio</span> <span class='ocrx_word' id='word_1_657' title='bbox 2723 5218 2977 5289; x_wconf 85' lang='lat' dir='ltr'>Cyrillus</span> <span class='ocrx_word' id='word_1_658' title='bbox 3009 5217 3080 5272; x_wconf 91' lang='lat' dir='ltr'>ab</span> <span class='ocrx_word' id='word_1_659' title='bbox 3114 5219 3323 5273; x_wconf 88' lang='lat' dir='ltr'>exsilio</span> <span class='ocrx_word' id='word_1_660' title='bbox 3348 5223 3675 5286; x_wconf 85' lang='lat' dir='ltr'>revocatur,</span> 
     </span>
    </p>
   </div>
   <div class='ocr_carea' id='block_1_92' title="bbox 2023 5311 3236 5380">
    <p class='ocr_par' dir='ltr' id='par_1_92' title="bbox 2023 5311 3236 5380">
     <span class='ocr_line' id='line_1_92' title="bbox 2023 5311 3236 5380; baseline -0.003 -11"><span class='ocrx_word' id='word_1_661' title='bbox 2023 5319 2082 5369; x_wconf 90' lang='lat' dir='ltr'>et</span> <span class='ocrx_word' id='word_1_662' title='bbox 2112 5312 2313 5368; x_wconf 88' lang='lat' dir='ltr'>sedem</span> <span class='ocrx_word' id='word_1_663' title='bbox 2346 5311 2608 5366; x_wconf 87' lang='lat' dir='ltr'>recundo</span> <span class='ocrx_word' id='word_1_664' title='bbox 2647 5315 2956 5380; x_wconf 88' lang='lat' dir='ltr'>recuperat</span> <span class='ocrx_word' id='word_1_665' title='bbox 2984 5328 3079 5365; x_wconf 90' lang='lat' dir='ltr'>an.</span> <span class='ocrx_word' id='word_1_666' title='bbox 3113 5312 3236 5365; x_wconf 81' lang='lat'>362.</span> 
     </span>
    </p>
   </div>
   <div class='ocr_carea' id='block_1_93' title="bbox 2093 5401 3673 5473">
    <p class='ocr_par' dir='ltr' id='par_1_93' title="bbox 2093 5401 3673 5473">
     <span class='ocr_line' id='line_1_93' title="bbox 2093 5401 3673 5473; baseline -0.004 -13"><span class='ocrx_word' id='word_1_667' title='bbox 2093 5404 2422 5460; x_wconf 74' lang='lat' dir='ltr'>Antiochim</span> <span class='ocrx_word' id='word_1_668' title='bbox 2454 5403 2567 5456; x_wconf 88' lang='lat' dir='ltr'>fuit</span> <span class='ocrx_word' id='word_1_669' title='bbox 2614 5419 2747 5455; x_wconf 91' lang='lat' dir='ltr'>cum</span> <span class='ocrx_word' id='word_1_670' title='bbox 2783 5403 3014 5457; x_wconf 87' lang='lat' dir='ltr'>Meletio</span> <span class='ocrx_word' id='word_1_671' title='bbox 3047 5403 3227 5473; x_wconf 86' lang='lat' dir='ltr'>hujus</span> <span class='ocrx_word' id='word_1_672' title='bbox 3259 5401 3397 5457; x_wconf 89' lang='lat' dir='ltr'>anni</span> <span class='ocrx_word' id='word_1_673' title='bbox 3431 5405 3634 5454; x_wconf 64' lang='lat' dir='ltr'>asstate</span> <span class='ocrx_word' id='word_1_674' title='bbox 3662 5417 3673 5453; x_wconf 94' lang='lat'>:</span> 
     </span>
    </p>
   </div>
   <div class='ocr_carea' id='block_1_94' title="bbox 2019 5487 3674 5561">
    <p class='ocr_par' dir='ltr' id='par_1_94' title="bbox 2019 5487 3674 5561">
     <span class='ocr_line' id='line_1_94' title="bbox 2019 5487 3674 5561; baseline -0.005 -10"><span class='ocrx_word' id='word_1_675' title='bbox 2019 5494 2177 5551; x_wconf 93' lang='lat' dir='ltr'>unde</span> <span class='ocrx_word' id='word_1_676' title='bbox 2231 5492 2473 5548; x_wconf 90' lang='lat' dir='ltr'>adducit</span> <span class='ocrx_word' id='word_1_677' title='bbox 2527 5491 2949 5561; x_wconf 89' lang='lat' dir='ltr'>Jerosolymam</span> <span class='ocrx_word' id='word_1_678' title='bbox 3007 5508 3359 5546; x_wconf 89' lang='lat' dir='ltr'>conversum</span> <span class='ocrx_word' id='word_1_679' title='bbox 3389 5487 3462 5544; x_wconf 88' lang='lat' dir='ltr'>ad</span> <span class='ocrx_word' id='word_1_680' title='bbox 3495 5489 3674 5543; x_wconf 89' lang='lat' dir='ltr'>ﬁdem</span> 
     </span>
    </p>
   </div>
   <div class='ocr_carea' id='block_1_95' title="bbox 2018 5579 2885 5655">
    <p class='ocr_par' dir='ltr' id='par_1_95' title="bbox 2018 5579 2885 5655">
     <span class='ocr_line' id='line_1_95' title="bbox 2018 5579 2885 5655; baseline -0.007 -16"><span class='ocrx_word' id='word_1_681' title='bbox 2018 5582 2351 5655; x_wconf 90' lang='lat' dir='ltr'>Daphnitici</span> <span class='ocrx_word' id='word_1_682' title='bbox 2385 5579 2647 5636; x_wconf 88' lang='lat' dir='ltr'>ﬂaminis</span> <span class='ocrx_word' id='word_1_683' title='bbox 2676 5580 2885 5634; x_wconf 87' lang='lat' dir='ltr'>ﬁlium.</span> 
     </span>
    </p>
   </div>
   <div class='ocr_carea' id='block_1_96' title="bbox 2090 5666 3670 5738">
    <p class='ocr_par' dir='ltr' id='par_1_96' title="bbox 2090 5666 3670 5738">
     <span class='ocr_line' id='line_1_96' title="bbox 2090 5666 3670 5738; baseline -0.003 -12"><span class='ocrx_word' id='word_1_684' title='bbox 2090 5669 2364 5726; x_wconf 79' lang='lat' dir='ltr'>Praedicit</span> <span class='ocrx_word' id='word_1_685' title='bbox 2396 5669 2604 5724; x_wconf 88' lang='lat' dir='ltr'>inanes</span> <span class='ocrx_word' id='word_1_686' title='bbox 2652 5667 2778 5723; x_wconf 89' lang='lat' dir='ltr'>fore</span> <span class='ocrx_word' id='word_1_687' title='bbox 2835 5668 3176 5724; x_wconf 68' lang='lat' dir='ltr'>Iudaeorum</span> <span class='ocrx_word' id='word_1_688' title='bbox 3233 5671 3294 5724; x_wconf 91' lang='lat' dir='ltr'>in</span> <span class='ocrx_word' id='word_1_689' title='bbox 3325 5667 3548 5738; x_wconf 89' lang='lat' dir='ltr'>templo</span> <span class='ocrx_word' id='word_1_690' title='bbox 3581 5666 3670 5721; x_wconf 88' lang='lat' dir='ltr'>in-</span> 
     </span>
    </p>
   </div>
   <div class='ocr_carea' id='block_1_97' title="bbox 2022 5756 3690 5820">
    <p class='ocr_par' dir='ltr' id='par_1_97' title="bbox 2022 5756 3690 5820">
     <span class='ocr_line' id='line_1_97' title="bbox 2022 5756 3690 5820; baseline -0.008 -1"><span class='ocrx_word' id='word_1_691' title='bbox 2022 5761 2340 5820; x_wconf 88' lang='lat' dir='ltr'>staurando</span> <span class='ocrx_word' id='word_1_692' title='bbox 2372 5764 2624 5815; x_wconf 90' lang='lat' dir='ltr'>conatus</span> <span class='ocrx_word' id='word_1_693' title='bbox 2655 5775 2754 5814; x_wconf 89' lang='lat' dir='ltr'>an.</span> <span class='ocrx_word' id='word_1_694' title='bbox 2790 5760 2915 5812; x_wconf 89' lang='lat'>363.</span> <span class='ocrx_word' id='word_1_695' title='bbox 3688 5756 3690 5759; x_wconf 83' lang='lat'>&#39;</span> 
     </span>
    </p>
   </div>
  </div>
