  <div class='ocr_page' id='page_1' title='image "/cluster/home/n/w/nwhite01/storage/ocr_20150623/33/coo.31924054869304/069.png"; bbox 0 0 4052 6362; ppageno 0'>
   <div class='ocr_carea' id='block_1_1' title="bbox 499 270 616 332">
    <p class='ocr_par' dir='ltr' id='par_1_1' title="bbox 499 270 616 332">
     <span class='ocr_line' id='line_1_1' title="bbox 499 270 616 332; baseline 0 0"><span class='ocrx_word' id='word_1_1' title='bbox 499 270 616 332; x_wconf 72' lang='grc'>123</span> 
     </span>
    </p>
   </div>
   <div class='ocr_carea' id='block_1_2' title="bbox 1591 267 2832 340">
    <p class='ocr_par' dir='ltr' id='par_1_2' title="bbox 1591 267 2832 340">
     <span class='ocr_line' id='line_1_2' title="bbox 1591 267 2832 340; baseline 0.01 -12"><span class='ocrx_word' id='word_1_2' title='bbox 1591 269 1696 329; x_wconf 84' lang='lat' dir='ltr'>DE</span> <span class='ocrx_word' id='word_1_3' title='bbox 1737 267 2328 337; x_wconf 77' lang='lat' dir='ltr'>OATEGHEBIBUS</span> <span class='ocrx_word' id='word_1_4' title='bbox 2373 275 2437 336; x_wconf 86' lang='lat' dir='ltr'>S.</span> <span class='ocrx_word' id='word_1_5' title='bbox 2487 275 2832 340; x_wconf 81' lang='lat' dir='ltr'>CYRILLI.</span> 
     </span>
    </p>
   </div>
   <div class='ocr_carea' id='block_1_3' title="bbox 3781 283 3875 342">
    <p class='ocr_par' dir='ltr' id='par_1_3' title="bbox 3781 283 3875 342">
     <span class='ocr_line' id='line_1_3' title="bbox 3781 283 3875 342; baseline 0.011 -1"><span class='ocrx_word' id='word_1_6' title='bbox 3781 283 3875 342; x_wconf 76' lang='grc'>124</span> 
     </span>
    </p>
   </div>
   <div class='ocr_carea' id='block_1_4' title="bbox 565 401 3875 483">
    <p class='ocr_par' dir='ltr' id='par_1_4' title="bbox 565 401 3875 483">
     <span class='ocr_line' id='line_1_4' title="bbox 565 401 3875 483; baseline 0.003 -23"><span class='ocrx_word' id='word_1_7' title='bbox 565 404 682 461; x_wconf 92' lang='lat' dir='ltr'>Sub</span> <span class='ocrx_word' id='word_1_8' title='bbox 711 404 974 472; x_wconf 83' lang='lat' dir='ltr'>Joviano,</span> <span class='ocrx_word' id='word_1_9' title='bbox 1009 407 1067 458; x_wconf 91' lang='lat' dir='ltr'>et</span> <span class='ocrx_word' id='word_1_10' title='bbox 1097 401 1358 458; x_wconf 80' lang='lat' dir='ltr'>Valentis</span> <span class='ocrx_word' id='word_1_11' title='bbox 1388 401 1598 471; x_wconf 90' lang='lat' dir='ltr'>initiis,</span> <span class='ocrx_word' id='word_1_12' title='bbox 1620 403 2004 475; x_wconf 80' lang='lat' dir='ltr'>Jerosolymis</span> <span class='ocrx_word' id='word_1_13' title='bbox 2036 421 2140 476; x_wconf 77' lang='lat' dir='ltr'>pa~</span> <span class='ocrx_word' id='word_1_14' title='bbox 2170 407 2222 473; x_wconf 72' lang='grc' dir='ltr'>Α</span> <span class='ocrx_word' id='word_1_15' title='bbox 2326 407 2572 465; x_wconf 75' lang='lat' dir='ltr'>Rufinus</span> <span class='ocrx_word' id='word_1_16' title='bbox 2601 416 2661 466; x_wconf 88' lang='lat' dir='ltr'>et</span> <span class='ocrx_word' id='word_1_17' title='bbox 2688 409 2942 467; x_wconf 75' lang='lat' dir='ltr'>Melania</span> <span class='ocrx_word' id='word_1_18' title='bbox 2968 410 3083 483; x_wconf 93' lang='lat' dir='ltr'>ipsi</span> <span class='ocrx_word' id='word_1_19' title='bbox 3112 411 3680 468; x_wconf 87' lang='lat' dir='ltr'>Pneumatomachos</span> <span class='ocrx_word' id='word_1_20' title='bbox 3700 427 3875 470; x_wconf 78' lang='lat' dir='ltr'>omnes</span> 
     </span>
    </p>
   </div>
   <div class='ocr_carea' id='block_1_5' title="bbox 700 493 881 549">
    <p class='ocr_par' dir='ltr' id='par_1_5' title="bbox 700 493 881 549">
     <span class='ocr_line' id='line_1_5' title="bbox 700 493 881 549; baseline 0 -1"><span class='ocrx_word' id='word_1_21' title='bbox 700 493 881 549; x_wconf 73' lang='lat' dir='ltr'>dcuit.</span> 
     </span>
    </p>
   </div>
   <div class='ocr_carea' id='block_1_6' title="bbox 497 495 2156 656">
    <p class='ocr_par' dir='ltr' id='par_1_6' title="bbox 497 495 2156 656">
     <span class='ocr_line' id='line_1_6' title="bbox 497 495 881 566; baseline -0.01 -14"><span class='ocrx_word' id='word_1_22' title='bbox 497 495 669 552; x_wconf 83' lang='lat' dir='ltr'>cifice</span> <span class='ocrx_word' id='word_1_23' title='bbox 700 495 881 566; x_wconf 87' lang='lat' dir='ltr'>degit.</span> 
     </span>
     <span class='ocr_line' id='line_1_7' title="bbox 569 581 2156 656; baseline 0 -17"><span class='ocrx_word' id='word_1_24' title='bbox 569 583 782 639; x_wconf 79' lang='lat' dir='ltr'>Acacio</span> <span class='ocrx_word' id='word_1_25' title='bbox 814 587 1050 637; x_wconf 91' lang='lat' dir='ltr'>mortuo</span> <span class='ocrx_word' id='word_1_26' title='bbox 1071 581 1422 637; x_wconf 63' lang='lat' dir='ltr'>Casariensi</span> <span class='ocrx_word' id='word_1_27' title='bbox 1443 581 1719 638; x_wconf 62' lang='lat' dir='ltr'>Ecclesia</span> <span class='ocrx_word' id='word_1_28' title='bbox 1735 582 1989 655; x_wconf 88' lang='lat' dir='ltr'>Cyrillus</span> <span class='ocrx_word' id='word_1_29' title='bbox 2009 601 2156 656; x_wconf 71' lang='lat' dir='ltr'>pras-</span> 
     </span>
    </p>
   </div>
   <div class='ocr_carea' id='block_1_7' title="bbox 495 672 2150 743">
    <p class='ocr_par' dir='ltr' id='par_1_7' title="bbox 495 672 2150 743">
     <span class='ocr_line' id='line_1_8' title="bbox 495 672 2150 743; baseline -0.001 -13"><span class='ocrx_word' id='word_1_30' title='bbox 495 673 621 730; x_wconf 80' lang='lat' dir='ltr'>ﬁcit</span> <span class='ocrx_word' id='word_1_31' title='bbox 651 672 1074 728; x_wconf 88' lang='lat' dir='ltr'>Philumenum</span> <span class='ocrx_word' id='word_1_32' title='bbox 1101 687 1114 725; x_wconf 89' lang='lat'>:</span> <span class='ocrx_word' id='word_1_33' title='bbox 1151 686 1338 742; x_wconf 92' lang='lat' dir='ltr'>eoque</span> <span class='ocrx_word' id='word_1_34' title='bbox 1361 688 1466 743; x_wconf 89' lang='lat' dir='ltr'>per</span> <span class='ocrx_word' id='word_1_35' title='bbox 1487 672 1915 743; x_wconf 85' lang='lat' dir='ltr'>Eutychianam</span> <span class='ocrx_word' id='word_1_36' title='bbox 1944 673 2150 729; x_wconf 85' lang='lat' dir='ltr'>factio-</span> 
     </span>
    </p>
   </div>
   <div class='ocr_carea' id='block_1_8' title="bbox 496 760 2149 834">
    <p class='ocr_par' dir='ltr' id='par_1_8' title="bbox 496 760 2149 834">
     <span class='ocr_line' id='line_1_9' title="bbox 496 760 2149 834; baseline -0.001 -15"><span class='ocrx_word' id='word_1_37' title='bbox 496 780 636 819; x_wconf 89' lang='lat' dir='ltr'>nem</span> <span class='ocrx_word' id='word_1_38' title='bbox 667 761 1002 828; x_wconf 90' lang='lat' dir='ltr'>deturbato,</span> <span class='ocrx_word' id='word_1_39' title='bbox 1047 760 1386 833; x_wconf 86' lang='lat' dir='ltr'>Cyrilloque</span> <span class='ocrx_word' id='word_1_40' title='bbox 1431 762 1668 817; x_wconf 86' lang='lat' dir='ltr'>seniore</span> <span class='ocrx_word' id='word_1_41' title='bbox 1697 763 1760 817; x_wconf 91' lang='lat' dir='ltr'>in</span> <span class='ocrx_word' id='word_1_42' title='bbox 1791 763 1922 834; x_wconf 87' lang='lat' dir='ltr'>ejus</span> <span class='ocrx_word' id='word_1_43' title='bbox 1955 763 2149 818; x_wconf 91' lang='lat' dir='ltr'>locum</span> 
     </span>
    </p>
   </div>
   <div class='ocr_carea' id='block_1_9' title="bbox 497 851 2150 923">
    <p class='ocr_par' dir='ltr' id='par_1_9' title="bbox 497 851 2150 923">
     <span class='ocr_line' id='line_1_10' title="bbox 497 851 2150 923; baseline 0.001 -15"><span class='ocrx_word' id='word_1_44' title='bbox 497 852 838 920; x_wconf 78' lang='lat' dir='ltr'>substituto,</span> <span class='ocrx_word' id='word_1_45' title='bbox 872 851 1126 922; x_wconf 87' lang='lat' dir='ltr'>Cyrillus</span> <span class='ocrx_word' id='word_1_46' title='bbox 1177 851 1392 906; x_wconf 88' lang='lat' dir='ltr'>iterum</span> <span class='ocrx_word' id='word_1_47' title='bbox 1449 851 1562 906; x_wconf 89' lang='lat' dir='ltr'>hoc</span> <span class='ocrx_word' id='word_1_48' title='bbox 1619 851 1790 923; x_wconf 87' lang='lat' dir='ltr'>pulso</span> <span class='ocrx_word' id='word_1_49' title='bbox 1823 853 1883 908; x_wconf 93' lang='lat' dir='ltr'>in</span> <span class='ocrx_word' id='word_1_50' title='bbox 1916 869 1987 909; x_wconf 88' lang='lat' dir='ltr'>ea</span> <span class='ocrx_word' id='word_1_51' title='bbox 2011 854 2150 909; x_wconf 91' lang='lat' dir='ltr'>sede</span> 
     </span>
    </p>
   </div>
   <div class='ocr_carea' id='block_1_10' title="bbox 495 940 2045 998">
    <p class='ocr_par' dir='ltr' id='par_1_10' title="bbox 495 940 2045 998">
     <span class='ocr_line' id='line_1_11' title="bbox 495 940 2045 998; baseline 0 0"><span class='ocrx_word' id='word_1_52' title='bbox 495 940 802 998; x_wconf 83' lang='lat' dir='ltr'>substituit</span> <span class='ocrx_word' id='word_1_53' title='bbox 831 941 1128 996; x_wconf 83' lang='lat' dir='ltr'>Gelasium</span> <span class='ocrx_word' id='word_1_54' title='bbox 1161 940 1384 995; x_wconf 80' lang='lat' dir='ltr'>sororis</span> <span class='ocrx_word' id='word_1_55' title='bbox 1415 957 1538 995; x_wconf 70' lang='lat' dir='ltr'>sum</span> <span class='ocrx_word' id='word_1_56' title='bbox 1572 941 1760 998; x_wconf 82' lang='lat' dir='ltr'>[ilium</span> <span class='ocrx_word' id='word_1_57' title='bbox 1793 959 1889 998; x_wconf 91' lang='lat' dir='ltr'>an.</span> <span class='ocrx_word' id='word_1_58' title='bbox 1923 945 2045 998; x_wconf 81' lang='lat'>366.</span> 
     </span>
    </p>
   </div>
   <div class='ocr_carea' id='block_1_11' title="bbox 565 1027 2152 1102">
    <p class='ocr_par' dir='ltr' id='par_1_11' title="bbox 565 1027 2152 1102">
     <span class='ocr_line' id='line_1_12' title="bbox 565 1027 2152 1102; baseline 0.002 -17"><span class='ocrx_word' id='word_1_59' title='bbox 565 1029 822 1102; x_wconf 89' lang='lat' dir='ltr'>Cyrillus</span> <span class='ocrx_word' id='word_1_60' title='bbox 847 1036 1065 1097; x_wconf 85' lang='lat' dir='ltr'>noster,</span> <span class='ocrx_word' id='word_1_61' title='bbox 1087 1027 1482 1100; x_wconf 86' lang='lat' dir='ltr'>quorumdam</span> <span class='ocrx_word' id='word_1_62' title='bbox 1502 1032 1818 1098; x_wconf 83' lang='lat' dir='ltr'>sententia,</span> <span class='ocrx_word' id='word_1_63' title='bbox 1843 1049 1978 1088; x_wconf 87' lang='lat' dir='ltr'>cum</span> <span class='ocrx_word' id='word_1_64' title='bbox 2002 1033 2152 1088; x_wconf 90' lang='lat' dir='ltr'>mul-</span> 
     </span>
    </p>
   </div>
   <div class='ocr_carea' id='block_1_12' title="bbox 495 1116 2147 1193">
    <p class='ocr_par' dir='ltr' id='par_1_12' title="bbox 495 1116 2147 1193">
     <span class='ocr_line' id='line_1_13' title="bbox 495 1116 2147 1193; baseline 0.001 -17"><span class='ocrx_word' id='word_1_65' title='bbox 495 1120 570 1176; x_wconf 88' lang='lat' dir='ltr'>tis</span> <span class='ocrx_word' id='word_1_66' title='bbox 601 1119 734 1175; x_wconf 88' lang='lat' dir='ltr'>aliis</span> <span class='ocrx_word' id='word_1_67' title='bbox 765 1119 837 1174; x_wconf 88' lang='lat' dir='ltr'>ad</span> <span class='ocrx_word' id='word_1_68' title='bbox 871 1117 1166 1174; x_wconf 86' lang='lat' dir='ltr'>Liberium</span> <span class='ocrx_word' id='word_1_69' title='bbox 1220 1116 1544 1189; x_wconf 78' lang='lat' dir='ltr'>delegatur,</span> <span class='ocrx_word' id='word_1_70' title='bbox 1578 1119 1652 1175; x_wconf 88' lang='lat' dir='ltr'>ad</span> <span class='ocrx_word' id='word_1_71' title='bbox 1707 1121 2147 1193; x_wconf 85' lang='lat' dir='ltr'>suscipiendam</span> 
     </span>
    </p>
   </div>
   <div class='ocr_carea' id='block_1_13' title="bbox 491 1207 1286 1266">
    <p class='ocr_par' dir='ltr' id='par_1_13' title="bbox 491 1207 1286 1266">
     <span class='ocr_line' id='line_1_14' title="bbox 491 1207 1286 1266; baseline 0.003 -2"><span class='ocrx_word' id='word_1_72' title='bbox 491 1209 792 1264; x_wconf 73' lang='lat' dir='ltr'>Nicmnam</span> <span class='ocrx_word' id='word_1_73' title='bbox 823 1207 1001 1264; x_wconf 79' lang='lat' dir='ltr'>fidem</span> <span class='ocrx_word' id='word_1_74' title='bbox 1032 1224 1128 1263; x_wconf 90' lang='lat' dir='ltr'>an.</span> <span class='ocrx_word' id='word_1_75' title='bbox 1162 1211 1286 1266; x_wconf 87' lang='lat'>366.</span> 
     </span>
    </p>
   </div>
   <div class='ocr_carea' id='block_1_14' title="bbox 569 1296 2148 1371">
    <p class='ocr_par' dir='ltr' id='par_1_14' title="bbox 569 1296 2148 1371">
     <span class='ocr_line' id='line_1_15' title="bbox 569 1296 2148 1371; baseline 0.006 -21"><span class='ocrx_word' id='word_1_76' title='bbox 569 1297 830 1352; x_wconf 87' lang='lat' dir='ltr'>Valentis</span> <span class='ocrx_word' id='word_1_77' title='bbox 859 1296 1141 1352; x_wconf 89' lang='lat' dir='ltr'>mandato</span> <span class='ocrx_word' id='word_1_78' title='bbox 1165 1297 1419 1370; x_wconf 90' lang='lat' dir='ltr'>Cyrillus</span> <span class='ocrx_word' id='word_1_79' title='bbox 1447 1300 1619 1354; x_wconf 88' lang='lat' dir='ltr'>tertio</span> <span class='ocrx_word' id='word_1_80' title='bbox 1644 1299 1880 1371; x_wconf 89' lang='lat' dir='ltr'>ejicitur</span> <span class='ocrx_word' id='word_1_81' title='bbox 1901 1301 1960 1357; x_wconf 90' lang='lat' dir='ltr'>in</span> <span class='ocrx_word' id='word_1_82' title='bbox 1992 1304 2148 1359; x_wconf 83' lang='lat' dir='ltr'>exsi-</span> 
     </span>
    </p>
   </div>
   <div class='ocr_carea' id='block_1_15' title="bbox 493 1386 929 1443">
    <p class='ocr_par' dir='ltr' id='par_1_15' title="bbox 493 1386 929 1443">
     <span class='ocr_line' id='line_1_16' title="bbox 493 1386 929 1443; baseline -0.005 -1"><span class='ocrx_word' id='word_1_83' title='bbox 493 1386 645 1443; x_wconf 90' lang='lat' dir='ltr'>lium</span> <span class='ocrx_word' id='word_1_84' title='bbox 676 1403 774 1442; x_wconf 89' lang='lat' dir='ltr'>an.</span> <span class='ocrx_word' id='word_1_85' title='bbox 805 1387 929 1441; x_wconf 84' lang='lat'>367.</span> 
     </span>
    </p>
   </div>
   <div class='ocr_carea' id='block_1_16' title="bbox 563 1475 2149 1550">
    <p class='ocr_par' dir='ltr' id='par_1_16' title="bbox 563 1475 2149 1550">
     <span class='ocr_line' id='line_1_17' title="bbox 563 1475 2149 1550; baseline 0.004 -18"><span class='ocrx_word' id='word_1_86' title='bbox 563 1477 682 1548; x_wconf 89' lang='lat' dir='ltr'>Ipsi</span> <span class='ocrx_word' id='word_1_87' title='bbox 738 1475 1157 1548; x_wconf 75' lang='lat' dir='ltr'>subrogantur,</span> <span class='ocrx_word' id='word_1_88' title='bbox 1219 1477 1546 1543; x_wconf 85' lang='lat' dir='ltr'>Heraclius,</span> <span class='ocrx_word' id='word_1_89' title='bbox 1600 1478 1855 1550; x_wconf 89' lang='lat' dir='ltr'>Cyrillus</span> <span class='ocrx_word' id='word_1_90' title='bbox 1883 1480 2054 1547; x_wconf 88' lang='lat' dir='ltr'>alter,</span> <span class='ocrx_word' id='word_1_91' title='bbox 2089 1477 2149 1538; x_wconf 64' lang='lat' dir='ltr'>et</span> 
     </span>
    </p>
   </div>
   <div class='ocr_carea' id='block_1_17' title="bbox 496 1565 1769 1636">
    <p class='ocr_par' dir='ltr' id='par_1_17' title="bbox 496 1565 1769 1636">
     <span class='ocr_line' id='line_1_18' title="bbox 496 1565 1769 1636; baseline 0.002 -14"><span class='ocrx_word' id='word_1_92' title='bbox 496 1565 780 1634; x_wconf 81' lang='lat' dir='ltr'>Hilarius,</span> <span class='ocrx_word' id='word_1_93' title='bbox 812 1565 912 1636; x_wconf 88' lang='lat' dir='ltr'>qui</span> <span class='ocrx_word' id='word_1_94' title='bbox 945 1565 1148 1620; x_wconf 90' lang='lat' dir='ltr'>sedem</span> <span class='ocrx_word' id='word_1_95' title='bbox 1176 1565 1484 1622; x_wconf 87' lang='lat' dir='ltr'>obtinebat</span> <span class='ocrx_word' id='word_1_96' title='bbox 1513 1583 1610 1622; x_wconf 91' lang='lat' dir='ltr'>an.</span> <span class='ocrx_word' id='word_1_97' title='bbox 1643 1570 1769 1624; x_wconf 74' lang='grc'>475.</span> 
     </span>
    </p>
   </div>
   <div class='ocr_carea' id='block_1_18' title="bbox 564 1656 2146 1720">
    <p class='ocr_par' dir='ltr' id='par_1_18' title="bbox 564 1656 2146 1720">
     <span class='ocr_line' id='line_1_19' title="bbox 564 1656 2146 1720; baseline 0.004 -7"><span class='ocrx_word' id='word_1_98' title='bbox 564 1659 631 1714; x_wconf 90' lang='lat' dir='ltr'>In</span> <span class='ocrx_word' id='word_1_99' title='bbox 653 1656 834 1712; x_wconf 88' lang='lat' dir='ltr'>variis</span> <span class='ocrx_word' id='word_1_100' title='bbox 860 1657 1086 1713; x_wconf 86' lang='lat' dir='ltr'>exsiliis</span> <span class='ocrx_word' id='word_1_101' title='bbox 1106 1658 1295 1714; x_wconf 90' lang='lat' dir='ltr'>multa</span> <span class='ocrx_word' id='word_1_102' title='bbox 1319 1665 1527 1715; x_wconf 89' lang='lat' dir='ltr'>contra</span> <span class='ocrx_word' id='word_1_103' title='bbox 1546 1660 1797 1716; x_wconf 78' lang='lat' dir='ltr'>Arianos</span> <span class='ocrx_word' id='word_1_104' title='bbox 1818 1663 2146 1720; x_wconf 85' lang='lat' dir='ltr'>certamina</span> 
     </span>
    </p>
   </div>
   <div class='ocr_carea' id='block_1_19' title="bbox 493 1747 672 1804">
    <p class='ocr_par' dir='ltr' id='par_1_19' title="bbox 493 1747 672 1804">
     <span class='ocr_line' id='line_1_20' title="bbox 493 1747 672 1804; baseline -0.011 0"><span class='ocrx_word' id='word_1_105' title='bbox 493 1747 672 1804; x_wconf 89' lang='lat' dir='ltr'>subit.</span> 
     </span>
    </p>
   </div>
   <div class='ocr_carea' id='block_1_20' title="bbox 562 1835 2138 1914">
    <p class='ocr_par' dir='ltr' id='par_1_20' title="bbox 562 1835 2138 1914">
     <span class='ocr_line' id='line_1_21' title="bbox 562 1835 2138 1914; baseline 0.004 -22"><span class='ocrx_word' id='word_1_106' title='bbox 562 1841 704 1892; x_wconf 89' lang='lat' dir='ltr'>Post</span> <span class='ocrx_word' id='word_1_107' title='bbox 729 1835 991 1891; x_wconf 84' lang='lat' dir='ltr'>Valentis</span> <span class='ocrx_word' id='word_1_108' title='bbox 1035 1840 1287 1891; x_wconf 87' lang='lat' dir='ltr'>mortem</span> <span class='ocrx_word' id='word_1_109' title='bbox 1338 1838 1769 1911; x_wconf 82' lang='lat' dir='ltr'>Jerosolymam</span> <span class='ocrx_word' id='word_1_110' title='bbox 1801 1843 2138 1914; x_wconf 87' lang='lat' dir='ltr'>revertitur,</span> 
     </span>
    </p>
   </div>
   <div class='ocr_carea' id='block_1_21' title="bbox 492 1925 1624 1998">
    <p class='ocr_par' dir='ltr' id='par_1_21' title="bbox 492 1925 1624 1998">
     <span class='ocr_line' id='line_1_22' title="bbox 492 1925 1624 1998; baseline 0.001 -16"><span class='ocrx_word' id='word_1_111' title='bbox 492 1942 562 1982; x_wconf 86' lang='lat' dir='ltr'>ac</span> <span class='ocrx_word' id='word_1_112' title='bbox 595 1925 795 1980; x_wconf 89' lang='lat' dir='ltr'>sedem</span> <span class='ocrx_word' id='word_1_113' title='bbox 829 1925 1001 1980; x_wconf 89' lang='lat' dir='ltr'>tertio</span> <span class='ocrx_word' id='word_1_114' title='bbox 1029 1933 1342 1998; x_wconf 88' lang='lat' dir='ltr'>recuperat</span> <span class='ocrx_word' id='word_1_115' title='bbox 1369 1943 1466 1982; x_wconf 89' lang='lat' dir='ltr'>an.</span> <span class='ocrx_word' id='word_1_116' title='bbox 1502 1931 1624 1983; x_wconf 87' lang='lat'>378.</span> 
     </span>
    </p>
   </div>
   <div class='ocr_carea' id='block_1_22' title="bbox 558 2015 2142 2091">
    <p class='ocr_par' dir='ltr' id='par_1_22' title="bbox 558 2015 2142 2091">
     <span class='ocr_line' id='line_1_23' title="bbox 558 2015 2142 2091; baseline 0.005 -21"><span class='ocrx_word' id='word_1_117' title='bbox 558 2015 884 2070; x_wconf 89' lang='lat' dir='ltr'>Ecclesiam</span> <span class='ocrx_word' id='word_1_118' title='bbox 943 2033 1113 2072; x_wconf 90' lang='lat' dir='ltr'>suam</span> <span class='ocrx_word' id='word_1_119' title='bbox 1167 2016 1514 2084; x_wconf 80' lang='lat' dir='ltr'>haeresibus,</span> <span class='ocrx_word' id='word_1_120' title='bbox 1579 2020 2022 2091; x_wconf 88' lang='lat' dir='ltr'>schismatibus,</span> <span class='ocrx_word' id='word_1_121' title='bbox 2083 2030 2142 2080; x_wconf 89' lang='lat' dir='ltr'>et</span> 
     </span>
    </p>
   </div>
   <div class='ocr_carea' id='block_1_23' title="bbox 487 2105 2140 2185">
    <p class='ocr_par' dir='ltr' id='par_1_23' title="bbox 487 2105 2140 2185">
     <span class='ocr_line' id='line_1_24' title="bbox 487 2105 2140 2185; baseline 0.004 -23"><span class='ocrx_word' id='word_1_122' title='bbox 487 2121 721 2162; x_wconf 89' lang='lat' dir='ltr'>morum</span> <span class='ocrx_word' id='word_1_123' title='bbox 753 2105 1108 2177; x_wconf 87' lang='lat' dir='ltr'>corruptelis</span> <span class='ocrx_word' id='word_1_124' title='bbox 1129 2105 1522 2164; x_wconf 81' lang='lat' dir='ltr'>deformatam</span> <span class='ocrx_word' id='word_1_125' title='bbox 1554 2111 1838 2166; x_wconf 78' lang='lat' dir='ltr'>offendit:</span> <span class='ocrx_word' id='word_1_126' title='bbox 1871 2114 2140 2185; x_wconf 88' lang='lat' dir='ltr'>petitque</span> 
     </span>
    </p>
   </div>
   <div class='ocr_carea' id='block_1_24' title="bbox 485 2194 1804 2258">
    <p class='ocr_par' dir='ltr' id='par_1_24' title="bbox 485 2194 1804 2258">
     <span class='ocr_line' id='line_1_25' title="bbox 485 2194 1804 2258; baseline 0.003 -6"><span class='ocrx_word' id='word_1_127' title='bbox 485 2194 774 2252; x_wconf 81' lang='lat' dir='ltr'>auxilium</span> <span class='ocrx_word' id='word_1_128' title='bbox 805 2211 837 2250; x_wconf 91' lang='lat' dir='ltr'>a</span> <span class='ocrx_word' id='word_1_129' title='bbox 868 2195 1122 2251; x_wconf 79' lang='lat' dir='ltr'>conellio</span> <span class='ocrx_word' id='word_1_130' title='bbox 1153 2198 1522 2254; x_wconf 81' lang='lat' dir='ltr'>Antiocheno</span> <span class='ocrx_word' id='word_1_131' title='bbox 1549 2216 1646 2255; x_wconf 86' lang='lat' dir='ltr'>an.</span> <span class='ocrx_word' id='word_1_132' title='bbox 1679 2202 1804 2258; x_wconf 79' lang='lat'><strong>379.</strong></span> 
     </span>
    </p>
   </div>
   <div class='ocr_carea' id='block_1_25' title="bbox 2264 497 3878 572">
    <p class='ocr_par' dir='ltr' id='par_1_25' title="bbox 2264 497 3878 572">
     <span class='ocr_line' id='line_1_26' title="bbox 2264 497 3878 572; baseline 0.002 -18"><span class='ocrx_word' id='word_1_133' title='bbox 2264 497 2340 554; x_wconf 89' lang='lat' dir='ltr'>ab</span> <span class='ocrx_word' id='word_1_134' title='bbox 2394 498 2662 556; x_wconf 87' lang='lat' dir='ltr'>Ecclesia</span> <span class='ocrx_word' id='word_1_135' title='bbox 2716 500 2998 572; x_wconf 79' lang='lat' dir='ltr'>expulsos</span> <span class='ocrx_word' id='word_1_136' title='bbox 3056 501 3457 556; x_wconf 86' lang='lat' dir='ltr'>reconciliant</span> <span class='ocrx_word' id='word_1_137' title='bbox 3509 517 3607 557; x_wconf 87' lang='lat' dir='ltr'>an.</span> <span class='ocrx_word' id='word_1_138' title='bbox 3663 502 3757 558; x_wconf 79' lang='lat'>379</span> <span class='ocrx_word' id='word_1_139' title='bbox 3804 504 3878 558; x_wconf 77' lang='lat' dir='ltr'>vel</span> 
     </span>
    </p>
   </div>
   <div class='ocr_carea' id='block_1_26' title="bbox 2336 678 3880 752">
    <p class='ocr_par' dir='ltr' id='par_1_26' title="bbox 2336 678 3880 752">
     <span class='ocr_line' id='line_1_27' title="bbox 2336 678 3880 752; baseline 0.003 -19"><span class='ocrx_word' id='word_1_140' title='bbox 2336 678 2391 733; x_wconf 93' lang='lat' dir='ltr'>S.</span> <span class='ocrx_word' id='word_1_141' title='bbox 2428 679 2745 750; x_wconf 82' lang='lat' dir='ltr'>Gregorius</span> <span class='ocrx_word' id='word_1_142' title='bbox 2769 681 3071 752; x_wconf 87' lang='lat' dir='ltr'>Nyssenus</span> <span class='ocrx_word' id='word_1_143' title='bbox 3094 679 3335 735; x_wconf 90' lang='lat' dir='ltr'>concilii</span> <span class='ocrx_word' id='word_1_144' title='bbox 3366 680 3714 736; x_wconf 81' lang='lat' dir='ltr'>Antiocheni</span> <span class='ocrx_word' id='word_1_145' title='bbox 3741 697 3880 737; x_wconf 85' lang='lat' dir='ltr'>man-</span> 
     </span>
    </p>
   </div>
   <div class='ocr_carea' id='block_1_27' title="bbox 2262 766 3878 841">
    <p class='ocr_par' dir='ltr' id='par_1_27' title="bbox 2262 766 3878 841">
     <span class='ocr_line' id='line_1_28' title="bbox 2262 766 3878 841; baseline 0.003 -21"><span class='ocrx_word' id='word_1_146' title='bbox 2262 766 2398 821; x_wconf 87' lang='lat' dir='ltr'>dato</span> <span class='ocrx_word' id='word_1_147' title='bbox 2455 769 2887 841; x_wconf 80' lang='lat' dir='ltr'>Jerosolymam</span> <span class='ocrx_word' id='word_1_148' title='bbox 2963 769 3038 825; x_wconf 91' lang='lat' dir='ltr'>ad</span> <span class='ocrx_word' id='word_1_149' title='bbox 3104 769 3538 841; x_wconf 82' lang='lat' dir='ltr'>paciﬁcandam</span> <span class='ocrx_word' id='word_1_150' title='bbox 3595 770 3878 825; x_wconf 84' lang='lat' dir='ltr'>Ecclesiam</span> 
     </span>
    </p>
   </div>
   <div class='ocr_carea' id='block_1_28' title="bbox 2261 857 3876 930">
    <p class='ocr_par' dir='ltr' id='par_1_28' title="bbox 2261 857 3876 930">
     <span class='ocr_line' id='line_1_29' title="bbox 2261 857 3876 930; baseline 0.004 -20"><span class='ocrx_word' id='word_1_151' title='bbox 2261 857 2870 930; x_wconf 70' lang='lat' dir='ltr'>missus,prmvalente</span> <span class='ocrx_word' id='word_1_152' title='bbox 2890 859 3410 915; x_wconf 88' lang='lat' dir='ltr'>schismaticorum</span> <span class='ocrx_word' id='word_1_153' title='bbox 3429 864 3489 914; x_wconf 90' lang='lat' dir='ltr'>et</span> <span class='ocrx_word' id='word_1_154' title='bbox 3503 859 3876 916; x_wconf 66' lang='lat' dir='ltr'>haereticorum</span> 
     </span>
    </p>
   </div>
   <div class='ocr_carea' id='block_1_29' title="bbox 2257 948 3428 1019">
    <p class='ocr_par' dir='ltr' id='par_1_29' title="bbox 2257 948 3428 1019">
     <span class='ocr_line' id='line_1_30' title="bbox 2257 948 3428 1019; baseline 0.002 -17"><span class='ocrx_word' id='word_1_155' title='bbox 2257 948 2608 1019; x_wconf 87' lang='lat' dir='ltr'>pertinacia,</span> <span class='ocrx_word' id='word_1_156' title='bbox 2640 966 2704 1004; x_wconf 92' lang='lat' dir='ltr'>re</span> <span class='ocrx_word' id='word_1_157' title='bbox 2737 949 2981 1018; x_wconf 89' lang='lat' dir='ltr'>infecta,</span> <span class='ocrx_word' id='word_1_158' title='bbox 3013 949 3140 1006; x_wconf 89' lang='lat' dir='ltr'>abit</span> <span class='ocrx_word' id='word_1_159' title='bbox 3168 967 3268 1006; x_wconf 87' lang='lat' dir='ltr'>an.</span> <span class='ocrx_word' id='word_1_160' title='bbox 3299 951 3428 1006; x_wconf 89' lang='lat'>380.</span> 
     </span>
    </p>
   </div>
   <div class='ocr_carea' id='block_1_30' title="bbox 2326 1038 3878 1112">
    <p class='ocr_par' dir='ltr' id='par_1_30' title="bbox 2326 1038 3878 1112">
     <span class='ocr_line' id='line_1_31' title="bbox 2326 1038 3878 1112; baseline 0.001 -20"><span class='ocrx_word' id='word_1_161' title='bbox 2326 1038 2755 1111; x_wconf 69' lang='lat' dir='ltr'>Quadringenti</span> <span class='ocrx_word' id='word_1_162' title='bbox 2790 1039 3070 1095; x_wconf 89' lang='lat' dir='ltr'>monachi</span> <span class='ocrx_word' id='word_1_163' title='bbox 3095 1039 3462 1095; x_wconf 70' lang='lat' dir='ltr'>Paulinianm</span> <span class='ocrx_word' id='word_1_164' title='bbox 3485 1039 3687 1112; x_wconf 84' lang='lat' dir='ltr'>partis,</span> <span class='ocrx_word' id='word_1_165' title='bbox 3708 1039 3878 1095; x_wconf 78' lang='lat' dir='ltr'>Ruﬁni</span> 
     </span>
    </p>
   </div>
   <div class='ocr_carea' id='block_1_31' title="bbox 2257 1126 3882 1200">
    <p class='ocr_par' dir='ltr' id='par_1_31' title="bbox 2257 1126 3882 1200">
     <span class='ocr_line' id='line_1_32' title="bbox 2257 1126 3882 1200; baseline 0.001 -20"><span class='ocrx_word' id='word_1_166' title='bbox 2257 1131 2316 1180; x_wconf 88' lang='lat' dir='ltr'>et</span> <span class='ocrx_word' id='word_1_167' title='bbox 2349 1126 2612 1182; x_wconf 70' lang='lat' dir='ltr'>Melaniae</span> <span class='ocrx_word' id='word_1_168' title='bbox 2643 1144 2844 1199; x_wconf 84' lang='lat' dir='ltr'>opera,</span> <span class='ocrx_word' id='word_1_169' title='bbox 2883 1128 3088 1200; x_wconf 70' lang='lat' dir='ltr'>Cyrilli</span> <span class='ocrx_word' id='word_1_170' title='bbox 3119 1128 3611 1184; x_wconf 88' lang='lat' dir='ltr'>communionem</span> <span class='ocrx_word' id='word_1_171' title='bbox 3656 1127 3882 1200; x_wconf 84' lang='lat' dir='ltr'>amplec-</span> 
     </span>
    </p>
   </div>
   <div class='ocr_carea' id='block_1_32' title="bbox 2255 1218 2744 1274">
    <p class='ocr_par' dir='ltr' id='par_1_32' title="bbox 2255 1218 2744 1274">
     <span class='ocr_line' id='line_1_33' title="bbox 2255 1218 2744 1274; baseline 0.01 -5"><span class='ocrx_word' id='word_1_172' title='bbox 2255 1219 2463 1271; x_wconf 91' lang='lat' dir='ltr'>tuntur</span> <span class='ocrx_word' id='word_1_173' title='bbox 2492 1233 2589 1274; x_wconf 90' lang='lat' dir='ltr'>an.</span> <span class='ocrx_word' id='word_1_174' title='bbox 2623 1218 2744 1274; x_wconf 76' lang='lat'>380.</span> 
     </span>
    </p>
   </div>
   <div class='ocr_carea' id='block_1_33' title="bbox 2327 1305 3878 1378">
    <p class='ocr_par' dir='ltr' id='par_1_33' title="bbox 2327 1305 3878 1378">
     <span class='ocr_line' id='line_1_34' title="bbox 2327 1305 3878 1378; baseline 0 -18"><span class='ocrx_word' id='word_1_175' title='bbox 2327 1305 2581 1377; x_wconf 87' lang='lat' dir='ltr'>Cyrillus</span> <span class='ocrx_word' id='word_1_176' title='bbox 2604 1306 2753 1362; x_wconf 91' lang='lat' dir='ltr'>duos</span> <span class='ocrx_word' id='word_1_177' title='bbox 2778 1307 3106 1362; x_wconf 87' lang='lat' dir='ltr'>monachos</span> <span class='ocrx_word' id='word_1_178' title='bbox 3128 1306 3202 1362; x_wconf 89' lang='lat' dir='ltr'>ab</span> <span class='ocrx_word' id='word_1_179' title='bbox 3218 1305 3620 1362; x_wconf 80' lang='lat' dir='ltr'>Alexandrino</span> <span class='ocrx_word' id='word_1_180' title='bbox 3641 1305 3878 1378; x_wconf 88' lang='lat' dir='ltr'>episcopo</span> 
     </span>
    </p>
   </div>
   <div class='ocr_carea' id='block_1_34' title="bbox 2254 1395 3877 1468">
    <p class='ocr_par' dir='ltr' id='par_1_34' title="bbox 2254 1395 3877 1468">
     <span class='ocr_line' id='line_1_35' title="bbox 2254 1395 3877 1468; baseline -0.002 -18"><span class='ocrx_word' id='word_1_181' title='bbox 2254 1401 2498 1468; x_wconf 87' lang='lat' dir='ltr'>propter</span> <span class='ocrx_word' id='word_1_182' title='bbox 2528 1396 2616 1451; x_wconf 91' lang='lat' dir='ltr'>sui</span> <span class='ocrx_word' id='word_1_183' title='bbox 2650 1397 3080 1453; x_wconf 85' lang='lat' dir='ltr'>castrationem</span> <span class='ocrx_word' id='word_1_184' title='bbox 3121 1395 3673 1452; x_wconf 81' lang='lat' dir='ltr'>excommunicatos</span> <span class='ocrx_word' id='word_1_185' title='bbox 3701 1395 3877 1466; x_wconf 89' lang='lat' dir='ltr'>rejicit.</span> 
     </span>
    </p>
   </div>
   <div class='ocr_carea' id='block_1_35' title="bbox 2327 1484 3880 1557">
    <p class='ocr_par' dir='ltr' id='par_1_35' title="bbox 2327 1484 3880 1557">
     <span class='ocr_line' id='line_1_36' title="bbox 2327 1484 3880 1557; baseline -0.001 -19"><span class='ocrx_word' id='word_1_186' title='bbox 2327 1488 2584 1541; x_wconf 80' lang='lat' dir='ltr'>interest</span> <span class='ocrx_word' id='word_1_187' title='bbox 2610 1485 2866 1541; x_wconf 90' lang='lat' dir='ltr'>concilio</span> <span class='ocrx_word' id='word_1_188' title='bbox 2894 1485 3566 1557; x_wconf 81' lang='lat' dir='ltr'>Constantinopolitano</span> <span class='ocrx_word' id='word_1_189' title='bbox 3595 1484 3880 1541; x_wconf 77' lang='lat' dir='ltr'>meumeni-</span> 
     </span>
    </p>
   </div>
   <div class='ocr_carea' id='block_1_36' title="bbox 2256 1577 2703 1644">
    <p class='ocr_par' dir='ltr' id='par_1_36' title="bbox 2256 1577 2703 1644">
     <span class='ocr_line' id='line_1_37' title="bbox 2256 1577 2703 1644; baseline 0.007 -16"><span class='ocrx_word' id='word_1_190' title='bbox 2256 1590 2321 1629; x_wconf 90' lang='lat' dir='ltr'>ce</span> <span class='ocrx_word' id='word_1_191' title='bbox 2352 1591 2414 1644; x_wconf 84' lang='grc' dir='ltr'>ιι,</span> <span class='ocrx_word' id='word_1_192' title='bbox 2447 1591 2542 1630; x_wconf 90' lang='lat' dir='ltr'>an.</span> <span class='ocrx_word' id='word_1_193' title='bbox 2577 1577 2703 1631; x_wconf 84' lang='grc'>381.</span> 
     </span>
    </p>
   </div>
   <div class='ocr_carea' id='block_1_37' title="bbox 2326 1663 3876 1737">
    <p class='ocr_par' dir='ltr' id='par_1_37' title="bbox 2326 1663 3876 1737">
     <span class='ocr_line' id='line_1_38' title="bbox 2326 1663 3876 1737; baseline -0.001 -18"><span class='ocrx_word' id='word_1_194' title='bbox 2326 1664 2625 1720; x_wconf 89' lang='lat' dir='ltr'>Laudatur</span> <span class='ocrx_word' id='word_1_195' title='bbox 2653 1665 2782 1737; x_wconf 86' lang='lat' dir='ltr'>ejus</span> <span class='ocrx_word' id='word_1_196' title='bbox 2811 1666 2950 1734; x_wconf 88' lang='lat' dir='ltr'>vita,</span> <span class='ocrx_word' id='word_1_197' title='bbox 2984 1669 3044 1721; x_wconf 90' lang='lat' dir='ltr'>et</span> <span class='ocrx_word' id='word_1_198' title='bbox 3071 1681 3107 1722; x_wconf 90' lang='lat' dir='ltr'>a</span> <span class='ocrx_word' id='word_1_199' title='bbox 3137 1665 3401 1722; x_wconf 90' lang='lat' dir='ltr'>concilio</span> <span class='ocrx_word' id='word_1_200' title='bbox 3424 1663 3876 1734; x_wconf 78' lang='lat' dir='ltr'>Constantinopo-</span> 
     </span>
    </p>
   </div>
   <div class='ocr_carea' id='block_1_38' title="bbox 2175 1753 3877 1844">
    <p class='ocr_par' dir='ltr' id='par_1_38' title="bbox 2175 1753 3877 1844">
     <span class='ocr_line' id='line_1_39' title="bbox 2175 1753 3877 1844; baseline -0.001 -35"><span class='ocrx_word' id='word_1_201' title='bbox 2175 1778 2222 1844; x_wconf 74' lang='grc' dir='ltr'><strong>Β</strong></span> <span class='ocrx_word' id='word_1_202' title='bbox 2254 1753 2441 1810; x_wconf 90' lang='lat' dir='ltr'>litano</span> <span class='ocrx_word' id='word_1_203' title='bbox 2473 1754 2742 1810; x_wconf 91' lang='lat' dir='ltr'>omnium</span> <span class='ocrx_word' id='word_1_204' title='bbox 2775 1772 2926 1828; x_wconf 90' lang='lat' dir='ltr'>pene</span> <span class='ocrx_word' id='word_1_205' title='bbox 2981 1755 3335 1812; x_wconf 91' lang='lat' dir='ltr'>eorumdem</span> <span class='ocrx_word' id='word_1_206' title='bbox 3368 1755 3612 1811; x_wconf 88' lang='lat' dir='ltr'>Patrum</span> <span class='ocrx_word' id='word_1_207' title='bbox 3641 1753 3735 1825; x_wconf 89' lang='lat' dir='ltr'>qui</span> <span class='ocrx_word' id='word_1_208' title='bbox 3763 1768 3877 1808; x_wconf 90' lang='lat' dir='ltr'>con-</span> 
     </span>
    </p>
   </div>
   <div class='ocr_carea' id='block_1_39' title="bbox 2253 1846 3874 1920">
    <p class='ocr_par' dir='ltr' id='par_1_39' title="bbox 2253 1846 3874 1920">
     <span class='ocr_line' id='line_1_40' title="bbox 2253 1846 3874 1920; baseline -0.002 -18"><span class='ocrx_word' id='word_1_209' title='bbox 2253 1846 2458 1902; x_wconf 90' lang='lat' dir='ltr'>cilium</span> <span class='ocrx_word' id='word_1_210' title='bbox 2489 1849 2630 1902; x_wconf 85' lang='lat' dir='ltr'>anni</span> <span class='ocrx_word' id='word_1_211' title='bbox 2657 1849 2984 1920; x_wconf 88' lang='lat' dir='ltr'>superioris</span> <span class='ocrx_word' id='word_1_212' title='bbox 3014 1848 3488 1912; x_wconf 80' lang='lat' dir='ltr'>celebraverant,</span> <span class='ocrx_word' id='word_1_213' title='bbox 3513 1847 3783 1903; x_wconf 89' lang='lat' dir='ltr'>canonica</span> <span class='ocrx_word' id='word_1_214' title='bbox 3801 1862 3874 1900; x_wconf 89' lang='lat' dir='ltr'>or-</span> 
     </span>
    </p>
   </div>
   <div class='ocr_carea' id='block_1_40' title="bbox 2252 1935 3134 1994">
    <p class='ocr_par' dir='ltr' id='par_1_40' title="bbox 2252 1935 3134 1994">
     <span class='ocr_line' id='line_1_41' title="bbox 2252 1935 3134 1994; baseline 0.002 -4"><span class='ocrx_word' id='word_1_215' title='bbox 2252 1935 2476 1991; x_wconf 90' lang='lat' dir='ltr'>dinatio</span> <span class='ocrx_word' id='word_1_216' title='bbox 2509 1935 2850 1992; x_wconf 84' lang='lat' dir='ltr'>defenditur</span> <span class='ocrx_word' id='word_1_217' title='bbox 2878 1955 2975 1994; x_wconf 90' lang='lat' dir='ltr'>an.</span> <span class='ocrx_word' id='word_1_218' title='bbox 3009 1940 3134 1993; x_wconf 90' lang='lat'>382.</span> 
     </span>
    </p>
   </div>
   <div class='ocr_carea' id='block_1_41' title="bbox 2323 2023 3865 2098">
    <p class='ocr_par' dir='ltr' id='par_1_41' title="bbox 2323 2023 3865 2098">
     <span class='ocr_line' id='line_1_42' title="bbox 2323 2023 3865 2098; baseline -0.003 -18"><span class='ocrx_word' id='word_1_219' title='bbox 2323 2025 2518 2080; x_wconf 80' lang='lat' dir='ltr'>Astitit</span> <span class='ocrx_word' id='word_1_220' title='bbox 2539 2026 2690 2083; x_wconf 89' lang='lat' dir='ltr'>forte</span> <span class='ocrx_word' id='word_1_221' title='bbox 2709 2027 2769 2082; x_wconf 93' lang='lat' dir='ltr'>in</span> <span class='ocrx_word' id='word_1_222' title='bbox 2790 2028 3045 2084; x_wconf 91' lang='lat' dir='ltr'>concilio</span> <span class='ocrx_word' id='word_1_223' title='bbox 3076 2025 3729 2098; x_wconf 85' lang='lat' dir='ltr'>Constantinopolitano</span> <span class='ocrx_word' id='word_1_224' title='bbox 3753 2023 3865 2080; x_wconf 86' lang='lat' dir='ltr'>anni</span> 
     </span>
    </p>
   </div>
   <div class='ocr_carea' id='block_1_42' title="bbox 2250 2117 2372 2170">
    <p class='ocr_par' dir='ltr' id='par_1_42' title="bbox 2250 2117 2372 2170">
     <span class='ocr_line' id='line_1_43' title="bbox 2250 2117 2372 2170; baseline 0 0"><span class='ocrx_word' id='word_1_225' title='bbox 2250 2117 2372 2170; x_wconf 87' lang='lat'>383.</span> 
     </span>
    </p>
   </div>
   <div class='ocr_carea' id='block_1_43' title="bbox 2319 2204 3636 2278">
    <p class='ocr_par' dir='ltr' id='par_1_43' title="bbox 2319 2204 3636 2278">
     <span class='ocr_line' id='line_1_44' title="bbox 2319 2204 3636 2278; baseline -0.001 -18"><span class='ocrx_word' id='word_1_226' title='bbox 2319 2204 2576 2278; x_wconf 84' lang='lat' dir='ltr'>Cyrillus</span> <span class='ocrx_word' id='word_1_227' title='bbox 2607 2207 2862 2263; x_wconf 88' lang='lat' dir='ltr'>moritur</span> <span class='ocrx_word' id='word_1_228' title='bbox 2890 2206 2986 2263; x_wconf 90' lang='lat' dir='ltr'>die</span> <span class='ocrx_word' id='word_1_229' title='bbox 3019 2207 3084 2261; x_wconf 83' lang='grc'>18</span> <span class='ocrx_word' id='word_1_230' title='bbox 3116 2207 3307 2262; x_wconf 83' lang='lat' dir='ltr'>Martii</span> <span class='ocrx_word' id='word_1_231' title='bbox 3339 2205 3485 2262; x_wconf 86' lang='lat' dir='ltr'>anni</span> <span class='ocrx_word' id='word_1_232' title='bbox 3517 2207 3636 2261; x_wconf 80' lang='lat'>386.</span> 
     </span>
    </p>
   </div>
   <div class='ocr_carea' id='block_1_44' title="bbox 2503 2419 3862 2432">
    <p class='ocr_par' dir='ltr' id='par_1_44' title="bbox 2503 2419 3862 2432">
     <span class='ocr_line' id='line_1_45' title="bbox 2503 2419 3862 2432; baseline -0.002 -1"><span class='ocrx_word' id='word_1_233' title='bbox 2503 2424 3223 2432; x_wconf 68' lang='lat'>-—————-._._—._——_—-——-—-—-.</span> <span class='ocrx_word' id='word_1_234' title='bbox 3241 2425 3475 2432; x_wconf 76' lang='lat'><strong>———-—</strong></span> <span class='ocrx_word' id='word_1_235' title='bbox 3482 2419 3862 2432; x_wconf 64' lang='lat'>———._.._—————</span> 
     </span>
    </p>
   </div>
   <div class='ocr_carea' id='block_1_45' title="bbox 1438 2517 2933 2624">
    <p class='ocr_par' dir='ltr' id='par_1_45' title="bbox 1438 2517 2933 2624">
     <span class='ocr_line' id='line_1_46' title="bbox 1438 2517 2933 2624; baseline 0.008 -12"><span class='ocrx_word' id='word_1_236' title='bbox 1438 2517 2252 2622; x_wconf 83' lang='lat' dir='ltr'>DISSERTATIO</span> <span class='ocrx_word' id='word_1_237' title='bbox 2325 2527 2933 2624; x_wconf 89' lang='lat' dir='ltr'>SECUNDA.</span> 
     </span>
    </p>
   </div>
   <div class='ocr_carea' id='block_1_46' title="bbox 475 2721 3861 2817">
    <p class='ocr_par' dir='ltr' id='par_1_46' title="bbox 475 2721 3861 2817">
     <span class='ocr_line' id='line_1_47' title="bbox 475 2721 3861 2817; baseline 0.004 -35"><span class='ocrx_word' id='word_1_238' title='bbox 475 2723 567 2782; x_wconf 86' lang='lat' dir='ltr'>De</span> <span class='ocrx_word' id='word_1_239' title='bbox 589 2725 844 2800; x_wconf 74' lang='lat' dir='ltr'>scriptis</span> <span class='ocrx_word' id='word_1_240' title='bbox 877 2721 1234 2802; x_wconf 78' lang='lat' dir='ltr'>S.Cyrilli,</span> <span class='ocrx_word' id='word_1_241' title='bbox 1269 2743 1342 2785; x_wconf 89' lang='lat' dir='ltr'>ac</span> <span class='ocrx_word' id='word_1_242' title='bbox 1357 2731 1762 2804; x_wconf 82' lang='lat' dir='ltr'>potissimum</span> <span class='ocrx_word' id='word_1_243' title='bbox 1794 2729 1874 2790; x_wconf 86' lang='lat' dir='ltr'>de</span> <span class='ocrx_word' id='word_1_244' title='bbox 1904 2733 2365 2796; x_wconf 80' lang='lat' dir='ltr'>Catechesibus.</span> <span class='ocrx_word' id='word_1_245' title='bbox 2423 2737 2503 2796; x_wconf 87' lang='lat' dir='ltr'>In</span> <span class='ocrx_word' id='word_1_246' title='bbox 2541 2755 2666 2816; x_wconf 84' lang='lat' dir='ltr'>qua</span> <span class='ocrx_word' id='word_1_247' title='bbox 2707 2755 2929 2796; x_wconf 84' lang='lat' dir='ltr'>earum</span> <span class='ocrx_word' id='word_1_248' title='bbox 2963 2739 3192 2798; x_wconf 74' lang='lat' dir='ltr'>veritas</span> <span class='ocrx_word' id='word_1_249' title='bbox 3219 2748 3280 2799; x_wconf 85' lang='lat' dir='ltr'>et</span> <span class='ocrx_word' id='word_1_250' title='bbox 3306 2744 3652 2817; x_wconf 73' lang='lat' dir='ltr'>integritas</span> <span class='ocrx_word' id='word_1_251' title='bbox 3677 2737 3861 2816; x_wconf 74' lang='lat' dir='ltr'>delen-</span> 
     </span>
    </p>
   </div>
   <div class='ocr_carea' id='block_1_47' title="bbox 556 2816 3863 2916">
    <p class='ocr_par' dir='ltr' id='par_1_47' title="bbox 556 2816 3863 2916">
     <span class='ocr_line' id='line_1_48' title="bbox 556 2816 3863 2916; baseline 0.005 -37"><span class='ocrx_word' id='word_1_252' title='bbox 556 2819 744 2879; x_wconf 86' lang='lat' dir='ltr'>ditur</span> <span class='ocrx_word' id='word_1_253' title='bbox 767 2841 789 2878; x_wconf 89' lang='lat'>:</span> <span class='ocrx_word' id='word_1_254' title='bbox 822 2816 1189 2896; x_wconf 69' lang='lat' dir='ltr'>explicatur</span> <span class='ocrx_word' id='word_1_255' title='bbox 1213 2840 1458 2896; x_wconf 82' lang='lat' dir='ltr'>nomen,</span> <span class='ocrx_word' id='word_1_256' title='bbox 1495 2834 1738 2886; x_wconf 80' lang='lat' dir='ltr'>natura</span> <span class='ocrx_word' id='word_1_257' title='bbox 1767 2837 1827 2887; x_wconf 85' lang='lat' dir='ltr'>et</span> <span class='ocrx_word' id='word_1_258' title='bbox 1854 2836 2068 2892; x_wconf 83' lang='lat' dir='ltr'>ratio:</span> <span class='ocrx_word' id='word_1_259' title='bbox 2101 2852 2336 2906; x_wconf 85' lang='lat' dir='ltr'>annus,</span> <span class='ocrx_word' id='word_1_260' title='bbox 2372 2842 2614 2904; x_wconf 87' lang='lat' dir='ltr'>tempus</span> <span class='ocrx_word' id='word_1_261' title='bbox 2645 2844 2705 2894; x_wconf 87' lang='lat' dir='ltr'>et</span> <span class='ocrx_word' id='word_1_262' title='bbox 2733 2837 2903 2896; x_wconf 82' lang='lat' dir='ltr'>locus</span> <span class='ocrx_word' id='word_1_263' title='bbox 2931 2855 3053 2916; x_wconf 84' lang='lat' dir='ltr'>quo</span> <span class='ocrx_word' id='word_1_264' title='bbox 3103 2838 3337 2899; x_wconf 67' lang='lat' dir='ltr'>habitas</span> <span class='ocrx_word' id='word_1_265' title='bbox 3363 2816 3539 2910; x_wconf 84' lang='lat' dir='ltr'>sunt,</span> <span class='ocrx_word' id='word_1_266' title='bbox 3571 2851 3863 2914; x_wconf 72' lang='lat' dir='ltr'>exponun-</span> 
     </span>
    </p>
   </div>
   <div class='ocr_carea' id='block_1_48' title="bbox 560 2919 2610 3012">
    <p class='ocr_par' dir='ltr' id='par_1_48' title="bbox 560 2919 2610 3012">
     <span class='ocr_line' id='line_1_49' title="bbox 560 2919 2610 3012; baseline 0.007 -34"><span class='ocrx_word' id='word_1_267' title='bbox 560 2927 706 2978; x_wconf 82' lang='lat' dir='ltr'>tur:</span> <span class='ocrx_word' id='word_1_268' title='bbox 745 2919 1237 3002; x_wconf 73' lang='lat' dir='ltr'>Cyrillianaque</span> <span class='ocrx_word' id='word_1_269' title='bbox 1259 2921 1529 2982; x_wconf 84' lang='lat' dir='ltr'>docendi</span> <span class='ocrx_word' id='word_1_270' title='bbox 1560 2943 1635 2985; x_wconf 89' lang='lat' dir='ltr'>ac</span> <span class='ocrx_word' id='word_1_271' title='bbox 1665 2926 1926 2988; x_wconf 84' lang='lat' dir='ltr'>dicendi</span> <span class='ocrx_word' id='word_1_272' title='bbox 1951 2937 2132 2991; x_wconf 81' lang='lat' dir='ltr'>ratio</span> <span class='ocrx_word' id='word_1_273' title='bbox 2161 2936 2610 3012; x_wconf 82' lang='lat' dir='ltr'>investigatur.</span> 
     </span>
    </p>
   </div>
   <div class='ocr_carea' id='block_1_49' title="bbox 897 3235 1690 3306">
    <p class='ocr_par' dir='ltr' id='par_1_49' title="bbox 897 3235 1690 3306">
     <span class='ocr_line' id='line_1_50' title="bbox 897 3235 1690 3306; baseline 0.001 -16"><span class='ocrx_word' id='word_1_274' title='bbox 897 3235 1105 3306; x_wconf 74' lang='lat' dir='ltr'>[xum]</span> <span class='ocrx_word' id='word_1_275' title='bbox 1127 3237 1362 3292; x_wconf 85' lang='lat' dir='ltr'>CAPUT</span> <span class='ocrx_word' id='word_1_276' title='bbox 1391 3237 1690 3294; x_wconf 80' lang='lat' dir='ltr'>PRIMUM.</span> 
     </span>
    </p>
   </div>
   <div class='ocr_carea' id='block_1_50' title="bbox 467 3335 2117 3417">
    <p class='ocr_par' dir='ltr' id='par_1_50' title="bbox 467 3335 2117 3417">
     <span class='ocr_line' id='line_1_51' title="bbox 467 3335 2117 3417; baseline 0.004 -19"><span class='ocrx_word' id='word_1_277' title='bbox 467 3335 832 3417; x_wconf 73' lang='lat' dir='ltr'>Recensentur</span> <span class='ocrx_word' id='word_1_278' title='bbox 861 3343 1045 3417; x_wconf 71' lang='lat' dir='ltr'>omnia</span> <span class='ocrx_word' id='word_1_279' title='bbox 1074 3343 1284 3415; x_wconf 80' lang='lat' dir='ltr'>scripta</span> <span class='ocrx_word' id='word_1_280' title='bbox 1311 3347 1369 3402; x_wconf 92' lang='lat' dir='ltr'>S.</span> <span class='ocrx_word' id='word_1_281' title='bbox 1394 3346 1612 3417; x_wconf 80' lang='lat' dir='ltr'>Cyrilli,</span> <span class='ocrx_word' id='word_1_282' title='bbox 1637 3351 1899 3416; x_wconf 86' lang='lat' dir='ltr'>genuina,</span> <span class='ocrx_word' id='word_1_283' title='bbox 1925 3350 2117 3414; x_wconf 85' lang='lat' dir='ltr'>dubia,</span> 
     </span>
    </p>
   </div>
   <div class='ocr_carea' id='block_1_51' title="bbox 702 3415 1878 3489">
    <p class='ocr_par' dir='ltr' id='par_1_51' title="bbox 702 3415 1878 3489">
     <span class='ocr_line' id='line_1_52' title="bbox 702 3415 1878 3489; baseline 0.003 -19"><span class='ocrx_word' id='word_1_284' title='bbox 702 3415 1011 3486; x_wconf 82' lang='lat' dir='ltr'>deperdita,</span> <span class='ocrx_word' id='word_1_285' title='bbox 1042 3419 1348 3487; x_wconf 79' lang='lat' dir='ltr'>supposita,</span> <span class='ocrx_word' id='word_1_286' title='bbox 1381 3415 1503 3474; x_wconf 77' lang='lat' dir='ltr'>cum</span> <span class='ocrx_word' id='word_1_287' title='bbox 1527 3415 1878 3489; x_wconf 71' lang='lat' dir='ltr'>fragmentis.</span> 
     </span>
    </p>
   </div>
   <div class='ocr_carea' id='block_1_52' title="bbox 545 3505 2118 3582">
    <p class='ocr_par' dir='ltr' id='par_1_52' title="bbox 545 3505 2118 3582">
     <span class='ocr_line' id='line_1_53' title="bbox 545 3505 2118 3582; baseline 0.004 -24"><span class='ocrx_word' id='word_1_288' title='bbox 545 3507 592 3559; x_wconf 81' lang='grc'>1.</span> <span class='ocrx_word' id='word_1_289' title='bbox 627 3505 708 3560; x_wconf 92' lang='lat' dir='ltr'>De</span> <span class='ocrx_word' id='word_1_290' title='bbox 753 3505 990 3576; x_wconf 88' lang='lat' dir='ltr'>scriptis</span> <span class='ocrx_word' id='word_1_291' title='bbox 1013 3505 1209 3577; x_wconf 88' lang='lat' dir='ltr'>Cyrilli</span> <span class='ocrx_word' id='word_1_292' title='bbox 1254 3505 1540 3571; x_wconf 85' lang='lat' dir='ltr'>dicturus,</span> <span class='ocrx_word' id='word_1_293' title='bbox 1564 3524 1772 3565; x_wconf 92' lang='lat' dir='ltr'>eorum</span> <span class='ocrx_word' id='word_1_294' title='bbox 1794 3508 1986 3582; x_wconf 85' lang='lat' dir='ltr'>primo</span> <span class='ocrx_word' id='word_1_295' title='bbox 2010 3526 2118 3565; x_wconf 89' lang='lat' dir='ltr'>nu-</span> 
     </span>
    </p>
   </div>
   <div class='ocr_carea' id='block_1_53' title="bbox 467 3593 2118 3671">
    <p class='ocr_par' dir='ltr' id='par_1_53' title="bbox 467 3593 2118 3671">
     <span class='ocr_line' id='line_1_54' title="bbox 467 3593 2118 3671; baseline 0.002 -21"><span class='ocrx_word' id='word_1_296' title='bbox 467 3610 705 3651; x_wconf 89' lang='lat' dir='ltr'>merum</span> <span class='ocrx_word' id='word_1_297' title='bbox 739 3593 1085 3650; x_wconf 89' lang='lat' dir='ltr'>instituam:</span> <span class='ocrx_word' id='word_1_298' title='bbox 1146 3594 1360 3650; x_wconf 88' lang='lat' dir='ltr'>deinde</span> <span class='ocrx_word' id='word_1_299' title='bbox 1411 3597 1698 3668; x_wconf 90' lang='lat' dir='ltr'>quoniam</span> <span class='ocrx_word' id='word_1_300' title='bbox 1725 3597 2118 3671; x_wconf 86' lang='lat' dir='ltr'>singulorum,</span> 
     </span>
    </p>
   </div>
   <div class='ocr_carea' id='block_1_54' title="bbox 466 3685 2120 3759">
    <p class='ocr_par' dir='ltr' id='par_1_54' title="bbox 466 3685 2120 3759">
     <span class='ocr_line' id='line_1_55' title="bbox 466 3685 2120 3759; baseline 0.002 -20"><span class='ocrx_word' id='word_1_301' title='bbox 466 3689 684 3756; x_wconf 71' lang='lat' dir='ltr'>prmter</span> <span class='ocrx_word' id='word_1_302' title='bbox 713 3685 1082 3754; x_wconf 87' lang='lat' dir='ltr'>Catecheses,</span> <span class='ocrx_word' id='word_1_303' title='bbox 1099 3686 1522 3758; x_wconf 88' lang='lat' dir='ltr'>opusculorum</span> <span class='ocrx_word' id='word_1_304' title='bbox 1547 3687 1606 3744; x_wconf 92' lang='lat' dir='ltr'>in</span> <span class='ocrx_word' id='word_1_305' title='bbox 1630 3689 1874 3759; x_wconf 64' lang='lat' dir='ltr'>praefixa</span> <span class='ocrx_word' id='word_1_306' title='bbox 1894 3689 2120 3744; x_wconf 90' lang='lat' dir='ltr'>eisdem</span> 
     </span>
    </p>
   </div>
   <div class='ocr_carea' id='block_1_55' title="bbox 465 3771 2114 3844">
    <p class='ocr_par' dir='ltr' id='par_1_55' title="bbox 465 3771 2114 3844">
     <span class='ocr_line' id='line_1_56' title="bbox 465 3771 2114 3844; baseline 0.004 -16"><span class='ocrx_word' id='word_1_307' title='bbox 465 3771 896 3840; x_wconf 88' lang='lat' dir='ltr'>admonitione,</span> <span class='ocrx_word' id='word_1_308' title='bbox 931 3773 1239 3831; x_wconf 86' lang='lat' dir='ltr'>veritatem</span> <span class='ocrx_word' id='word_1_309' title='bbox 1290 3781 1348 3831; x_wconf 92' lang='lat' dir='ltr'>et</span> <span class='ocrx_word' id='word_1_310' title='bbox 1394 3776 1800 3832; x_wconf 90' lang='lat' dir='ltr'>sinceritatem</span> <span class='ocrx_word' id='word_1_311' title='bbox 1839 3777 2114 3844; x_wconf 82' lang='lat' dir='ltr'>defendo,</span> 
     </span>
    </p>
   </div>
   <div class='ocr_carea' id='block_1_56' title="bbox 465 3863 2117 3936">
    <p class='ocr_par' dir='ltr' id='par_1_56' title="bbox 465 3863 2117 3936">
     <span class='ocr_line' id='line_1_57' title="bbox 465 3863 2117 3936; baseline 0.002 -16"><span class='ocrx_word' id='word_1_312' title='bbox 465 3879 716 3935; x_wconf 83' lang='lat' dir='ltr'>quasque</span> <span class='ocrx_word' id='word_1_313' title='bbox 747 3863 821 3920; x_wconf 88' lang='lat' dir='ltr'>ad</span> <span class='ocrx_word' id='word_1_314' title='bbox 853 3880 923 3918; x_wconf 92' lang='lat' dir='ltr'>ea</span> <span class='ocrx_word' id='word_1_315' title='bbox 951 3864 1253 3935; x_wconf 86' lang='lat' dir='ltr'>pertinent</span> <span class='ocrx_word' id='word_1_316' title='bbox 1285 3881 1515 3936; x_wconf 82' lang='lat' dir='ltr'>expono</span> <span class='ocrx_word' id='word_1_317' title='bbox 1541 3881 1555 3931; x_wconf 85' lang='lat'><strong>;</strong></span> <span class='ocrx_word' id='word_1_318' title='bbox 1590 3865 1684 3921; x_wconf 91' lang='lat' dir='ltr'>hic</span> <span class='ocrx_word' id='word_1_319' title='bbox 1715 3867 2117 3923; x_wconf 89' lang='lat' dir='ltr'>Catecheseon</span> 
     </span>
    </p>
   </div>
   <div class='ocr_carea' id='block_1_57' title="bbox 459 3952 2123 4025">
    <p class='ocr_par' dir='ltr' id='par_1_57' title="bbox 459 3952 2123 4025">
     <span class='ocr_line' id='line_1_58' title="bbox 459 3952 2123 4025; baseline 0.004 -19"><span class='ocrx_word' id='word_1_320' title='bbox 459 3952 698 4025; x_wconf 87' lang='lat' dir='ltr'>proprie</span> <span class='ocrx_word' id='word_1_321' title='bbox 724 3968 978 4008; x_wconf 80' lang='lat' dir='ltr'>examen</span> <span class='ocrx_word' id='word_1_322' title='bbox 1003 3953 1346 4024; x_wconf 88' lang='lat' dir='ltr'>suscipiam.</span> <span class='ocrx_word' id='word_1_323' title='bbox 1371 3955 1628 4019; x_wconf 87' lang='lat' dir='ltr'>Quarum</span> <span class='ocrx_word' id='word_1_324' title='bbox 1659 3955 1988 4023; x_wconf 86' lang='lat' dir='ltr'>veritatem,</span> <span class='ocrx_word' id='word_1_325' title='bbox 2012 3973 2123 4013; x_wconf 92' lang='lat' dir='ltr'>an-</span> 
     </span>
    </p>
   </div>
   <div class='ocr_carea' id='block_1_58' title="bbox 463 4040 2122 4115">
    <p class='ocr_par' dir='ltr' id='par_1_58' title="bbox 463 4040 2122 4115">
     <span class='ocr_line' id='line_1_59' title="bbox 463 4040 2122 4115; baseline 0.004 -20"><span class='ocrx_word' id='word_1_326' title='bbox 463 4040 801 4112; x_wconf 88' lang='lat' dir='ltr'>tiquitatem</span> <span class='ocrx_word' id='word_1_327' title='bbox 829 4047 886 4094; x_wconf 90' lang='lat' dir='ltr'>et</span> <span class='ocrx_word' id='word_1_328' title='bbox 908 4041 1308 4115; x_wconf 84' lang='lat' dir='ltr'>integritatem</span> <span class='ocrx_word' id='word_1_329' title='bbox 1331 4042 1614 4098; x_wconf 86' lang='lat' dir='ltr'>adversus</span> <span class='ocrx_word' id='word_1_330' title='bbox 1637 4044 1989 4100; x_wconf 86' lang='lat' dir='ltr'>malevolam</span> <span class='ocrx_word' id='word_1_331' title='bbox 2012 4045 2122 4102; x_wconf 86' lang='lat' dir='ltr'>cri-</span> 
     </span>
    </p>
   </div>
   <div class='ocr_carea' id='block_1_59' title="bbox 462 4128 2112 4204">
    <p class='ocr_par' dir='ltr' id='par_1_59' title="bbox 462 4128 2112 4204">
     <span class='ocr_line' id='line_1_60' title="bbox 462 4128 2112 4204; baseline 0.004 -20"><span class='ocrx_word' id='word_1_332' title='bbox 462 4128 716 4185; x_wconf 88' lang='lat' dir='ltr'>ticorum</span> <span class='ocrx_word' id='word_1_333' title='bbox 747 4129 1212 4185; x_wconf 86' lang='lat' dir='ltr'>Protestantium</span> <span class='ocrx_word' id='word_1_334' title='bbox 1261 4130 1770 4204; x_wconf 88' lang='lat' dir='ltr'>calumniam,qua</span> <span class='ocrx_word' id='word_1_335' title='bbox 1800 4138 2007 4204; x_wconf 86' lang='lat' dir='ltr'>potero</span> <span class='ocrx_word' id='word_1_336' title='bbox 2037 4135 2112 4204; x_wconf 88' lang='lat' dir='ltr'>vi,</span> 
     </span>
    </p>
   </div>
   <div class='ocr_carea' id='block_1_60' title="bbox 462 4222 2114 4297">
    <p class='ocr_par' dir='ltr' id='par_1_60' title="bbox 462 4222 2114 4297">
     <span class='ocr_line' id='line_1_61' title="bbox 462 4222 2114 4297; baseline 0.002 -17"><span class='ocrx_word' id='word_1_337' title='bbox 462 4239 748 4280; x_wconf 85' lang='lat' dir='ltr'>asseram.</span> <span class='ocrx_word' id='word_1_338' title='bbox 783 4224 924 4278; x_wconf 90' lang='lat' dir='ltr'>Post</span> <span class='ocrx_word' id='word_1_339' title='bbox 951 4222 1024 4278; x_wconf 92' lang='lat' dir='ltr'>de</span> <span class='ocrx_word' id='word_1_340' title='bbox 1057 4228 1178 4278; x_wconf 89' lang='lat' dir='ltr'>toto</span> <span class='ocrx_word' id='word_1_341' title='bbox 1217 4240 1433 4296; x_wconf 80' lang='lat' dir='ltr'>genere</span> <span class='ocrx_word' id='word_1_342' title='bbox 1463 4225 1863 4282; x_wconf 86' lang='lat' dir='ltr'>Catecheseon</span> <span class='ocrx_word' id='word_1_343' title='bbox 1897 4227 2114 4297; x_wconf 89' lang='lat' dir='ltr'>dicam,</span> 
     </span>
    </p>
   </div>
   <div class='ocr_carea' id='block_1_61' title="bbox 459 4312 2114 4386">
    <p class='ocr_par' dir='ltr' id='par_1_61' title="bbox 459 4312 2114 4386">
     <span class='ocr_line' id='line_1_62' title="bbox 459 4312 2114 4386; baseline 0.002 -16"><span class='ocrx_word' id='word_1_344' title='bbox 459 4312 1041 4386; x_wconf 88' lang='lat' dir='ltr'>Cyrillianarumque</span> <span class='ocrx_word' id='word_1_345' title='bbox 1093 4313 1390 4384; x_wconf 91' lang='lat' dir='ltr'>imprimis</span> <span class='ocrx_word' id='word_1_346' title='bbox 1436 4317 1712 4370; x_wconf 87' lang='lat' dir='ltr'>naturam</span> <span class='ocrx_word' id='word_1_347' title='bbox 1754 4319 1812 4369; x_wconf 93' lang='lat' dir='ltr'>et</span> <span class='ocrx_word' id='word_1_348' title='bbox 1842 4316 2114 4373; x_wconf 89' lang='lat' dir='ltr'>intimam</span> 
     </span>
    </p>
   </div>
   <div class='ocr_carea' id='block_1_62' title="bbox 460 4401 2114 4477">
    <p class='ocr_par' dir='ltr' id='par_1_62' title="bbox 460 4401 2114 4477">
     <span class='ocr_line' id='line_1_63' title="bbox 460 4401 2114 4477; baseline 0.005 -21"><span class='ocrx_word' id='word_1_349' title='bbox 460 4401 755 4458; x_wconf 89' lang='lat' dir='ltr'>rationem</span> <span class='ocrx_word' id='word_1_350' title='bbox 788 4418 1104 4473; x_wconf 83' lang='lat' dir='ltr'>exponam.</span> <span class='ocrx_word' id='word_1_351' title='bbox 1155 4403 1294 4468; x_wconf 68' lang='lat' dir='ltr'>Quas</span> <span class='ocrx_word' id='word_1_352' title='bbox 1343 4404 1421 4458; x_wconf 91' lang='lat' dir='ltr'>sit</span> <span class='ocrx_word' id='word_1_353' title='bbox 1469 4420 1673 4460; x_wconf 88' lang='lat' dir='ltr'>earum</span> <span class='ocrx_word' id='word_1_354' title='bbox 1705 4404 2114 4477; x_wconf 88' lang='lat' dir='ltr'>inscriptionis</span> 
     </span>
    </p>
   </div>
   <div class='ocr_carea' id='block_1_63' title="bbox 458 4491 2110 4565">
    <p class='ocr_par' dir='ltr' id='par_1_63' title="bbox 458 4491 2110 4565">
     <span class='ocr_line' id='line_1_64' title="bbox 458 4491 2110 4565; baseline 0.004 -19"><span class='ocrx_word' id='word_1_355' title='bbox 458 4491 634 4560; x_wconf 88' lang='lat' dir='ltr'>ratio,</span> <span class='ocrx_word' id='word_1_356' title='bbox 668 4509 799 4562; x_wconf 68' lang='lat' dir='ltr'>quas</span> <span class='ocrx_word' id='word_1_357' title='bbox 837 4491 1143 4548; x_wconf 89' lang='lat' dir='ltr'>titulorum</span> <span class='ocrx_word' id='word_1_358' title='bbox 1165 4493 1312 4564; x_wconf 89' lang='lat' dir='ltr'>ipsis</span> <span class='ocrx_word' id='word_1_359' title='bbox 1343 4493 1725 4565; x_wconf 69' lang='lat' dir='ltr'>prmﬁxorum</span> <span class='ocrx_word' id='word_1_360' title='bbox 1753 4495 2110 4552; x_wconf 83' lang='lat' dir='ltr'>auctoritas:</span> 
     </span>
    </p>
   </div>
   <div class='ocr_carea' id='block_1_64' title="bbox 2152 3237 3854 3314">
    <p class='ocr_par' dir='ltr' id='par_1_64' title="bbox 2152 3237 3854 3314">
     <span class='ocr_line' id='line_1_65' title="bbox 2152 3237 3854 3314; baseline -0.005 -19"><span class='ocrx_word' id='word_1_361' title='bbox 2152 3238 2196 3306; x_wconf 75' lang='grc' dir='ltr'>ο</span> <span class='ocrx_word' id='word_1_362' title='bbox 2224 3243 2681 3295; x_wconf 89' lang='lat' dir='ltr'>monumentum</span> <span class='ocrx_word' id='word_1_363' title='bbox 2713 3238 3067 3312; x_wconf 80' lang='lat' dir='ltr'>reliquisse:</span> <span class='ocrx_word' id='word_1_364' title='bbox 3123 3244 3225 3296; x_wconf 89' lang='lat' dir='ltr'>aut</span> <span class='ocrx_word' id='word_1_365' title='bbox 3273 3257 3381 3298; x_wconf 85' lang='lat' dir='ltr'>eos</span> <span class='ocrx_word' id='word_1_366' title='bbox 3421 3240 3522 3314; x_wconf 88' lang='lat' dir='ltr'>qui</span> <span class='ocrx_word' id='word_1_367' title='bbox 3555 3237 3854 3296; x_wconf 87' lang='lat' dir='ltr'>catecheses</span> 
     </span>
    </p>
   </div>
   <div class='ocr_carea' id='block_1_65' title="bbox 2223 3327 3852 3401">
    <p class='ocr_par' dir='ltr' id='par_1_65' title="bbox 2223 3327 3852 3401">
     <span class='ocr_line' id='line_1_66' title="bbox 2223 3327 3852 3401; baseline -0.004 -17"><span class='ocrx_word' id='word_1_368' title='bbox 2223 3329 2376 3401; x_wconf 88' lang='lat' dir='ltr'>ejus,</span> <span class='ocrx_word' id='word_1_369' title='bbox 2402 3327 2545 3384; x_wconf 92' lang='lat' dir='ltr'>dum</span> <span class='ocrx_word' id='word_1_370' title='bbox 2566 3328 2878 3400; x_wconf 88' lang='lat' dir='ltr'>presbyter</span> <span class='ocrx_word' id='word_1_371' title='bbox 2899 3335 3077 3397; x_wconf 87' lang='lat' dir='ltr'>esset,</span> <span class='ocrx_word' id='word_1_372' title='bbox 3105 3347 3174 3386; x_wconf 87' lang='lat' dir='ltr'>ex</span> <span class='ocrx_word' id='word_1_373' title='bbox 3198 3346 3299 3386; x_wconf 91' lang='lat' dir='ltr'>ore</span> <span class='ocrx_word' id='word_1_374' title='bbox 3329 3331 3584 3388; x_wconf 90' lang='lat' dir='ltr'>dicentis</span> <span class='ocrx_word' id='word_1_375' title='bbox 3613 3329 3852 3397; x_wconf 84' lang='lat' dir='ltr'>exceptas</span> 
     </span>
    </p>
   </div>
   <div class='ocr_carea' id='block_1_66' title="bbox 2223 3415 3853 3492">
    <p class='ocr_par' dir='ltr' id='par_1_66' title="bbox 2223 3415 3853 3492">
     <span class='ocr_line' id='line_1_67' title="bbox 2223 3415 3853 3492; baseline -0.004 -19"><span class='ocrx_word' id='word_1_376' title='bbox 2223 3418 2446 3490; x_wconf 88' lang='lat' dir='ltr'>scripto</span> <span class='ocrx_word' id='word_1_377' title='bbox 2479 3417 2930 3490; x_wconf 83' lang='lat' dir='ltr'>consignarunt,</span> <span class='ocrx_word' id='word_1_378' title='bbox 2955 3419 3155 3476; x_wconf 90' lang='lat' dir='ltr'>nullas</span> <span class='ocrx_word' id='word_1_379' title='bbox 3177 3427 3279 3476; x_wconf 90' lang='lat' dir='ltr'>aut</span> <span class='ocrx_word' id='word_1_380' title='bbox 3301 3437 3462 3492; x_wconf 89' lang='lat' dir='ltr'>pene</span> <span class='ocrx_word' id='word_1_381' title='bbox 3493 3418 3682 3475; x_wconf 90' lang='lat' dir='ltr'>nullas</span> <span class='ocrx_word' id='word_1_382' title='bbox 3712 3415 3853 3488; x_wconf 88' lang='lat' dir='ltr'>ejus-</span> 
     </span>
    </p>
   </div>
   <div class='ocr_carea' id='block_1_67' title="bbox 2225 3505 3854 3580">
    <p class='ocr_par' dir='ltr' id='par_1_67' title="bbox 2225 3505 3854 3580">
     <span class='ocr_line' id='line_1_68' title="bbox 2225 3505 3854 3580; baseline 0 -17"><span class='ocrx_word' id='word_1_383' title='bbox 2225 3506 2360 3563; x_wconf 92' lang='lat' dir='ltr'>dem</span> <span class='ocrx_word' id='word_1_384' title='bbox 2387 3507 2766 3579; x_wconf 80' lang='lat' dir='ltr'>episcopatus</span> <span class='ocrx_word' id='word_1_385' title='bbox 2785 3507 2972 3580; x_wconf 91' lang='lat' dir='ltr'>gradu</span> <span class='ocrx_word' id='word_1_386' title='bbox 2994 3509 3154 3564; x_wconf 91' lang='lat' dir='ltr'>aucti</span> <span class='ocrx_word' id='word_1_387' title='bbox 3172 3509 3460 3566; x_wconf 89' lang='lat' dir='ltr'>homilias</span> <span class='ocrx_word' id='word_1_388' title='bbox 3485 3526 3549 3565; x_wconf 86' lang='lat' dir='ltr'>ac</span> <span class='ocrx_word' id='word_1_389' title='bbox 3575 3505 3854 3560; x_wconf 51' lang='lat' dir='ltr'>conciones</span> 
     </span>
    </p>
   </div>
   <div class='ocr_carea' id='block_1_68' title="bbox 2227 3592 3850 3672">
    <p class='ocr_par' dir='ltr' id='par_1_68' title="bbox 2227 3592 3850 3672">
     <span class='ocr_line' id='line_1_69' title="bbox 2227 3592 3850 3672; baseline -0.005 -16"><span class='ocrx_word' id='word_1_390' title='bbox 2227 3599 2560 3672; x_wconf 87' lang='lat' dir='ltr'>posteritati</span> <span class='ocrx_word' id='word_1_391' title='bbox 2590 3615 2992 3655; x_wconf 86' lang='lat' dir='ltr'>conservasse.</span> <span class='ocrx_word' id='word_1_392' title='bbox 3018 3601 3153 3656; x_wconf 89' lang='lat' dir='ltr'>Tria</span> <span class='ocrx_word' id='word_1_393' title='bbox 3181 3606 3420 3657; x_wconf 89' lang='lat' dir='ltr'>tantum</span> <span class='ocrx_word' id='word_1_394' title='bbox 3455 3602 3676 3671; x_wconf 79' lang='lat' dir='ltr'>integra</span> <span class='ocrx_word' id='word_1_395' title='bbox 3701 3592 3850 3650; x_wconf 88' lang='lat' dir='ltr'>habe-</span> 
     </span>
    </p>
   </div>
   <div class='ocr_carea' id='block_1_69' title="bbox 2229 3685 3852 3764">
    <p class='ocr_par' dir='ltr' id='par_1_69' title="bbox 2229 3685 3852 3764">
     <span class='ocr_line' id='line_1_70' title="bbox 2229 3685 3852 3764; baseline -0.007 -20"><span class='ocrx_word' id='word_1_396' title='bbox 2229 3705 2362 3744; x_wconf 91' lang='lat' dir='ltr'>mus</span> <span class='ocrx_word' id='word_1_397' title='bbox 2392 3704 2677 3761; x_wconf 85' lang='lat' dir='ltr'>germana</span> <span class='ocrx_word' id='word_1_398' title='bbox 2708 3694 2767 3744; x_wconf 92' lang='lat' dir='ltr'>et</span> <span class='ocrx_word' id='word_1_399' title='bbox 2797 3688 3032 3746; x_wconf 85' lang='lat' dir='ltr'>sincera</span> <span class='ocrx_word' id='word_1_400' title='bbox 3058 3690 3262 3762; x_wconf 89' lang='lat' dir='ltr'>Cyrilli</span> <span class='ocrx_word' id='word_1_401' title='bbox 3293 3707 3514 3764; x_wconf 87' lang='lat' dir='ltr'>opera:</span> <span class='ocrx_word' id='word_1_402' title='bbox 3551 3685 3852 3744; x_wconf 85' lang='lat' dir='ltr'>catecheses</span> 
     </span>
    </p>
   </div>
   <div class='ocr_carea' id='block_1_70' title="bbox 2229 3769 3846 3849">
    <p class='ocr_par' dir='ltr' id='par_1_70' title="bbox 2229 3769 3846 3849">
     <span class='ocr_line' id='line_1_71' title="bbox 2229 3769 3846 3849; baseline -0.006 -17"><span class='ocrx_word' id='word_1_403' title='bbox 2229 3776 2303 3832; x_wconf 89' lang='lat' dir='ltr'>ad</span> <span class='ocrx_word' id='word_1_404' title='bbox 2334 3775 2765 3831; x_wconf 87' lang='lat' dir='ltr'>illuminandos</span> <span class='ocrx_word' id='word_1_405' title='bbox 2787 3776 2994 3832; x_wconf 89' lang='lat' dir='ltr'>decem</span> <span class='ocrx_word' id='word_1_406' title='bbox 3026 3783 3086 3833; x_wconf 93' lang='lat' dir='ltr'>et</span> <span class='ocrx_word' id='word_1_407' title='bbox 3115 3783 3246 3834; x_wconf 90' lang='lat' dir='ltr'>octo</span> <span class='ocrx_word' id='word_1_408' title='bbox 3269 3795 3382 3849; x_wconf 92' lang='lat' dir='ltr'>per</span> <span class='ocrx_word' id='word_1_409' title='bbox 3410 3783 3591 3835; x_wconf 89' lang='lat' dir='ltr'>totam</span> <span class='ocrx_word' id='word_1_410' title='bbox 3619 3769 3846 3840; x_wconf 78' lang='lat' dir='ltr'>Quadra~</span> 
     </span>
    </p>
   </div>
   <div class='ocr_carea' id='block_1_71' title="bbox 2227 3862 3847 3940">
    <p class='ocr_par' dir='ltr' id='par_1_71' title="bbox 2227 3862 3847 3940">
     <span class='ocr_line' id='line_1_72' title="bbox 2227 3862 3847 3940; baseline -0.005 -19"><span class='ocrx_word' id='word_1_411' title='bbox 2227 3866 2514 3940; x_wconf 87' lang='lat' dir='ltr'>gesimam</span> <span class='ocrx_word' id='word_1_412' title='bbox 2549 3864 2758 3928; x_wconf 88' lang='lat' dir='ltr'>dictas,</span> <span class='ocrx_word' id='word_1_413' title='bbox 2791 3871 2851 3921; x_wconf 89' lang='lat' dir='ltr'>et</span> <span class='ocrx_word' id='word_1_414' title='bbox 2877 3868 3310 3940; x_wconf 84' lang='lat' dir='ltr'>mystagogicas</span> <span class='ocrx_word' id='word_1_415' title='bbox 3345 3869 3609 3940; x_wconf 88' lang='lat' dir='ltr'>quinque</span> <span class='ocrx_word' id='word_1_416' title='bbox 3635 3862 3703 3919; x_wconf 89' lang='lat' dir='ltr'>ad</span> <span class='ocrx_word' id='word_1_417' title='bbox 3730 3873 3847 3916; x_wconf 85' lang='lat' dir='ltr'>neo-</span> 
     </span>
    </p>
   </div>
   <div class='ocr_carea' id='block_1_72' title="bbox 2228 3953 3852 4028">
    <p class='ocr_par' dir='ltr' id='par_1_72' title="bbox 2228 3953 3852 4028">
     <span class='ocr_line' id='line_1_73' title="bbox 2228 3953 3852 4028; baseline -0.005 -18"><span class='ocrx_word' id='word_1_418' title='bbox 2228 3957 2442 4028; x_wconf 88' lang='lat' dir='ltr'>phytos</span> <span class='ocrx_word' id='word_1_419' title='bbox 2474 3954 2724 4026; x_wconf 79' lang='lat' dir='ltr'>singulis</span> <span class='ocrx_word' id='word_1_420' title='bbox 2757 3955 3061 4011; x_wconf 88' lang='lat' dir='ltr'>Paschalis</span> <span class='ocrx_word' id='word_1_421' title='bbox 3093 3956 3487 4014; x_wconf 63' lang='lat' dir='ltr'>hebdomadas</span> <span class='ocrx_word' id='word_1_422' title='bbox 3517 3953 3716 4011; x_wconf 89' lang='lat' dir='ltr'>diebus</span> <span class='ocrx_word' id='word_1_423' title='bbox 3735 3961 3852 4020; x_wconf 88' lang='lat' dir='ltr'>pro-</span> 
     </span>
    </p>
   </div>
   <div class='ocr_carea' id='block_1_73' title="bbox 2225 4034 3848 4119">
    <p class='ocr_par' dir='ltr' id='par_1_73' title="bbox 2225 4034 3848 4119">
     <span class='ocr_line' id='line_1_74' title="bbox 2225 4034 3848 4119; baseline -0.005 -18"><span class='ocrx_word' id='word_1_424' title='bbox 2225 4045 2549 4101; x_wconf 90' lang='lat' dir='ltr'>nuntiatas.</span> <span class='ocrx_word' id='word_1_425' title='bbox 2583 4044 2860 4116; x_wconf 91' lang='lat' dir='ltr'>Sequitur</span> <span class='ocrx_word' id='word_1_426' title='bbox 2891 4045 3141 4101; x_wconf 89' lang='lat' dir='ltr'>homilia</span> <span class='ocrx_word' id='word_1_427' title='bbox 3185 4048 3244 4101; x_wconf 87' lang='lat' dir='ltr'>in</span> <span class='ocrx_word' id='word_1_428' title='bbox 3285 4046 3656 4119; x_wconf 80' lang='lat' dir='ltr'>paralyticum</span> <span class='ocrx_word' id='word_1_429' title='bbox 3683 4037 3750 4096; x_wconf 90' lang='lat' dir='ltr'>ad</span> <span class='ocrx_word' id='word_1_430' title='bbox 3777 4034 3848 4106; x_wconf 89' lang='lat' dir='ltr'>pi-</span> 
     </span>
    </p>
   </div>
   <div class='ocr_carea' id='block_1_74' title="bbox 2227 4123 3846 4209">
    <p class='ocr_par' dir='ltr' id='par_1_74' title="bbox 2227 4123 3846 4209">
     <span class='ocr_line' id='line_1_75' title="bbox 2227 4123 3846 4209; baseline -0.008 -18"><span class='ocrx_word' id='word_1_431' title='bbox 2227 4135 2455 4191; x_wconf 88' lang='lat' dir='ltr'>scinam</span> <span class='ocrx_word' id='word_1_432' title='bbox 2478 4134 2779 4206; x_wconf 87' lang='lat' dir='ltr'>jacentem</span> <span class='ocrx_word' id='word_1_433' title='bbox 2809 4151 2822 4188; x_wconf 92' lang='lat'>:</span> <span class='ocrx_word' id='word_1_434' title='bbox 2851 4151 3028 4205; x_wconf 88' lang='lat' dir='ltr'>quam</span> <span class='ocrx_word' id='word_1_435' title='bbox 3061 4135 3146 4190; x_wconf 88' lang='lat' dir='ltr'>uti</span> <span class='ocrx_word' id='word_1_436' title='bbox 3175 4152 3210 4191; x_wconf 87' lang='lat' dir='ltr'>a</span> <span class='ocrx_word' id='word_1_437' title='bbox 3239 4135 3461 4209; x_wconf 89' lang='lat' dir='ltr'>Cyrillo</span> <span class='ocrx_word' id='word_1_438' title='bbox 3490 4133 3675 4189; x_wconf 87' lang='lat' dir='ltr'>adhuc</span> <span class='ocrx_word' id='word_1_439' title='bbox 3703 4123 3846 4182; x_wconf 88' lang='lat' dir='ltr'>indu-</span> 
     </span>
    </p>
   </div>
   <div class='ocr_carea' id='block_1_75' title="bbox 2226 4213 3846 4297">
    <p class='ocr_par' dir='ltr' id='par_1_75' title="bbox 2226 4213 3846 4297">
     <span class='ocr_line' id='line_1_76' title="bbox 2226 4213 3846 4297; baseline -0.007 -16"><span class='ocrx_word' id='word_1_440' title='bbox 2226 4223 2408 4280; x_wconf 87' lang='lat' dir='ltr'>bitate</span> <span class='ocrx_word' id='word_1_441' title='bbox 2427 4223 2775 4296; x_wconf 85' lang='lat' dir='ltr'>presbytero</span> <span class='ocrx_word' id='word_1_442' title='bbox 2797 4223 3358 4297; x_wconf 70' lang='lat' dir='ltr'>habitam,epistolze</span> <span class='ocrx_word' id='word_1_443' title='bbox 3377 4226 3452 4282; x_wconf 88' lang='lat' dir='ltr'>ad</span> <span class='ocrx_word' id='word_1_444' title='bbox 3472 4213 3846 4279; x_wconf 87' lang='lat' dir='ltr'>Constantium</span> 
     </span>
    </p>
   </div>
   <div class='ocr_carea' id='block_1_76' title="bbox 2218 4306 3844 4390">
    <p class='ocr_par' dir='ltr' id='par_1_76' title="bbox 2218 4306 3844 4390">
     <span class='ocr_line' id='line_1_77' title="bbox 2218 4306 3844 4390; baseline -0.01 -18"><span class='ocrx_word' id='word_1_445' title='bbox 2218 4317 2960 4390; x_wconf 52' lang='lat' dir='ltr'>praposuimusﬁuccedit</span> <span class='ocrx_word' id='word_1_446' title='bbox 2984 4317 3224 4373; x_wconf 90' lang='lat' dir='ltr'>demum</span> <span class='ocrx_word' id='word_1_447' title='bbox 3251 4317 3357 4373; x_wconf 88' lang='lat' dir='ltr'>illa</span> <span class='ocrx_word' id='word_1_448' title='bbox 3376 4317 3448 4373; x_wconf 89' lang='lat' dir='ltr'>ad</span> <span class='ocrx_word' id='word_1_449' title='bbox 3472 4306 3844 4370; x_wconf 89' lang='lat' dir='ltr'>Constantium</span> 
     </span>
    </p>
   </div>
   <div class='ocr_carea' id='block_1_77' title="bbox 2219 4397 3844 4489">
    <p class='ocr_par' dir='ltr' id='par_1_77' title="bbox 2219 4397 3844 4489">
     <span class='ocr_line' id='line_1_78' title="bbox 2219 4397 3844 4489; baseline -0.006 -25"><span class='ocrx_word' id='word_1_450' title='bbox 2219 4407 2492 4480; x_wconf 89' lang='lat' dir='ltr'>epistola,</span> <span class='ocrx_word' id='word_1_451' title='bbox 2525 4424 2658 4480; x_wconf 83' lang='lat' dir='ltr'>quae</span> <span class='ocrx_word' id='word_1_452' title='bbox 2704 4407 2878 4462; x_wconf 91' lang='lat' dir='ltr'>initio</span> <span class='ocrx_word' id='word_1_453' title='bbox 2924 4409 3306 4480; x_wconf 87' lang='lat' dir='ltr'>episcopatus</span> <span class='ocrx_word' id='word_1_454' title='bbox 3334 4408 3408 4464; x_wconf 91' lang='lat' dir='ltr'>ab</span> <span class='ocrx_word' id='word_1_455' title='bbox 3439 4407 3566 4478; x_wconf 86' lang='lat' dir='ltr'>ipso</span> <span class='ocrx_word' id='word_1_456' title='bbox 3597 4403 3724 4489; x_wconf 76' lang='lat' dir='ltr'>data</span> <span class='ocrx_word' id='word_1_457' title='bbox 3751 4397 3844 4489; x_wconf 49' lang='lat' dir='ltr'>es}-</span> 
     </span>
    </p>
   </div>
   <div class='ocr_carea' id='block_1_78' title="bbox 2219 4479 3842 4554">
    <p class='ocr_par' dir='ltr' id='par_1_78' title="bbox 2219 4479 3842 4554">
     <span class='ocr_line' id='line_1_79' title="bbox 2219 4479 3842 4554; baseline -0.011 0"><span class='ocrx_word' id='word_1_458' title='bbox 2219 4479 2624 4554; x_wconf 85' lang='lat' dir='ltr'>Catecheseon</span> <span class='ocrx_word' id='word_1_459' title='bbox 2653 4495 2966 4552; x_wconf 89' lang='lat' dir='ltr'>veritatem</span> <span class='ocrx_word' id='word_1_460' title='bbox 2999 4496 3060 4552; x_wconf 91' lang='lat' dir='ltr'>in</span> <span class='ocrx_word' id='word_1_461' title='bbox 3095 4479 3204 4552; x_wconf 82' lang='lat' dir='ltr'>hac</span> <span class='ocrx_word' id='word_1_462' title='bbox 3236 4494 3650 4553; x_wconf 89' lang='lat' dir='ltr'>dissertatione</span> <span class='ocrx_word' id='word_1_463' title='bbox 3681 4479 3842 4540; x_wconf 84' lang='lat' dir='ltr'>vindi-</span> 
     </span>
    </p>
   </div>
   <div class='ocr_carea' id='block_1_79' title="bbox 373 4570 3844 4662">
    <p class='ocr_par' dir='ltr' id='par_1_79' title="bbox 373 4570 3844 4662">
     <span class='ocr_line' id='line_1_80' title="bbox 373 4570 3844 4662; baseline 0 -28"><span class='ocrx_word' id='word_1_464' title='bbox 373 4631 376 4634; x_wconf 83' lang='lat'>.</span> <span class='ocrx_word' id='word_1_465' title='bbox 459 4596 576 4652; x_wconf 88' lang='lat' dir='ltr'>quo</span> <span class='ocrx_word' id='word_1_466' title='bbox 610 4580 856 4652; x_wconf 66' lang='lat' dir='ltr'>praecise</span> <span class='ocrx_word' id='word_1_467' title='bbox 888 4597 1066 4650; x_wconf 89' lang='lat' dir='ltr'>anno,</span> <span class='ocrx_word' id='word_1_468' title='bbox 1123 4588 1180 4637; x_wconf 90' lang='lat' dir='ltr'>et</span> <span class='ocrx_word' id='word_1_469' title='bbox 1231 4588 1518 4656; x_wconf 88' lang='lat' dir='ltr'>tempore,</span> <span class='ocrx_word' id='word_1_470' title='bbox 1563 4581 1779 4656; x_wconf 91' lang='lat' dir='ltr'>quibus</span> <span class='ocrx_word' id='word_1_471' title='bbox 1809 4584 2020 4641; x_wconf 91' lang='lat' dir='ltr'>diebus</span> <span class='ocrx_word' id='word_1_472' title='bbox 2051 4591 2112 4641; x_wconf 89' lang='lat' dir='ltr'>et</span> <span class='ocrx_word' id='word_1_473' title='bbox 2141 4597 2186 4662; x_wconf 74' lang='grc' dir='ltr'>ι)</span> <span class='ocrx_word' id='word_1_474' title='bbox 2218 4587 2526 4645; x_wconf 88' lang='lat' dir='ltr'>cabimus:</span> <span class='ocrx_word' id='word_1_475' title='bbox 2561 4586 2813 4644; x_wconf 89' lang='lat' dir='ltr'>aliorum</span> <span class='ocrx_word' id='word_1_476' title='bbox 2872 4604 3006 4642; x_wconf 88' lang='lat' dir='ltr'>vero</span> <span class='ocrx_word' id='word_1_477' title='bbox 3063 4586 3318 4644; x_wconf 89' lang='lat' dir='ltr'>duorum</span> <span class='ocrx_word' id='word_1_478' title='bbox 3360 4583 3764 4660; x_wconf 87' lang='lat' dir='ltr'>opusculorum</span> <span class='ocrx_word' id='word_1_479' title='bbox 3793 4570 3844 4624; x_wconf 76' lang='lat' dir='ltr'>in</span> 
     </span>
    </p>
   </div>
   <div class='ocr_carea' id='block_1_80' title="bbox 459 4667 2108 4748">
    <p class='ocr_par' dir='ltr' id='par_1_80' title="bbox 459 4667 2108 4748">
     <span class='ocr_line' id='line_1_81' title="bbox 459 4667 2108 4748; baseline 0.005 -24"><span class='ocrx_word' id='word_1_480' title='bbox 459 4667 644 4737; x_wconf 90' lang='lat' dir='ltr'>horis,</span> <span class='ocrx_word' id='word_1_481' title='bbox 671 4687 740 4726; x_wconf 90' lang='lat' dir='ltr'>ac</span> <span class='ocrx_word' id='word_1_482' title='bbox 763 4670 981 4743; x_wconf 89' lang='lat' dir='ltr'>quibus</span> <span class='ocrx_word' id='word_1_483' title='bbox 1007 4671 1471 4728; x_wconf 85' lang='lat' dir='ltr'>circumstantiis</span> <span class='ocrx_word' id='word_1_484' title='bbox 1503 4672 1695 4731; x_wconf 67' lang='lat' dir='ltr'>dictas.</span> <span class='ocrx_word' id='word_1_485' title='bbox 1717 4675 1864 4730; x_wconf 87' lang='lat' dir='ltr'>Tum</span> <span class='ocrx_word' id='word_1_486' title='bbox 1894 4674 1969 4730; x_wconf 93' lang='lat' dir='ltr'>de</span> <span class='ocrx_word' id='word_1_487' title='bbox 2000 4675 2108 4748; x_wconf 84' lang='lat' dir='ltr'>Cy-</span> 
     </span>
    </p>
   </div>
   <div class='ocr_carea' id='block_1_81' title="bbox 457 4756 2106 4836">
    <p class='ocr_par' dir='ltr' id='par_1_81' title="bbox 457 4756 2106 4836">
     <span class='ocr_line' id='line_1_82' title="bbox 457 4756 2106 4836; baseline 0.005 -24"><span class='ocrx_word' id='word_1_488' title='bbox 457 4756 698 4813; x_wconf 86' lang='lat' dir='ltr'>rilliana</span> <span class='ocrx_word' id='word_1_489' title='bbox 729 4758 980 4814; x_wconf 85' lang='lat' dir='ltr'>docendi</span> <span class='ocrx_word' id='word_1_490' title='bbox 1012 4775 1080 4814; x_wconf 91' lang='lat' dir='ltr'>ac</span> <span class='ocrx_word' id='word_1_491' title='bbox 1111 4759 1346 4816; x_wconf 91' lang='lat' dir='ltr'>dicendi</span> <span class='ocrx_word' id='word_1_492' title='bbox 1368 4761 1620 4826; x_wconf 87' lang='lat' dir='ltr'>ratione,</span> <span class='ocrx_word' id='word_1_493' title='bbox 1643 4761 2010 4836; x_wconf 90' lang='lat' dir='ltr'>adjumentis</span> <span class='ocrx_word' id='word_1_494' title='bbox 2033 4765 2106 4821; x_wconf 89' lang='lat' dir='ltr'>ab</span> 
     </span>
    </p>
   </div>
   <div class='ocr_carea' id='block_1_82' title="bbox 456 4846 2106 4925">
    <p class='ocr_par' dir='ltr' id='par_1_82' title="bbox 456 4846 2106 4925">
     <span class='ocr_line' id='line_1_83' title="bbox 456 4846 2106 4925; baseline 0.006 -23"><span class='ocrx_word' id='word_1_495' title='bbox 456 4846 586 4920; x_wconf 89' lang='lat' dir='ltr'>ipso</span> <span class='ocrx_word' id='word_1_496' title='bbox 617 4847 921 4916; x_wconf 89' lang='lat' dir='ltr'>adhibitis,</span> <span class='ocrx_word' id='word_1_497' title='bbox 947 4865 1014 4905; x_wconf 91' lang='lat' dir='ltr'>ac</span> <span class='ocrx_word' id='word_1_498' title='bbox 1035 4849 1107 4906; x_wconf 91' lang='lat' dir='ltr'>de</span> <span class='ocrx_word' id='word_1_499' title='bbox 1131 4850 1284 4922; x_wconf 88' lang='lat' dir='ltr'>stylo</span> <span class='ocrx_word' id='word_1_500' title='bbox 1308 4851 1548 4907; x_wconf 90' lang='lat' dir='ltr'>tandem</span> <span class='ocrx_word' id='word_1_501' title='bbox 1578 4851 1809 4925; x_wconf 90' lang='lat' dir='ltr'>loquar.</span> <span class='ocrx_word' id='word_1_502' title='bbox 1845 4853 1937 4910; x_wconf 85' lang='lat' dir='ltr'>Ab’</span> <span class='ocrx_word' id='word_1_503' title='bbox 1963 4871 2106 4912; x_wconf 89' lang='lat' dir='ltr'>enu-</span> 
     </span>
    </p>
   </div>
   <div class='ocr_carea' id='block_1_83' title="bbox 453 4937 1506 5012">
    <p class='ocr_par' dir='ltr' id='par_1_83' title="bbox 453 4937 1506 5012">
     <span class='ocr_line' id='line_1_84' title="bbox 453 4937 1506 5012; baseline 0.004 -20"><span class='ocrx_word' id='word_1_504' title='bbox 453 4937 786 4994; x_wconf 89' lang='lat' dir='ltr'>meratione</span> <span class='ocrx_word' id='word_1_505' title='bbox 818 4939 1178 5012; x_wconf 86' lang='lat' dir='ltr'>scriptorum</span> <span class='ocrx_word' id='word_1_506' title='bbox 1209 4940 1506 4996; x_wconf 83' lang='lat' dir='ltr'>exordior.</span> 
     </span>
    </p>
   </div>
   <div class='ocr_carea' id='block_1_84' title="bbox 523 5026 2107 5102">
    <p class='ocr_par' dir='ltr' id='par_1_84' title="bbox 523 5026 2107 5102">
     <span class='ocr_line' id='line_1_85' title="bbox 523 5026 2107 5102; baseline 0.006 -24"><span class='ocrx_word' id='word_1_507' title='bbox 523 5028 574 5078; x_wconf 79' lang='lat'>2.</span> <span class='ocrx_word' id='word_1_508' title='bbox 616 5027 810 5082; x_wconf 88' lang='lat' dir='ltr'>Pauca</span> <span class='ocrx_word' id='word_1_509' title='bbox 838 5026 913 5082; x_wconf 92' lang='lat' dir='ltr'>ad</span> <span class='ocrx_word' id='word_1_510' title='bbox 937 5043 1045 5082; x_wconf 92' lang='lat' dir='ltr'>nos</span> <span class='ocrx_word' id='word_1_511' title='bbox 1060 5028 1270 5102; x_wconf 68' lang='lat' dir='ltr'>L‘yrilli</span> <span class='ocrx_word' id='word_1_512' title='bbox 1296 5029 1518 5101; x_wconf 91' lang='lat' dir='ltr'>scripta</span> <span class='ocrx_word' id='word_1_513' title='bbox 1543 5037 1968 5102; x_wconf 88' lang='lat' dir='ltr'>pervenerunt:</span> <span class='ocrx_word' id='word_1_514' title='bbox 1995 5049 2107 5088; x_wconf 90' lang='lat' dir='ltr'>nec</span> 
     </span>
    </p>
   </div>
   <div class='ocr_carea' id='block_1_85' title="bbox 451 5111 2102 5190">
    <p class='ocr_par' dir='ltr' id='par_1_85' title="bbox 451 5111 2102 5190">
     <span class='ocr_line' id='line_1_86' title="bbox 451 5111 2102 5190; baseline 0.007 -24"><span class='ocrx_word' id='word_1_515' title='bbox 451 5111 640 5166; x_wconf 90' lang='lat' dir='ltr'>multo</span> <span class='ocrx_word' id='word_1_516' title='bbox 663 5114 837 5184; x_wconf 89' lang='lat' dir='ltr'>plura</span> <span class='ocrx_word' id='word_1_517' title='bbox 856 5114 929 5170; x_wconf 87' lang='lat' dir='ltr'>ab</span> <span class='ocrx_word' id='word_1_518' title='bbox 953 5131 1020 5172; x_wconf 92' lang='lat' dir='ltr'>eo</span> <span class='ocrx_word' id='word_1_519' title='bbox 1039 5117 1370 5190; x_wconf 89' lang='lat' dir='ltr'>composita</span> <span class='ocrx_word' id='word_1_520' title='bbox 1387 5117 1593 5183; x_wconf 90' lang='lat' dir='ltr'>fuisse,</span> <span class='ocrx_word' id='word_1_521' title='bbox 1612 5119 1754 5175; x_wconf 90' lang='lat' dir='ltr'>ullis</span> <span class='ocrx_word' id='word_1_522' title='bbox 1776 5121 1954 5176; x_wconf 90' lang='lat' dir='ltr'>certis</span> <span class='ocrx_word' id='word_1_523' title='bbox 1975 5138 2102 5176; x_wconf 90' lang='lat' dir='ltr'>mo-</span> 
     </span>
    </p>
   </div>
   <div class='ocr_carea' id='block_1_86' title="bbox 453 5203 2108 5282">
    <p class='ocr_par' dir='ltr' id='par_1_86' title="bbox 453 5203 2108 5282">
     <span class='ocr_line' id='line_1_87' title="bbox 453 5203 2108 5282; baseline 0.005 -26"><span class='ocrx_word' id='word_1_524' title='bbox 453 5203 758 5257; x_wconf 86' lang='lat' dir='ltr'>numentis</span> <span class='ocrx_word' id='word_1_525' title='bbox 791 5207 1071 5259; x_wconf 83' lang='lat' dir='ltr'>testatum</span> <span class='ocrx_word' id='word_1_526' title='bbox 1103 5212 1210 5262; x_wconf 91' lang='lat' dir='ltr'>est.</span> <span class='ocrx_word' id='word_1_527' title='bbox 1244 5207 1540 5280; x_wconf 86' lang='lat' dir='ltr'>Quidquid</span> <span class='ocrx_word' id='word_1_528' title='bbox 1572 5207 1644 5263; x_wconf 89' lang='lat' dir='ltr'>ab</span> <span class='ocrx_word' id='word_1_529' title='bbox 1677 5225 1745 5263; x_wconf 91' lang='lat' dir='ltr'>eo</span> <span class='ocrx_word' id='word_1_530' title='bbox 1775 5209 2017 5282; x_wconf 90' lang='lat' dir='ltr'>genuini</span> <span class='ocrx_word' id='word_1_531' title='bbox 2049 5214 2108 5266; x_wconf 88' lang='lat' dir='ltr'>et</span> 
     </span>
    </p>
   </div>
   <div class='ocr_carea' id='block_1_87' title="bbox 454 5288 2105 5370">
    <p class='ocr_par' dir='ltr' id='par_1_87' title="bbox 454 5288 2105 5370">
     <span class='ocr_line' id='line_1_88' title="bbox 454 5288 2105 5370; baseline 0.005 -26"><span class='ocrx_word' id='word_1_532' title='bbox 454 5288 671 5344; x_wconf 73' lang='lat' dir='ltr'>sinceri</span> <span class='ocrx_word' id='word_1_533' title='bbox 699 5291 1008 5358; x_wconf 84' lang='lat' dir='ltr'>habemus,</span> <span class='ocrx_word' id='word_1_534' title='bbox 1030 5299 1166 5350; x_wconf 85' lang='lat' dir='ltr'>ante</span> <span class='ocrx_word' id='word_1_535' title='bbox 1189 5296 1596 5368; x_wconf 85' lang='lat' dir='ltr'>episcopatum</span> <span class='ocrx_word' id='word_1_536' title='bbox 1621 5297 1750 5368; x_wconf 88' lang='lat' dir='ltr'>ejus</span> <span class='ocrx_word' id='word_1_537' title='bbox 1771 5304 1874 5353; x_wconf 89' lang='lat' dir='ltr'>aut</span> <span class='ocrx_word' id='word_1_538' title='bbox 1891 5299 1953 5353; x_wconf 92' lang='lat' dir='ltr'>in</span> <span class='ocrx_word' id='word_1_539' title='bbox 1976 5299 2105 5370; x_wconf 89' lang='lat' dir='ltr'>ipso</span> 
     </span>
    </p>
   </div>
   <div class='ocr_carea' id='block_1_88' title="bbox 451 5377 2110 5455">
    <p class='ocr_par' dir='ltr' id='par_1_88' title="bbox 451 5377 2110 5455">
     <span class='ocr_line' id='line_1_89' title="bbox 451 5377 2110 5455; baseline 0.006 -23"><span class='ocrx_word' id='word_1_540' title='bbox 451 5377 830 5450; x_wconf 85' lang='lat' dir='ltr'>episcopatus</span> <span class='ocrx_word' id='word_1_541' title='bbox 852 5380 1023 5436; x_wconf 90' lang='lat' dir='ltr'>initio</span> <span class='ocrx_word' id='word_1_542' title='bbox 1045 5384 1330 5455; x_wconf 89' lang='lat' dir='ltr'>scriptum</span> <span class='ocrx_word' id='word_1_543' title='bbox 1357 5390 1463 5440; x_wconf 92' lang='lat' dir='ltr'>est.</span> <span class='ocrx_word' id='word_1_544' title='bbox 1489 5387 1699 5442; x_wconf 79' lang='lat' dir='ltr'>Mirum</span> <span class='ocrx_word' id='word_1_545' title='bbox 1724 5403 1887 5453; x_wconf 85' lang='lat' dir='ltr'>sane,</span> <span class='ocrx_word' id='word_1_546' title='bbox 1912 5387 2110 5443; x_wconf 85' lang='lat' dir='ltr'>homi-</span> 
     </span>
    </p>
   </div>
   <div class='ocr_carea' id='block_1_89' title="bbox 454 5467 2108 5542">
    <p class='ocr_par' dir='ltr' id='par_1_89' title="bbox 454 5467 2108 5542">
     <span class='ocr_line' id='line_1_90' title="bbox 454 5467 2108 5542; baseline 0.005 -20"><span class='ocrx_word' id='word_1_547' title='bbox 454 5482 596 5522; x_wconf 89' lang='lat' dir='ltr'>nem</span> <span class='ocrx_word' id='word_1_548' title='bbox 628 5467 700 5522; x_wconf 84' lang='lat' dir='ltr'>ab</span> <span class='ocrx_word' id='word_1_549' title='bbox 724 5470 1038 5540; x_wconf 88' lang='lat' dir='ltr'>juventute</span> <span class='ocrx_word' id='word_1_550' title='bbox 1067 5472 1198 5542; x_wconf 90' lang='lat' dir='ltr'>ipsa</span> <span class='ocrx_word' id='word_1_551' title='bbox 1236 5473 1299 5528; x_wconf 89' lang='lat' dir='ltr'>in</span> <span class='ocrx_word' id='word_1_552' title='bbox 1340 5473 1594 5530; x_wconf 88' lang='lat' dir='ltr'>dicendo</span> <span class='ocrx_word' id='word_1_553' title='bbox 1622 5475 2008 5532; x_wconf 83' lang='lat' dir='ltr'>exercitatum</span> <span class='ocrx_word' id='word_1_554' title='bbox 2040 5493 2108 5532; x_wconf 88' lang='lat' dir='ltr'>ac</span> 
     </span>
    </p>
   </div>
   <div class='ocr_carea' id='block_1_90' title="bbox 454 5553 2106 5632">
    <p class='ocr_par' dir='ltr' id='par_1_90' title="bbox 454 5553 2106 5632">
     <span class='ocr_line' id='line_1_91' title="bbox 454 5553 2106 5632; baseline 0.006 -21"><span class='ocrx_word' id='word_1_555' title='bbox 454 5553 790 5619; x_wconf 85' lang='lat' dir='ltr'>subactum,</span> <span class='ocrx_word' id='word_1_556' title='bbox 824 5557 1059 5613; x_wconf 90' lang='lat' dir='ltr'>nullum</span> <span class='ocrx_word' id='word_1_557' title='bbox 1099 5561 1220 5617; x_wconf 91' lang='lat' dir='ltr'>fere</span> <span class='ocrx_word' id='word_1_558' title='bbox 1270 5561 1332 5618; x_wconf 91' lang='lat' dir='ltr'>in</span> <span class='ocrx_word' id='word_1_559' title='bbox 1381 5570 1545 5620; x_wconf 87' lang='lat' dir='ltr'>tanta</span> <span class='ocrx_word' id='word_1_560' title='bbox 1585 5581 1880 5620; x_wconf 88' lang='lat' dir='ltr'>annorum</span> <span class='ocrx_word' id='word_1_561' title='bbox 1931 5565 2106 5632; x_wconf 90' lang='lat' dir='ltr'>serie,</span> 
     </span>
    </p>
   </div>
   <div class='ocr_carea' id='block_1_91' title="bbox 445 5643 2106 5730">
    <p class='ocr_par' dir='ltr' id='par_1_91' title="bbox 445 5643 2106 5730">
     <span class='ocr_line' id='line_1_92' title="bbox 445 5643 2106 5730; baseline 0.008 -33"><span class='ocrx_word' id='word_1_562' title='bbox 445 5643 662 5718; x_wconf 88' lang='lat' dir='ltr'>quibus</span> <span class='ocrx_word' id='word_1_563' title='bbox 708 5647 1095 5706; x_wconf 70' lang='lat' dir='ltr'>nobilissimas</span> <span class='ocrx_word' id='word_1_564' title='bbox 1145 5650 1422 5708; x_wconf 68' lang='lat' dir='ltr'>Ecclesia:</span> <span class='ocrx_word' id='word_1_565' title='bbox 1467 5653 1725 5727; x_wconf 76' lang='lat' dir='ltr'>praefuit,</span> <span class='ocrx_word' id='word_1_566' title='bbox 1759 5655 1849 5712; x_wconf 89' lang='lat' dir='ltr'>sui</span> <span class='ocrx_word' id='word_1_567' title='bbox 1879 5654 2106 5730; x_wconf 79' lang='lat' dir='ltr'>ingenii</span> 
     </span>
    </p>
   </div>
   <div class='ocr_carea' id='block_1_92' title="bbox 2219 4676 3076 4750">
    <p class='ocr_par' dir='ltr' id='par_1_92' title="bbox 2219 4676 3076 4750">
     <span class='ocr_line' id='line_1_93' title="bbox 2219 4676 3076 4750; baseline -0.002 -16"><span class='ocrx_word' id='word_1_568' title='bbox 2219 4677 2446 4734; x_wconf 90' lang='lat' dir='ltr'>monito</span> <span class='ocrx_word' id='word_1_569' title='bbox 2479 4676 2704 4733; x_wconf 86' lang='lat' dir='ltr'>eisdem</span> <span class='ocrx_word' id='word_1_570' title='bbox 2734 4678 3076 4750; x_wconf 64' lang='lat' dir='ltr'>praeposito.</span> 
     </span>
    </p>
   </div>
   <div class='ocr_carea' id='block_1_93' title="bbox 2291 4765 3845 4840">
    <p class='ocr_par' dir='ltr' id='par_1_93' title="bbox 2291 4765 3845 4840">
     <span class='ocr_line' id='line_1_94' title="bbox 2291 4765 3845 4840; baseline -0.001 -18"><span class='ocrx_word' id='word_1_571' title='bbox 2291 4769 2343 4823; x_wconf 91' lang='lat'>3.</span> <span class='ocrx_word' id='word_1_572' title='bbox 2380 4765 2836 4838; x_wconf 90' lang='lat' dir='ltr'>Deperditorum</span> <span class='ocrx_word' id='word_1_573' title='bbox 2859 4767 3062 4840; x_wconf 86' lang='lat' dir='ltr'>Cyrilli</span> <span class='ocrx_word' id='word_1_574' title='bbox 3092 4773 3616 4826; x_wconf 88' lang='lat' dir='ltr'>monumentorum</span> <span class='ocrx_word' id='word_1_575' title='bbox 3645 4769 3845 4840; x_wconf 58' lang='lat' dir='ltr'>meum:</span> 
     </span>
    </p>
   </div>
   <div class='ocr_carea' id='block_1_94' title="bbox 2217 4837 3841 4930">
    <p class='ocr_par' dir='ltr' id='par_1_94' title="bbox 2217 4837 3841 4930">
     <span class='ocr_line' id='line_1_95' title="bbox 2217 4837 3841 4930; baseline -0.002 -18"><span class='ocrx_word' id='word_1_576' title='bbox 2217 4857 2308 4912; x_wconf 89' lang='lat' dir='ltr'>ria</span> <span class='ocrx_word' id='word_1_577' title='bbox 2337 4861 2428 4912; x_wconf 91' lang='lat' dir='ltr'>est</span> <span class='ocrx_word' id='word_1_578' title='bbox 2458 4837 2520 4910; x_wconf 85' lang='lat' dir='ltr'>in</span> <span class='ocrx_word' id='word_1_579' title='bbox 2549 4837 3205 4929; x_wconf 34' lang='lat' dir='ltr'>fragmentis&#39;modicis,</span> <span class='ocrx_word' id='word_1_580' title='bbox 3239 4875 3371 4930; x_wconf 71' lang='lat' dir='ltr'>qum</span> <span class='ocrx_word' id='word_1_581' title='bbox 3405 4861 3626 4912; x_wconf 86' lang='lat' dir='ltr'>veteres</span> <span class='ocrx_word' id='word_1_582' title='bbox 3656 4837 3841 4920; x_wconf 76' lang='lat' dir='ltr'>[XCIV]</span> 
     </span>
    </p>
   </div>
   <div class='ocr_carea' id='block_1_95' title="bbox 2218 4935 3842 5027">
    <p class='ocr_par' dir='ltr' id='par_1_95' title="bbox 2218 4935 3842 5027">
     <span class='ocr_line' id='line_1_96' title="bbox 2218 4935 3842 5027; baseline -0.001 -25"><span class='ocrx_word' id='word_1_583' title='bbox 2218 4961 2661 5003; x_wconf 87' lang='lat' dir='ltr'>conservavere.</span> <span class='ocrx_word' id='word_1_584' title='bbox 2689 4945 3022 5002; x_wconf 90' lang='lat' dir='ltr'>Concilium</span> <span class='ocrx_word' id='word_1_585' title='bbox 3056 4946 3474 5014; x_wconf 88' lang='lat' dir='ltr'>Lateranense,</span> <span class='ocrx_word' id='word_1_586' title='bbox 3508 4944 3560 4999; x_wconf 89' lang='lat' dir='ltr'>S.</span> <span class='ocrx_word' id='word_1_587' title='bbox 3586 4935 3842 5027; x_wconf 44' lang='lat' dir='ltr'>Malim“?s</span> 
     </span>
    </p>
   </div>
   <div class='ocr_carea' id='block_1_96' title="bbox 2218 5023 3840 5116">
    <p class='ocr_par' dir='ltr' id='par_1_96' title="bbox 2218 5023 3840 5116">
     <span class='ocr_line' id='line_1_97' title="bbox 2218 5023 3840 5116; baseline -0.009 -26"><span class='ocrx_word' id='word_1_588' title='bbox 2218 5039 2464 5107; x_wconf 83' lang='lat' dir='ltr'>martyr,</span> <span class='ocrx_word' id='word_1_589' title='bbox 2498 5039 2556 5090; x_wconf 91' lang='lat' dir='ltr'>et</span> <span class='ocrx_word' id='word_1_590' title='bbox 2585 5039 2792 5090; x_wconf 89' lang='lat' dir='ltr'>auctor</span> <span class='ocrx_word' id='word_1_591' title='bbox 2833 5051 3170 5109; x_wconf 87' lang='lat' dir='ltr'>anonymus</span> <span class='ocrx_word' id='word_1_592' title='bbox 3218 5037 3434 5094; x_wconf 71' lang='lat' dir='ltr'>saaculo</span> <span class='ocrx_word' id='word_1_593' title='bbox 3483 5036 3676 5088; x_wconf 87' lang='lat' dir='ltr'>octavo</span> <span class='ocrx_word' id='word_1_594' title='bbox 3705 5023 3840 5116; x_wconf 68' lang='lat' dir='ltr'>anti-</span> 
     </span>
    </p>
   </div>
   <div class='ocr_carea' id='block_1_97' title="bbox 2217 5111 3838 5197">
    <p class='ocr_par' dir='ltr' id='par_1_97' title="bbox 2217 5111 3838 5197">
     <span class='ocr_line' id='line_1_98' title="bbox 2217 5111 3838 5197; baseline -0.012 -16"><span class='ocrx_word' id='word_1_595' title='bbox 2217 5124 2391 5196; x_wconf 89' lang='lat' dir='ltr'>quior</span> <span class='ocrx_word' id='word_1_596' title='bbox 2419 5123 2482 5180; x_wconf 92' lang='lat' dir='ltr'>in</span> <span class='ocrx_word' id='word_1_597' title='bbox 2512 5140 2690 5197; x_wconf 90' lang='lat' dir='ltr'>opere</span> <span class='ocrx_word' id='word_1_598' title='bbox 2719 5124 2988 5180; x_wconf 91' lang='lat' dir='ltr'>nondum</span> <span class='ocrx_word' id='word_1_599' title='bbox 3037 5125 3219 5194; x_wconf 91' lang='lat' dir='ltr'>edito,</span> <span class='ocrx_word' id='word_1_600' title='bbox 3251 5125 3367 5182; x_wconf 91' lang='lat' dir='ltr'>duo</span> <span class='ocrx_word' id='word_1_601' title='bbox 3411 5121 3669 5179; x_wconf 85' lang='lat' dir='ltr'>referunt</span> <span class='ocrx_word' id='word_1_602' title='bbox 3696 5111 3838 5167; x_wconf 87' lang='lat' dir='ltr'>testi-</span> 
     </span>
    </p>
   </div>
   <div class='ocr_carea' id='block_1_98' title="bbox 2217 5199 3837 5287">
    <p class='ocr_par' dir='ltr' id='par_1_98' title="bbox 2217 5199 3837 5287">
     <span class='ocr_line' id='line_1_99' title="bbox 2217 5199 3837 5287; baseline -0.006 -19"><span class='ocrx_word' id='word_1_603' title='bbox 2217 5213 2424 5268; x_wconf 86' lang='lat' dir='ltr'>monia</span> <span class='ocrx_word' id='word_1_604' title='bbox 2452 5212 2654 5285; x_wconf 90' lang='lat' dir='ltr'>Cyrilli</span> <span class='ocrx_word' id='word_1_605' title='bbox 2687 5214 2874 5269; x_wconf 89' lang='lat' dir='ltr'>nostri</span> <span class='ocrx_word' id='word_1_606' title='bbox 2929 5230 2996 5269; x_wconf 82' lang='lat' dir='ltr'>ex</span> <span class='ocrx_word' id='word_1_607' title='bbox 3047 5215 3296 5271; x_wconf 88' lang='lat' dir='ltr'>homilia</span> <span class='ocrx_word' id='word_1_608' title='bbox 3325 5213 3576 5287; x_wconf 82' lang='lat' dir='ltr'>quadam</span> <span class='ocrx_word' id='word_1_609' title='bbox 3603 5208 3661 5261; x_wconf 90' lang='lat' dir='ltr'>in</span> <span class='ocrx_word' id='word_1_610' title='bbox 3689 5199 3837 5255; x_wconf 80' lang='lat' dir='ltr'>illum</span> 
     </span>
    </p>
   </div>
   <div class='ocr_carea' id='block_1_99' title="bbox 2216 5297 3839 5384">
    <p class='ocr_par' dir='ltr' id='par_1_99' title="bbox 2216 5297 3839 5384">
     <span class='ocr_line' id='line_1_100' title="bbox 2216 5297 3839 5384; baseline -0.005 -27"><span class='ocrx_word' id='word_1_611' title='bbox 2216 5302 2462 5357; x_wconf 81' lang='lat' dir='ltr'>Joannis</span> <span class='ocrx_word' id='word_1_612' title='bbox 2492 5302 2789 5376; x_wconf 85' lang='lat' dir='ltr'>Evangelii</span> <span class='ocrx_word' id='word_1_613' title='bbox 2822 5303 3038 5372; x_wconf 90' lang='lat' dir='ltr'>locum,</span> <span class='ocrx_word' id='word_1_614' title='bbox 3075 5305 3135 5359; x_wconf 90' lang='lat' dir='ltr'>in</span> <span class='ocrx_word' id='word_1_615' title='bbox 3169 5321 3286 5376; x_wconf 87' lang='lat' dir='ltr'>quo</span> <span class='ocrx_word' id='word_1_616' title='bbox 3337 5301 3620 5360; x_wconf 89' lang='lat' dir='ltr'>Dominus</span> <span class='ocrx_word' id='word_1_617' title='bbox 3647 5297 3839 5384; x_wconf 36' lang='lat' dir='ltr'>aqu-all}</span> 
     </span>
    </p>
   </div>
   <div class='ocr_carea' id='block_1_100' title="bbox 2218 5367 3838 5464">
    <p class='ocr_par' dir='ltr' id='par_1_100' title="bbox 2218 5367 3838 5464">
     <span class='ocr_line' id='line_1_101' title="bbox 2218 5367 3838 5464; baseline -0.007 -20"><span class='ocrx_word' id='word_1_618' title='bbox 2218 5389 2280 5445; x_wconf 91' lang='lat' dir='ltr'>in</span> <span class='ocrx_word' id='word_1_619' title='bbox 2301 5390 2503 5446; x_wconf 91' lang='lat' dir='ltr'>vinum</span> <span class='ocrx_word' id='word_1_620' title='bbox 2527 5391 2601 5446; x_wconf 90' lang='lat' dir='ltr'>ad</span> <span class='ocrx_word' id='word_1_621' title='bbox 2629 5391 2868 5464; x_wconf 88' lang='lat' dir='ltr'>nuptias</span> <span class='ocrx_word' id='word_1_622' title='bbox 2889 5401 3286 5450; x_wconf 89' lang='lat' dir='ltr'>commutasse</span> <span class='ocrx_word' id='word_1_623' title='bbox 3306 5367 3838 5450; x_wconf 79' lang='lat' dir='ltr'>memoratur.Aliud</span> 
     </span>
    </p>
   </div>
   <div class='ocr_carea' id='block_1_101' title="bbox 2217 5465 3835 5554">
    <p class='ocr_par' dir='ltr' id='par_1_101' title="bbox 2217 5465 3835 5554">
     <span class='ocr_line' id='line_1_102' title="bbox 2217 5465 3835 5554; baseline -0.006 -19"><span class='ocrx_word' id='word_1_624' title='bbox 2217 5479 2615 5552; x_wconf 88' lang='lat' dir='ltr'>fragmentum</span> <span class='ocrx_word' id='word_1_625' title='bbox 2647 5482 2790 5537; x_wconf 90' lang='lat' dir='ltr'>citat</span> <span class='ocrx_word' id='word_1_626' title='bbox 2817 5482 3096 5539; x_wconf 90' lang='lat' dir='ltr'>Leontius</span> <span class='ocrx_word' id='word_1_627' title='bbox 3123 5483 3185 5537; x_wconf 89' lang='lat' dir='ltr'>in</span> <span class='ocrx_word' id='word_1_628' title='bbox 3216 5497 3393 5554; x_wconf 85' lang='lat' dir='ltr'>Opere</span> <span class='ocrx_word' id='word_1_629' title='bbox 3425 5475 3640 5534; x_wconf 83' lang='lat' dir='ltr'>inedita</span> <span class='ocrx_word' id='word_1_630' title='bbox 3668 5465 3835 5554; x_wconf 47' lang='lat' dir='ltr'>adv?&quot;</span> 
     </span>
    </p>
   </div>
   <div class='ocr_carea' id='block_1_102' title="bbox 2217 5549 3834 5648">
    <p class='ocr_par' dir='ltr' id='par_1_102' title="bbox 2217 5549 3834 5648">
     <span class='ocr_line' id='line_1_103' title="bbox 2217 5549 3834 5648; baseline -0.004 -23"><span class='ocrx_word' id='word_1_631' title='bbox 2217 5549 2336 5625; x_wconf 64' lang='lat' dir='ltr'>sani</span> <span class='ocrx_word' id='word_1_632' title='bbox 2363 5569 2800 5641; x_wconf 80' lang='lat' dir='ltr'>MonOphysitas,</span> <span class='ocrx_word' id='word_1_633' title='bbox 2833 5587 2905 5626; x_wconf 82' lang='lat' dir='ltr'>ex</span> <span class='ocrx_word' id='word_1_634' title='bbox 2953 5571 3204 5629; x_wconf 88' lang='lat' dir='ltr'>homilia</span> <span class='ocrx_word' id='word_1_635' title='bbox 3233 5549 3435 5644; x_wconf 69' lang='lat' dir='ltr'>éyrilli</span> <span class='ocrx_word' id='word_1_636' title='bbox 3463 5567 3524 5622; x_wconf 90' lang='lat' dir='ltr'>in</span> <span class='ocrx_word' id='word_1_637' title='bbox 3555 5561 3654 5618; x_wconf 87' lang='lat' dir='ltr'>illa</span> <span class='ocrx_word' id='word_1_638' title='bbox 3679 5549 3834 5648; x_wconf 41' lang='lat' dir='ltr'>vf???</span> 
     </span>
    </p>
   </div>
   <div class='ocr_carea' id='block_1_103' title="bbox 2214 5633 3827 5735">
    <p class='ocr_par' dir='ltr' id='par_1_103' title="bbox 2214 5633 3827 5735">
     <span class='ocr_line' id='line_1_104' title="bbox 2214 5633 3827 5735; baseline -0.008 -20"><span class='ocrx_word' id='word_1_639' title='bbox 2214 5658 2460 5716; x_wconf 85' lang='lat' dir='ltr'>Joannis</span> <span class='ocrx_word' id='word_1_640' title='bbox 2488 5633 2726 5734; x_wconf 46' lang='lat' dir='ltr'>M22,</span> <span class='ocrx_word' id='word_1_641' title='bbox 2757 5633 2870 5735; x_wconf 68' lang='lat' dir='ltr'>Ego</span> <span class='ocrx_word' id='word_1_642' title='bbox 2917 5661 3059 5719; x_wconf 85' lang='lat' dir='ltr'>vado</span> <span class='ocrx_word' id='word_1_643' title='bbox 3105 5663 3181 5720; x_wconf 83' lang='lat' dir='ltr'>ad</span> <span class='ocrx_word' id='word_1_644' title='bbox 3219 5633 3435 5720; x_wconf 62' lang='lat' dir='ltr'>Putrem</span> <span class='ocrx_word' id='word_1_645' title='bbox 3481 5666 3663 5714; x_wconf 82' lang='lat' dir='ltr'>meum.</span> <span class='ocrx_word' id='word_1_646' title='bbox 3696 5633 3827 5710; x_wconf 79' lang='lat' dir='ltr'>Quid</span> 
     </span>
    </p>
   </div>
  </div>
