4052 6396
243 283 340 345 125

1624 280 2149 345 DISSERTATIO
2191 278 2273 342 Il.

3524 270 3640 332 126

237 416 299 473 de
319 415 436 472 illis
456 414 811 490 fragmentis
833 417 1246 486 sentiendum,
1278 419 1339 474 in
1353 417 1775 475 Admonitione
1803 416 1876 474 iis
1908 421 1962 485 Α
1993 415 2303 473 homiliam
2332 420 2393 473 in
2422 432 2706 474 occursum
2726 416 2970 485 Domini,
2996 431 3173 488 quam
3197 430 3331 470 cum
3357 406 3637 469 nonnulli

242 507 467 580 prmﬂxa
496 508 729 579 aperui.
762 507 819 563 Si
856 508 995 579 quis
1027 525 1100 565 ea
1128 509 1284 565 inter
1314 509 1519 581 spuria
1551 515 1654 564 aut
1702 508 1885 564 dubia

239 596 433 653 saltem
458 595 667 667 Cyrilli
695 613 882 668 opera
901 614 1223 654 accensere
1255 598 1417 667 velit,
1439 615 1563 654 non
1584 599 1883 654 veto.Mihi

240 689 368 745 nihil
395 705 428 743 a
456 689 684 760 Cyrillo
717 688 905 745 alieni
938 689 1215 746 videntur
1242 691 1461 748 habere
1486 708 1501 758 ;
1525 707 1717 762 eaque
1748 707 1883 747 cono

243 779 519 852 jungendo
550 796 694 835 cum
727 780 980 835 homilia
1008 783 1069 836 in
1094 783 1491 853 paralyticum,
1534 799 1658 837 non
1689 782 1879 855 illegi-

252 871 366 925 tima
395 870 660 941 suspicio
688 870 902 938 oritur,
934 870 1120 928 fuisse
1151 871 1294 927 olim
1325 872 1623 946 integrum
1678 870 1883 944 Cyrilli

247 959 294 1014 in
309 959 549 1014 Ioannis
580 959 975 1032 Evangelium
1007 961 1390 1017 homiliarum
1422 978 1589 1034 Opus.

292 1051 335 1104 4.
350 1048 700 1120 Deperditis
719 1049 852 1120 ejus
875 1049 1156 1122 operibus
1176 1051 1480 1106 accenseri
1502 1056 1757 1123 possunt
1776 1051 1886 1106 ho-

232 1138 390 1195 miliaa
417 1154 579 1209 quas
611 1138 933 1212 presbyter
948 1139 1201 1209 dicebat,
1235 1139 1443 1196 eodem
1478 1146 1743 1213 tempore
1766 1158 1883 1213 quo

224 1228 654 1301 pronuntiabat
674 1230 1043 1295 catecheses,
1069 1248 1318 1303 qumque
1340 1247 1651 1303 nunquam
1671 1230 1883 1288 fortas-

216 1318 289 1374 sis
310 1318 541 1390 scripto
561 1326 839 1391 exceptaa
861 1326 1021 1375 sunt.
1044 1321 1263 1390 Trium,
1289 1321 1410 1378 imo
1433 1327 1494 1378 et
1525 1327 1780 1393 quatuor
1813 1338 1886 1378 ex

214 1406 324 1462 illis
352 1414 733 1480 argumenta
765 1414 826 1463 et
854 1410 1203 1466 memoriam
1230 1411 1291 1466 in
1309 1411 1721 1467 catechesibus
1743 1427 1883 1467 con-

214 1498 474 1554 servavit.
514 1499 774 1555 Catecli.
812 1503 897 1567 10,
929 1515 990 1554 n.
1026 1501 1114 1567 14,
1166 1500 1238 1558 de
1290 1501 1620 1557 sacerdotio
1667 1500 1885 1557 Christi

217 1588 425 1657 dicens,
463 1590 746 1645 remittit
775 1590 851 1646 ad
881 1589 1191 1646 bomiliam
1222 1607 1403 1663 quam
1432 1591 1494 1647 in
1528 1591 1737 1662 synaxi
1769 1592 1886 1647 Do-

216 1678 421 1734 minica
452 1678 563 1734 die
596 1678 978 1751 praecedenti
1009 1680 1380 1749 recitaverat,
1410 1681 1475 1736 in
1503 1680 1610 1737 illa
1664 1680 1877 1737 verba:

205 1769 463 1827 Sacerdos
506 1772 576 1824 in
638 1778 919 1827 «internum
972 1772 1266 1827 secundum
1311 1771 1559 1827 ordinem
1599 1772 1881 1828 Melchise-

201 1860 311 1925 dec,
343 1860 470 1915 sive
501 1860 671 1932 psal.
711 1877 825 1927 cxx,
858 1862 911 1927 4,
954 1860 1073 1917 sive
1124 1862 1438 1934 epistolam
1486 1862 1560 1918 ad
1605 1861 1883 1918 Hebraeos

206 1967 324 2022 cap.
360 1968 415 2017 ν,
450 1954 513 2023 6,
578 1952 1110 2022 interpretaretur.
1176 1953 1380 2025 Magno
1426 1952 1621 2018 nobis,
1668 1952 1741 2008 ad
1790 1952 1882 2007 in-

210 2040 607 2113 telligendam
642 2040 860 2112 Cyrilli
891 2040 963 2096 de
1010 2046 1232 2098 aeterno
1280 2043 1496 2098 Christi
1551 2043 1883 2099 sacerdotio

218 2131 600 2197 sententiam,
642 2130 921 2186 subsidio
952 2136 1110 2187 esset
1130 2131 1255 2187 hac
1276 2132 1525 2188 homilia
1540 2133 1589 2188 si
1612 2147 1885 2205 superes-

222 2228 320 2276 set.
346 2223 465 2276 Cat.
504 2222 605 2287 13,
645 2238 715 2276 n.
752 2221 845 2290 16,
879 2238 943 2277 se
972 2226 1148 2279 antea
1192 2221 1413 2278 dixisse
1462 2222 1758 2295 signiﬁcat
1813 2222 1886 2277 de

218 2310 440 2366 silentio
474 2310 739 2367 Domini
765 2327 906 2368 cum
921 2310 1296 2383 judicaretur
1316 2312 1387 2368 ab
1412 2313 1890 2368 bominibus.Ca—

214 2401 424 2456 techesi
462 2402 553 2468 14,
590 2417 659 2455 n.
700 2402 797 2468 24,
831 2399 1205 2457 auditoribus
1226 2401 1650 2474 compendiose
1672 2402 1890 2473 repetit

224 2495 439 2559 partem
461 2507 691 2546 eorum
727 2506 864 2561 quae
894 2488 989 2546 die
1031 2490 1410 2562 prmcedenti,
1461 2506 1532 2546 ea
1580 2491 1890 2548 Dominica

240 2584 375 2644 erat,
395 2580 623 2637 dixerat
656 2580 729 2636 in
752 2580 967 2653 synaxi
992 2579 1065 2636 de
1084 2581 1516 2654 assumptione,
1545 2599 1652 2638 seu
1681 2587 1751 2638 ut
1778 2599 1887 2640 nos

241 2667 492 2738 dicimus,
521 2670 899 2727 ascensione
930 2670 1187 2734 Domini.
1219 2687 1354 2726 cum
1375 2672 1745 2729 consuetudo
1768 2673 1886 2728 lec-

234 2758 445 2814 tionum
466 2760 531 2816 in
544 2759 818 2816 ecclesia
849 2759 1041 2815 ordini
1073 2760 1413 2830 obsecutus,
1444 2761 1626 2833 hujus
1650 2762 1770 2818 diei
1803 2762 1885 2818 le-

228 2850 414 2906 ctione
444 2850 520 2907 ad
554 2849 895 2907 dicendum
925 2850 998 2906 de
1030 2850 1264 2907 sublato
1296 2851 1360 2907 in
1393 2851 1573 2908 cmlos
1629 2853 1885 2909 Domino

226 2939 542 3011 perductus
575 2944 764 2996 esset.
801 2940 922 2996 Cat.
961 2942 1047 3007 13,
1080 2957 1245 2997 num.
1281 2944 1334 3012 9,
1394 2941 1767 2998 auditoribus
1823 2943 1886 2999 in

225 3032 575 3087 memoriam
598 3036 846 3087 revocat
865 3031 1300 3103 expositionem
1322 3049 1443 3088 non
1476 3032 1560 3089 ita
1586 3033 1819 3105 pridem
1853 3051 1889 3090 a

227 3139 285 3178 se
301 3122 521 3178 factam
551 3126 617 3177 in
633 3123 784 3192 psal.
808 3138 961 3186 Lvni,
984 3128 1044 3177 et
1064 3123 1125 3177 in
1156 3123 1285 3179 haec
1314 3123 1479 3179 illius
1510 3124 1715 3179 verba:
1749 3125 1884 3180 Con-

226 3216 357 3269 versi
375 3220 503 3269 sum
523 3213 604 3268 ad
631 3226 939 3282 vesperam.
974 3219 1025 3267 et
1052 3216 1257 3282 famem
1278 3216 1434 3284 passi
1452 3220 1581 3270 sunt
1609 3221 1672 3269 ut
1702 3231 1881 3282 canes,

231 3309 277 3357 et
302 3303 793 3358 circumdederunt
821 3303 1136 3358 civitatem:
1188 3320 1322 3375 qum
1369 3302 1548 3359 verba
1595 3304 1883 3377 principi-

228 3392 333 3447 bus
359 3392 596 3449 Iudaici
628 3392 860 3464 populi,
890 3392 1035 3448 dum
1066 3394 1533 3465 comprehensus
1566 3399 1655 3449 est
1691 3396 1882 3463 Iesus,

232 3482 800 3538 accommodaverat.
829 3482 1133 3539 Catechesi
1185 3483 1427 3540 demum
1461 3487 1547 3549 12,
1583 3501 1747 3540 num.
1793 3487 1881 3555 18,

237 3578 477 3628 testatur
500 3590 563 3629 se
582 3571 730 3628 alibi
755 3570 996 3641 dixisse,
1013 3589 1118 3644 per
1136 3573 1359 3646 virgam
1381 3572 1637 3629 ferream
1664 3576 1883 3632 Roma-

235 3678 368 3718 num
400 3662 729 3735 imperium
754 3662 1075 3735 significari
1101 3680 1116 3728 ;
1148 3663 1310 3734 quod
1337 3663 1401 3719 in
1448 3664 1651 3736 aliqua
1670 3664 1886 3722 fortas-

233 3753 307 3806 sis
325 3752 545 3824 psalmi
575 3751 824 3807 secundi
847 3752 1213 3823 expositione
1237 3752 1882 3825 protulerat.Cyrillum

232 3842 477 3916 singulis
503 3842 687 3898 annis
716 3843 1058 3911 catecheses
1089 3842 1394 3911 habuisse,
1427 3844 1748 3900 notaturin
1773 3845 1846 3901 ob
1864 3879 1878 3888 -

230 3934 560 3989 servatione
613 3931 873 4003 quadam
919 3933 1304 3990 amanuensis
1360 3933 1617 4006 alicujus
1644 3951 1680 3991 a
1706 3935 1880 3992 nobis

227 4020 386 4077 edita
412 4027 551 4094 post
576 4020 906 4077 indiculum
938 4022 1340 4078 Catecheseon
1373 4023 1560 4095 [XCV]
1607 4031 1881 4095 procate-

226 4111 387 4168 chesi
424 4113 736 4184 praeﬁxum
762 4129 775 4166 :
809 4112 914 4169 sed
930 4129 1030 4168 eas
1051 4112 1210 4169 solas
1238 4130 1387 4185 quas
1410 4113 1701 4171 habemus
1732 4115 1878 4171 scri-

221 4208 322 4271 pto
352 4201 739 4274 consignatas
770 4201 1082 4274 signiﬁcat.
1111 4203 1176 4257 In
1199 4202 1527 4275 deperditis
1549 4204 1729 4259 ctiam
1760 4220 1875 4260 nu-

219 4295 447 4350 merari
486 4299 685 4366 potest
737 4293 1129 4350 continuatio.
1186 4297 1447 4352 Historia;
1495 4296 1879 4354 ecclesiasticae

213 4384 460 4440 Eusebii
490 4400 601 4457 per
629 4383 927 4439 Gelasium
958 4383 1407 4450 Cmsariensem,
1434 4385 1535 4456 qui
1559 4402 1708 4457 opus
1727 4385 1877 4443 illud

212 4473 499 4530 avunculi
530 4474 624 4530 sui
644 4473 850 4545 Cyrilli
886 4474 1124 4530 hortatu
1156 4475 1491 4548 suscepisse
1524 4476 1874 4546 testabatur,

1991 510 2208 567 eruditi
2238 509 2346 565 viri
2370 526 2491 565 non
2514 510 2775 565 alienam
2797 508 3014 580 Cyrillo
3031 507 3396 580 judicarent,
3429 504 3500 559 ab
3532 521 3641 562 au-

1990 606 2153 656 ctore
2184 600 2355 657 docto
2384 600 2625 672 quidem
2656 604 2716 655 et
2763 598 2995 655 erudito
3047 597 3151 652 sed
3194 596 3380 651 multo
3430 612 3643 651 recen-

1991 690 2128 746 tiori
2160 690 2484 762 profectam
2517 690 2693 745 certis
2726 687 3100 744 documentis
3131 684 3493 758 approbasse
3548 701 3642 740 me

1993 797 2186 852 spero.
2223 781 2369 836 Item
2394 782 2694 836 Historiam
2727 779 3149 835 ecclesiasticam
3199 782 3258 830 et
3304 775 3644 847 mystagogi-

1990 888 2132 939 cam,
2166 888 2271 927 seu
2301 887 2485 927 sacrm
2540 870 2793 942 liturgiaa
2852 867 3333 939 explicationem,
3397 882 3528 937 quae
3578 865 3641 919 in

1990 962 2299 1019 nonnullis
2330 978 2472 1017 mss.
2507 960 2722 1016 Basilio
2752 959 3125 1023 Caesariensi,
3156 957 3218 1012 in
3259 956 3392 1011 aliis
3422 954 3640 1027 Cyrillo

1988 1053 2485 1125 Ierosolymitano
2509 1051 2828 1107 tribuitur:
2862 1049 2966 1104 sed
2996 1065 3170 1103 verus
3201 1054 3293 1103 est
3316 1047 3475 1101 fetus
3498 1048 3636 1101 Ger-

1991 1142 2155 1199 mani
2176 1140 2819 1213 ConstantinOpolitani
2842 1138 3215 1210 patriarchm,
3240 1136 3303 1191 in
3325 1135 3644 1191 Bibliothe-

1991 1235 2077 1290 cis
2132 1237 2373 1290 Patrum
2431 1235 2629 1289 Graece
2662 1239 2721 1288 et
2768 1232 2971 1287 Latine
3032 1230 3225 1285 editus
3283 1228 3395 1283 hoc
3443 1226 3637 1295 titulo,

1995 1326 2231 1381 Theoria
2258 1325 2689 1396 mysteriorum;
2720 1336 2898 1393 quem
2949 1318 3192 1392 quidem
3225 1313 3481 1373 Thomas
3514 1313 3643 1370 Mil-

1988 1416 2173 1471 lesius
2202 1417 2264 1471 in
2298 1414 2407 1470 cod
2454 1430 2563 1468 ms.
2589 1412 2963 1467 bibliothecae
2982 1409 3316 1464 Bodleianaa
3336 1411 3638 1478 repertum

1990 1506 2179 1562 multo
2212 1505 2566 1571 breviorem,
2598 1508 2658 1559 et
2684 1502 2772 1558 uti
2804 1502 3083 1574 Opinatur
3131 1498 3520 1554 sinceriorem
3564 1495 3637 1550 ad

1990 1596 2213 1653 calcem
2244 1594 2446 1667 Cyrilli
2476 1608 2724 1666 operum
2755 1591 2936 1647 dedit.
2971 1591 3130 1661 Opus
3160 1586 3308 1642 illud
3342 1585 3643 1641 existimat

1990 1686 2267 1743 Germani
2321 1687 2370 1740 Il
2419 1678 3069 1753 Constantinopolitani
3128 1674 3479 1749 patriarchas
3538 1672 3639 1745 qui

1991 1778 2151 1834 circa
2180 1792 2405 1832 annum
2438 1777 2575 1831 1226
2607 1773 2811 1829 sedem
2838 1772 2991 1827 hanc
3030 1767 3375 1839 occupabat.
3428 1764 3635 1820 Liben-

1992 1868 2111 1925 tius
2133 1866 2489 1923 crediderim
2521 1881 2555 1920 a
2580 1865 2872 1920 Germano
2894 1859 3247 1933 profectum,
3281 1855 3383 1927 qui
3428 1854 3638 1909 Leonis

1984 1959 2231 2015 Isaurici
2256 1956 2625 2029 temporibus
2646 1971 2745 2011 an.
2766 1956 2870 2008 726
2892 1949 3144 2007 ﬂorebat
3171 1965 3183 2017 ;
3213 1945 3372 2020 quod
3395 1943 3636 2017 quidem

1986 2055 2195 2123 postea
2223 2045 2647 2104 additamentis
2679 2049 2917 2099 auctum
2959 2042 3021 2095 in
3074 2039 3364 2111 majorem
3416 2034 3637 2090 molem

1988 2138 2332 2196 excreverit.
2356 2136 2470 2192 Sed
2491 2150 2625 2190 cum
2649 2138 2879 2189 certum
2905 2135 3209 2186 auctorem
3237 2125 3452 2181 habeat
3467 2123 3640 2179 alter-

1987 2236 2189 2286 utrum
2221 2244 2293 2283 ex
2342 2225 2466 2281 illis
2521 2222 2849 2285 Germanis,
2910 2221 3009 2275 hic
3062 2214 3468 2273 recudendum
3514 2228 3636 2267 non

1990 2319 2339 2377 existimavi.
2371 2319 2534 2371 Tom.
2598 2316 2638 2369 V
2690 2312 3057 2369 Conciliorum
3109 2304 3395 2363 Harduini
3444 2302 3638 2359 editus

1992 2417 2082 2467 est
2110 2408 2391 2481 anonymi
2420 2406 2662 2463 libellus
2693 2406 2769 2459 De
2824 2419 2920 2459 sea:
2965 2399 3206 2471 synodis,
3262 2396 3365 2467 qui
3410 2395 3473 2449 in
3520 2410 3634 2481 ms.

1991 2477 2344 2557 collectione
2370 2498 2551 2571 Regia
2571 2495 2702 2551 cod.
2736 2494 2897 2559 2931,
2922 2491 3025 2557 fol,
3047 2491 3151 2544 219
3168 2484 3505 2559 appellatur
3534 2477 3636 2535 Κύ-

1993 2586 2190 2664 ριλλος
2248 2585 2545 2646 ἐπίσκοπος
2606 2579 3029 2657 Ἰεροσολύμων,
3089 2575 3326 2648 Cyrillus
3379 2575 3639 2629 Hieroso-

1993 2682 2262 2751 lymorum
2291 2682 2596 2749 episcopus,
2628 2674 2779 2731 falsa
2808 2671 3120 2745 perspicue
3168 2664 3497 2724 attributio.
3545 2665 3640 2719 ln-

1990 2776 2084 2827 ter
2102 2772 2263 2825 varia
2290 2784 2451 2825 sacra
2477 2766 2636 2821 edita
2661 2782 2696 2820 a
2726 2763 3024 2835 Stephano
3056 2762 3131 2816 Le
3179 2759 3370 2813 Moine
3420 2762 3561 2812 tom.
3596 2755 3641 2821 Ι,

1992 2877 2121 2934 pag.
2157 2861 2246 2927 68,
2276 2860 2568 2914 Germano
2623 2851 3283 2923 Constantinopolitano
3337 2846 3638 2902 tribuitur.

1991 2950 2264 3007 Homilies
2292 2950 2365 3005 De
2396 2964 2623 3004 occursu
2656 2945 2883 3018 subjeci
2914 2944 3155 2998 brevem
3188 2937 3636 3011 chronologiam

1991 3057 2125 3114 qum
2157 3039 2360 3113 Cyrilli
2392 3055 2513 3095 non
2549 3043 2658 3102 est,
2691 3037 2822 3109 ejus
2847 3041 3049 3091 tamen
3080 3031 3324 3088 nomine
3348 3030 3411 3084 in
3436 3027 3638 3099 aliquo

2000 3149 2109 3188 ms.
2140 3130 2455 3203 reperitur.
2490 3129 2592 3184 His
2622 3124 2904 3200 operibus
2925 3141 3046 3180 non
3069 3122 3204 3178 dolo
3233 3118 3526 3188 malo,sed
3549 3135 3639 3173 er-

1995 3238 2130 3278 rore
2159 3220 2472 3295 praeﬁxum
2504 3217 2708 3291 Cyrilli
2737 3232 2980 3272 nomen.
3040 3214 3385 3284 Sequuntur
3427 3224 3644 3281 suppo-

1996 3314 2124 3369 sita)
2153 3310 2359 3384 Cyrilli
2390 3309 2465 3365 ad
2493 3308 2715 3364 Iulium
2748 3310 3105 3369 Romanum,
3139 3309 3198 3358 et
3222 3301 3361 3357 Julii
3411 3298 3485 3355 ad
3533 3300 3638 3367 Cy-

1993 3403 2196 3458 rillum
2233 3402 2305 3456 de
2336 3400 2431 3455 die
2463 3398 2793 3455 Nativitatis
2815 3393 3050 3452 Domini
3073 3393 3307 3459 litteras,
3332 3407 3463 3462 quae
3485 3386 3643 3443 certe

1992 3508 2302 3563 nunquam
2332 3507 2367 3546 a
2402 3487 2625 3562 Cyrillo
2650 3487 2876 3543 Iuliove
2898 3483 3193 3557 prodiere.
3218 3483 3287 3536 In
3308 3479 3422 3535 alio
3447 3492 3648 3532 exem-

1992 3582 2143 3655 plari
2166 3598 2288 3637 non
2309 3579 2513 3651 Cyrilli
2538 3578 2637 3634 sed
2661 3575 2958 3633 Iuvenalis
2984 3573 3057 3629 ad
3078 3568 3644 3641 Iulium,'ejusdem—

1992 3689 2108 3743 que
2139 3670 2211 3727 ad
2243 3668 2584 3725 Iuvenalem
2620 3669 2902 3723 dicuntur
2923 3664 3155 3727 litterae,
3183 3659 3642 3722 Iuvenalis,non

1990 3762 2144 3818 Iulio
2178 3776 2321 3816 sane
2351 3765 2589 3815 centum
2625 3762 2761 3813 ante
2792 3770 2982 3810 annos
3015 3756 3273 3817 mortuo,
3315 3746 3419 3803 sed
3464 3743 3643 3801 alicui

1993 3868 2062 3906 ex
2094 3849 2377 3906 Romanis
2408 3845 2793 3919 pontificibus
2843 3844 2906 3898 in
2954 3839 3228 3898 eamdem
3282 3834 3643 3893 sententiam

1991 3940 2253 3997 scribere
2282 3938 2495 4011 potuit.
2530 3936 2643 3990 Sed
2673 3939 2872 3989 utrum
2895 3932 3009 3988 ista
3030 3922 3640 4001 scripserit,dubium;

1990 4048 2066 4087 ne
2098 4030 2291 4086 dicam
2325 4028 2542 4084 falsum
2573 4041 2818 4099 prorsus
2859 4039 3009 4077 esse.
3066 4019 3178 4074 Sed
3226 4032 3465 4073 omnem
3513 4013 3639 4069 fere

1988 4120 2424 4193 impudentiam
2456 4118 2658 4186 vincit,
2693 4114 2852 4187 quod
2883 4113 3136 4169 inscitus
3182 4115 3241 4165 et
3291 4106 3642 4180 imprudens

1987 4212 2210 4268 nebulo
2242 4209 2556 4282 Augustini
2590 4207 2664 4262 ad
2695 4205 3002 4278 Cyrillum,
3038 4208 3096 4256 et
3150 4198 3354 4273 Cyrilli
3398 4197 3473 4252 ad
3518 4196 3640 4250 Au-

1986 4303 2293 4375 gustinum
2325 4299 2608 4372 epistolas
2638 4297 2813 4352 finxit
2839 4295 2912 4349 de
2942 4293 3106 4348 obitu
3138 4296 3198 4345 et
3242 4287 3549 4345 miraculis
3579 4286 3635 4340 S.

1988 4391 2366 4463 Hieronymi:
2400 4406 2532 4460 quae
2565 4386 2807 4460 quidem
2861 4382 3119 4439 flammis
3160 4378 3433 4452 digniora
3460 4391 3641 4447 quam

1989 4480 2145 4553 typis
2176 4496 2322 4534 num
2363 4477 2713 4533 recuderem
2769 4474 2979 4547 [XCVI]
3031 4468 3316 4527 dubitavi.
3351 4465 3502 4521 Vicit
3557 4470 3642 4520 ta—

214 4564 373 4634 apud
398 4565 574 4619 Phot.
600 4542 728 4619 cod.
771 4565 858 4633 89,
890 4581 950 4635 p.
980 4562 1105 4632 210,
1132 4564 1250 4620 imo
1274 4542 1350 4620 ex
1368 4566 1580 4621 Photio
1606 4566 1780 4622 ambo
1814 4542 1875 4621 in
1912 4542 1955 4606 θ
1990 4542 2125 4625 men
2148 4569 2465 4635 sententia,
2488 4585 2562 4622 ne
2594 4566 2655 4621 in
2687 4542 2799 4620 hoc
2830 4542 3019 4635 opere
3040 4560 3544 4622 desiderarentur,
3577 4558 3645 4608 ut

218 4653 375 4710 idem
410 4671 565 4726 opus
595 4670 763 4709 suam
795 4669 1036 4726 operam
1067 4654 1344 4710 videntur
1373 4656 1735 4722 contulisse;
1770 4656 1874 4711 sed

212 4745 376 4815 quod
406 4744 493 4800 ait
522 4743 767 4800 Photius
793 4744 1084 4816 reperisse
1115 4762 1177 4801 se
1199 4746 1261 4802 in
1286 4745 1422 4801 aliis
1442 4748 1872 4819 monumentis,

212 4833 506 4905 Cyrillum
533 4839 594 4890 et
622 4833 921 4889 Gelasium
954 4834 1182 4889 nullam
1212 4835 1327 4890 sibi
1358 4836 1663 4908 propriam
1687 4836 1870 4893 histo-

211 4922 364 4979 riam
385 4923 822 4995 composuisse,
846 4928 1074 4979 tantum
1098 4924 1365 4980 Latinam
1388 4925 1588 4981 Ruﬁni
1609 4928 1872 4982 Graecam

212 5011 449 5078 fecisse,
482 5013 708 5069 nollem
738 5029 774 5070 a
805 5018 967 5069 tanto
996 5013 1121 5068 viro
1151 5013 1377 5069 dictum
1404 5032 1417 5082 ;
1477 5031 1619 5071 nam
1672 5016 1871 5072 Rufini

212 5101 469 5159 historia
492 5103 668 5176 longe
700 5107 836 5175 post
865 5102 1071 5174 Cyrilli
1102 5107 1377 5176 mortem,
1409 5121 1542 5176 quas
1573 5105 1636 5160 in
1664 5121 1735 5162 ea
1760 5108 1870 5162 suo

216 5192 428 5250 ordine
459 5198 846 5260 memoratur,
882 5193 1223 5265 conscripta
1243 5199 1353 5249 est.

287 5284 340 5337 ὅ.
371 5282 690 5355 Supposita
718 5279 927 5354 Cyrilli
960 5281 1191 5336 nomini
1222 5297 1403 5352 opera
1431 5281 1692 5354 duplicis
1731 5289 1873 5340 sunt

219 5372 447 5440 generis
471 5392 486 5438 ;
510 5373 628 5429 alia
648 5372 813 5429 enim
831 5370 1218 5442 optimorum,
1236 5378 1341 5427 aut
1356 5372 1569 5428 saltem
1597 5390 1720 5428 non
1742 5390 1867 5430 ma-

220 5455 407 5517 lorum
433 5468 569 5519 sunt
596 5466 939 5527 auctorum,
970 5475 1077 5530 per
1106 5475 1368 5517 errorem
1415 5461 1633 5533 Cyrillo
1663 5468 1868 5519 nostro

225 5551 532 5611 utributa:
565 5553 687 5611 alia
723 5550 801 5609 ab
832 5548 1237 5606 nebulonibus
1295 5550 1616 5607 manifesta
1658 5551 1869 5609 fraude

222 5638 345 5710 ejus
370 5644 591 5703 nomini
621 5639 968 5717 supposita.
1000 5638 1067 5696 In
1116 5640 1309 5712 primo
1358 5640 1567 5699 ordine
1614 5658 1866 5700 numero

1987 4662 2098 4717 hoc
2129 4676 2248 4714 uno
2282 4658 2575 4729 exemplo,
2614 4662 2906 4729 quantum
2938 4650 3249 4709 mendacio
3271 4646 3511 4703 licuerit
3538 4644 3643 4700 de-

1985 4752 2330 4808 clararetur.
2393 4748 2677 4819 Ejusdem
2732 4745 2979 4802 furfuris
3037 4746 3128 4797 est
3174 4741 3572 4813 fragmentum
3604 4750 3640 4789 a

1983 4842 2039 4897 S-
2072 4842 2299 4896 Thoma
2329 4839 2438 4894 sub
2471 4838 2717 4893 nomine
2747 4834 2953 4908 Cyrilli
2983 4834 3253 4893 citatum,
3287 4843 3403 4898 quo
3434 4822 3641 4879 omnia

1984 4931 2102 4987 sive
2133 4944 2419 5003 germana
2444 4927 2562 4982 sive
2595 4925 2797 4998 spuria
2828 4922 3032 4995 Cyrilli
3063 4934 3245 4992 opera
3275 4913 3563 4971 conclusi.

2633 5034 2865 5090 CAPUT
2902 5032 2972 5086 ll.

1982 5126 2344 5184 Catecheseon
2378 5128 2442 5181 18
2490 5127 2565 5182 ad
2611 5122 3009 5180 illuminandos
3050 5118 3270 5183 veritas,
3320 5112 3630 5189 antiquitas

2401 5205 2454 5253 et
2484 5199 2779 5266 integritas
2811 5191 3203 5262 defenduntur.

2052 5291 2104 5343 6.
2138 5288 2299 5344 Adeo
2331 5289 2555 5344 diserta
2584 5291 2724 5340 sunt
2754 5289 2813 5339 et
2872 5280 3177 5337 luculenta
3234 5293 3365 5348 qua)
3414 5273 3487 5329 ad
3536 5271 3640 5327 de-

1978 5377 2315 5434 fensionem
2346 5377 2774 5433 catholicorum
2808 5372 3151 5445 dogmatum
3182 5385 3249 5423 ex
3298 5360 3639 5436 Cyrillianis

1978 5466 2808 5539 Catechesibusjproferuntur
2828 5463 3272 5534 argumenta,ut
3294 5457 3636 5509 Protestan—

1979 5561 2067 5613 tes
2097 5556 2401 5623 nonnulli,
2435 5553 2722 5612 contortis
2754 5549 3130 5617 ratiunculis,
3165 5544 3378 5619 quibus
3411 5557 3481 5597 ea
3506 5539 3637 5593 elu-

1979 5645 2121 5703 dere
2144 5646 2420 5704 laborant
2440 5643 2644 5715 difﬁsi,
2668 5641 2893 5700 nodum
2912 5641 3073 5697 hunc
3096 5637 3209 5693 sibi
3241 5624 3631 5690 inextricabi-
