4052 6374
527 363 641 424 127

1644 358 1747 420 DE
1787 354 2371 418 CATECHESIBUB
2413 357 2479 418 8.
2525 358 2878 424 CYRlLLI.
3780 365 3869 426 tas

527 495 646 552 lem
681 493 1003 550 secandum
1035 493 1233 565 potius
1264 507 1441 563 quam
1472 488 1920 547 dissolvendum
1937 486 2176 561 judica-
2205 488 2258 555 Α
2287 487 2349 542 in
2379 495 2592 547 catena
2615 495 2676 546 in
2704 493 3014 554 Joannem:
3045 500 3210 550 sexta
3239 510 3274 550 a
3306 495 3516 550 Photio
3545 499 3599 550 et
3625 496 3776 551 Petro
3801 498 3871 552 Si-

529 585 672 650 rint,
703 583 1162 654 catechesesque
1219 587 1474 646 nostras,
1523 580 1761 653 injectis
1809 578 2070 650 primum
2111 576 2174 632 in

532 674 799 730 Grodecii
831 690 899 730 ac
929 673 1178 729 Prevotii
1213 673 1390 728 ﬁdem
1441 670 1901 744 suspicionibus.
1963 666 2180 739 Cyrillo

534 769 738 817 nostro
761 762 1012 832 eripere,
1035 765 1137 816 aut
1162 759 1372 815 saltem
1395 759 1476 813 uti
1529 754 2092 829 inter-palationibus
2123 759 2182 808 et

533 854 894 909 assumentis
926 851 1284 906 deformatus
1315 850 1664 905 auctoritate
1713 847 1874 902 omni
1927 845 2182 916 spoliare

534 943 877 998 laborarint.
912 943 1149 998 Rivetus
1183 940 1526 1011 Hieronymi
1547 939 1896 994 auctoritate
1918 951 2180 1008 pressus,

534 1033 820 1103 Cyrillum
847 1033 1066 1088 fatetur
1095 1031 1437 1086 catecheses
1468 1029 1909 1100 composuisse;
1942 1043 2017 1082 an
2076 1042 2184 1081 au-

536 1125 654 1177 tem
686 1121 804 1177 illm
835 1122 954 1177 sint
976 1137 1124 1193 quas
1151 1120 1461 1186 habemus,
1491 1118 1703 1173 merito
1728 1118 1811 1172 ait
1840 1118 1900 1172 in
1933 1114 2180 1170 dubium

536 1211 750 1266 vocari.
781 1211 925 1265 Cum
957 1216 1154 1266 autem
1185 1208 1258 1264 ab
1289 1207 1678 1270 Theodoreto.
1709 1208 1934 1262 Joanne
1969 1207 2178 1260 Dama—

537 1316 736 1367 sceno,
759 1300 987 1355 Joanne
1008 1299 1408 1371 Cyparissiota
1429 1315 1499 1352 ex
1525 1297 1746 1352 nostris
1773 1295 2183 1352 catechesibus

536 1390 620 1444 uti
651 1406 720 1444 ex
744 1389 1082 1461 Cyrillianis
1111 1387 1452 1444 testimonia
1471 1387 1893 1459 producantur,
1921 1403 2040 1442 non
2063 1385 2186 1441 vult

536 1480 842 1551 praefracte
869 1496 1084 1552 negare
1114 1479 1464 1535 Catecheses
1495 1477 2030 1533 illuminandorum
2059 1493 2185 1532 ma-

535 1587 652 1644 gna
681 1588 751 1626 ex
776 1578 942 1644 parte
971 1571 1172 1642 Cyrilli
1205 1587 1335 1625 esse
1362 1588 1374 1637 ;
1409 1569 1511 1624 sed
1560 1569 1908 1625 nullatenus
1956 1569 2184 1624 dubitat

536 1659 832 1714 nonnulla
862 1660 922 1713 in
953 1659 1076 1714 illis
1107 1674 1236 1714 esse
1266 1658 1550 1724 detracta,
1607 1657 1900 1713 nonnulla
1947 1662 2181 1712 assuta:

539 1746 756 1818 quibus
788 1748 1176 1820 argumentis,
1208 1748 1453 1803 inferius
1483 1747 1767 1820 aperiam.
1808 1748 1954 1802 Cum
1984 1751 2184 1801 autem

539 1837 970 1929 mystagogicas
1000 1837 1264 1929 quinque
1297 1836 1603 1929 similibus
1623 1843 1883 1891 veterum
1935 1835 2185 1929 illas_ci-
2219 1865 2260 1929 Β

540 1925 792 1980 tantium
826 1926 1183 1982 testimoniis
1213 1926 1554 1982 conﬁrmari
1589 1926 1907 1998 ignoraret,
1941 1942 2040 1980 eas
2069 1925 2179 1995 Cy-

538 2014 675 2069 rillo
709 2032 950 2086 prorsus
970 2015 1292 2087 abjudicat,
1327 2021 1392 2070 ut
1417 2015 1628 2071 Joanni
1661 2015 1897 2070 cuidam
1944 2016 2179 2069 Jeroso-

536 2102 824 2176 lymitano
847 2105 1043 2177 potius
1069 2106 1602 2162 tribuat.Caaterum
1618 2106 2027 2177 cujuscunque
2041 2103 2182 2170 sint,

535 2210 714 2265 puras
744 2211 866 2249 non
899 2210 1028 2250 esse
1059 2211 1096 2250 a
1123 2195 1504 2266 corruptione
1553 2193 2051 2266 interpolatorum
2076 2209 2184 2264 pro

535 2290 695 2338 certo
739 2284 938 2352 habet,
972 2290 1031 2338 et
1059 2301 1185 2338 rem
1219 2284 1410 2356 ipsam
1439 2284 1605 2355 loqui
1636 2285 1738 2338 ait.
1774 2285 1837 2338 ln
1871 2283 2052 2355 hujus
2073 2283 2183 2354 ju-

536 2370 692 2427 dicio
724 2373 969 2427 omnino
999 2372 1327 2442 acquiescit
1357 2372 1720 2427 Albertinus.
1778 2373 1906 2427 Jam
1958 2371 2184 2426 dudum

536 2459 642 2514 illa
672 2460 865 2515 eritici
898 2460 1230 2531 utriusque,
1265 2467 1324 2515 et
1354 2477 1558 2515 eorum
1591 2460 1692 2532 qui
1727 2461 1881 2516 hanc
1927 2460 2185 2516 auctori-

537 2552 718 2604 tatem
752 2555 893 2605 sunt
918 2550 1125 2608 secuti.
1160 2550 1348 2622 ejecta
1379 2555 1436 2604 et
1466 2550 1709 2621 explosa
1747 2549 2044 2606 sententia
2073 2554 2183 2617 est,

539 2639 716 2695 etiam
748 2639 821 2694 ab
856 2639 929 2694 iis
959 2639 1058 2711 qui
1091 2639 1329 2695 easdem
1361 2646 1559 2712 partes
1591 2639 1983 2711 eamdemque
2022 2656 2182 2695 com:

537 2727 886 2784 munionem
917 2729 1173 2801 amplexi
1204 2735 1392 2785 erant.
1426 2728 1822 2796 Quamobrem
1855 2731 2043 2785 satius
2061 2729 2182 2785 for-

537 2819 714 2873 tassis
745 2823 903 2874 esset
933 2835 1042 2872 nos
1071 2818 1144 2873 ab
1198 2835 1268 2874 ea
1313 2819 1734 2886 controversia,
1781 2835 1914 2890 quin
1961 2822 2023 2874 in
2071 2820 2183 2875 hoc

535 2911 804 2980 tempore
827 2908 958 2980 jam
989 2907 1156 2964 nulla
1184 2913 1294 2979 est,
1343 2907 1666 2964 abstinere.
1702 2911 1781 2964 Ne
1827 2915 2026 2964 tamen
2056 2911 2176 2964 cui-

530 3013 710 3069 quam
735 2997 797 3052 in
818 3002 1082 3054 mentem
1104 3002 1310 3069 postea
1340 2998 1534 3054 veniat
1562 2997 1890 3054 obsoletam
1925 2997 2092 3054 illam
2123 3005 2182 3053 et

531 3086 907 3143 exsibilatam
936 3087 1281 3158 Opinionem
1314 3087 1600 3144 suscitare
1632 3105 1646 3156 ;
1679 3087 1988 3144 doctorum
2019 3088 2173 3143 viro-

528 3193 661 3232 rum
677 3176 927 3247 judicio,
954 3176 1344 3233 catecheseon
1377 3177 1645 3234 omnium
1669 3177 1973 3234 veritatem
2002 3184 2061 3234 et
2091 3179 2176 3234 in-

530 3271 864 3339 tegritatem
898 3267 961 3322 in
991 3272 1158 3323 tanta
1181 3266 1313 3322 luce
1352 3266 1764 3322 collocandam
1817 3268 2172 3336 existimavi,

525 3361 593 3412 ut
623 3355 672 3411 si
703 3357 838 3426 quis
869 3373 1000 3412 eam
1032 3372 1159 3411 rem
1187 3355 1454 3412 nondum
1487 3357 1628 3412 satis
1660 3357 2026 3429 exploratam
2057 3359 2172 3414 ha-

526 3445 686 3514 beat,
718 3462 854 3501 eum
881 3445 1102 3518 pudeat
1131 3445 1203 3500 de
1235 3452 1355 3501 tam
1404 3451 1607 3518 aperta
1650 3447 1894 3502 veritate
1949 3447 2172 3503 solum-

526 3543 704 3591 modo
733 3533 1056 3591 dubitasse.
1089 3534 1175 3590 Ab
1208 3534 1417 3591 decem
1466 3541 1525 3591 et
1553 3539 1685 3590 octo
1724 3535 2027 3608 prioribus
2074 3554 2175 3593 ca-

527 3624 870 3682 techesibus
902 3625 1196 3681 exordior.

593 3717 648 3770 7.
681 3715 968 3788 Cyrillum
1012 3714 1574 3786 Jerosolymitanum
1625 3713 1969 3771 catecheses
2019 3732 2174 3770 com°

520 3806 791 3879 posuisse
822 3804 1080 3861 dubitari
1111 3821 1232 3860 non
1274 3811 1490 3876 potest,
1533 3811 1777 3877 prapter
1826 3805 2171 3876 Hieronymi

521 3895 830 3966 scriptoris
857 3894 1104 3964 aequalis
1133 3895 1568 3951 auctoritatem.
1606 3895 1744 3950 Illas
1801 3901 2000 3952 autem
2055 3911 2174 3950 non

525 3985 674 4040 alias
704 4000 736 4037 a
769 3982 989 4037 nostris
1020 3998 1171 4045 esse,
1204 3982 1427 4054 duplici
1476 3990 1826 4054 argumento
1865 3984 2174 4040 convinci-

525 4076 644 4128 tur.
678 4070 942 4126 Primum
973 4070 1230 4125 sumitur
1253 4070 1325 4126 ab
1359 4072 1621 4127 externis
1669 4071 2052 4144 antiquorum
2087 4079 2168 4129 te-

529 4161 849 4228 stimoniis,
881 4160 1100 4232 quibus
1131 4160 1389 4217 efﬁcitur
1417 4167 1653 4218 nostras
1683 4163 2022 4220 catecheses
2046 4165 2172 4237 jam

528 4253 604 4311 ab
632 4254 761 4325 ipso
791 4251 994 4324 Cyrilli
1028 4257 1314 4324 tempore,
1337 4257 1441 4308 aut
1469 4253 1679 4309 saltem
1702 4254 1989 4326 proximis
2021 4260 2170 4312 tem-

529 4343 775 4417 poribus
805 4343 1122 4410 exstitisse,
1157 4348 1216 4397 et
1243 4343 1463 4414 Cyrillo
1492 4345 1986 4416 Jerosolymitano
2008 4347 2177 4402 nulla

527 4431 898 4490 dubitatione
932 4431 1201 4488 tributas.
1236 4433 1505 4489 Alterum
1537 4433 1841 4490 internum
1873 4441 1979 4502 est,
2015 4443 2075 4491 et
2104 4454 2175 4492 ex

526 4525 672 4598 ipsis
705 4523 1114 4580 catechesibus
1143 4525 1580 4597 depromptum.
1617 4527 1804 4583 Nullaa
1835 4545 1985 4599 pene
2013 4535 2169 4585 vete-

2288 579 2464 644 culo;
2496 581 2750 651 septima
2781 583 2853 638 ab
2885 583 3196 639 Anastasio
3247 585 3612 649 Ouzstionum
3655 587 3741 640 153
3789 604 3872 641 saa-

2288 669 2404 724 culi
2430 673 2576 726 sexti
2602 673 2688 727 vel
2715 675 2952 746 septimi
2977 680 3238 738 auctore,
3268 691 3302 730 a
3323 675 3378 729 S.
3413 675 3667 741 Maximo,
3695 681 3748 730 et
3767 678 3874 732 Phi»

2288 757 2450 830 lippo
2485 761 2783 818 solitario:
2819 781 2977 820 nona
3007 765 3070 818 in
3102 770 3313 820 catena
3341 767 3400 818 in
3445 766 3722 820 Joannem:
3749 766 3872 822 deci-

2289 864 2386 905 ma
2409 865 2444 904 a
2471 851 2696 907 Joanne
2745 854 3183 924 Cyparissiota;
3237 853 3583 910 duodecima
3623 871 3654 909 a
3690 855 3872 911 Joanne

2289 939 2652 996 Damasceno
2680 958 2693 995 :
2724 943 2897 998 tertia
2953 943 3186 998 decima
3229 942 3452 1014 pluries
3499 944 3556 998 in
3598 944 3796 999 catenis
3835 948 3874 998 in

2288 1031 2491 1084 Lucam
2521 1036 2582 1084 et
2611 1033 2672 1085 in
2701 1034 2969 1088 Joannem
2993 1049 3011 1086 :
3041 1039 3242 1088 octava
3291 1031 3520 1088 decima
3564 1033 3631 1088 ab
3681 1039 3874 1089 auctore

2290 1119 2666 1183 Questionum
2700 1119 2808 1175 sub
2857 1120 3164 1176 Athanasii
3195 1121 3459 1182 nomine,
3491 1120 3611 1176 Elia
3636 1121 3874 1186 Cretensi,

2289 1208 2544 1262 Antonio
2575 1208 2810 1264 Melissa
2864 1211 2929 1265 Ili
2961 1225 3172 1265 omnes
3192 1216 3427 1265 nostras
3457 1210 3770 1266 catecheses
3793 1209 3875 1265 sub

2288 1297 2516 1368 Cyrilli,
2549 1305 2608 1352 et
2635 1315 2786 1370 pene
2813 1315 3021 1354 omnes
3053 1299 3162 1355 sub
3191 1299 3658 1371 Jerosolymitani
3679 1299 3874 1355 nomine

2290 1385 2551 1442 laudant.
2586 1389 2836 1444 Tantum
2863 1390 3162 1444 Cretensis
3202 1389 3359 1444 Elias
3401 1388 3509 1444 sub
3559 1389 3778 1443 nomine
3803 1388 3874 1442 SS.

2290 1477 2529 1532 Patrum
2559 1481 2909 1550 generatim.
2946 1481 3061 1534 Nec
3092 1479 3291 1534 minor
3312 1480 3399 1534 eis
3419 1478 3642 1534 accedit
3665 1477 3879 1533 auctori-

2292 1571 2380 1621 tas
2411 1566 2588 1621 abiis
2615 1568 2716 1639 qui
2778 1569 2954 1624 tacito
3004 1569 3266 1624 auctoris
3315 1568 3555 1623 nomine
3600 1567 3876 1622 sententias

2289 1655 2421 1726 ejus
2451 1657 2858 1713 transcribunt
2886 1663 2946 1712 et
2973 1659 3301 1730 compilant
3355 1657 3496 1714 Inde
3528 1657 3678 1712 enim
3734 1655 3880 1711 elﬁci-

2291 1749 2388 1798 tur
2418 1760 2518 1800 eas
2547 1745 2789 1801 illorum
2822 1753 3087 1818 tempore
3131 1747 3450 1801 exstitisse.
3484 1746 3537 1800 S-
3597 1745 3762 1812 Nilus,
3805 1743 3879 1814 qui

2290 1833 2640 1906 aliquandiu
2665 1836 2804 1890 vixit
2825 1852 2960 1891 cum
2992 1836 3211 1908 Cyrillo
3241 1836 3470 1891 nullam
3500 1851 3645 1907 pene
3673 1835 3785 1907 ejus
3807 1849 3879 1887 ca-

2291 1923 2578 1978 techesim
2605 1925 2890 1980 intactam
2949 1926 3214 1996 reliquit,
3270 1943 3302 1981 e
3350 1941 3468 1996 qua
3512 1941 3626 1980 non
3670 1923 3881 1992 aliquas,

2290 2011 2648 2083 quandoque
2671 2014 2848 2070 etiam
2875 2015 3225 2087 prolixiores
3249 2013 3578 2069 sententias
3599 2013 3666 2068 ad
3682 2011 3880 2066 verbum

2292 2101 2415 2156 suis
2447 2102 2716 2174 epistolis
2747 2103 3058 2158 insereret.
3093 2102 3252 2157 velut
3281 2119 3312 2156 e
3343 2101 3750 2174 procatechesi,
3795 2103 3880 2153 cat.

2291 2194 2347 2256 2,
2373 2192 2426 2254 4,
2463 2195 2514 2258 ‘7,
2551 2195 2636 2259 12,
2675 2194 2759 2259 16,
2800 2193 2880 2246 18.
2935 2193 3204 2251 Rufinus.
3257 2194 3360 2264 qui
3400 2189 3763 2262 Jerosolymis
3807 2187 3884 2241 diu

2291 2281 2578 2354 Cyrillum
2609 2283 2774 2349 vidit,
2807 2299 2882 2338 en
2914 2289 3026 2338 cat.
3065 2286 3147 2337 13.
3191 2285 3272 2348 ll,
3329 2285 3394 2337 15
3449 2288 3507 2336 et
3550 2284 3632 2349 18,
3675 2279 3886 2353 plurima

2293 2372 2600 2428 transtulit
2629 2373 2689 2427 in
2722 2389 2889 2428 suam
2919 2372 3175 2444 symboli
3200 2372 3651 2444 expositionem.
3681 2368 3886 2424 Basilius

2292 2464 2471 2519 etiam
2495 2463 2699 2535 Cyrilli
2724 2463 3038 2518 sententiis
3062 2479 3134 2518 ex
3155 2470 3384 2534 procat.
3412 2471 3472 2518 et
3491 2460 3779 2531 Gregorius
3804 2458 3885 2512 Na-

2289 2553 2599 2608 zianzenus
2631 2568 2700 2606 ex
2727 2557 2838 2607 cat.
2875 2554 2925 2613 3,
2960 2551 3052 2606 usi
3113 2551 3414 2609 videntur.
3467 2549 3718 2614 Proclus,
3761 2544 3886 2602 Basi-

2289 2642 2525 2711 liusque
2537 2641 2931 2697 Seleuciensis
2945 2642 3304 2699 catechesim
3323 2641 3722 2698 duodecimam
3741 2636 3884 2690 inter-

2290 2730 2430 2786 dum
2467 2731 2791 2801 compilare
2814 2730 3107 2788 videntur.
3141 2732 3288 2786 Item
3343 2733 3756 2788 Cmarianorum
3782 2726 3883 2780 Dia-

2290 2821 2540 2890 loyorum
2563 2825 2772 2874 auctor
2790 2820 3149 2875 catechesim
3173 2827 3406 2876 sextam
3428 2821 3727 2884 decimam,
3742 2816 3884 2872 Joan-

2288 2927 2396 2966 nes
2427 2911 2829 2966 Damascenus
2857 2909 3182 2966 nonnullas
3213 2926 3283 2965 ex
3315 2919 3431 2967 cat.
3467 2915 3491 2966 1
3527 2915 3584 2964 et
3613 2911 3670 2963 15
3699 2904 3804 2961 suis
3829 2901 3883 2956 li-

2286 3003 2410 3059 bris
2443 3003 2772 3058 sententias
2792 3003 3067 3074 aspersit.
3088 3005 3168 3058 Ex
3198 3004 3495 3059 catechesi
3525 3003 3608 3070 15,
3639 2993 3884 3056 nonnulla

2286 3093 2543 3165 sumpsit
2571 3092 3184 3164 pseudo-Hippolytus
3215 3093 3276 3148 in
3309 3092 3463 3149 libro
3493 3095 3568 3149 De
3595 3099 3884 3147 consumma-

2289 3185 2436 3239 tione
2463 3181 2658 3237 mundi
2685 3188 2736 3237 et
2763 3183 3128 3239 Antichristo.
3162 3183 3504 3240 Catechesis
3549 3197 3696 3238 nono
3723 3179 3882 3232 exsta-

2288 3271 2390 3329 bat
2409 3271 2470 3326 in
2493 3288 2635 3328 mss.
2665 3271 2977 3328 nonnullis
2993 3271 3211 3327 saeculo
3236 3271 3492 3336 decimo,
3515 3272 3630 3328 imo
3652 3273 3705 3323 et
3722 3269 3884 3322 octavo

2284 3363 2392 3419 sub
2425 3363 2669 3418 nomine
2699 3361 2962 3416 homiliaa
2994 3362 3051 3417 S.
3095 3362 3296 3418 Basilii
3347 3365 3425 3419 De
3477 3365 3583 3418 Deo
3631 3362 3885 3424 incomprc‘

2283 3452 2558 3508 hensibili.
2592 3451 2755 3507 Alios
2786 3451 3018 3517 omitto,
3051 3467 3200 3523 quos
3229 3451 3293 3507 in
3326 3453 3525 3508 indice
3557 3453 3771 3506 notatos
3812 3456 3885 3496 re-

2283 3542 2483 3615 perire
2515 3547 2625 3597 est.

2354 3634 2404 3687 8.
2439 3630 2552 3686 Sed
2583 3646 2702 3703 quo
2732 3630 2858 3685 haec
2891 3635 3056 3686 tanta
3086 3631 3328 3687 testium
3363 3633 3552 3688 nubes
3574 3631 3600 3685 ‘I
3619 3642 3757 3685 unus
3781 3638 3885 3678 om—

2283 3720 2427 3776 nino
2449 3720 2592 3775 satis
2611 3723 2718 3774 est.
2739 3720 2882 3775 Nam
2925 3719 2973 3774 si
3001 3719 3257 3791 alicujus
3297 3721 3528 3792 antiqui
3559 3714 3884 3775 auctoritate,

2283 3810 2444 3866 verbi
2470 3810 2680 3882 gratia,
2712 3809 3062 3865 Theodoreti
3095 3810 3184 3865 vel
3215 3811 3414 3866 Ruﬁni
3474 3812 3696 3866 constet
3737 3813 3883 3857 unam

2286 3905 2515 3956 tantum
2540 3916 2571 3955 e
2591 3898 2814 3954 nostris
2836 3899 3265 3959 catechesibus,
3283 3901 3370 3956 uti
3393 3905 3656 3971 quartam
3687 3892 3766 3948 vel
3791 3897 3885 3944 ter-

2286 3991 2428 4046 tiam
2459 3989 2752 4044 decimam
2782 3988 2986 4060 Cyrilli
3018 4004 3170 4054 esse,
3206 3988 3356 4044 illud
3405 3989 3477 4045 de
3523 3984 3780 4042 omnibus
3817 3979 3888 4031 est

2285 4078 2620 4152 probatum.
2651 4077 2812 4133 Adeo
2834 4094 3046 4133 omnes
3069 4093 3270 4133 secum
3294 4094 3574 4134 connexa:
3597 4079 3743 4138 sunt,
3764 4073 3815 4123 et
3839 4065 3887 4118 in

2283 4185 2469 4226 unum
2503 4167 2787 4224 doctrinae
2819 4184 3035 4240 corpus
3063 4167 3446 4224 efﬁciendum
3471 4163 3806 4237 conspirant,
3833 4158 3886 4208 ut

2283 4274 2358 4314 ne
2388 4274 2509 4314 una
2539 4257 2781 4328 quidem
2811 4273 2846 4312 a
2876 4256 3107 4312 caeteris
3129 4255 3332 4312 divelli
3354 4261 3548 4330 queat.
3573 4254 3631 4310 Id
3653 4253 3766 4324 ipse
3795 4258 3890 4300 n10-

2283 4348 2417 4403 nuit
2444 4353 2671 4414 auctor,
2703 4351 2925 4418 procat.
2959 4362 3017 4400 n.
3051 4349 3138 4408 ll,
3164 4345 3251 4418 fex
3280 4345 3560 4401 omnibus
3607 4336 3770 4397 simul
3811 4345 3892 4386 ca-

2285 4437 2643 4502 techesibus,
2674 4436 2853 4492 veluti
2886 4434 3134 4490 totidem
3163 4434 3465 4507 lapidibus
3482 4451 3552 4490 ex
3581 4429 3775 4487 ordine
3801 4435 3888 4494 p0-

2283 4527 2415 4583 sitis
2446 4532 2506 4582 et
2533 4525 2984 4600 coagmentatis,
3014 4541 3204 4581 unum
3235 4523 3534 4596 quoddam
3579 4514 3888 4600 Christiana!

526 4597 658 4671 rum
683 4614 1028 4670 testimonio
1049 4615 1347 4671 destitutae
1374 4623 1514 4672 sunt
1543 4597 1902 4673 catecheses.
1929 4619 2042 4675 Sed
2074 4636 2174 4676 eas
2209 4607 2252 4672 D
2282 4597 2676 4672 institutionis
2699 4614 3020 4672 aediﬁcium
3042 4614 3277 4676 conﬁci.
3301 4615 3474 4686 cujus
3497 4610 3660 4668 nulla
3677 4619 3799 4676 pars
3824 4597 3887 4686 θίῇ

525 4705 765 4779 [XCVII]
797 4705 899 4762 alii
927 4705 1036 4761 sub
1067 4707 1327 4763 auctoris
1357 4708 1598 4764 nomine
1629 4710 1836 4776 citant,
1865 4710 1966 4765 alii
2005 4727 2171 4766 com-

523 4795 717 4868 pilant
745 4801 804 4850 et
825 4797 1231 4852 transcribunt
1257 4801 1524 4863 tantum,‘
1543 4815 1862 4871 suppresso
1891 4800 2172 4868 auctoris,

523 4885 614 4940 vel
644 4884 908 4942 indicato
939 4887 1266 4959 generatim
1298 4887 1587 4944 duntaxat
1614 4888 1712 4944 SS.
1771 4889 2012 4944 Patrum
2066 4905 2176 4945 no-

527 4975 708 5030 mine.
744 4975 1013 5032 Secunda
1043 4977 1371 5033 catechesis
1420 4977 1698 5034 laudatur
1745 4995 1882 5034 cum
1930 4979 2042 5034 hoc
2087 4996 2172 5035 se-

526 5062 734 5118 canda;
765 5065 968 5134 Cyrilli
1027 5067 1406 5123 catecheseos
1464 5066 1659 5136 titulo,
1712 5073 1770 5123 et
1795 5068 2109 5124 verborum
2141 5085 2176 5125 a

527 5152 745 5223 quibus
768 5153 978 5226 incipit
1007 5155 1437 5229 designatione,
1460 5173 1494 5212 a
1513 5157 1770 5213 concilio
1801 5174 1877 5213 vn
1905 5175 2170 5216 cacume-

525 5242 660 5296 nico
691 5258 788 5296 an.
821 5245 925 5298 787
957 5243 1254 5300 celebrato
1281 5263 1294 5313 ;
1348 5250 1561 5318 quarta
1589 5263 1623 5301 a
1653 5247 1914 5318 Leontio,
1948 5253 2006 5304 et
2035 5257 2172 5306 ante

527 5331 722 5402 ipsum
754 5347 789 5385 a
819 5331 1184 5388 Theodoreto
1211 5341 1450 5391 centum
1481 5341 1616 5407 post
1662 5336 1850 5394 dictas
1899 5339 2172 5394 cateche-

529 5437 623 5475 ses
677 5421 852 5476 aunis
910 5421 1225 5490 scribente,
1286 5441 1417 5480 cum
1478 5425 1886 5500 designatione
1942 5435 2170 5498 quartas

527 5509 908 5566 catecheseos
937 5511 1004 5567 de
1032 5513 1214 5568 decem
1242 5514 1611 5584 dogmatibus,
1663 5520 1722 5572 et
1776 5516 2052 5588 specialis
2103 5519 2171 5573 ti-

524 5599 633 5654 tuli
655 5600 723 5655 de
740 5604 1095 5672 generatione
1123 5619 1190 5657 ea:
1225 5605 1470 5674 Virgine,
1495 5606 1594 5677 qui
1617 5605 1811 5661 citatis
1841 5622 1875 5660 a
1903 5606 2166 5663 Theodo-

521 5695 644 5744 reto
678 5689 873 5746 verbis
907 5690 967 5746 in
998 5691 1292 5750 catechesi
1323 5694 1672 5767 prmﬂgitur.
1703 5695 1920 5762 Quinta
1947 5695 2165 5754 citatur

2283 4723 2360 4763 ne
2393 4707 2573 4762 totius
2599 4704 2835 4761 aedilicii
2867 4703 3132 4777 periculo
3162 4684 3536 4776 praetermitti
3565 4703 3663 4757 aut
3689 4684 3887 4750 detrahi

2285 4797 2473 4870 possit
2518 4797 2738 4867 Nempe
2749 4793 2954 4851 avulsa
2970 4793 3264 4850 catechesi
3281 4809 3422 4859 una,
3443 4790 3531 4848 vel
3553 4789 3722 4846 etiam
3750 4781 3888 4854 parte

2285 4887 2415 4958 ejus
2444 4885 2666 4958 aliqua,
2720 4883 3130 4957 imperfectam
3165 4888 3224 4938 et
3253 4897 3528 4939 mancam
3557 4876 3750 4937 habes,
3778 4880 3888 4958 qua?

2285 4956 2348 5032 in
2379 4981 2501 5030 toto
2534 4956 2711 5046 opere
2742 4956 3114 5046 proponitur,
3147 4971 3467 5028 Christiani
3497 4961 3778 5024 candidati
3807 4956 3889 5010 in-

2284 5064 2654 5122 stitutionem
2672 5079 2740 5119 ac
2758 5062 3012 5134 symboli
3029 5047 3890 5135 expositionem.lsestomnium

2282 5153 2672 5212 catecheseon
2706 5151 2968 5226 [XCVIII]
2999 5153 3167 5219 ordo,
3210 5156 3276 5206 ut
3322 5147 3647 5223 posteriora
3690 5146 3893 5232 semper

2282 5243 2355 5300 ab
2385 5242 2784 5300 anterioribus
2815 5241 3216 5314 dependeant,
3251 5246 3310 5296 et
3328 5238 3624 5296 anteriora
3644 5233 3893 5306 posterio-

2283 5349 2414 5389 rum
2432 5332 2934 5404 exspectationem
2957 5331 3434 5404 complectantur
3461 5317 3890 5409 ;subsequenlt28

2279 5422 2619 5480 catecheses
2667 5422 2730 5477 in
2788 5420 3277 5477 antecedentibus
3319 5415 3699 5491 promittitur,
3746 5409 3888 5498 ei]?

2279 5510 2785 5582 subsequentibus
2845 5511 3251 5582 praecedentes
3307 5490 3582 5564 citantur.
3631 5490 3890 5553 Promittil

2277 5607 2485 5659 auctor
2503 5601 2565 5656 in
2587 5607 2812 5673 procat.
2834 5617 2894 5657 n.
2930 5603 3018 5667 11,
3044 5601 3283 5674 plenam
3301 5603 3361 5654 et
3383 5587 3756 5683 integramde
3771 5595 3884 5683 ’ξιοξ

2276 5691 2415 5754 stris
2436 5669 2811 5764 dogmatibus
2827 5669 3281 5766 expositionem,
3299 5688 3475 5745 variis
3504 5669 3882 5740 catechesibus
