4052 6374
200 360 302 420 129
1588 358 1849 422 DISSEF

1959 357 2116 423 LTIO
2159 359 2240 422 Π.
3502 371 3619 433 130

192 509 293 564 per
322 499 510 546 totam
542 489 1080 564 Quadragesimam
1113 491 1422 551 habendis.
1445 492 1768 550 Pollicetur
1792 498 1851 549 et
1880 521 1926 588 Α
1969 515 1991 543 ι
2017 509 2154 549 cum
2186 498 2362 561 esset,
2396 497 2508 552 etc.
2543 495 2688 552 Vide
2717 498 2777 553 et
2806 496 2999 569 ejusd.
3024 498 3316 555 catech.n.
3344 502 3410 554 16
3442 507 3500 555 et
3525 503 3613 555 38.

196 588 300 639 cat.
334 583 384 648 4,
417 598 476 637 n.
508 582 562 647 3,
599 587 661 636 et
703 587 818 637 cat.
855 584 909 650 5,
957 600 1017 636 ιι.
1075 587 1162 651 12,
1195 583 1563 656 singulorum
1593 584 1849 658 symboli
1880 582 1926 588 ’“
1963 584 2041 637 De
2065 600 2234 639 sacra
2254 585 2644 656 Eucharistia,
2668 593 2781 643 cat.
2810 590 2896 653 18,
2921 605 2982 643 ιι.
3008 590 3097 657 33,
3123 595 3285 644 vocat
3310 605 3439 644 eam
3465 607 3618 661 mys-

201 673 443 743 capitum
466 677 816 726 accuratam
842 688 912 726 ac
933 671 1280 746 diligentem
1304 674 1756 746 expositionem.
1778 676 1852 729 At
1958 673 2116 728 reria
2145 690 2215 729 ex
2247 675 2417 730 altari
2445 682 2702 747 sumpta,
2737 694 2870 748 qua;
2902 679 3122 745 isthinc,
3150 679 3366 749 inquit,
3391 681 3616 733 initium

206 771 312 820 cat.
347 766 425 829 18,
452 781 511 817 ιι.
547 765 643 829 32,
670 762 730 818 id
763 780 826 818 se
854 763 1108 819 diversis
1129 765 1537 823 catechesibus
1562 765 1846 838 perfecis-

208 871 267 910 se
293 859 343 909 et
368 852 698 907 absolvisse
731 869 841 923 pro
873 853 1028 907 virili
1063 859 1228 925 parte
1258 859 1527 910 testatur.
1563 855 1848 920 Primam,

202 943 507 998 secundam
544 948 606 997 et
655 943 898 997 tertiam
958 943 1295 998 catecheses
1350 944 1494 998 citat
1522 949 1635 1000 cat.
1672 947 1758 1011 18,
1786 962 1846 1001 ιι.

189 1033 269 1097 22,
290 1031 458 1085 aiens
483 1047 550 1085 se
585 1030 650 1084 in
674 1030 979 1102 prioribus
1010 1031 1418 1088 catechesibus
1448 1033 1521 1088 de
1554 1034 1848 1105 baptismo

184 1120 661 1193 paenitentiaque
724 1119 971 1176 dixisse.
1032 1121 1288 1177 Primam
1345 1122 1489 1178 item
1521 1129 1580 1178 et
1610 1125 1848 1180 tertiam

176 1212 310 1266 citat
338 1217 455 1265 cat.
510 1212 571 1278 4,
632 1227 697 1264 ιι.
764 1211 855 1277 32,
905 1215 963 1265 et
1018 1212 1250 1277 cat.16,
1284 1228 1342 1265 ιι.
1377 1213 1465 1267 30.
1497 1214 1848 1269 Catecheses

171 1305 415 1366 sextam,
480 1299 845 1371 septimam,
904 1306 1189 1362 octavam,
1249 1318 1493 1369 nonam,
1528 1302 1845 1368 decimam,

165 1389 620 1453 duodecimam,
660 1407 735 1445 ac
764 1390 918 1446 forte
979 1391 1156 1446 etiam
1187 1396 1307 1446 tres
1340 1397 1659 1463 sequentes
1706 1393 1850 1449 citat

163 1488 271 1535 cat.
310 1485 399 1544 l7,
432 1497 622 1534 num.
660 1482 718 1534 2.
756 1482 1053 1536 Praeterea
1081 1481 1143 1535 in
1176 1482 1472 1537 catechesi
1502 1484 1554 1547 7,
1591 1499 1757 1539 num.
1793 1487 1845 1551 1,

167 1572 303 1626 citat
330 1576 601 1635 sextam,
640 1571 711 1623 in
768 1575 972 1625 octava
1025 1586 1188 1625 num.
1226 1576 1274 1638 1,
1322 1572 1658 1642 septimam,
1686 1572 1846 1628 deci-

166 1678 317 1715 mam
345 1659 501 1715 citat
535 1660 604 1714 in
643 1660 880 1715 catech.
923 1662 1002 1727 11,
1034 1677 1089 1714 ιι.
1132 1664 1178 1725 1,
1217 1667 1275 1714 et
1303 1660 1364 1715 in
1395 1666 1506 1717 cat.
1540 1663 1626 1728 13,
1676 1679 1735 1716 ιι.
1789 1665 1842 1728 9,

158 1749 552 1805 undecimam
590 1749 659 1803 in
720 1754 837 1803 cat.
904 1750 988 1808 12,
1049 1766 1106 1803 ιι.
1140 1752 1193 1815 4,
1225 1754 1284 1803 et
1313 1755 1423 1805 cat.
1463 1752 1545 1807 13.
1580 1768 1639 1806 ιι.
1670 1754 1718 1806 9.
1758 1750 1847 1806 Ad

160 1838 595 1895 duodecimam
622 1838 890 1892 remittit
918 1844 1029 1893 cat.
1086 1839 1175 1907 13,
1207 1856 1264 1894 ιι.
1302 1842 1352 1893 9.
1387 1841 1644 1896 Tertiam
1672 1840 1842 1896 deci-

164 1945 314 1984 mam
346 1929 409 1983 in
444 1928 829 1983 memoriam
862 1932 1095 1983 revocat
1124 1934 1235 1983 cat.
1278 1930 1358 1996 i4,
1387 1945 1446 1983 n.
1483 1933 1530 1984 1.
1565 1929 1846 1985 Eamdem

168 2024 224 2072 et
250 2018 554 2073 decimam
623 2023 911 2089 quartam
970 2024 1265 2074 memorat
1320 2018 1381 2073 in
1431 2025 1543 2075 cat.
1580 2021 1665 2087 16,
1697 2037 1757 2075 ιι.
1790 2022 1844 2077 4.

177 2108 461 2163 Promittit
494 2108 567 2163 in
608 2107 860 2163 decima
890 2114 1055 2163 sexta
1084 2124 1248 2163 num.
1284 2110 1373 2175 32,
1399 2110 1713 2180 septimam
1745 2110 1848 2166 de-

182 2198 399 2263 cimam,
433 2204 498 2254 et
530 2199 599 2253 in
638 2198 905 2268 septima
935 2196 1166 2253 decima
1188 2215 1357 2253 num.
1385 2202 1435 2266 1,
1459 2199 1755 2271 variisque
1786 2201 1846 2255 in

178 2287 320 2343 locis
348 2289 486 2343 citat
518 2294 585 2343 et
641 2287 909 2342 remittit
935 2287 1009 2343 ad
1036 2293 1260 2343 sextam
1292 2289 1609 2344 decimam.
1642 2292 1724 2344 Ex
1755 2290 1848 2345 his

180 2378 452 2450 intelligis
469 2394 702 2433 omnes
722 2377 1067 2432 catecheses
1084 2378 1261 2431 unius
1281 2394 1495 2433 manus
1513 2395 1642 2433 esse
1659 2396 1671 2432 :
1688 2378 1847 2449 quod

192 2467 399 2538 alioqui
425 2468 573 2522 satis
607 2466 906 2538 probaret
930 2483 1113 2521 unum
1136 2467 1404 2522 omnium
1428 2469 1768 2523 institutum
1792 2473 1852 2523 et

202 2573 419 2627 scapus,
446 2575 561 2612 una
595 2557 663 2611 in
700 2556 986 2612 omnibus
1032 2556 1287 2613 docendi
1315 2563 1373 2612 et
1403 2558 1641 2613 dicendi
1674 2559 1846 2626 ratio,

202 2646 389 2700 eadem
420 2646 701 2702 doctrina
737 2647 956 2717 saepius
990 2645 1291 2702 inculcata
1330 2654 1389 2702 et
1426 2648 1697 2719 repetita,
1734 2665 1845 2704 eaa-

193 2735 316 2791 dem
339 2737 656 2791 sententias
690 2735 902 2790 crebro
929 2736 1258 2808 iisdemque
1285 2754 1436 2808 pene
1460 2737 1652 2792 verbis
1674 2755 1845 2810 repe-

190 2826 325 2889 titas,
351 2825 508 2881 idem
539 2826 887 2897 Scripturas
936 2830 995 2881 et
1040 2826 1261 2881 citandi
1308 2832 1368 2881 et
1411 2826 1846 2898 interpretandi

186 2915 407 2970 modus.
430 2917 561 2971 Una
586 2916 778 2987 igitur
799 2916 1091 2970 catechesi
1115 2932 1184 2970 ex
1206 2916 1557 2972 auctoritate
1582 2922 1847 2972 veterum

191 3010 247 3058 et
272 3005 598 3076 aequalium
633 3010 950 3060 auctorum
997 3005 1216 3076 Cyrillo
1257 3012 1505 3072 asserta,
1540 3005 1611 3061 ab
1636 3007 1845 3061 eodem

194 3095 364 3150 simul
393 3095 713 3150 universas
743 3095 1040 3165 proﬁcisci
1090 3096 1368 3151 effectum
1410 3101 1468 3150 et
1498 3096 1848 3151 conclusum

198 3188 294 3237 est.

1957 770 2306 834 acceperunt,
2327 765 2713 838 Jerosolymis
2737 765 3015 822 videlicet
3036 768 3295 839 primum
3322 769 3612 824 instituta.

1962 852 2279 909 Veritatem
2311 854 2598 910 adventus
2630 856 2846 911 Christi
2877 856 3138 927 probans
3170 863 3280 913 cat.
3314 862 3396 919 10,
3430 876 3489 912 ιι.
3528 861 3614 923 19,

1957 940 2021 994 iu
2058 942 2471 998 testimonium
2531 947 2781 1000 assumit
2835 953 3087 1001 sanctum
3143 949 3319 1002 crucis
3378 948 3610 1016 lignum,

1958 1032 2124 1101 quod,
2148 1032 2251 1099 ait,
2274 1033 2348 1087 ad
2368 1033 2693 1091 hodiernum
2721 1050 2892 1105 usque
2921 1036 3065 1091 diem
3084 1037 3237 1107 apud
3264 1052 3363 1092 nos
3391 1039 3613 1106 conspi-

1958 1121 2104 1175 citur
2124 1137 2142 1174 :
2171 1121 2436 1192 palmam
2466 1124 2529 1178 in
2580 1124 2728 1179 valle
2791 1125 2985 1191 sitam,
3023 1142 3154 1196 quas
3186 1142 3385 1181 ramos
3414 1126 3614 1197 pueris

1957 1209 2258 1266 Christum
2325 1213 2598 1269 encomio
2676 1213 3122 1270 celebrantibus
3205 1215 3612 1271 ministravit:

1958 1299 2350 1357 Gethsemane
2383 1301 2602 1369 locum,
2647 1304 2858 1358 ludam
2913 1304 3106 1359 adhuc
3153 1305 3323 1375 quasi
3363 1304 3614 1360 demon-

1956 1393 2285 1458 strantem;
2318 1392 2641 1465 additque:
2690 1395 2925 1450 Sanctus
2972 1397 3073 1450 iste
3116 1395 3411 1464 Golgothas
3448 1412 3614 1467 super

1955 1485 2151 1535 caetera
2176 1482 2356 1537 editus
2385 1489 2637 1551 testatur,
2668 1486 3027 1553 conspicuum
3074 1500 3129 1539 se
3181 1490 3496 1550 ostentans;
3527 1493 3610 1540 te-

1952 1576 2136 1625 statur
2165 1578 2573 1628 monumentum
2596 1590 2700 1643 per
2728 1580 2998 1640 sanctum,
3044 1581 3097 1628 et
3126 1576 3225 1644 qui
3256 1576 3313 1628 in
3344 1575 3486 1630 hunc
3516 1592 3609 1630 us-

1954 1675 2059 1729 que
2087 1660 2232 1715 diem
2249 1661 2404 1731 jacet
2432 1663 2592 1732 lapis.
2627 1663 2748 1719 Cat.
2814 1664 2900 1727 13,
2934 1680 2992 1716 ιι.
3030 1664 3118 1731 38,
3152 1663 3359 1723 eadem
3392 1664 3607 1719 iterum

1953 1749 2172 1819 repetit
2201 1750 2565 1813 testimonia,
2600 1751 2815 1821 quibus
2847 1768 2995 1807 nova
3026 1753 3461 1823 superaddit,in
3490 1755 3611 1825 pri-

1954 1838 2068 1892 mis
2101 1844 2457 1909 praasentem
2482 1841 2716 1912 Caiphm
2741 1840 2953 1896 domus
2976 1841 3331 1910 vastitatem,
3356 1848 3413 1897 et
3434 1860 3491 1898 ιι.
3519 1844 3611 1912 39,

1961 1927 2131 1982 Pilati
2162 1930 2506 2000 praetorium
2539 1947 2705 2000 nunc,
2757 1931 2973 2001 inquit,
3026 1934 3084 1985 in
3123 1932 3474 1988 solitudinem
3520 1950 3609 1988 re.

1957 2019 2196 2075 dactum.
2230 2020 2445 2076 Addit:
2479 2022 2777 2091 Golgothas
2808 2021 2912 2077 iste
2934 2030 3154 2079 sanctus
3180 2028 3611 2094 supereminens,

1957 2114 2126 2179 atque
2156 2111 2216 2163 in
2237 2117 2563 2180 praesentem
2608 2127 2779 2181 usque
2835 2112 2979 2165 diem
3033 2114 3195 2181 ﬁdem
3223 2115 3439 2180 faciens
3468 2131 3612 2184 quo-

1956 2198 2114 2252 modo
2137 2204 2312 2268 petra:
2335 2206 2568 2270 propter
2599 2201 2877 2256 Christum
2898 2218 2960 2255 eo
2984 2208 3226 2271 tempore
3254 2209 3381 2257 sunt
3411 2206 3608 2258 scissae.

1959 2287 2301 2342 Proximum
2331 2306 2569 2360 quoque
2610 2295 3084 2357 monumentum,
3138 2296 3197 2344 et
3247 2309 3430 2363 prope
3480 2309 3612 2347 mo-

1958 2384 2313 2434 numentum
2337 2381 2640 2450 jacentem
2670 2380 2931 2452 lapidem
2964 2382 3024 2436 in
3066 2382 3476 2437 testimonium
3509 2400 3615 2454 ap-

1957 2465 2162 2537 pellat.
2196 2467 2414 2523 Eadem
2445 2474 2555 2524 cat.
2588 2487 2649 2524 n.
2680 2473 2768 2535 22,
2798 2470 2883 2525 ait
2911 2487 2973 2525 se
3004 2470 3076 2526 de
3108 2472 3346 2542 tropaeis
3376 2472 3610 2526 Domini

1959 2554 2021 2609 in
2043 2556 2172 2627 ipso
2196 2562 2285 2611 ter
2305 2564 2509 2613 sancto
2533 2559 2820 2631 Golgotha
2840 2558 3185 2615 dicere.Alii
3205 2562 3367 2627 enim,
3394 2561 3612 2632 inquit,

1960 2646 2337 2700 tantummodo
2366 2647 2645 2712 audiunt;
2691 2663 2789 2703 nos
2838 2655 3022 2703 autem
3052 2655 3102 2703 et
3130 2650 3374 2705 videmus
3405 2655 3454 2704 et
3487 2656 3617 2705 tan-

1956 2736 2135 2803 gimus
2156 2753 2176 2798 ;
2195 2752 2255 2791 ιι.
2281 2738 2369 2802 23,
2396 2736 2747 2792 crucifixum
2769 2754 2903 2793 vere
2929 2738 3247 2794 Dominum
3272 2738 3457 2795 fuisse
3477 2756 3614 2810 pro-

1955 2822 2127 2890 bans,
2157 2824 2329 2885 vides,
2363 2824 2464 2891 ait,
2499 2825 2675 2880 locum
2706 2826 3009 2896 Golgothaz.
3047 2826 3257 2882 Secuta
3296 2833 3386 2882 est
3416 2827 3609 2883 accla-

1955 2912 2138 2967 matio
2197 2911 2537 2968 auditorum
2593 2916 3069 2970 assentientium.
3129 2917 3251 2972 Cat.
3302 2918 3387 2981 14,
3420 2933 3480 2970 ιι.
3516 2920 3605 2984 22,

1955 3001 2173 3057 iterum
2197 3008 2427 3073 petram
2459 3005 2855 3072 monumenti,
2881 3010 2937 3058 et
2958 3004 3216 3076 lapidem
3239 3004 3300 3058 in
3325 3004 3482 3059 diem
3506 3021 3608 3060 us-

1957 3107 2072 3161 que
2103 3097 2458 3163 praasentem
2491 3093 2903 3165 conspicuum,
2939 3099 2997 3148 et
3025 3094 3240 3166 ipsam,
3272 3094 3334 3147 in
3367 3110 3485 3164 qua
3516 3092 3609 3148 di-

1956 3180 2145 3237 cebat.
2169 3182 2640 3237 Resurrectionis
2663 3182 2977 3238 ecclesiam
2996 3199 3030 3238 a
3050 3183 3441 3238 Constantino
3464 3183 3609 3237 aedi-

260 3277 311 3329 9.
341 3274 429 3329 Ad
449 3274 715 3329 alterum
743 3278 1155 3345 argumentum
1176 3273 1370 3341 venio,
1395 3272 1555 3345 quod
1582 3274 1675 3331 his
1698 3276 1846 3332 dua—
1875 3267 1918 3331 C
1960 3270 2286 3337 ﬁcatam,in
2310 3272 2717 3327 testimonium
2742 3289 2892 3328 veras
2914 3273 3131 3328 Christi
3153 3272 3611 3328 resurrectionis

201 3362 300 3418 bus
329 3363 841 3436 propositionibus
863 3363 1123 3418 iucludo.
1148 3363 1346 3419 Prima
1373 3369 1481 3432 est,
1508 3366 1849 3421 catecheses

204 3460 426 3509 nostras
454 3453 847 3525 Jerosolymis
901 3458 1060 3509 certo
1117 3454 1336 3510 certius
1394 3455 1625 3511 habitas
1677 3472 1845 3525 esse;

211 3543 400 3609 altera,
422 3550 733 3600 auctorem
766 3548 974 3615 quarto
998 3543 1238 3612 saeculo,
1262 3545 1383 3599 imo
1415 3550 1553 3600 ante
1583 3546 1848 3602 medium

210 3634 479 3689 saeculum
512 3639 790 3706 quartum
852 3634 1196 3706 scripsisse:
1256 3649 1375 3704 qua
1413 3641 1584 3690 aetate
1617 3641 1851 3691 constat

211 3723 482 3794 Cyrillum
539 3723 1050 3795 Jerosolymitanaa
1099 3723 1377 3778 Ecclesiae
1435 3724 1848 3796 presbyterum

209 3811 402 3879 fuisse,
433 3831 504 3870 ac
535 3813 874 3869 catecheses
900 3812 1180 3869 habuisse
1211 3813 1404 3868 adhuc
1427 3814 1735 3884 juvenem,
1769 3821 1847 3880 et,

207 3909 268 3956 ut
289 3920 421 3958 cum
445 3904 807 3976 Hieronymo
828 3903 1059 3974 loquar,
1077 3901 1138 3957 in
1158 3902 1548 3959 adolescentia.
1575 3904 1852 3961 Cateche-

208 4008 294 4046 ses
312 3993 699 4065 lerosolymis
725 3993 911 4049 dictas
935 4009 1063 4047 esse
1083 4009 1290 4048 omnes
1314 3994 1543 4064 paginaa
1565 3994 1845 4051 clamant.

205 4082 516 4139 Auditores
543 4100 679 4138 suos
707 4082 1229 4153 Jerosolymitanos
1268 4083 1532 4155 appellat
1560 4090 1672 4141 cat.
1706 4086 1756 4139 3.
1786 4103 1845 4158 ιι,

206 4175 253 4227 7.
286 4174 604 4243 Cognoscite
635 4189 666 4227 ο
693 4188 787 4229 vos
813 4172 1229 4243 Jerosolymilae.
1254 4173 1376 4228 Cat.
1405 4174 1490 4239 12,
1512 4191 1573 4229 ιι.
1599 4177 1681 4228 20.
1705 4178 1851 4231 Loca

203 4263 350 4331 quod
379 4265 600 4328 attinet,
633 4269 691 4317 tu
719 4263 1206 4332 Jerosolymitanus
1262 4279 1384 4317 cum
1435 4265 1507 4318 sis
1544 4264 1669 4334 jam
1719 4272 1849 4320 ante

201 4355 422 4417 uouisti,
454 4359 606 4419 etc.;
665 4356 776 4407 cat.
841 4352 924 4419 18,
985 4368 1150 4407 num.
1205 4353 1295 4419 34,
1350 4351 1673 4408 illuminare
1708 4371 1850 4410 nova

200 4442 521 4497 Jerusalem.
554 4443 698 4497 Cum
731 4442 803 4496 de
834 4441 1132 4513 mysteriis
1161 4440 1512 4498 Christianas
1544 4443 1848 4517 religionis

204 4529 461 4598 disserit,
488 4547 609 4585 non
633 4532 851 4585 omittit
875 4547 1005 4602 quas
1025 4529 1411 4600 Jerosolymis
1436 4539 1677 4603 peracta
1707 4533 1847 4602 sint,

1954 3369 2123 3418 vocat
2176 3363 2307 3419 Alia
2335 3363 2467 3419 loca
2495 3364 2625 3419 vide
2648 3370 2761 3420 cat.
2790 3367 2843 3433 4,
2868 3382 3031 3420 num.
3060 3368 3125 3420 10
3148 3370 3207 3421 et
3234 3365 3316 3419 12.
3352 3366 3610 3419 Montem

1955 3452 2253 3508 Olivarum
2310 3452 2372 3508 in
2432 3453 2843 3508 testimonium
2903 3454 3276 3509 ascensionis
3321 3454 3466 3508 citat
3494 3459 3607 3508 cat.

1956 3544 2042 3603 14,
2076 3558 2242 3597 ιιιιιιι.
2277 3543 2344 3597 23
2374 3558 2386 3596 :
2422 3544 2624 3598 Multos
2656 3549 2813 3599 testes
2843 3544 3024 3599 habes.
3060 3543 3237 3599 Habes
3260 3543 3403 3598 hunc
3428 3546 3612 3613 ipsum

1953 3631 2374 3688 resurrectionis
2405 3632 2622 3697 locum;
2671 3635 2834 3689 habes
2884 3634 3063 3689 locum
3093 3637 3426 3690 ascensionis
3456 3636 3613 3688 nobis

1953 3722 2027 3776 ad
2051 3722 2331 3778 Orientem
2356 3721 2546 3779 situm.
2573 3724 2829 3777 Montem
2862 3724 3040 3778 etiam
3064 3724 3363 3779 Olivarum
3386 3739 3457 3777 ex
3484 3723 3613 3794 ipsa

1953 3810 2099 3866 urbe
2122 3811 2516 3883 contemplari
2536 3811 2711 3883 jubet
2733 3813 3188 3879 auditores,cat.
3227 3816 3314 3875 12,
3334 3828 3498 3866 ιιιιιιι.
3523 3815 3578 3864 11
3597 3851 3610 3864 .

1955 3901 2147 3956 Sionis
2181 3917 2417 3973 quoque
2449 3903 2803 3967 vastitatem,
2839 3901 3149 3957 subactum
3200 3907 3395 3957 aratro
3430 3906 3487 3954 et
3518 3917 3612 3955 re-

1954 3991 2181 4063 pletum
2213 3992 2638 4047 cucumerariis
2670 3990 2891 4058 locum,
2915 3992 3002 4047 uti
3037 3992 3203 4047 testis
3226 4007 3424 4048 coram
3450 3991 3614 4045 testi-

1954 4080 2066 4137 bus
2099 4081 2385 4137 describit
2415 4087 2526 4136 cat.
2560 4084 2647 4149 16,
2671 4099 2730 4138 n.
2764 4084 2848 4136 18.
2876 4082 2946 4137 Se
2968 4098 2998 4137 e
3024 4081 3265 4155 regione
3300 4088 3358 4137 et
3388 4083 3451 4135 in
3484 4098 3619 4136 cou-

1957 4178 2163 4245 spectu
2191 4173 2671 4244 Jerosolymitani
2700 4173 2904 4244 templi
2936 4174 3270 4229 orationem
3292 4173 3512 4228 habere
3537 4177 3618 4226 te-

1956 4268 2148 4319 statur
2176 4268 2289 4319 cat.
2324 4267 2377 4330 7,
2411 4280 2470 4318 n.
2506 4267 2559 4331 6,
2594 4268 2653 4319 et
2681 4269 2797 4321 cat.
2842 4265 2928 4332 10,
2962 4281 3020 4317 ιι.
3060 4267 3144 4318 11.
3179 4262 3478 4327 Ecclesiae,
3514 4278 3620 4317 cu-

1948 4354 2050 4426 jus
2072 4354 2485 4426 erat,primum
2506 4355 2849 4426 episcopum
2866 4354 3048 4410 fuisse
3064 4353 3347 4410 Iacobum
3371 4353 3616 4407 fratrem

1959 4443 2218 4512 Domini,
2241 4444 2325 4499 ait
2349 4449 2462 4499 cat.
2496 4445 2548 4509 4,
2584 4460 2643 4500 ιι.
2678 4446 2768 4513 28,
2803 4449 2863 4499 et
2911 4450 3024 4500 cat.
3062 4446 3148 4511 14,
3197 4461 3365 4499 ιιιιιιι.
3400 4446 3490 4507 21,
3524 4459 3618 4498 se-

1956 4539 2237 4605 ptemque
2260 4533 2491 4605 priores
2511 4533 2797 4589 diaconos
2815 4533 3079 4606 appellat
3087 4534 3494 4605 primogenitos
3514 4531 3619 4585 hu-

203 4625 256 4675 et
287 4621 427 4676 inde
457 4621 590 4675 urbi
650 4621 863 4677 asserit
918 4619 1288 4693 dignitatem,
1334 4620 1427 4675 vel
1479 4637 1549 4676 ex
1579 4622 1846 4693 ipsorum
1877 4642 1924 4707 D
1945 4626 2105 4695 jusce
2133 4623 2438 4693 aliquando
2495 4624 2700 4679 sterilis
2760 4624 3010 4680 Ecclesiae
3067 4625 3230 4694 ﬁlios.
3281 4621 3526 4677 Dicebat
3555 4620 3617 4675 in

204 4708 466 4765 locorum
498 4716 819 4782 conspectu
850 4710 1155 4764 veritatem
1203 4708 1447 4764 illorum
1479 4715 1697 4766 tuetur.
1727 4713 1845 4767 Mo-

206 4809 299 4855 net
327 4808 443 4857 cat.
480 4803 536 4871 3,
567 4818 626 4856 ιι.
660 4805 713 4869 7,
745 4800 1173 4872 Jerosolymam
1218 4800 1503 4872 baptismi
1551 4802 1848 4873 primitias

204 4891 522 4962 accepisse,
554 4907 687 4946 cum
720 4889 793 4946 ad
820 4890 1064 4946 Joannis
1094 4889 1460 4961 baptismum
1500 4890 1844 4947 accederet:

208 5000 233 5027 ιι
258 4979 534 5035 Omnium
568 4980 749 5041 enim,
779 5002 799 5028 ιι
838 4979 1051 5049 inquit,
1087 5000 1114 5027 ‹‹
1141 4978 1432 5033 bonorum
1464 4982 1852 5054 prmrogativa

208 5089 235 5115 ει
257 5068 315 5123 in
338 5069 739 5141 Jerosolymis.
766 5089 791 5120 ν
815 5068 1117 5123 Catechesi
1146 5068 1392 5129 l6.n.4,«
1418 5069 1672 5139 Spiritus
1691 5087 1856 5127 sanc-

210 5178 233 5204 α
258 5162 346 5214 tus
360 5160 419 5214 in
434 5162 780 5215 Pentecoste
803 5174 982 5229 super
993 5157 1293 5229 apostolos
1306 5157 1587 5228 delapsus
1602 5166 1710 5227 est,
1740 5161 1855 5216 ist-

208 5269 233 5296 a
250 5247 339 5303 hic
364 5249 422 5304 in
444 5247 1074 5313 Jerusalem,omnium
1092 5247 1249 5301 enim
1262 5245 1419 5317 apud
1439 5263 1545 5301 nos
1559 5256 1860 5322 suntpraa-

211 5359 235 5383 ι
251 5340 940 5409 rogativaa.»Etcat.t7,n.
978 5336 1094 5403 13,ο‹
1117 5335 1264 5389 Cum
1278 5335 1720 5406 complerentur
1732 5340 1858 5397 dies

209 5448 232 5474 ς.
253 5428 646 5497 Pentecostes,
673 5426 867 5485 hic.in
889 5424 1119 5479 civitate
1140 5424 1257 5480 ista
1274 5424 1607 5481 Jerusalem
1630 5430 1860 5499 (nostra

209 5536 233 5563 ε
257 5519 400 5575 enim
422 5526 510 5575 est
539 5520 668 5575 hac
700 5530 945 5588 quoque
977 5515 1395 5585 praerogativa:
1428 5513 1858 5590 loquimurque

210 5626 234 5655 ι
250 5622 355 5665 non
376 5609 444 5668 de
459 5610 553 5667 his
572 5624 712 5681 quas
737 5602 903 5676 apud
925 5601 1074 5657 alios
1096 5602 1609 5674 contigerunt,sed
1626 5604 1699 5661 de
1720 5624 1859 5665 con-

202 5702 401 5759 «cessis
447 5699 611 5775 apud
643 5712 762 5754 nos
809 5692 1002 5763 bouis)
1032 5691 1249 5764 [XCIX]
1277 5693 1457 5749 Peute
1488 5698 1651 5751 coste
1681 5696 1864 5768 igitur

1956 4714 2087 4784 ipso
2118 4718 2322 4768 monte
2349 4712 2657 4786 Golgotha,
2689 4719 2756 4768 ut
2782 4719 3033 4769 testatur
3062 4714 3189 4785 ipse
3220 4717 3334 4768 cat.
3368 4714 3421 4774 4,
3456 4728 3516 4765 ιι.
3553 4711 3618 4764 10

1957 4810 2017 4859 et
2047 4804 2133 4871 14,
2168 4807 2281 4858 cat.
2320 4805 2402 4870 10,
2439 4819 2500 4858 ιι.
2539 4806 2624 4869 19,
2679 4808 2791 4858 cat.
2846 4805 2933 4871 13,
2971 4818 3137 4857 ιιιιιιι.
3170 4805 3224 4868 4,
3255 4804 3345 4864 22,
3379 4802 3468 4862 39,
3501 4804 3614 4853 cat.

1966 4895 2051 4960 16,
2085 4908 2144 4947 n.
2177 4893 2230 4955 4,
2266 4892 2327 4946 in
2372 4891 2627 4948 ecclesia
2674 4893 3148 4948 Resurrectionis
3191 4890 3264 4946 ad
3297 4891 3493 4961 ipsum
3525 4904 3621 4942 se-

1963 4982 2157 5054 pulcri
2191 4981 2386 5038 locum
2443 4981 2755 5049 aediﬁcata,
2819 4988 2931 5037 cat.
2996 4983 3084 5045 14,
3117 4997 3281 5036 ιιιιιιι.
3315 4982 3367 5043 9,
3402 4995 3435 5033 a
3465 4979 3619 5033 Con-

1966 5072 2228 5128 stantino
2254 5076 2312 5126 et
2338 5072 2477 5127 filiis
2500 5077 2724 5127 structa
2744 5076 2802 5127 et
2821 5076 3032 5126 ornata
3057 5068 3541 5143 magniﬁce,ibid.
3557 5083 3618 5122 ιι.

1967 5163 2055 5229 56,
2088 5162 2157 5214 22
2188 5166 2248 5215 et
2278 5162 2363 5216 14.
2393 5162 2516 5215 lmo
2550 5161 2610 5215 in
2644 5161 2773 5231 ipso
2806 5160 3281 5216 Resurrectionis
3314 5158 3532 5215 sacello
3557 5174 3620 5213 se

1969 5250 2398 5322 mystagogicas
2454 5250 2795 5306 catecheses
2853 5250 2936 5305 ait
2993 5250 3336 5305 habiturum
3381 5255 3494 5304 cat.
3532 5249 3620 5311 18,

1969 5340 2103 5394 ιι.33
2135 5339 2207 5393 Ut
2236 5353 2306 5393 ex
2334 5338 2428 5392 his
2454 5337 2733 5393 omnibus
2755 5343 2988 5394 constet
3016 5336 3357 5395 catecheses
3388 5342 3622 5392 nostras

1968 5426 2451 5500 Jerosolymitani
2483 5428 2744 5483 auctoris
2777 5444 2927 5484 esse.

2044 5523 2133 5576 10.
2162 5521 2287 5575 Iam
2321 5519 2565 5576 difﬁcile
2596 5537 2716 5575 non
2749 5524 2840 5575 est
2863 5520 3264 5577 Catecheseon
3296 5515 3611 5586 antiquita-

1971 5616 2091 5667 tem
2114 5609 2547 5677 demonstrare,
2570 5627 2702 5681 quae
2725 5609 2922 5665 medio
2941 5615 3151 5682 quarto
3170 5608 3386 5665 saeculo
3408 5618 3622 5660 recen-

1969 5700 2152 5758 tiores
2192 5714 2323 5754 esse
2356 5714 2479 5754 non
2501 5703 2774 5770 possunt.
2794 5698 2975 5754 Multa
2996 5704 3137 5754 sunt
3154 5698 3335 5770 hujus
3355 5689 3616 5760 antiqui-
