4052 6366
437 454 546 514 131

1517 457 1620 519 DE
1662 449 2248 519 CATECHESIBUS
2292 453 2360 512 S.
2403 450 2744 518 CYRlLLl.

3714 469 3810 532 l3!

432 593 572 652 tatis
593 599 833 668 sumpta
863 597 924 654 in
955 595 1102 668 ipsis
1125 595 1533 652 catechesibus
1555 596 1925 666 argumenta.
1953 588 2083 646 Pri-
2116 598 2164 663 Α
2197 587 2477 656 ambitus,
2512 590 2616 647 sed
2647 595 2706 648 et
2731 590 3038 651 interioris
3069 596 3238 665 aedis,
3283 597 3343 654 in
3393 615 3510 672 qua
3536 601 3810 663 cherubim

431 702 528 742 mo
561 686 723 742 enim
753 694 960 743 auctor
989 687 1062 744 ab
1094 688 1262 743 Isaias
1289 693 1461 743 astate
1491 686 1566 742 ad
1600 700 1791 748 suam,
1816 681 2084 738 nondum

436 773 600 831 mille
631 790 820 830 annos
877 776 1138 848 integros
1198 782 1256 831 et
1313 781 1549 831 exactos
1582 771 1973 837 numerabat;
2007 768 2090 823 ait

435 863 595 918 enim
625 870 735 919 cat.
775 867 862 932 16,
885 881 1028 920 num
1076 867 1162 934 18,
1185 867 1358 920 Isaias
1384 871 1510 920 ante
1537 879 1710 918 annos
1734 877 1914 932 prope
1937 858 2087 913 mille

434 960 573 1008 erat.
607 955 856 1010 Centum
887 972 1038 1028 pene
1071 972 1250 1026 supra
1280 955 1364 1027 [C]
1404 953 1570 1010 mille
1601 967 1804 1007 revera
1836 947 2084 1003 efﬂuxe-

431 1047 566 1097 rant
590 1044 730 1098 anni
757 1060 771 1109 ;
795 1044 844 1098 is
873 1049 1068 1100 tamen
1098 1061 1266 1100 error
1283 1043 1472 1116 magis
1494 1042 1672 1098 etiam
1695 1037 1955 1096 auctoris
1976 1052 2086 1092 an-

430 1131 766 1204 tiquitatem
825 1133 1041 1205 prodit.
1103 1135 1227 1189 Cat.
1289 1136 1376 1198 16,
1433 1149 1598 1188 num.
1643 1133 1697 1198 9,
1730 1129 2084 1184 ducentosa

426 1227 617 1276 morte
647 1223 1052 1294 apostolorum
1085 1222 1159 1278 ad
1194 1223 1488 1278 Manetem
1525 1236 1716 1292 usque
1746 1234 1935 1274 annos
1966 1231 2081 1271 nu-

426 1315 634 1367 merat.
662 1314 737 1366 At
765 1318 878 1367 cat.
903 1315 956 1374 6,
981 1329 1144 1368 num.
1170 1316 1258 1380 20,
1279 1329 1313 1367 a
1337 1315 1564 1367 Manete
1585 1309 1658 1366 ad
1683 1326 1791 1364 sua
1815 1313 2082 1378 tempora

427 1401 802 1472 septuaginta
831 1418 1022 1457 annos
1052 1401 1125 1457 ad
1158 1418 1458 1457 summum
1491 1401 1680 1473 ponit,
1712 1397 1940 1455 addens
1971 1411 2079 1450 suo

424 1496 689 1562 tempore
721 1492 1047 1548 etiamnum
1081 1492 1140 1547 in
1189 1491 1330 1547 vivis
1381 1505 1714 1564 superesse,
1749 1486 1847 1558 qui
1882 1486 2082 1540 Mane-

428 1586 547 1634 tem
575 1581 699 1636 suis
729 1580 920 1636 oculis
950 1582 1422 1652 conspexissent.
1460 1583 1667 1635 Annus
1707 1593 1824 1650 quo
1857 1573 2080 1647 prodiit

426 1669 647 1734 Manes,
681 1667 837 1740 apud
892 1669 1288 1742 chronologos
1345 1674 1599 1736 constat,
1641 1672 1850 1737 estque
1881 1679 2076 1719 annus

423 1757 636 1812 Christi
669 1759 796 1826 277,
829 1757 922 1812 cui
976 1758 1392 1830 conjungendo
1449 1757 1684 1829 elapsos
1715 1754 1853 1810 inde
1883 1767 2074 1807 annos

421 1847 816 1919 septuaginta,
839 1847 1023 1902 habes
1039 1865 1285 1915 annum,
1310 1865 1426 1920 quo
1449 1847 1620 1902 dictas
1644 1850 1783 1902 sunt
1802 1841 2070 1898 cateche-

2199 679 2340 734 olim
2374 687 2562 744 erant,
2597 688 2709 738 cat.
2743 687 2829 752 15,
2875 701 3040 741 ιιιιιιι.
3095 691 3181 744 15.
3232 690 3304 744 At
3329 690 3543 748 Iuliani
3576 698 3811 767 tempore

2197 783 2294 856 an.
2329 769 2452 832 363,
2489 775 2613 825 tum
2645 771 2791 844 ipsis
2824 775 3102 830 manibus
3149 777 3507 849 Iudaeorum,
3539 787 3655 838 tum
3683 783 3809 856 igni-

2197 855 2308 912 bus
2339 875 2369 912 e
2401 859 2547 914 cmlo
2583 859 2863 933 delapsis,
2885 869 2943 918 et
2963 869 3136 920 terra:
3170 869 3564 936 successibus,
3586 855 3811 944 prostra-

2195 951 2253 1000 ta
2284 951 2342 1000 et
2371 947 2658 1021 dissipata
2683 957 2823 1007 sunt
2851 954 3056 1010 omnia
3076 972 3208 1028 quas
3232 973 3262 1012 e
3284 957 3410 1014 solo
3429 961 3810 1032 prominebant

2193 1035 2476 1105 aediﬁcia;
2507 1045 2576 1093 ut
2605 1041 2774 1113 Greg.
2809 1045 3111 1115 Nyssenus
3157 1063 3264 1102 suo
3319 1052 3582 1120 tempore
3612 1050 3808 1108 diceret

2193 1125 2482 1196 templum
2506 1129 2634 1201 jam
2690 1146 2766 1186 ne
2827 1148 2897 1188 ex
2955 1135 3216 1208 vestigiis
3265 1137 3509 1210 quidem
3539 1141 3806 1213 cognosci,

2187 1215 2288 1265 τοῦ
2318 1217 2451 1268 ναοῦ
2485 1216 2580 1288 μὲν
2612 1215 2736 1272 οὐδὶ
2797 1217 2849 1290 ἐξ
2907 1219 3080 1296 ἰχνῶν
3117 1225 3527 1298 γινωσκομένου
3555 1231 3702 1298 (orat.
3731 1247 3808 1286 ca-

2191 1303 2332 1358 tech.
2366 1322 2493 1377 cap.
2532 1307 2620 1372 18,
2653 1315 2795 1367 tom.
2828 1312 2924 1376 Ill,
2953 1330 3012 1385 p.
3065 1317 3176 1386 75).
3211 1316 3448 1385 Quinto,
3481 1317 3692 1374 bellum
3713 1319 3808 1392 [Cl]

2189 1398 2316 1448 erat
2343 1395 2401 1449 in
2438 1397 2860 1469 Mesopotamia
2890 1401 3188 1459 Romanos
3219 1405 3378 1460 inter
3406 1413 3464 1461 et
3490 1408 3686 1464 Persas
3709 1415 3805 1464 cat.

2192 1486 2276 1551 l5,
2311 1501 2371 1539 ιι.
2404 1488 2458 1552 6,
2487 1488 2645 1558 quod
2677 1506 2812 1546 cum
2845 1497 2968 1548 toto
3011 1492 3134 1549 fere
3165 1495 3496 1552 Constantii
3527 1503 3586 1553 et
3612 1499 3803 1556 Iuliani

2188 1572 2439 1646 imperio
2471 1582 2958 1648 perseveraverit,
3009 1582 3190 1656 hujus
3237 1591 3429 1643 morte
3460 1593 3519 1643 et
3543 1587 3688 1644 taeda
3715 1588 3803 1644 sed

2184 1666 2525 1722 necessaria
2549 1667 2773 1724 Joviani
2819 1674 3095 1744 pactione
3155 1691 3253 1731 an.
3315 1679 3418 1732 363
3449 1679 3802 1734 terminatum

2184 1759 2294 1808 est.

2255 1847 2340 1898 11.
2374 1844 2566 1911 Sexto,
2592 1865 2728 1905 cum
2758 1856 2966 1908 auctor
2993 1861 3267 1912 accurate
3302 1864 3608 1914 recenseat
3633 1859 3802 1914 haere-

417 1951 533 2002 ses,
569 1936 783 1990 Christi
816 1937 938 1991 347.
976 1937 1245 1992 Secundo
1277 1935 1574 1992 scribebat
1602 1933 1825 1990 recenti
1858 1947 2067 2032 perse-
2100 1976 2146 2042 Β
2181 1947 2498 2042 sesou‘i‘nes
2517 1937 3103 2012 circaargumentum
3119 1944 3277 2015 quod
3297 1947 3581 2002 tractabat
3602 1953 3801 2016 enatas,

415 2024 724 2080 cutionum
755 2026 1060 2081 memoria.
1097 2026 1218 2081 Cat.
1276 2029 1360 2086 16.
1394 2041 1560 2080 ιιιιιιι.
1590 2025 1642 2090 8,
1679 2022 1944 2077 referens
1977 2020 2069 2074 in-
2100 2020 2146 2042 ”
2175 2037 2295 2076 non
2318 2023 2468 2079 alias
2491 2035 2769 2085 numerat
2788 2048 2967 2102 quam
2992 2035 3346 2092 vetustiores
3365 2037 3498 2094 illas
3518 2037 3802 2111 primi,se-

411 2112 592 2170 fanda
622 2115 1114 2171 Montanistarum
1139 2115 1424 2187 mysteria
1449 2112 1823 2170 inlanticidio
1853 2126 2065 2166 cruen-

410 2207 550 2270 tata,
588 2203 705 2259 ait:
748 2205 842 2260 Ad
894 2206 1007 2261 haec
1063 2222 1234 2276 usque
1291 2223 1506 2276 nupera
1563 2211 1813 2274 tempora
1869 2197 2068 2272 μέχρις

408 2293 602 2366 πρώην
636 2310 761 2350 cum
812 2298 1124 2365 persecutio
1181 2296 1484 2362 desaeviret,
1541 2309 1638 2349 nos
1693 2293 1890 2347 horum
1919 2291 2068 2358 faci-

409 2399 610 2438 norum
665 2387 971 2455 suspicione
1031 2385 1435 2451 laborabamus,
1497 2382 1646 2454 quod
1710 2377 2063 2437 Montanistas

405 2475 683 2528 communi
707 2475 987 2529 nobiscum
1009 2474 1449 2529 Christianorum
1476 2473 1698 2527 nomine
1723 2470 2058 2524 dicerentur.

407 2561 768 2634 Supererant
815 2563 916 2634 qui
975 2563 1036 2618 in
1095 2561 1615 2635 persecutionibus
1654 2558 1884 2616 Christo
1917 2573 2059 2612 con-

406 2652 716 2708 tumeliam
748 2653 970 2708 inferre
1029 2657 1368 2724 potuerant.
1429 2651 1550 2706 Cat.
1593 2651 1647 2720 3,
1680 2665 1843 2705 num.
1881 2650 1965 2715 l5,
1997 2647 2058 2702 Si

403 2743 525 2812 quis
553 2749 792 2798 vestrum
830 2743 1160 2814 blasphemis
1185 2742 1405 2797 vocibus
1435 2741 1715 2795 Christum
1747 2739 2057 2806 cruciﬁxit:

400 2833 599 2903 siquis
622 2849 729 2902 per
775 2834 1158 2902 ignorantiam
1214 2847 1403 2886 coram
1463 2829 1780 2884 hominibus
1807 2829 2052 2897 negavit.

399 2921 470 2976 Et
498 2926 611 2976 cat.
641 2925 696 2986 2,
720 2921 1048 2976 secundum
1081 2920 1244 2976 aliud
1275 2919 1580 2992 exemplar
1607 2936 1773 2974 num.
1800 2919 1886 2983 l9,
1919 2932 2048 2988 pag.

400 3010 486 3064 37.
521 3010 584 3066 Si
607 3009 732 3080 quis
761 3011 852 3065 hic
901 3011 1053 3066 adest
1109 3012 1167 3064 in
1219 3010 1370 3066 vobis
1399 3026 1427 3065 e
1463 3009 1755 3080 gentilium
1800 3021 2048 3075 numero,

397 3101 496 3169 qui
526 3105 622 3154 aut
651 3101 710 3154 in
744 3099 1083 3155 Christianos
1131 3099 1435 3170 aliquando
1479 3101 1786 3154 convicium
1816 3097 2046 3162 diam-it,

397 3194 493 3243 aut
515 3191 956 3259 persecutionum
988 3195 1229 3260 tempore
1283 3191 1486 3245 sanctis
1526 3188 1783 3245 Ecclesiis
1811 3185 2049 3240 insidia-

395 3285 483 3335 tus
511 3281 602 3334 sit.
637 3281 786 3336 Pace
819 3285 959 3336 tunc
1006 3279 1249 3351 quidem
1299 3284 1434 3352 post
1469 3279 1916 3352 persecutiones
1944 3291 2045 3330 ex—

391 3373 573 3435 actas,
607 3374 667 3424 et
695 3369 923 3424 honore
972 3384 1005 3423 a
1025 3347 1423 3441 principi-bus
1455 3347 1716 3424 exhibito
1746 3364 2040 3439 gaudebat
2069 3347 2112 3415 C

389 3458 672 3525 Ecclesia,
696 3463 811 3514 cat.
843 3459 926 3527 l8,
951 3474 1116 3513 num.
1142 3461 1230 3526 27,
1252 3474 1458 3513 verum
1481 3473 1602 3513 non
1627 3455 2051 3527 conquieverat

389 3547 676 3604 iterandas
734 3547 1167 3620 persecutionis
1236 3553 1452 3611 metus,
1513 3553 1626 3603 cat.
1691 3547 1774 3609 13,
1835 3561 1894 3600 ιι.
1954 3543 2043 3598 23.

390 3659 417 3686 ‹‹
445 3635 587 3692 Vide
603 3654 675 3694 ne
690 3637 1014 3710 aliquando
1029 3637 1086 3691 in
1107 3641 1372 3709 tempore
1387 3635 1823 3708 persecutionis
1839 3649 2042 3706 neges.

393 3749 412 3773 ι
441 3727 520 3782 Ne
541 3726 602 3782 in
627 3732 892 3800 tempore
917 3727 1078 3799 pacis
1104 3726 1480 3783 solummodo
1503 3725 1838 3799 adgaudeas
1859 3722 2042 3788 cruci,

388 3836 416 3863 «
437 3832 637 3872 verum
653 3823 830 3873 etiam
845 3816 908 3872 in
921 3823 1186 3890 tempore
1203 3817 1635 3888 persecutionis
1649 3814 1921 3871 eamdem
1939 3813 2044 3868 ha-

392 3924 413 3953 u
437 3902 570 3960 beto
590 3905 788 3960 ﬁdem.
819 3928 846 3954 ι»
879 3907 1093 3974 Tertio,
1119 3905 1357 3961 dicebat
1371 3923 1492 3961 non
1515 3905 1702 3960 multo
1725 3909 1861 3976 post
1881 3917 2046 3958 exor-

387 3997 526 4048 nata
547 3993 972 4064 imperatorum
996 3995 1215 4066 pietate
1232 3995 1365 4050 loca
1380 4001 1671 4060 sancta,et
1691 3999 1927 4050 auctam
1949 4008 2044 4049 ur.

385 4080 521 4136 hem
541 4082 1117 4154 Jerosolymitanam.
1145 4082 1266 4137 Cat.
1295 4086 1382 4150 12,
1401 4101 1460 4139 n.
1480 4085 1571 4140 20.
1591 4083 1674 4138 ait
1696 4089 1824 4138 ante
1832 4099 2043 4154 paucos

385 4187 558 4226 annos
591 4170 938 4241 sylvestrem
957 4170 1143 4226 fuisse
1169 4170 1541 4226 Bethlehemi
1565 4171 1784 4238 locum;
1810 4173 2040 4228 succiso

383 4260 671 4315 nimirum
705 4260 942 4316 Helenae
974 4276 1154 4332 opera
1185 4259 1473 4315 Adonidis
1503 4260 1660 4322 luco.
1681 4261 1904 4316 ibidem
1935 4277 2042 4332 per

374 4348 700 4404 Adrianum
753 4349 1006 4405 consito.
1061 4351 1184 4405 Cat.
1252 4351 1338 4416 14,
1386 4365 1551 4405 num.
1586 4353 1638 4417 9,
1675 4350 1938 4422 loquitur
1966 4351 2038 4406 de

376 4439 673 4494 anteriore
697 4439 1143 4511 speluncaque:
1171 4446 1554 4496 monumento
1576 4440 1792 4497 Christi
1811 4457 1916 4512 pro
1936 4457 2038 4496 ve-

2171 2110 2352 2166 cundi
2387 2119 2446 2168 et
2474 2117 2632 2172 tertii
2665 2120 2889 2184 saeculi,
2921 2129 3101 2194 atque
3149 2125 3213 2181 in
3264 2110 3623 2184 Hanichaica
3652 2124 3802 2200 quasi

2170 2201 2438 2258 omnium
2468 2209 2819 2264 recentiore.
2839 2214 3254 2271 recensionem
3279 2233 3451 2274 suam
3472 2215 3797 2274 concludere

2168 2289 2338 2345 solet.
2371 2293 2495 2349 Vid.
2524 2301 2638 2351 cat.
2673 2300 2727 2366 6,
2759 2316 2818 2354 ιι.
2850 2303 2942 2366 20,
2976 2307 3035 2358 et
3080 2310 3192 2361 cat.
3228 2308 3315 2368 16,
3359 2324 3420 2362 ιι.
3453 2311 3506 2365 9.
3539 2305 3800 2363 Sabellia-

2169 2387 2380 2436 norum
2414 2400 2651 2456 quoque
2681 2389 2977 2453 meminit.
3022 2399 3081 2448 et
3127 2395 3485 2452 Arianorum
3515 2397 3676 2468 quasi
3703 2411 3794 2451 suo

2169 2473 2434 2542 tempore
2468 2480 2648 2532 totam
2683 2495 2834 2550 pene
2877 2482 3202 2540 Ecclesiam
3233 2487 3668 2560 occupantium,
3697 2489 3794 2541 cat.

2165 2560 2218 2650 1,
2254 2576 2313 2615 ιι.
2345 2562 2397 2624 8,
2431 2569 2543 2620 cat.
2583 2569 2669 2633 15,
2703 2584 2762 2623 ιι.
2801 2573 2887 2634 10,
2920 2578 2979 2627 et
3018 2573 3152 2629 aliis
3183 2573 3245 2631 in
3275 2575 3466 2644 locis;
3499 2594 3624 2650 qua)
3653 2574 3795 2630 vide-

2164 2647 2306 2703 licet
2335 2653 2556 2723 Optime
2579 2655 2640 2710 in
2663 2658 2922 2728 priorem
2951 2660 3116 2718 illam
3144 2667 3342 2736 quarti
3366 2647 3563 2722 seaculi
3587 2669 3791 2740 partem

2162 2740 2560 2798 conveniunt:
2593 2762 2729 2802 cum
2760 2747 3037 2806 videlicet
3061 2751 3248 2810 divisa
3267 2771 3424 2826 pene
3455 2755 3528 2812 ob
3556 2751 3786 2812 consub-

2163 2829 2444 2899 stpntiale
2478 2833 2538 2888 in
2569 2834 2718 2891 duas
2742 2845 2942 2909 partes
2973 2843 3258 2913 Ecclesia,
3291 2845 3481 2902 altera
3510 2863 3641 2918 pars
3666 2843 3788 2899 alte-

2159 2933 2287 2972 ram
2319 2919 2565 2978 diversas
2589 2930 2646 2981 et
2665 2930 2951 3000 oppositas
2979 2931 3225 2990 hmresis
3255 2935 3694 2993 insimulatione
3717 2932 3788 2986 vi-

2157 3007 2359 3066 cissim
2387 3011 2823 3087 insequeretur.
2857 3023 3139 3081 Arianam
3161 3025 3441 3084 haeresim
3473 3045 3542 3084 ex
3570 3024 3788 3083 nomine

2154 3113 2484 3191 numquam
2506 3107 2900 3178 appellat,sed
2923 3127 3054 3169 eam
3078 3120 3232 3171 tecte
3253 3115 3457 3174 doceri
3481 3122 3538 3174 et
3557 3113 3786 3191 grassari

2155 3190 2445 3258 queritur.
2478 3195 2658 3252 Pauci
2711 3215 2915 3256 revera
2973 3210 3146 3259 erant
3203 3205 3308 3262 illo
3352 3190 3615 3280 tempore
3642 3218 3786 3277 putt!3

2152 3277 2386 3335 Arianaa
2408 3282 2652 3341 hmresis
2672 3289 3064 3360 professores,
3084 3293 3245 3366 iique
3263 3295 3340 3352 ab
3357 3277 3615 3354 Ecclesia
3630 3291 3782 3367 ejecti

2151 3371 2208 3421 et
2238 3367 2512 3428 latentes.
2548 3374 2658 3432 Sed
2709 3385 2844 3450 post
2889 3381 3154 3439 medium
3211 3392 3493 3456 quartum
3525 3382 3782 3442 smculum

2153 3465 2355 3530 aperte
2387 3471 2566 3535 caput
2594 3482 2909 3524 exseruere
2935 3487 2949 3525 :
3000 3471 3190 3544 iisque
3237 3491 3299 3530 se
3332 3475 3666 3550 gravissime
3693 3486 3787 3542 op-

2153 3549 2637 3622 posuitCyrillus.
2654 3557 2873 3613 Eorum
2892 3557 3296 3632 blasphemiae
3315 3549 3541 3636 passim
3564 3558 3778 3618 refellit.

2151 3637 2232 3692 De
2255 3639 2697 3700 substilioribus
2729 3646 2956 3703 cavillis
2977 3647 3050 3704 ab
3074 3651 3160 3706 eis
3183 3667 3302 3708 non
3339 3653 3529 3710 multo
3559 3655 3684 3724 post
3708 3647 3782 3702 in-

2151 3729 2340 3819 ventis
2369 3731 2526 3788 silet.
2560 3735 2640 3791 De
2673 3737 2907 3794 Arianis
2953 3746 3012 3795 et
3059 3757 3264 3800 eorum
3295 3740 3781 3819 oppugnatoribus

2152 3818 2236 3908 sic
2266 3817 2534 3892 loquitur
2553 3831 2666 3881 cat.
2693 3830 2779 3894 l5,
2805 3844 2864 3884 ιι.
2890 3829 2948 3899 7,
2970 3832 3141 3902 quasi
3164 3833 3226 3889 in
3249 3817 3518 3908 utrisque
3550 3832 3713 3904 culpa
3731 3831 3782 3883 et

2146 3905 2476 3966 fraternum
2498 3913 2699 3970 odium
2721 3916 3011 3975 hmsisset.
3031 3921 3197 3978 Haud
3220 3939 3364 3982 sane
3387 3905 3522 3998 post
3541 3938 3642 3979 sua
3661 3932 3780 3976 cum

2147 3999 2361 4087 Acacio
2395 3999 2642 4060 dissidia
2689 4005 2772 4061 ita
2825 4006 3009 4064 fuisse
3067 4010 3405 4071 locuturum
3454 4020 3609 4087 puto.
3641 4013 3777 4065 Ante

2146 4086 2274 4144 haec
2305 4095 2573 4164 tempora
2621 4094 2802 4168 igitur
2857 4097 3094 4155 dicebat
3141 4086 3504 4161 catecheses.
3540 4095 3778 4158 Marcelli

2147 4177 2424 4236 haeresim
2455 4187 2740 4255 tanquam
2795 4204 2982 4245 recens
3038 4199 3258 4249 enatam
3315 4195 3522 4251 scribit
3562 4196 3667 4250 cat.
3699 4190 3775 4254 l5.

2145 4284 2183 4323 n
2214 4271 2304 4338 2‘7,
2335 4269 2661 4346 προσφάτως
2693 4272 3150 4352 ἆναφυεῖσαᾙεθο
3180 4287 3379 4340 autem
3413 4301 3509 4341 an.
3541 4282 3640 4337 335
3668 4277 3775 4351 pri-

2143 4373 2309 4414 mum
2341 4361 2562 4418 audita.
2597 4363 3279 4427 Pneumatomachorum
3312 4373 3402 4429 vel
3437 4365 3776 4445 Apollinari-

2143 4452 2368 4504 starum
2399 4450 2568 4506 nulla
2605 4453 2852 4520 mentio,
2901 4473 3248 4532 quanquam
3280 4463 3374 4526 iis,
3407 4467 3775 4536 posteaquam

372 4527 594 4582 stibulo
625 4534 771 4597 erat,
805 4545 839 4583 a
868 4527 1262 4584 Constantino
1294 4528 1369 4584 ad
1419 4529 1754 4586 ornandum
1795 4529 2033 4622 facilius
2139 4537 2434 4608 prodiere,
2466 4539 2722 4612 Cyrillus
2753 4527 3012 4603 maxime
3043 4527 3315 4606 infensus
3345 4527 3474 4608 fuit.
3510 4527 3773 4622 Septimo,

371 4623 828 4673 monumentum
862 4617 1012 4672 illud
1044 4633 1213 4673 erasa
1261 4623 1320 4672 et
1365 4617 1615 4674 sublata.
1652 4618 1894 4674 Vivebat
1921 4617 2030 4711 sub
2057 4707 2086 4711 _
2138 4625 2338 4682 nullos
2369 4634 2642 4686 auctores
2664 4631 2807 4688 citat
2834 4635 2951 4691 nisi
2982 4641 3268 4711 vetustos,
3290 4617 3651 4698 Clementem
3672 4637 3772 4690 Ro-

368 4707 441 4762 iis
459 4706 1049 4779 imperatoribus,qui
1069 4707 1543 4763 Resurrectionis
1559 4707 1870 4764 ecclesiam
1885 4707 2022 4764 mdi-
2053 4707 2098 4770 D
2128 4733 2396 4786 manum,
2433 4721 2492 4773 et
2513 4719 2826 4778 Irenaeum.
2863 4725 3058 4782 Utitur
3088 4706 3267 4786 etiam
3297 4731 3527 4788 Justino
3559 4725 3776 4789 ,Arcbe-

369 4796 1321 4866 ﬁcaverant,cat.l4,n.tInﬂujus
1335 4797 2026 4869 temporisimperatores
2133 4803 2249 4870 lao,
2283 4806 2538 4864 Eusebio
2561 4809 2911 4868 Caesariensi
2944 4831 2958 4868 τ
3007 4816 3111 4872 sed
3143 4819 3379 4877 nullum
3415 4817 3664 4876 Eusebio
3691 4827 3776 4870 re—

369 4908 396 4937 ‹‹
428 4893 698 4944 sanctam
731 4888 906 4955 hanc,
931 4887 994 4942 in
1025 4903 1144 4958 qua
1169 4903 1399 4951 sumus,
1424 4887 1897 4943 Resurrectionis
1927 4903 2024 4944 ec-

366 4999 393 5025 «
426 4977 671 5032 clesiam
704 4983 1144 5033 exstruxerunt.
1181 4999 1208 5026 »
1257 4976 1418 5031 Hanc
1449 4983 1648 5032 autem
1675 4976 2022 5034 aediﬁcatio-

365 5081 500 5119 nem
525 5071 580 5119 et
600 5067 1048 5122 exornationem
1066 5065 1454 5122 Constantino
1469 5065 1595 5136 jam
1619 5065 1900 5122 defuncto
1923 5068 2026 5122 tri-

363 5153 491 5208 buit
511 5171 570 5208 ιι.
595 5157 682 5208 22.
702 5155 984 5226 Loquitur
1006 5171 1141 5229 ergo
1162 5157 1222 5210 in
1240 5155 1370 5210 loco
1396 5156 1574 5210 citato
1601 5172 1668 5210 ex
1688 5159 1932 5214 num.”
1948 5156 2020 5212 de

363 5243 502 5298 filiis
526 5243 920 5314 Constantini,
939 5245 1285 5301 Constantio
1311 5251 1368 5300 et
1388 5245 1742 5314 Constante;
1763 5263 2020 5319 cumque

361 5333 652 5388 Constans
684 5334 761 5389 sit
789 5334 932 5390 anni
963 5335 1067 5388 350
1098 5334 1269 5390 initio
1291 5341 1579 5398 mortuus,
1604 5342 1740 5391 ante
1773 5336 1834 5391 id
1861 5343 2015 5392 tem-

359 5440 472 5494 pus
498 5423 748 5494 scriptas
781 5439 911 5479 esse
941 5423 1282 5479 catecheses
1311 5440 1556 5480 necesse
1587 5431 1696 5481 est.
1734 5426 2020 5498 Loquitur

356 5517 582 5584 procat.
603 5528 764 5568 num.
788 5516 872 5582 i6,
889 5513 960 5569 de
978 5513 1211 5570 balneis
1233 5529 1444 5568 recens
1463 5515 1847 5588 Jerowlymas
1873 5516 2016 5572 aedi-

357 5601 548 5658 ficatis
598 5601 742 5676 ἄρτι,
797 5609 858 5658 et
916 5609 1030 5659 cat.
1085 5604 1172 5665 M,
1225 5619 1390 5658 num.
1423 5607 1476 5672 9,
1510 5603 1582 5660 de
1625 5605 2014 5661 antemurali-

353 5689 465 5746 bus
498 5696 705 5764 postea
733 5691 867 5748 urbi
899 5691 1138 5748 additis.
1197 5693 1441 5761 Quarto,
1493 5693 1732 5750 stabant
1761 5711 1830 5750 eo
1863 5700 2016 5750 tem-

2131 4895 2458 4951 centiorem
2489 4896 2579 4951 vel
2611 4898 2857 4956 citatum
2890 4903 2963 4958 ab
2987 4921 3056 4960 eo
3083 4907 3173 4962 vel
3201 4909 3592 4982 compilatum
3624 4915 3776 4973 repe'

2130 4983 2268 5040 rias.
2304 4985 2540 5053 Octavo,
2575 5003 2694 5058 quo
2731 4994 2998 5062 tempore
3030 4993 3204 5052 dictas
3237 4999 3600 5056 catecheses.
3633 5004 3775 5048 com-

2128 5074 2336 5130 munia
2365 5080 2536 5129 erant
2575 5077 2636 5130 in
2681 5078 2946 5136 Ecclesia
3003 5085 3406 5148 sanationum.
3440 5079 3768 5158 prOphetim.

2127 5163 2676 5236 miraculorumque
2699 5166 3019 5227 dona.Hasc
3039 5172 3098 5228 in
3119 5172 3474 5247 baptismate
3498 5190 3600 5246 pro
3623 5182 3772 5225 men-

2129 5270 2267 5309 sura
2285 5252 2423 5309 ﬁdei
2445 5259 2504 5308 et
2526 5253 2938 5327 dispositionis
2958 5262 3252 5334 cujusque
3271 5263 3477 5320 donari
3509 5271 3772 5318 consues-

2127 5359 2210 5408 se,
2245 5359 2365 5398 non
2395 5359 2517 5398 uno
2549 5343 2680 5400 loco
2711 5350 2966 5404 testatur
3017 5359 3245 5410 auctor.
3307 5354 3445 5409 Vide
3488 5343 3766 5422 imprimis

2127 5437 2240 5486 cat.
2279 5435 2328 5486 1.
2362 5449 2422 5487 ιι.
2456 5434 2510 5501 5,
2538 5431 2598 5488 in
2632 5451 2750 5506 qua
2780 5438 3198 5498 remissionem
3239 5449 3610 5516 peccatorum
3657 5448 3769 5490 0m-

2127 5519 2303 5575 nibus
2333 5537 2405 5576 ex
2434 5537 2604 5592 aequo
2656 5523 2782 5579 dari
2832 5527 2935 5592 ait,
2988 5533 3592 5588 communicationem
3637 5535 3761 5580 Vere

2127 5609 2380 5681 Spiritus
2401 5610 2588 5665 sancti
2621 5614 2952 5670 secundum
2966 5621 3415 5692 proportionem
3439 5617 3572 5676 fidei
3595 5613 3759 5671 unius

2123 5698 2434 5771 cujusque.
2457 5699 2519 5753 Si
2547 5699 2868 5770 credideris,
2901 5705 3118 5778 inquit,
3183 5715 3294 5767 cat.
3336 5713 3416 5776 l7,
3449 5725 3508 5765 ιι.
3541 5707 3626 5770 36,
3659 5713 3760 5758 ηοη

352 5799 496 5853 pore
525 5783 778 5856 grandia
803 5783 1010 5856 templi
1031 5783 1270 5855 rudera,
1291 5800 1414 5840 non
1446 5785 1758 5843 exterioris
1781 5790 2015 5844 tantum
2119 5788 2295 5845 solum
2348 5788 2726 5846 remissionem
2807 5802 3168 5863 peccatorum
3251 5801 3501 5870 accipies,
3583 5802 3760 5850 verum
