4052 6370
180 428 274 487 133

1564 419 2090 484 DlSSER’l‘ATIO
2131 421 2214 485 ll.

3468 443 3589 501 134

170 563 313 617 etiam
366 559 633 614 humanis
686 557 899 612 viribus
953 558 1247 627 superiora
1302 557 1522 626 efﬁcies.
1586 557 1809 612 Utinam
1840 558 1892 625 Α
1930 556 2033 611 347
2064 559 2157 614 vel
2190 559 2314 629 348,
2352 578 2469 634 quo
2503 566 2843 623 catecheses
2875 567 3127 639 dicebat,
3157 587 3347 629 annos
3407 580 3586 632 natus

170 668 280 707 rem
305 652 460 705 etiam
477 649 799 721 prOphetiae
821 650 968 704 dono
998 647 1202 719 dignus
1231 648 1504 703 habeare!
1557 649 1809 718 Accipies

175 749 361 797 tantum
406 746 628 809 gratiae,
681 746 958 810 quantum
1018 755 1212 809 capere
1262 740 1485 809 poteris,
1569 745 1620 792 et
1699 753 1812 793 non

175 839 409 901 quantum
437 846 539 900 ego
570 829 745 884 dico:
790 830 917 898 ﬁeri
966 829 1114 883 enim
1159 833 1338 899 potest
1386 845 1471 883 me
1505 844 1685 898 parva
1724 828 1810 882 di-

174 938 286 981 cere.
314 927 360 974 te
408 936 542 974 vero
603 921 829 990 majora
882 925 1189 989 reportare.
1238 919 1306 972 Et
1335 922 1447 973 cat.
1486 919 1571 980 13.
1607 934 1668 972 n.
1714 917 1806 981 23,

166 1011 355 1079 Accipis
400 1024 557 1062 nunc
615 1016 982 1078 peccatorum
1042 1013 1260 1073 tuorum
1316 1007 1710 1071 remissionem,
1756 1011 1811 1060 et

157 1096 441 1169 spiritualis
469 1099 740 1152 donativi
770 1100 919 1167 regis
945 1099 1030 1151 tui
1054 1098 1337 1166 muni/leas
1398 1099 1631 1166 gratias.
1683 1097 1805 1151 Cat.

156 1190 200 1251 5,
228 1203 382 1241 num.
420 1190 509 1248 11.
548 1187 850 1243 distincta
879 1186 1103 1259 duplici
1141 1185 1275 1252 ﬁde,
1312 1202 1432 1240 una
1464 1184 1809 1254 dogmatum

148 1283 197 1331 et
219 1278 657 1333 miraculorum
691 1278 906 1343 altera,
935 1276 1265 1332 auditorem
1289 1278 1561 1333 hortatur
1590 1284 1655 1331 ut
1684 1276 1805 1349 pri-

146 1383 285 1422 mam
311 1384 447 1438 quan
475 1367 559 1421 ab
593 1384 864 1423 assensu
894 1368 1022 1438 ejus
1052 1366 1293 1438 pendet,
1326 1383 1397 1421 ex
1428 1384 1488 1422 se
1514 1366 1805 1421 submini-

138 1463 289 1522 stret,
310 1456 583 1512 alteram
612 1474 757 1529 qua}
782 1456 1090 1529 superiora
1120 1457 1398 1513 humanis
1425 1456 1647 1511 viribus
1677 1471 1808 1510 mo-

136 1546 281 1609 litur,
312 1550 532 1616 accept
550 1562 698 1600 grus
730 1562 765 1600 a
798 1546 933 1600 Deo.
969 1545 1090 1601 Cat.
1128 1547 1212 1606 10.
1245 1562 1305 1600 n.
1342 1546 1424 1609 13,
1467 1544 1551 1600 ait
1578 1546 1808 1600 invoca-

138 1637 282 1690 tione
309 1636 535 1690 Christi
573 1652 747 1707 saepe
780 1634 1022 1689 morbos
1053 1635 1267 1691 curari.
1301 1635 1424 1691 Cat.
1477 1636 1562 1703 13,
1619 1651 1678 1689 n.
1711 1636 1802 1703 40,

128 1732 364 1781 testatur
384 1726 573 1798 signo
600 1725 814 1780 crucis
837 1742 942 1780 suo
969 1729 1232 1796 tempore
1255 1724 1391 1797 [CII]
1423 1725 1619 1780 sanari
1642 1741 1801 1779 mor-

130 1817 224 1870 bos
254 1816 508 1887 eﬂ'ugari
566 1815 915 1883 daemones,
974 1814 1394 1870 veneficiorum
1448 1814 1800 1869 incantatio~

132 1922 377 1978 numque
413 1906 816 1976 imposturas
847 1904 1045 1959 everti.
1081 1905 1158 1959 De
1218 1904 1486 1975 ejusdem
1538 1904 1688 1975 signi
1726 1903 1800 1959 ad
1836 1937 1881 2002 Β

135 1995 420 2051 daemones
451 1994 815 2067 abigendos
847 1993 1124 2065 praesenti
1156 1994 1391 2060 virtute,
1435 1994 1799 2049 exorcismo-

141 2105 367 2159 rumque
388 2088 449 2142 in
473 2104 619 2142 eam
650 2103 786 2141 rem
820 2086 1106 2153 efﬁcacia,
1129 2085 1396 2157 loquitur
1416 2085 1798 2157 passim.Vid.

141 2184 245 2232 cat.
272 2181 321 2244 4,
348 2195 405 2233 n.
442 2180 537 2243 13,
576 2182 709 2233 cat.
741 2180 828 2239 13,
861 2193 920 2231 n.
957 2177 1008 2237 3.
1045 2179 1131 2241 36,
1177 2182 1289 2233 cat.
1346 2179 1431 2243 16,
1482 2192 1542 2231 n.
1590 2177 1673 2231 19.
1730 2180 1801 2232 At

138 2283 203 2321 ea
227 2266 371 2322 dona
398 2272 621 2339 quarto
662 2266 891 2322 saeculo
924 2271 1127 2322 exacto
1158 2267 1276 2336 iam
1308 2282 1443 2321 rara
1472 2270 1661 2320 erant.
1688 2266 1801 2321 De—

136 2357 304 2427 nique
332 2358 445 2413 alia
472 2356 813 2411 vetustatis
844 2356 1066 2412 indicia
1088 2356 1148 2411 in
1170 2355 1592 2411 Catechesibus
1615 2355 1815 2410 inter--

149 2448 371 2515 micant,
397 2447 691 2519 publicus
751 2445 1053 2501 idolorum
1100 2446 1315 2513 cultus,
1363 2445 1799 2518 gentiliumque

154 2537 335 2591 irrisio
352 2538 654 2611 religionis
679 2537 1040 2592 Christianas
1065 2554 1078 2605 ;
1105 2536 1567 2609 Quadragesima
1585 2535 1797 2590 diebus

157 2634 415 2683 constans
444 2636 681 2684 tantum
714 2631 809 2692 40,
839 2645 972 2683 cum
997 2628 1124 2700 jam
1174 2628 1322 2683 sexti
1370 2627 1573 2683 saeculi
1623 2625 1796 2681 initio

151 2719 508 2791 Jerosolymis
530 2718 1026 2775 hebdomadibus
1048 2723 1275 2791 septem
1297 2718 1797 2788 constaret;Sym-

145 2808 331 2863 bolum
361 2810 684 2881 antiquum
720 2824 755 2864 a
801 2809 1021 2882 Cyrillo
1070 2808 1425 2880 expositum.
1475 2806 1632 2879 quod
1685 2805 1793 2861 sub

144 2898 313 2951 ﬁnem
344 2899 537 2968 quinti
571 2898 785 2953 saeculi
810 2899 937 2969 jam
970 2897 1206 2952 Nicaano
1236 2897 1327 2952 vel
1365 2896 1792 2952 Constantino-

144 2986 392 3057 politano
423 2993 870 3043 commutatum
903 2992 1066 3054 erat;
1100 2986 1499 3042 sacerdotium
1558 2986 1790 3040 (Lhristo

144 3074 210 3129 ab
232 3083 442 3131 aeterno
471 3077 803 3145 tributum;
830 3081 1055 3132 asserta
1076 3076 1228 3146 Filii,
1249 3076 1429 3131 etiam
1459 3075 1789 3130 secundum

146 3162 495 3221 divinitatem
518 3166 683 3222 Patri
707 3165 1039 3221 obedientis
1054 3165 1376 3238 subjectio;
1403 3182 1534 3237 qua:
1553 3164 1643 3218 vix
1656 3169 1791 3236 post

152 3256 384 3311 medium
412 3257 710 3312 saeculum
745 3262 1019 3328 quartum
1052 3256 1210 3329 apud
1268 3256 1592 3312 catholicos
1648 3255 1790 3311 scri-

151 3350 326 3413 ptores
339 3347 997 3420 auditazpraatermissio
1012 3364 1221 3403 vocum
1235 3346 1784 3416 consubstantialis,

152 3433 539 3505 hypostaseos,
574 3454 872 3509 persona),
905 3437 1334 3509 similiumque,
1377 3454 1509 3509 quas
1562 3454 1629 3493 eo
1655 3439 1785 3509 jam

157 3529 396 3598 tempore
426 3529 802 3597 communia,
836 3530 1001 3585 nullo
1028 3535 1164 3601 post
1194 3528 1477 3585 saeculum
1512 3535 1790 3600 quartum

162 3612 212 3667 iu
234 3633 397 3689 opere
428 3620 772 3694 theologica
802 3625 1254 3692 praetereuntur.
1273 3619 1374 3675 His
1395 3619 1786 3692 argumentis,

164 3708 296 3762 etiis
323 3710 734 3780 potissimum,
796 3727 925 3781 qua:
983 3711 1199 3782 primo,
1256 3708 1538 3777 secundo,
1592 3710 1787 3776 tertio,

160 3805 414 3873 sextoque
434 3801 569 3857 loco
592 3819 721 3858 com
732 3819 824 3858 me
836 3801 1404 3871 morantur,abunde
1422 3801 1793 3858 demonstra-

157 3896 259 3944 tum
281 3897 418 3963 puto
445 3892 800 3950 Catecbeses
823 3899 959 3950 ante
982 3910 1208 3950 annum
1225 3895 1329 3949 350
1351 3892 1604 3965 scriptas
1627 3908 1787 3961 esse;

156 3996 260 4049 quo
280 3984 524 4053 praecise
547 4000 703 4038 anno
730 3984 1150 4054 consignandaa
1184 3983 1321 4052 sint,
1357 3983 1548 4055 capite
1580 3983 1790 4053 quinto

153 4069 593 4141 disputabimus.
630 4074 873 4128 Interim
908 4072 1051 4145 quid
1081 4073 1318 4129 Rivetus
1337 4072 1409 4128 ad
1432 4071 1791 4128 auferendas

147 4160 347 4229 Cyrillo
378 4161 753 4228 Catecheses,
785 4162 874 4218 vel
910 4162 1307 4235 corruptionis
1350 4160 1791 4218 insimulandas

144 4248 383 4305 adducat
415 4251 874 4323 explorandum.

210 4343 289 4395 I2.
325 4341 483 4395 Nihil
515 4341 711 4396 aﬂ‘erri
771 4346 1003 4414 poterat
1058 4341 1246 4397 levius
1300 4346 1480 4413 atque
1531 4341 1788 4397 futilius.

146 4428 331 4484 Primo
362 4430 475 4485 sibi
510 4447 666 4503 aegre
685 4430 1005 4503 persuadet
1029 4431 1594 4488 catechumenorum
1619 4430 1794 4487 insti-

146 4520 427 4576 tutionem
442 4521 741 4593 publicam
754 4522 825 4577 iis
840 4521 1209 4594 temporibus
1222 4520 1589 4577 adolescenti
1609 4520 1791 4576 fuisse

153 4610 542 4665 commissam.
578 4610 850 4667 Afﬁrmat
880 4616 1077 4667 tamen
1099 4612 1496 4683 Hieronymus
1520 4610 1607 4665 illi
1632 4611 1791 4666 aetati

1923 647 2126 704 minus
2157 651 2404 723 triginta
2434 672 2555 711 non
2581 663 2710 712 erat
2735 678 2750 726 ;
2775 675 2894 730 qua
2924 666 3097 717 actate
3122 679 3435 719 successor
3455 666 3586 737 ejus

1920 737 2180 795 Joannes
2210 742 2285 797 ad
2319 744 2729 818 episcopatum
2760 756 2999 806 evectus
3059 758 3165 817 est,
3221 754 3581 826 Hieronymo

1924 831 2071 883 teste
2103 847 2195 902 ep.
2230 831 2308 889 al.
2342 836 2430 901 61,
2463 853 2626 893 nunc
2656 839 2743 891 38.
2779 840 2922 905 Quis
2953 842 3270 898 mirabitur
3330 845 3383 899 ei
3437 862 3582 916 pre-

1922 916 2158 989 sbytero
2191 923 2479 980 creditam
2507 928 2897 985 catecheseon
2918 930 3328 989 habendarum
3352 951 3577 1002 curam,

1920 1007 2014 1061 cui
2038 1024 2195 1065 anno
2228 1014 2491 1069 secundo
2514 1016 2603 1071 vel
2626 1017 2699 1072 ad
2728 1036 3029 1075 summum
3062 1023 3238 1079 tertio
3261 1030 3413 1095 post,
3450 1040 3580 1079 cre-

1919 1095 2077 1153 ditus
2100 1099 2265 1157 urbis
2291 1103 2665 1176 episcopatus
2683 1108 2710 1163 ?
2730 1108 2921 1165 factus
2945 1117 3034 1166 est
3054 1128 3150 1167 an.
3182 1114 3306 1180 350,
3332 1113 3423 1169 vel
3450 1116 3576 1181 351,

1920 1188 2253 1260 episcopus.
2284 1194 2410 1249 Non
2442 1200 2673 1266 poterat
2702 1215 2797 1255 an.
2834 1201 2935 1255 348
2958 1202 3347 1258 catecheseon
3371 1219 3574 1258 curam

1920 1277 2272 1350 suscipere?
2301 1282 2395 1337 Ait
2426 1286 2687 1341 secundo
2743 1289 2983 1345 Rivetus
3034 1292 3320 1363 Cyrillum
3374 1294 3574 1346 Hiero~

1917 1382 2097 1439 nymo
2131 1374 2279 1426 teste
2312 1374 2651 1430 catecheses
2678 1382 3079 1448 composuisse;
3110 1386 3345 1437 nostras
3376 1385 3576 1437 autem

1917 1460 2401 1530 extemporaliter
2431 1467 2846 1535 pronuntiatas
2879 1473 2938 1523 et
2967 1470 3039 1525 ab
3072 1487 3172 1526 ore
3198 1470 3452 1525 dicentis
3474 1488 3575 1526 ex-

1916 1550 2116 1615 ceptas
2144 1564 2157 1613 ;
2192 1549 2349 1620 quod
2385 1556 2585 1608 tamen
2619 1553 2691 1608 de
2722 1555 3101 1613 adolescente
3127 1558 3240 1613 sibi
3265 1575 3416 1631 aegre
3437 1576 3572 1631 per-

1916 1634 2148 1691 suadet.
2186 1638 2440 1707 Scilicet,
2476 1642 2524 1696 si
2558 1642 2825 1700 Rivetum
2858 1647 3191 1712 audiamus,
3224 1648 3574 1721 negabimus

1915 1722 2262 1781 Ciceronem
2281 1729 2656 1787 Catilinarias
2680 1735 2983 1791 orationes
3017 1738 3400 1808 composuisse,
3435 1738 3576 1808 quia

1913 1828 1983 1867 ex
2016 1818 2282 1887 tempore
2317 1821 2528 1876 etTudit
2582 1824 2718 1879 Esto
2752 1831 2977 1895 tamen,
3012 1834 3077 1882 ut
3109 1831 3405 1900 composita
3456 1827 3574 1883 dici

1913 1917 2033 1958 non
2058 1907 2411 1979 possitquae
2436 1915 2858 1985 extemporalis
2882 1923 2974 1971 est
2994 1923 3052 1971 et
3073 1918 3240 1973 nulla
3262 1918 3574 1990 praemedi-

1915 1992 2137 2048 tatione
2173 1995 2376 2053 habita
2407 2000 2616 2069 oratio,
2650 2019 2772 2057 non
2803 2004 2969 2060 licuit
3002 2007 3361 2078 Hieronymo
3403 2008 3568 2079 igno-

1911 2097 2043 2137 rare
2076 2084 2278 2156 Cyrilli
2312 2090 2655 2146 catecheses
2686 2091 2873 2148 dictas
2907 2094 3070 2167 [CIII]
3103 2095 3288 2151 fuisse
3313 2113 3382 2151 ex
3415 2103 3569 2150 tem-

1912 2172 2103 2242 pore?
2152 2175 2293 2239 Quis
2352 2184 2551 2233 autem
2611 2181 2812 2237 Riveto
2867 2185 3222 2239 asseveravit
3277 2185 3566 2257 Cyrillum

1909 2266 2009 2316 aut
2044 2265 2386 2322 catecheses
2444 2285 2581 2324 suas
2634 2271 2795 2326 nulla
2851 2272 3045 2328 habita
3088 2275 3568 2345 praemeditatione

1900 2355 2318 2423 pronuntiasse,
2352 2372 2463 2412 nec
2492 2365 2631 2415 ante
2662 2361 2866 2417 animo
2900 2363 3253 2418 meditatum
3295 2363 3477 2418 fuisse
3510 2368 3568 2418 et

1908 2440 2218 2498 ordinasse
2252 2443 2507 2502 dicenda
2530 2447 2557 2503 ?
2585 2454 2687 2504 aut
2716 2466 2863 2521 quas
2895 2453 3024 2507 sine
3053 2453 3274 2524 scripto
3305 2452 3562 2521 fuderat,

1907 2545 2028 2585 non
2052 2538 2259 2602 postea
2270 2535 2587 2607 digessisse
2611 2544 2668 2593 et
2690 2539 2905 2596 litteris
2923 2542 3305 2615 consignasse
3324 2542 3350 2597 ‘?
3369 2542 3563 2598 Tertio

1908 2619 2148 2676 tandem
2181 2622 2264 2677 ait
2293 2624 2355 2679 in
2385 2641 2496 2681 ms.
2533 2627 2663 2682 cod.
2691 2629 3071 2687 Bibliotheca:
3091 2634 3448 2706 Augustanm
3473 2649 3564 2687 ca-

1909 2710 2177 2767 techeses
2230 2716 2340 2766 τῶν
2405 2716 2793 2788 φωτιζομένων
2860 2722 2946 2787 18,
3034 2727 3091 2776 et
3164 2722 3562 2795 mytagogicas

1905 2799 2168 2870 quinque
2188 2802 2400 2857 Joanni
2425 2805 2659 2860 cuidam
2682 2807 3177 2880 Jerosolymitano
3201 2810 3401 2865 tribui.
3418 2811 3559 2881 Ejus

1901 2888 2014 2944 hac
2042 2891 2103 2945 in
2127 2908 2189 2947 re
2212 2893 2634 2966 negligentiam
2658 2898 2864 2967 miror,
2889 2917 2962 2955 ne
2993 2900 3212 2956 malam
3248 2899 3428 2955 ﬁdem
3457 2917 3557 2955 ac-

1902 2994 2127 3037 cusem.
2160 2982 2239 3036 Eo
2268 2983 2329 3037 in
2375 2984 2578 3041 codice
2632 2988 2971 3044 catecheses
3017 2988 3554 3045 illuminandorum

1901 3069 2051 3124 nulli
2084 3086 2280 3141 neque
2309 3073 2520 3129 Joanni
2551 3092 2745 3148 neque
2778 3078 2997 3150 Cyrillo
3032 3078 3395 3147 tribuuntur,
3453 3077 3558 3133 sed

1900 3160 2128 3216 Marcus
2178 3162 2476 3219 Welserus
2530 3182 2637 3221 sua
2690 3169 3041 3224 auctoritate
3101 3169 3555 3241 inscriptionem

1900 3251 2138 3320 posuit:
2193 3252 2553 3311 Catecheticaz
2609 3257 2979 3314 institutiones
3036 3261 3277 3330 episcOpi
3330 3260 3552 3313 Jeroso-

1902 3339 2180 3409 lymitani,
2213 3358 2373 3412 quem
2404 3345 2675 3415 Cyrillum
2705 3363 2813 3402 esse
2835 3355 2994 3417 puto.
3030 3350 3113 3403 Ex
3159 3348 3362 3403 codice
3396 3349 3557 3403 Grae-

1900 3445 1968 3484 co
1990 3429 2140 3487 forte
2164 3432 2422 3503 sumpsit
2450 3434 2626 3491 verba
2656 3437 3004 3495 catecheticae
3034 3440 3410 3494 institutiones
3437 3438 3557 3507 epi-

1897 3519 2051 3591 SCOpi
2104 3522 2553 3592 Jerosolymitani
2610 3528 2882 3597 quamvis
2939 3529 3139 3584 Gruaca
3194 3545 3375 3585 verna
3432 3543 3553 3583 non

1899 3609 2177 3665 ascribat.
2211 3613 2432 3668 Revera
2462 3617 2874 3689 mystagogicaa
2907 3618 2967 3672 in
3013 3634 3080 3672 eo
3137 3617 3288 3672 libro
3339 3616 3551 3673 Joanni

1899 3697 2267 3767 tribuuntur,
2301 3700 2406 3756 sed
2437 3702 2509 3758 de
2543 3704 2637 3759 his
2669 3705 2844 3762 infra.

1972 3789 2056 3842 13.
2082 3790 2197 3844 Nec
2220 3788 2452 3846 felicior
2475 3792 2712 3848 Rivetus
2744 3795 2807 3849 in
2838 3794 3233 3868 Oppugnanda
3263 3793 3550 3850 Cateche-

1899 3894 2041 3932 seon
2074 3879 2432 3951 integritate.
2468 3881 2647 3937 Plura
2677 3899 2739 3937 se
2769 3890 3115 3939 assumenta
3133 3885 3194 3938 in
3228 3885 3313 3939 eis
3337 3884 3550 3955 depre-

1898 3967 2179 4024 hendisse
2202 3970 2470 4037 conﬁdit,
2494 3989 2620 4042 quae
2644 3989 2762 4027 non
2788 3989 2859 4028 ex
2883 3975 3427 4046 manuscriptorum
3451 3990 3547 4028 co-

1898 4058 2096 4113 dicum
2130 4061 2655 4131 praetermissione,
2690 4063 2827 4135 styli
2869 4063 3380 4132 dissimilitudine,
3414 4078 3551 4119 cum

1896 4148 2051 4204 veris
2074 4154 2132 4204 et
2153 4150 2330 4205 certis
2351 4150 2552 4221 Cyrilli
2577 4153 2895 4208 sententiis
2909 4156 3375 4226 comparatione,
3390 4153 3555 4209 aliis-

1898 4256 1963 4294 ve
1996 4239 2232 4295 critices
2264 4242 2631 4313 argumentis
2648 4243 2941 4309 uastimat;
2976 4243 3080 4299 sed
3107 4261 3175 4299 ex
3198 4243 3553 4317 praejudica-

1899 4330 1976 4385 tis
2008 4330 2131 4385 suis
2154 4329 2560 4401 opinionibus,
2588 4349 2734 4403 quas
2765 4333 3053 4404 Cyrillum
3077 4333 3293 4390 laedere
3311 4350 3431 4389 non
3454 4350 3554 4389 au-

1901 4436 2108 4474 surum
2138 4419 2323 4474 fuisse
2357 4420 2677 4491 supponit;
2705 4427 2764 4477 et
2792 4422 2897 4478 illo
2956 4423 3134 4479 unico
3177 4428 3551 4496 argumento,

1901 4508 2060 4581 quod
2092 4508 2375 4564 detractis
2405 4509 2480 4564 iis
2513 4512 2847 4583 sententiis,
2873 4530 3019 4584 quas
3046 4520 3275 4585 optaret
3304 4514 3553 4585 scriptas

1901 4615 2021 4653 non
2043 4598 2249 4666 fuisse,
2275 4599 2760 4673 maneatinteger
2781 4603 3041 4658 auctoris
3057 4620 3289 4671 sensus,
3323 4608 3380 4657 et
3409 4618 3551 4658 con-

147 4698 460 4765 primimus,
493 4698 695 4755 Ηίνθιο
728 4699 897 4774 longe
932 4701 1047 4757 ﬁde
1073 4700 1325 4774 dignior.
1358 4699 1511 4766 Quin
1545 4700 1781 4755 uivems
1815 4684 1861 4748 D
1899 4693 2093 4743 textus
2115 4687 2317 4743 series.
2355 4687 2397 4743 Ο
2429 4688 2836 4746 admirabilem
2863 4692 3188 4759 licentiam,
3216 4698 3273 4748 et
3294 4693 3551 4748 misera-

149 4783 353 4854 ipsein
384 4788 798 4845 catechesibus
828 4789 912 4845 ait
956 4792 1193 4861 reperiri
1244 4806 1358 4845 non
1401 4804 1608 4860 pauca,
1657 4803 1787 4859 quae

148 4876 505 4945 negligentius
549 4880 773 4949 scripta,
808 4880 876 4934 ab
907 4880 1246 4936 adolescente
1272 4879 1569 4935 videantur
1591 4881 1784 4949 profe-

147 4970 242 5025 cta.
272 4972 322 5020 et
350 4984 540 5023 carere
586 4985 651 5023 ea
689 4969 900 5039 judicii
943 4971 1226 5037 ﬁrmitate,
1268 4984 1437 5040 quam
1486 4970 1545 5022 in
1582 4983 1782 5038 prove-

146 5055 367 5109 ctior-um
395 5059 785 5127 scriptionibus
815 5059 1173 5113 observamus.
1233 5058 1445 5113 Fateor
1490 5072 1586 5111 me
1631 5055 1782 5111 nihil

152 5140 473 5212 huiusmodi
506 5148 767 5218 reperire
795 5165 808 5202 :
842 5148 945 5203 sed
977 5164 1083 5202 suo
1116 5164 1177 5203 se
1208 5148 1337 5218 ipse
1368 5144 1565 5219 gladio
1597 5145 1776 5218 juguo

148 5227 217 5284 lat
244 5234 494 5300 Hii-etus,
528 5236 668 5293 dum
701 5242 879 5310 negat
914 5237 1305 5293 catecheseon
1336 5252 1541 5292 curam
1572 5234 1775 5291 adole-

154 5327 312 5380 εὓρηιί
342 5328 553 5400 Cyrillo
584 5329 994 5396 commissam,
1028 5333 1086 5383 et
1114 5329 1462 5384 Catecheses
1488 5326 1616 5398 ejus
1634 5325 1780 5382 ado-

156 5407 399 5473 lescentis
439 5418 697 5476 hominis
729 5419 981 5492 vestigia
1005 5434 1354 5474 conservare
1408 5418 1508 5472 ait.
1560 5416 1774 5473 Adole-

156 5513 276 5559 scens
304 5507 631 5582 Hieronymi
666 5527 783 5566 usu
816 5508 1127 5563 hominem
1184 5523 1478 5564 annorum
1526 5505 1774 5580 triginta

155 5594 199 5642 et
223 5609 381 5667 supra
429 5617 543 5657 non
576 5617 716 5658 raro
752 5597 1072 5671 signiﬁcat.
1107 5597 1249 5653 Cum
1278 5595 1535 5668 Cyrillus
1566 5594 1774 5667 pristi—

148 5694 264 5740 num
291 5686 546 5749 locorum
578 5695 941 5749 sanctorum
974 5691 1192 5742 statum
1222 5691 1359 5741 ante
1416 5700 1621 5741 eorum
1669 5700 1773 5740 ex-

145 5780 512 5853 purgationem
566 5775 972 5853 conspexerit
1024 5780 1084 5830 et
1138 5773 1572 5843 observaverit;
1615 5788 1772 5830 anno

1896 4776 2079 4833 bilem
2112 4777 2413 4832 inscitiam
2463 4777 2796 4835 disserendi
2824 4781 2835 4835 l
2888 4783 3026 4847 Quae
3076 4785 3225 4838 ratio
3258 4783 3307 4837 si
3338 4782 3550 4850 valeat,

1894 4868 2284 4939 parentheses
2316 4883 2550 4935 omnes,
2584 4871 2904 4942 ampliores
2935 4872 3205 4945 ejusdem
3241 4872 3551 4927 sententias

1897 4956 2331 5013 declarationes
2345 4958 3234 5032 etconﬁrmationes.etc.,quan
3244 4960 3317 5016 do
3331 4961 3405 5015 ad
3421 4960 3554 5016 libi-

1895 5053 2020 5103 tum
2044 5047 2224 5102 fuerit
2247 5048 2575 5103 assumenti
2602 5051 2845 5105 nomine
2870 5050 3551 5122 repudiare,etveterum

1893 5136 2642 5209 scriptalmpudentissime
2666 5156 3023 5212 concerpere
3050 5140 3393 5196 licebit.Sed
3411 5158 3547 5213 pro-

1890 5227 2086 5299 posita
2115 5225 2187 5281 ab
2212 5226 2339 5298 ipso
2362 5232 2845 5284 assumentorum
2870 5230 3144 5302 exempla
3178 5230 3431 5286 breviter
3448 5248 3549 5286 ex-

1888 5316 2241 5388 pendamus.
2266 5316 2531 5371 Primum
2555 5321 2646 5372 est
2676 5334 2743 5373 ex
2776 5325 2890 5375 cat.
2927 5323 3012 5388 12,
3046 5337 3107 5374 n.
3144 5324 3234 5390 25,
3268 5338 3383 5392 quo
3415 5321 3544 5377 loco

1886 5408 2088 5464 Jesum
2120 5404 2332 5477 probat
2359 5405 2615 5477 Cyrillus
2647 5422 2715 5461 ex
2748 5408 2972 5482 virgine
3023 5411 3187 5465 nasci
3249 5411 3544 5477 decuisse,

1888 5495 2227 5569 quoniamii
2255 5495 2355 5566 qui
2378 5495 2439 5550 in
2465 5495 2652 5568 ipsius
2672 5496 2801 5569 lege
2828 5499 3228 5555 sacerdotium
3255 5499 3541 5572 praeclare

1887 5585 2131 5654 obeunt,
2155 5602 2190 5641 a
2212 5584 2466 5639 muliere
2498 5585 2859 5645 abstineant.
2894 5589 3046 5645 Illud
3076 5590 3349 5660 prmelare
3370 5589 3418 5644 si
3446 5592 3534 5642 at-

1885 5674 2572 5746 tendisset,pepercisset
2584 5691 2727 5733 sane
2742 5679 3215 5752 sententiamque;
3229 5694 3359 5735 com
3370 5674 3534 5733 muni

1889 5768 2032 5825 licet
2058 5761 2448 5819 sacerdotalis
2477 5765 2860 5821 continentia:
2881 5767 3299 5823 consuetudini
3330 5764 3539 5835 suffra-
