4052 6398
455 373 574 438 135

1535 371 1640 432 DE
1684 367 2273 432 CATEGHESIBUS
2315 368 2382 429 8.
2429 369 2779 434 CYRILLI.

3715 377 3811 438 136

452 511 781 580 getur,eam
805 511 1005 562 tamen
1031 505 1104 562 ab
1125 505 1572 579 exceptionibus
1601 521 1722 560 non
1754 503 2001 560 omnino
2031 501 2106 558 li-
2138 502 2184 569 Α
2221 519 2336 556 σιον
2368 501 2430 558 in
2462 500 2696 559 diversa
2713 503 3078 576 exemplaria
3099 504 3341 577 irrepsit
3367 509 3475 562 cat.
3497 507 3547 573 4,
3574 523 3630 562 ιι.
3650 511 3699 576 ’7,
3718 513 3810 564 cat.

448 595 655 652 heram
676 595 860 652 fuisse
891 597 1202 668 significat.
1239 597 1609 668 Pepercisset
1639 601 1699 650 et
1727 595 1896 650 alteri
1923 595 1985 648 in
2010 609 2102 648 ea-

449 684 585 740 dem
608 685 974 752 catechesi,n
1003 686 1432 752 33,5ententiaa,
1458 685 1504 740 si
1529 701 1659 740 eam
1684 683 2097 750 intellexisset,

445 775 808 847 vidissetque
840 775 992 831 nihil
1025 775 1084 830 in
1118 792 1186 830 ea
1215 775 1288 830 de
1319 776 1384 830 Β.
1427 775 1622 830 Marias
1664 774 1908 848 virginis
1938 772 2101 828 cultu

447 867 507 918 et
535 865 912 920 veneratione
945 863 1257 919 contineri.
1297 862 1410 918 Sed
1442 863 1933 934 interpretatione
1978 878 2098 917 non

448 951 606 1008 bona
635 953 938 1025 deceptus,
973 958 1031 1006 et
1060 969 1302 1007 sensum
1335 952 1460 1024 ipse
1517 952 1857 1024 Cyrillianis
1905 951 2098 1007 verbis

445 1042 686 1113 penitus
702 1041 1027 1098 absurdum
1042 1042 1432 1114 affingens,ea
1449 1041 1658 1096 merito
1673 1041 1871 1112 qualia
1883 1058 1988 1112 per
2000 1041 2103 1096 im-

446 1132 722 1204 peritiam
755 1133 1148 1204 concipiebat.
1183 1132 1508 1204 Cyrilliana
1529 1149 1658 1188 esse
1690 1133 1939 1202 negavit.
1959 1134 2098 1188 Tres

445 1237 684 1293 quoque
706 1223 1058 1286 sententias,
1089 1238 1192 1277 seu
1217 1221 1488 1277 eamdem
1515 1223 1874 1277 sententiam
1896 1228 1985 1276 ter
2005 1238 2096 1277 re-

441 1311 715 1381 petitam,
748 1315 861 1366 cat.
893 1313 948 1379 4,
981 1328 1042 1366 n.
1075 1314 1160 1378 10,
1193 1316 1306 1366 cat.
1346 1312 1430 1378 10,
1465 1328 1526 1366 ιι.
1564 1314 1650 1378 19,
1684 1317 1797 1367 cat.
1835 1313 1918 1381 13,
1945 1327 2006 1365 ιι.
2040 1313 2096 1376 4,

444 1398 518 1454 de
541 1398 702 1472 ligno
733 1399 926 1456 crucis
955 1399 1340 1472 Jerosolymis
1371 1405 1633 1466 ostenso,
1668 1406 1728 1456 et
1773 1403 1831 1456 in
1871 1401 2092 1454 hodier-

443 1505 576 1544 num
605 1505 775 1560 usque
803 1489 948 1546 diem
977 1495 1298 1556 asservato,
1325 1507 1450 1545 uno
1499 1490 1723 1562 impetu
1773 1495 2094 1562 oppugnat.

442 1578 732 1645 Primum,
754 1580 912 1652 quod
941 1579 1216 1636 fabulosa
1237 1581 1315 1635 sit
1344 1581 1536 1636 crucis
1568 1579 1677 1635 sub
1708 1581 2095 1636 Constantino

443 1667 708 1722 inventio
734 1675 792 1723 et
811 1667 1084 1724 detectio.
1120 1669 1411 1735 Secundo,
1447 1669 1605 1740 quod
1636 1669 1813 1725 verba
1839 1686 2010 1739 usque
2034 1669 2094 1724 in

440 1755 768 1811 hodiernum
800 1756 944 1811 diem
975 1755 1048 1812 de
1081 1757 1389 1828 prolixiori
1423 1757 1709 1829 temporis
1743 1757 1932 1829 spatio
1975 1756 2090 1812 dici

440 1843 822 1910 soleant,non
846 1845 919 1900 de
935 1845 1186 1902 breviori
1201 1864 1270 1903 ac
1285 1847 1487 1921 viginti
1510 1847 1748 1903 circiter
1768 1864 2087 1915 annorum,
2119 1873 2167 1939 Β

441 1934 601 2004 quod
631 1950 666 1990 a
694 1940 931 2007 reperta
960 1953 1134 1991 cruce
1167 1937 1239 1992 ad
1297 1936 1500 2010 Cyrilli
1552 1942 1787 2009 tempus
1837 1935 2085 1993 efﬂuxit.

441 2023 760 2078 Veritatem
792 2029 1042 2096 repertas
1072 2025 1264 2081 crucis
1296 2043 1414 2082 uno
1446 2026 1684 2082 Eusebii
1718 2026 1956 2082 silentio
1983 2043 2085 2098 op-

437 2118 696 2186 pugnat;
731 2115 824 2169 cui
858 2115 1029 2188 longe
1056 2116 1475 2188 praeponderat
1501 2116 1704 2190 Cyrilli
1739 2116 1988 2188 aequalis
2032 2122 2090 2172 et

434 2202 714 2275 indigetis
736 2205 997 2260 auctoris
1017 2205 1545 2272 testimonium,ter
1567 2207 1816 2262 diversis
1839 2207 1984 2261 locis
2001 2223 2090 2261 re-

433 2292 786 2363 petitum,ab
811 2293 1023 2348 eodem
1037 2295 1217 2350 etiam
1234 2295 1296 2350 in
1313 2295 1652 2366 epistolaad
1675 2295 2088 2352 Constantium

435 2397 604 2436 num-
633 2383 689 2450 3,
721 2382 884 2454 [CIV]
917 2384 1358 2440 confirmatum.
1393 2386 1547 2456 Nego
1575 2391 1775 2441 autem
1823 2385 2001 2440 verba
2030 2386 2090 2439 in

437 2470 764 2526 hodiernum
794 2487 964 2542 usque
991 2472 1139 2526 diem
1168 2472 1406 2545 longam
1433 2474 1718 2546 temporis
1740 2489 1967 2530 moram
1991 2473 2088 2528 de-

436 2559 687 2627 clarare,
747 2578 877 2633 quae
909 2578 945 2618 a
975 2563 1030 2616 S.
1092 2563 1365 2620 Matthmo
1415 2564 1776 2638 evangelista
1827 2582 1998 2632 xxvii,
2031 2566 2084 2634 8,

433 2665 731 2705 annorum
761 2651 835 2706 ad
869 2667 1169 2708 summum
1203 2653 1410 2709 decem
1443 2655 1635 2726 spatio
1692 2654 2086 2726 applicantur,

436 2743 496 2793 et
521 2755 556 2794 a
586 2738 806 2810 Cyrillo
837 2739 966 2811 ipso
998 2746 1107 2795 cat.
1147 2745 1234 2805 17,
1265 2759 1432 2798 num.
1468 2747 1553 2810 10,
1581 2744 1770 2814 spatio
1802 2759 1945 2799 sane
1967 2759 2087 2798 non

437 2827 648 2896 multo,
683 2827 841 2900 quod
870 2829 944 2884 ab
976 2829 1405 2902 imperatorum
1437 2833 1511 2888 ad
1542 2833 1895 2905 religionem
1927 2831 2089 2887 Chri-

437 2919 694 2975 stianam
709 2921 1094 2977 conversione
1108 2929 1381 2978 exactum
1405 2930 1546 2979 erat.
1558 2923 1668 2979 Sed
1690 2923 1849 2994 quod
1865 2922 2087 2978 nodum

435 3009 676 3079 penitus
707 3015 766 3064 et
795 3016 958 3066 secat
988 3017 1046 3066 et
1076 3011 1268 3080 solvit,
1303 3012 1450 3067 illud
1485 3019 1611 3068 est:
1643 3013 1899 3086 Cyrillus
1930 3011 2090 3085 quod

438 3097 511 3152 de
544 3103 774 3155 servata
804 3116 1000 3166 cruce,
1034 3101 1195 3156 idem
1241 3101 1313 3158 de
1363 3101 1558 3175 lapide
1611 3102 1982 3158 monumenti
2015 3100 2089 3158 ad

442 3203 611 3242 suam
641 3203 832 3259 usque
862 3195 1097 3245 mtatem
1130 3191 1535 3248 demonstrato
1574 3192 1721 3247 dicit
1757 3197 1870 3248 cat.
1911 3195 1992 3257 10,
2026 3209 2086 3246 ιι.

446 3275 535 3344 19,
569 3281 682 3330 cat.
720 3279 804 3347 13,
838 3294 894 3333 ιι.
931 3280 1020 3346 39,
1049 3285 1160 3335 cat.
1195 3284 1282 3346 14,
1316 3298 1376 3336 n.
1408 3284 1499 3346 22,
1557 3280 1658 3336 ubi
1701 3281 1916 3337 iisdem
1957 3297 2087 3336 ver-

441 3364 532 3420 bis
564 3367 623 3420 in
652 3366 977 3424 hodiernum
1007 3385 1178 3440 usque
1206 3371 1350 3426 diem
1398 3371 1606 3428 utitur.
1657 3371 1833 3442 Atqui
1882 3387 2001 3426 uno
2033 3375 2094 3426 et

441 3454 652 3510 eodem
671 3461 940 3529 tempore
961 3466 1196 3530 reperta
1217 3477 1381 3527 crux,
1396 3466 1456 3514 et
1475 3461 1743 3516 detectus
1764 3477 1898 3515 cum
1922 3475 2090 3514 sacro

442 3553 834 3602 monumento
863 3547 1032 3619 lapis.
1067 3549 1419 3622 Quanquam
1452 3566 1574 3605 non
1597 3548 1670 3604 ab
1692 3554 1942 3621 repertae
1966 3565 2094 3603 cru-

437 3635 523 3688 cis
554 3640 612 3688 et
638 3633 854 3691 detecti
885 3636 1100 3710 lapidis
1153 3639 1397 3711 epocha,
1449 3639 1554 3695 sed
1598 3639 1670 3695 ab
1720 3640 1850 3712 ipso
1900 3655 2088 3710 usque

435 3725 734 3796 passionis
756 3731 816 3780 et
837 3727 1159 3799 sepulturae
1185 3734 1654 3801 tempore,suum
1671 3727 1819 3784 illud
1842 3729 1903 3783 in
1924 3734 2088 3784 utro-

437 3830 552 3884 que
587 3813 715 3871 loco
747 3817 822 3871 ad
851 3817 1172 3873 hodiernam
1204 3835 1376 3889 usque
1404 3821 1546 3874 diem
1581 3819 1838 3892 spatium
1875 3833 2091 3873 nume-

434 3918 597 3957 rasse
621 3906 959 3961 censendus
987 3912 1094 3963 est.
1119 3903 1756 3965 Postremumkivetns
1778 3923 2086 3964 assumen-

433 3991 560 4043 tum
595 3998 894 4060 numerat,
927 3993 990 4048 id
1035 3993 1361 4076 quodv'c'a't.
1411 3997 1502 4062 18,
1563 4013 1727 4052 num.
1784 3999 1872 4052 16.
1924 3997 1997 4052 de
2057 4011 2088 4048 v

436 4086 778 4136 sanctorum
814 4082 1230 4139 defunctorum
1255 4076 1602 4156 corporibus
1625 4091 1684 4141 et
1703 4085 2087 4155 ossibus,imo

431 4172 494 4222 et
513 4171 861 4226 eorumdem
884 4157 1163 4254 vivorum.
1163 4157 1508 4246 pignoribus
1532 4175 1604 4231 ad
1623 4173 1990 4230 mirabilium
2005 4175 2088 4230 ef-

436 4255 760 4314 fectionem
791 4259 1124 4317 inhaerente
1159 4261 1303 4318 dicit
1327 4263 1624 4336 Cyrillus;
1661 4263 1816 4336 quod
1849 4264 2087 4320 Rivetus

434 4347 800 4402 contrarium
835 4355 1006 4420 putat
1035 4351 1225 4422 ipsius
1254 4351 1458 4424 Cyrilli
1513 4353 1800 4408 doctrina;
1848 4360 1943 4409 cat
1995 4357 2082 4419 1⁸7,

433 4450 602 4490 num.
637 4437 728 4504 30,
761 4436 861 4492 ubi
894 4438 968 4493 ad
1001 4447 1358 4511 praesentem
1391 4443 1643 4514 Spiritus
1675 4443 1867 4498 sancti
1900 4444 2083 4498 virtu-

431 4527 556 4578 tem
569 4531 803 4581 revocat
831 4527 1044 4584 horum
1069 4546 1371 4586 sacrorum
1396 4532 1712 4605 pignorum
1735 4533 2083 4588 efficaciam:

2211 591 2296 657 16,
2329 608 2392 646 ιι.
2426 593 2456 646 3
2484 597 2543 647 et
2572 593 2663 660 23,
2712 599 2825 650 cat.
2873 595 2960 662 17,
2994 611 3053 650 ιι.
3089 596 3158 649 32
3189 600 3250 650 et
3279 595 3370 652 34.
3400 595 3635 651 Diversa:
3661 595 3808 651 etiam

2207 679 2493 737 lectiones
2523 681 2585 738 in
2617 699 2758 738 mss.
2785 684 3095 739 nonnullis
3121 684 3191 739 de
3217 683 3503 740 industria
3528 690 3808 740 commuta-

2207 774 2280 832 ιω
2311 769 2606 838 videntur,
2641 778 2752 829 cat.
2791 775 2842 838 4,
2876 791 2935 830 ιι.
2975 776 3062 844 16,
3094 779 3206 830 cat.
3259 777 3344 841 11,
3383 790 3441 830 n.
3473 776 3502 828 5
3533 780 3587 829 et
3613 777 3691 828 20.
3718 779 3811 830 cat.

2205 862 2419 925 i7,n.5,
2445 877 2580 916 cum
2605 862 2898 934 imperitis
2929 863 3196 920 librariis
3225 863 3316 920 vel
3347 880 3381 919 θ.
3402 862 3672 919 catholico
3696 878 3810 918 sen-

2205 965 2272 1003 su
2304 950 2607 1020 recedere,
2640 952 2731 1008 vel
2755 969 2877 1009 non
2900 955 3044 1010 satis
3075 953 3299 1011 diserte
3331 953 3498 1009 illum
3524 952 3813 1026 exprimere

2201 1037 2566 1096 viderentur.
2623 1043 2834 1099 Verum
2893 1044 3097 1116 ecquis
3129 1043 3283 1100 liber
3319 1043 3590 1114 antiquus
3632 1041 3696 1098 ab
3723 1040 3814 1097 bac

2205 1129 2490 1199 temporis
2521 1129 2744 1203 injuria
2763 1132 3049 1188 immunis
3069 1133 3096 1188 ‘I
3118 1135 3242 1189 Non
3269 1133 3483 1190 desunt
3497 1137 3646 1187 certa
3671 1147 3816 1203 argu-

2203 1222 2425 1282 menta,
2458 1235 2594 1275 cum
2622 1236 2690 1275 ex
2722 1237 2862 1276 mss.
2899 1221 3296 1278 sinceriorum
3327 1221 3684 1282 auctoritate.
3712 1224 3817 1274 tum

2201 1319 2273 1358 ex
2302 1305 2447 1360 artis
2479 1305 2702 1362 criticaa
2733 1307 2977 1378 regulis,
3011 1309 3230 1382 quibus
3263 1315 3600 1366 assumenta
3627 1307 3818 1363 discer-

2202 1398 2440 1448 nantur.
2477 1394 2564 1450 Ad
2596 1412 2920 1461 summurn,
2953 1397 3014 1454 in
3039 1399 3244 1471 paucis
3273 1398 3590 1456 admodum
3612 1403 3815 1453 senten-

2200 1480 2298 1535 tiis
2328 1481 2581 1538 hmrebit
2608 1484 2883 1552 dubium,
2918 1492 2977 1542 et
3007 1487 3268 1560 suspicio
3294 1506 3309 1554 ;
3368 1504 3499 1560 qua:
3528 1486 3680 1560 Operi
3711 1485 3818 1552 toti,

2198 1570 2354 1641 quod
2387 1573 2582 1628 omnis
2611 1576 2846 1646 generis
2909 1577 3275 1633 testimoniis
3324 1577 3700 1650 approbatum
3743 1578 3817 1630 est

2198 1661 2612 1718 auctoritatem
2644 1664 2909 1722 adimere
2960 1683 3080 1722 non
3136 1673 3406 1739 possunt.
3439 1667 3551 1722 nisi
3583 1665 3823 1721 universe

2197 1749 2365 1805 libris
2413 1751 2693 1808 omnibus
2751 1760 2811 1810 et
2863 1755 3283 1812 instrumentis
3333 1755 3622 1812 veteribus
3667 1753 3819 1810 fidem

2199 1856 2438 1896 omnem
2470 1841 2784 1899 detrahere
2816 1845 3111 1903 volumus.

2840 1935 3073 1991 CAPUT
3109 1936 3206 1994 ΙΙΙ.

2196 2019 2586 2091 Mystagogicar
2629 2039 2846 2094 quoque
2892 2025 3193 2081 catechcses
3237 2025 3450 2096 Cyrillo
3495 2028 3827 2084 asseruntur;

2515 2109 2815 2164 carumque
2853 2098 3151 2166 integritas
3191 2098 3531 2153 vindicatur.

2269 2182 2354 2233 15.
2380 2181 2546 2246 Quod
2565 2182 2636 2238 de
2658 2183 3071 2242 catecbesibus
3092 2185 3630 2243 illuminandorum
3647 2179 3826 2239 timide

2197 2273 2257 2322 et
2285 2268 2714 2338 dubitanter,id
2737 2273 2810 2328 de
2833 2275 3251 2349 mystagogicis
3275 2281 3440 2332 certe
3461 2289 3610 2348 pene
3641 2269 3830 2328 fiducia

2197 2359 2882 2429 pronuntiantRobertus
2904 2365 3112 2432 Cocus,
3129 2365 3401 2421 Andreas
3423 2358 3825 2421 Rivetus.Edm.

2197 2447 2560 2516 Albertinus,
2585 2467 2686 2507 eas
2707 2453 2769 2524 [C
2780 2452 2840 2524 V]
2861 2453 3064 2525 Cyrilli
3086 2455 3318 2510 nomini
3343 2453 3676 2528 suppositas
3696 2463 3827 2506 esse:

2194 2536 2642 2611 liberaliterque
2660 2541 2980 2599 Catholicis
3002 2543 3327 2600 annuendo
3350 2543 3556 2617 Cyrilli
3579 2557 3722 2607 esse,
3749 2538 3826 2593 in-

2197 2627 2464 2699 signibus
2479 2630 2690 2685 saltem
2712 2633 3073 2688 assumentis
3087 2631 3440 2706 depravatas
3457 2650 3588 2690 esse
3605 2629 3712 2688 sibi
3731 2643 3835 2684 om-

2196 2717 2340 2771 nino
2367 2718 2612 2774 concedi
2645 2727 2920 2792 oportere
2943 2721 3273 2777 confidunt.
3306 2724 3473 2779 Hanc
3493 2735 3692 2778 eorum
3721 2716 3832 2788 opi-

2197 2805 2441 2862 nionem
2473 2809 2692 2880 triplici
2745 2817 3094 2882 argumento
3125 2818 3392 2869 evertere
3428 2811 3684 2869 tentabo.
3724 2806 3836 2862 Pri-

2199 2912 2362 2950 mum
2395 2913 2464 2951 ex
2496 2898 2853 2956 testimoniis
2909 2906 3196 2970 veterum,
3228 2902 3492 2959 alterum
3541 2917 3611 2956 ex
3640 2893 3833 2970 Cyrillo

2203 2984 2357 3056 ipso,
2383 2987 2624 3042 tertium
2655 3004 2726 3043 ex
2775 2989 2920 3060 ipsis
2965 2990 3385 3048 catecbesibus
3416 2991 3739 3048 desumam.
3769 2985 3836 3039 Ea

2209 3073 2685 3131 adversariorum
2705 3084 3044 3134 nostrorum
3069 3079 3306 3136 fiducita
3339 3096 3525 3137 causa
3543 3080 3670 3144 fuit,
3703 3069 3842 3146 quod

2204 3163 2472 3219 nondum
2494 3165 2784 3236 producta
2813 3168 2874 3222 in
2897 3169 3157 3224 favorem
3189 3171 3728 3244 mystagogicarum
3758 3179 3842 3219 ca-

2205 3255 2546 3324 tecbeseon,
2577 3265 2842 3314 veterum
2865 3260 3205 3316 testimonia
3229 3260 3516 3317 fuissent.
3550 3259 3844 3331 Repertum

2197 3350 2404 3416 postea
2431 3345 2547 3401 fuit
2575 3363 2674 3403 eas
2705 3347 2814 3403 sub
2846 3348 3051 3420 Cyrilli
3077 3349 3327 3406 nomine
3360 3350 3438 3406 ab
3470 3347 3730 3420 antiquis
3757 3358 3844 3400 au-

2197 3433 2461 3490 ctoribus
2491 3435 2762 3492 laudatas
2832 3439 3168 3494 Eustratius
3200 3439 3303 3510 qui
3337 3437 3666 3496 Justiniani
3695 3436 3846 3491 atate

2193 3522 2445 3588 vivebat,
2477 3523 2752 3582 ducentis
2785 3532 2921 3599 post
2947 3527 3234 3600 Cyrillum
3285 3530 3496 3598 annis,
3527 3529 3764 3601 longum
3790 3536 3848 3576 ex

2195 3619 2308 3669 cat.
2333 3615 2400 3668 23
2432 3615 2842 3671 testimonium
2875 3618 3105 3673 recitat.
3160 3620 3525 3676 Anastasius
3583 3616 3727 3675 sexti
3772 3608 3852 3666 vel

2195 3701 2432 3774 septimi
2459 3703 2662 3758 saeculi
2690 3711 2898 3760 auctor
2917 3712 3030 3762 cat.
3055 3722 3278 3762 nonam
3307 3708 3616 3765 decimam
3645 3702 3848 3763 laudat.

2194 3789 2334 3846 Nico
2358 3792 2686 3848 monachus
2709 3793 2924 3850 decimi
2957 3795 3082 3850 fere
3113 3795 3320 3852 seaculi
3347 3799 3614 3870 scriptor
3643 3797 3700 3851 in
3721 3796 3851 3848 Pan-

2194 3879 2362 3936 decte
2392 3898 2503 3937 ms.
2538 3888 2651 3939 cat.
2685 3887 2750 3939 23
2784 3885 3128 3942 testimonio
3149 3887 3363 3945 utitur.
3403 3891 3629 3945 Auctor
3658 3878 3848 3942 inediti

2192 3969 2383 4026 libelli
2418 3970 2489 4027 de
2519 3972 2732 4029 divinis
2773 3975 3094 4046 mysteriis,
3133 3976 3324 4033 multa
3352 3995 3434 4049 ex_
3461 3984 3561 4034 cat
3618 3979 3687 4031 22
3712 3979 3767 4029 et
3793 3971 3852 4025 23

2193 4062 2538 4118 testimonia
2583 4064 2827 4135 profert.
2875 4064 3060 4137 quue
3107 4066 3413 4134 mirabile,
3450 4067 3616 4140 quod
3646 4081 3715 4122 ea
3742 4061 3856 4119 sola

2192 4152 2380 4207 citant
2407 4153 2760 4221 Eustratius,
2794 4155 2956 4222 Nico,
2985 4160 3191 4210 auctor
3216 4155 3417 4212 libelli
3451 4157 3708 4230 prmfati,
3738 4169 3858 4225 quas

2193 4241 2514 4297 adversarii
2568 4244 2780 4312 nostri,
2837 4245 2922 4299 uti
2978 4246 3317 4302 certissima
3377 4251 3856 4305 assumentorum

2196 4331 2470 4402 exempla
2490 4331 2844 4403 producunt.

2269 4421 2355 4475 16.
2389 4419 2502 4475 Sed
2528 4420 2760 4477 dandus
2783 4428 2874 4478 est
2895 4422 3021 4496 ipse
3042 4423 3300 4497 Cyrillus
3324 4427 3538 4499 operis
3571 4425 3665 4482 sui
3687 4435 3861 4480 asser-

2193 4513 2287 4562 tor
2317 4513 2378 4562 et
2403 4509 2637 4565 vindex.
2673 4513 2814 4566 Nam
2849 4516 2908 4566 et
2955 4513 3016 4567 in
3065 4513 3495 4572 catechesibus
3526 4515 3606 4572 ad
3637 4510 3858 4570 illumi-

433 4612 686 4685 perinde
717 4616 887 4686 quasi
929 4617 1078 4673 illud
1110 4596 1414 4676 catecbesi.
1438 4596 1502 4676 18
1533 4627 1728 4693 neget.
1764 4621 2086 4693 Explican-

2201 4596 2448 4664 nandos,
2469 4601 2898 4673 mystagogicas
2919 4618 2982 4658 se
3005 4601 3354 4659 habiturum
3380 4605 3708 4677 promittit,
3737 4600 3864 4656 etin

435 4701 550 4757 dus
580 4702 772 4760 fuerat
820 4723 977 4762 unus
1031 4724 1101 4762 ex
1157 4709 1345 4764 altero
1402 4709 1591 4778 locus,
1650 4727 1771 4767 non
1820 4711 1973 4766 alter
2020 4725 2090 4765 ex

433 4789 622 4848 altero
652 4794 1084 4852 criminandus.

508 4880 591 4937 Hi.
629 4881 739 4937 Sed
771 4883 1106 4941 liberaliter
1130 4903 1236 4960 ego
1279 4904 1452 4960 agere
1495 4888 1626 4943 volo
1676 4905 1808 4944 cum
1862 4888 2086 4954 Riveto.

315 5013 322 5027 .
428 4968 738 5041 fateorque
771 4977 1131 5032 assumentis
1177 4977 1490 5032 nonnullis
1540 4977 1858 5050 depravata
1903 4977 2090 5032 fuisse

431 5056 635 5128 Cyrilh
671 5062 910 5134 scripta.
945 5066 1392 5122 Procatechesis
1451 5073 1508 5122 et
1546 5067 1875 5123 catecbesis
1907 5082 2088 5131 nona,

435 5145 544 5200 sub
579 5149 822 5204 nomine
854 5152 910 5208 S.
941 5154 1138 5210 Basilii
1172 5173 1306 5212 cum
1341 5156 1674 5230 insignibus
1708 5154 2088 5212 varietatibus

435 5239 494 5289 et
508 5233 934 5295 additamentis
955 5242 1018 5297 in
1039 5245 1394 5314 quibusdam
1415 5245 2090 5317 mss.reperiuntur.Du—

430 5324 569 5396 plex
602 5326 783 5383 iidem
805 5347 948 5386 mss.
971 5335 1250 5392 secundm
1281 5335 1610 5392 catechesis
1633 5335 1968 5408 exemplum
1993 5349 2089 5390 re-

425 5423 796 5486 praesentant
815 5420 1130 5494 :amboque
1153 5424 1311 5480 inter
1324 5442 1453 5482 sese
1469 5424 1699 5481 diversa
1713 5441 1834 5480 non
1851 5439 2084 5496 parum.

425 5501 496 5558 In
527 5509 643 5562 cat.
681 5509 768 5573 16,
804 5524 968 5564 num.
1003 5513 1055 5578 3,
1089 5529 1371 5584 magnum
1403 5515 1621 5588 legitur
1669 5513 1827 5586 apud
1875 5511 2089 5567 Coisli-

425 5592 680 5651 nianum
705 5597 968 5654 codicem
988 5610 1400 5659 assumentum
1422 5622 1435 5673 ;
1458 5603 1741 5676 aliudque
1767 5601 1976 5658 eadem
1999 5615 2090 5656 ca-

426 5682 651 5740 tachesi
684 5686 843 5757 apud
871 5687 1134 5747 diversos
1163 5707 1335 5763 mss.,
1367 5709 1536 5751 num.
1569 5695 1659 5750 23.
1692 5691 1816 5748 Vox
1873 5685 2084 5762 ὀμοού-

2198 4688 2616 4760 mystagogicis
2651 4705 2712 4744 se
2739 4691 3131 4747 catecheseon
3161 4691 3236 4747 ad
3267 4693 3720 4752 illuminandos
3742 4705 3869 4748 auc.

2199 4781 2388 4832 torem
2413 4778 2744 4848 profltetur.
2802 4781 3038 4838 Catech.
3092 4783 3178 4850 18,
3209 4797 3271 4838 n.
3303 4784 3400 4851 33,
3439 4782 3868 4856 mystagogicas

2201 4866 2487 4938 singulas,
2519 4877 2984 4926 commemorato
2998 4872 3290 4942 cujusque
3311 4880 3709 4946 argumento,
3733 4887 3794 4926 se
3813 4868 3868 4922 in

2198 4955 2328 5027 ipso
2342 4963 2560 5013 sanctas
2587 4959 3029 5014 Resurectionis
3045 4959 3176 5017 loco
3191 4960 3506 5018 dicturum
3528 4963 3867 5036 proﬁtetur:

2199 5044 2423 5101 ibidem
2457 5063 2660 5102 revera
2687 5048 2860 5104 dictae
2892 5054 3054 5116 sunt,
3074 5054 3140 5104 ut
3162 5054 3327 5121 patet
3349 5068 3428 5107 ex
3457 5058 3579 5109 cat.
3606 5056 3701 5120 20,
3736 5062 3872 5106 num

2199 5137 2231 5188 ‘7
2253 5141 2312 5190 et
2331 5136 2383 5202 4,
2411 5135 2511 5190 ubi
2550 5137 2784 5193 Domini
2825 5139 3200 5194 monumenti
3225 5144 3530 5211 tanquam
3560 5158 3752 5198 coram
3772 5153 3874 5210 po-

2195 5224 2295 5280 siti
2324 5225 2615 5280 meminit.
2651 5227 2838 5297 Hujus
2854 5229 3191 5299 argumenti
3225 5227 3347 5283 vim
3383 5230 3670 5288 elevasse
3694 5246 3756 5288 se
3779 5243 3877 5301 pu-

2197 5319 2285 5369 tat
2312 5314 2576 5384 Rivetus,
2607 5321 2798 5372 totum
2849 5317 3008 5372 hunc
3037 5317 3235 5372 locum
3267 5323 3388 5376 cat.
3455 5323 3526 5376 18
3558 5315 3878 5377 asserendo

2197 5403 2492 5459 intextum
2524 5421 2674 5460 esse.
2707 5405 2846 5471 Quae
2875 5405 3122 5476 quidem
3152 5405 3386 5476 alioqui
3423 5410 3606 5467 nulla
3634 5423 3880 5481 respon—

2199 5494 2368 5549 sione
2394 5491 2590 5567 digna,
2617 5495 2678 5550 in
2711 5495 2938 5551 monito
2969 5493 3044 5550 ad
3065 5500 3177 5550 cat.
3213 5495 3302 5558 18,
3338 5512 3521 5554 ιιιιιιι.
3558 5503 3614 5568 9,
3648 5495 3880 5556 abunde

2196 5583 2547 5640 refellimus.
2581 5583 2836 5656 Cyrillus
2885 5588 3174 5656 praeterea
3229 5587 3549 5644 catechesi
3576 5590 3670 5659 13,
3699 5604 3762 5644 n.
3801 5586 3885 5652 19,

2195 5675 2493 5755 promittit
2510 5671 2872 5729 catechesim
2894 5689 3026 5745 qum
3049 5672 3122 5728 de
3142 5671 3538 5734 Eucharistia
3559 5681 3802 5744 tractet,
3827 5675 3887 5728 in
