  <div class='ocr_page' id='page_1' title='image "/cluster/home/n/w/nwhite01/storage/ocr_20150623/33/coo.31924054869304/076.png"; bbox 0 0 4052 6368; ppageno 0'>
   <div class='ocr_carea' id='block_1_1' title="bbox 226 379 331 439">
    <p class='ocr_par' dir='ltr' id='par_1_1' title="bbox 226 379 331 439">
     <span class='ocr_line' id='line_1_1' title="bbox 226 379 331 439; baseline -0.01 0"><span class='ocrx_word' id='word_1_1' title='bbox 226 379 331 439; x_wconf 82' lang='lat'>137</span> 
     </span>
    </p>
   </div>
   <div class='ocr_carea' id='block_1_2' title="bbox 1608 374 2260 437">
    <p class='ocr_par' dir='ltr' id='par_1_2' title="bbox 1608 374 2260 437">
     <span class='ocr_line' id='line_1_2' title="bbox 1608 374 2260 437; baseline 0 -3"><span class='ocrx_word' id='word_1_2' title='bbox 1608 374 2138 436; x_wconf 78' lang='lat' dir='ltr'>DlSSERTATIO</span> <span class='ocrx_word' id='word_1_3' title='bbox 2184 375 2260 437; x_wconf 89' lang='lat' dir='ltr'>Il.</span> 
     </span>
    </p>
   </div>
   <div class='ocr_carea' id='block_1_3' title="bbox 3531 391 3650 454">
    <p class='ocr_par' dir='ltr' id='par_1_3' title="bbox 3531 391 3650 454">
     <span class='ocr_line' id='line_1_3' title="bbox 3531 391 3650 454; baseline -0.017 0"><span class='ocrx_word' id='word_1_4' title='bbox 3531 391 3650 454; x_wconf 85' lang='grc'>138</span> 
     </span>
    </p>
   </div>
   <div class='ocr_carea' id='block_1_4' title="bbox 226 511 3653 590">
    <p class='ocr_par' dir='ltr' id='par_1_4' title="bbox 226 511 3653 590">
     <span class='ocr_line' id='line_1_4' title="bbox 226 511 3653 590; baseline 0.004 -18"><span class='ocrx_word' id='word_1_5' title='bbox 226 533 328 589; x_wconf 83' lang='lat' dir='ltr'>qua</span> <span class='ocrx_word' id='word_1_6' title='bbox 344 515 752 588; x_wconf 78' lang='lat' dir='ltr'>explicaturos</span> <span class='ocrx_word' id='word_1_7' title='bbox 773 516 852 570; x_wconf 85' lang='lat' dir='ltr'>sit</span> <span class='ocrx_word' id='word_1_8' title='bbox 874 516 1182 586; x_wconf 89' lang='lat' dir='ltr'>quomodo</span> <span class='ocrx_word' id='word_1_9' title='bbox 1204 515 1466 571; x_wconf 87' lang='lat' dir='ltr'>Christus</span> <span class='ocrx_word' id='word_1_10' title='bbox 1493 513 1563 567; x_wconf 88' lang='lat' dir='ltr'>in</span> <span class='ocrx_word' id='word_1_11' title='bbox 1593 513 1879 570; x_wconf 88' lang='lat' dir='ltr'>Euchari-</span> <span class='ocrx_word' id='word_1_12' title='bbox 1909 512 1958 580; x_wconf 82' lang='grc' dir='ltr'><strong>Α</strong></span> <span class='ocrx_word' id='word_1_13' title='bbox 1990 511 2542 583; x_wconf 81' lang='lat' dir='ltr'>habesalia,cat.21,</span> <span class='ocrx_word' id='word_1_14' title='bbox 2565 533 2625 573; x_wconf 86' lang='grc' dir='ltr'>ιι.</span> <span class='ocrx_word' id='word_1_15' title='bbox 2650 519 2703 586; x_wconf 89' lang='grc'>7,</span> <span class='ocrx_word' id='word_1_16' title='bbox 2723 522 3000 583; x_wconf 88' lang='lat' dir='ltr'>cat.22,n.</span> <span class='ocrx_word' id='word_1_17' title='bbox 3025 525 3057 575; x_wconf 90' lang='lat'>7</span> <span class='ocrx_word' id='word_1_18' title='bbox 3080 526 3140 577; x_wconf 91' lang='lat' dir='ltr'>et</span> <span class='ocrx_word' id='word_1_19' title='bbox 3158 524 3363 590; x_wconf 91' lang='lat' dir='ltr'>8,etad</span> <span class='ocrx_word' id='word_1_20' title='bbox 3375 528 3653 584; x_wconf 89' lang='lat' dir='ltr'>eumdem</span> 
     </span>
    </p>
   </div>
   <div class='ocr_carea' id='block_1_5' title="bbox 226 605 1871 680">
    <p class='ocr_par' dir='ltr' id='par_1_5' title="bbox 226 605 1871 680">
     <span class='ocr_line' id='line_1_5' title="bbox 226 605 1871 680; baseline -0.004 -16"><span class='ocrx_word' id='word_1_21' title='bbox 226 609 325 665; x_wconf 88' lang='lat' dir='ltr'>stia</span> <span class='ocrx_word' id='word_1_22' title='bbox 345 607 600 680; x_wconf 86' lang='lat' dir='ltr'>ﬁguram</span> <span class='ocrx_word' id='word_1_23' title='bbox 620 606 868 678; x_wconf 82' lang='lat' dir='ltr'>gerebat</span> <span class='ocrx_word' id='word_1_24' title='bbox 890 607 1095 678; x_wconf 88' lang='lat' dir='ltr'>panis:</span> <span class='ocrx_word' id='word_1_25' title='bbox 1131 605 1286 675; x_wconf 91' lang='lat' dir='ltr'>quod</span> <span class='ocrx_word' id='word_1_26' title='bbox 1307 606 1636 676; x_wconf 75' lang='lat' dir='ltr'>praestitum</span> <span class='ocrx_word' id='word_1_27' title='bbox 1656 607 1871 658; x_wconf 91' lang='lat' dir='ltr'>estcat.</span> 
     </span>
    </p>
   </div>
   <div class='ocr_carea' id='block_1_6' title="bbox 227 694 1872 766">
    <p class='ocr_par' dir='ltr' id='par_1_6' title="bbox 227 694 1872 766">
     <span class='ocr_line' id='line_1_6' title="bbox 227 694 1872 766; baseline -0.003 -14"><span class='ocrx_word' id='word_1_28' title='bbox 227 703 306 763; x_wconf 83' lang='lat'>22,</span> <span class='ocrx_word' id='word_1_29' title='bbox 329 716 364 753; x_wconf 90' lang='lat' dir='ltr'>n</span> <span class='ocrx_word' id='word_1_30' title='bbox 402 700 452 752; x_wconf 85' lang='lat'>3.</span> <span class='ocrx_word' id='word_1_31' title='bbox 481 697 650 751; x_wconf 89' lang='lat' dir='ltr'>Idem</span> <span class='ocrx_word' id='word_1_32' title='bbox 677 697 980 752; x_wconf 86' lang='lat' dir='ltr'>catechesi</span> <span class='ocrx_word' id='word_1_33' title='bbox 1020 699 1104 762; x_wconf 88' lang='grc'>16,</span> <span class='ocrx_word' id='word_1_34' title='bbox 1158 713 1214 750; x_wconf 85' lang='grc' dir='ltr'>ιι.</span> <span class='ocrx_word' id='word_1_35' title='bbox 1249 699 1336 762; x_wconf 88' lang='lat'>26,</span> <span class='ocrx_word' id='word_1_36' title='bbox 1369 695 1686 766; x_wconf 87' lang='lat' dir='ltr'>pollicetur</span> <span class='ocrx_word' id='word_1_37' title='bbox 1715 694 1872 748; x_wconf 85' lang='lat' dir='ltr'>vice-</span> 
     </span>
    </p>
   </div>
   <div class='ocr_carea' id='block_1_7' title="bbox 235 785 1873 859">
    <p class='ocr_par' dir='ltr' id='par_1_7' title="bbox 235 785 1873 859">
     <span class='ocr_line' id='line_1_7' title="bbox 235 785 1873 859; baseline -0.005 -14"><span class='ocrx_word' id='word_1_38' title='bbox 235 791 416 845; x_wconf 85' lang='lat' dir='ltr'>simam</span> <span class='ocrx_word' id='word_1_39' title='bbox 446 787 713 859; x_wconf 82' lang='lat' dir='ltr'>primam</span> <span class='ocrx_word' id='word_1_40' title='bbox 739 804 752 854; x_wconf 94' lang='lat'><strong>;</strong></span> <span class='ocrx_word' id='word_1_41' title='bbox 787 786 932 841; x_wconf 90' lang='lat' dir='ltr'>dum</span> <span class='ocrx_word' id='word_1_42' title='bbox 963 788 1050 842; x_wconf 86' lang='lat' dir='ltr'>ait</span> <span class='ocrx_word' id='word_1_43' title='bbox 1081 803 1141 840; x_wconf 92' lang='lat' dir='ltr'>se</span> <span class='ocrx_word' id='word_1_44' title='bbox 1172 785 1539 841; x_wconf 81' lang='lat' dir='ltr'>auditoribus</span> <span class='ocrx_word' id='word_1_45' title='bbox 1581 801 1686 838; x_wconf 89' lang='lat' dir='ltr'>suo</span> <span class='ocrx_word' id='word_1_46' title='bbox 1718 788 1873 838; x_wconf 89' lang='lat' dir='ltr'>tem-</span> 
     </span>
    </p>
   </div>
   <div class='ocr_carea' id='block_1_8' title="bbox 232 872 1875 950">
    <p class='ocr_par' dir='ltr' id='par_1_8' title="bbox 232 872 1875 950">
     <span class='ocr_line' id='line_1_8' title="bbox 232 872 1875 950; baseline -0.004 -18"><span class='ocrx_word' id='word_1_47' title='bbox 232 893 351 950; x_wconf 86' lang='lat' dir='ltr'>pore</span> <span class='ocrx_word' id='word_1_48' title='bbox 378 875 847 947; x_wconf 76' lang='lat' dir='ltr'>explicaturum,</span> <span class='ocrx_word' id='word_1_49' title='bbox 873 875 1173 946; x_wconf 89' lang='lat' dir='ltr'>quomodo</span> <span class='ocrx_word' id='word_1_50' title='bbox 1196 874 1444 946; x_wconf 75' lang='lat' dir='ltr'>Spiritus</span> <span class='ocrx_word' id='word_1_51' title='bbox 1479 874 1664 927; x_wconf 87' lang='lat' dir='ltr'>sancti</span> <span class='ocrx_word' id='word_1_52' title='bbox 1684 872 1875 944; x_wconf 87' lang='lat' dir='ltr'>gratia</span> 
     </span>
    </p>
   </div>
   <div class='ocr_carea' id='block_1_9' title="bbox 226 963 1874 1036">
    <p class='ocr_par' dir='ltr' id='par_1_9' title="bbox 226 963 1874 1036">
     <span class='ocr_line' id='line_1_9' title="bbox 226 963 1874 1036; baseline -0.003 -15"><span class='ocrx_word' id='word_1_53' title='bbox 226 969 274 1022; x_wconf 88' lang='lat' dir='ltr'>in</span> <span class='ocrx_word' id='word_1_54' title='bbox 303 985 390 1022; x_wconf 88' lang='lat' dir='ltr'>eos</span> <span class='ocrx_word' id='word_1_55' title='bbox 421 972 685 1021; x_wconf 85' lang='lat' dir='ltr'>ventura</span> <span class='ocrx_word' id='word_1_56' title='bbox 715 967 797 1021; x_wconf 90' lang='lat' dir='ltr'>sit</span> <span class='ocrx_word' id='word_1_57' title='bbox 825 982 838 1019; x_wconf 94' lang='lat'>:</span> <span class='ocrx_word' id='word_1_58' title='bbox 892 966 1053 1036; x_wconf 90' lang='lat' dir='ltr'>quod</span> <span class='ocrx_word' id='word_1_59' title='bbox 1085 971 1174 1020; x_wconf 90' lang='lat' dir='ltr'>est</span> <span class='ocrx_word' id='word_1_60' title='bbox 1212 969 1399 1020; x_wconf 90' lang='lat' dir='ltr'>totum</span> <span class='ocrx_word' id='word_1_61' title='bbox 1430 963 1725 1019; x_wconf 72' lang='lat' dir='ltr'>vicesimaa</span> <span class='ocrx_word' id='word_1_62' title='bbox 1779 979 1874 1017; x_wconf 91' lang='lat' dir='ltr'>se-</span> 
     </span>
    </p>
   </div>
   <div class='ocr_carea' id='block_1_10' title="bbox 219 1052 1871 1128">
    <p class='ocr_par' dir='ltr' id='par_1_10' title="bbox 219 1052 1871 1128">
     <span class='ocr_line' id='line_1_10' title="bbox 219 1052 1871 1128; baseline -0.004 -16"><span class='ocrx_word' id='word_1_63' title='bbox 219 1056 406 1113; x_wconf 67' lang='lat' dir='ltr'>cundas</span> <span class='ocrx_word' id='word_1_64' title='bbox 438 1056 788 1112; x_wconf 89' lang='lat' dir='ltr'>catechesis</span> <span class='ocrx_word' id='word_1_65' title='bbox 818 1060 1255 1128; x_wconf 82' lang='lat' dir='ltr'>argumentum.</span> <span class='ocrx_word' id='word_1_66' title='bbox 1280 1057 1354 1108; x_wconf 78' lang='lat' dir='ltr'>At</span> <span class='ocrx_word' id='word_1_67' title='bbox 1393 1054 1453 1108; x_wconf 91' lang='lat' dir='ltr'>in</span> <span class='ocrx_word' id='word_1_68' title='bbox 1477 1052 1771 1108; x_wconf 89' lang='lat' dir='ltr'>catechesi</span> <span class='ocrx_word' id='word_1_69' title='bbox 1806 1054 1871 1105; x_wconf 89' lang='grc'>19</span> 
     </span>
    </p>
   </div>
   <div class='ocr_carea' id='block_1_11' title="bbox 211 1143 1866 1219">
    <p class='ocr_par' dir='ltr' id='par_1_11' title="bbox 211 1143 1866 1219">
     <span class='ocr_line' id='line_1_11' title="bbox 211 1143 1866 1219; baseline -0.004 -17"><span class='ocrx_word' id='word_1_70' title='bbox 211 1165 264 1202; x_wconf 86' lang='lat' dir='ltr'>se</span> <span class='ocrx_word' id='word_1_71' title='bbox 285 1147 559 1219; x_wconf 89' lang='lat' dir='ltr'>priorum</span> <span class='ocrx_word' id='word_1_72' title='bbox 601 1147 972 1201; x_wconf 88' lang='lat' dir='ltr'>cateheseon</span> <span class='ocrx_word' id='word_1_73' title='bbox 1011 1151 1306 1199; x_wconf 81' lang='lat' dir='ltr'>auctorem</span> <span class='ocrx_word' id='word_1_74' title='bbox 1356 1143 1687 1214; x_wconf 90' lang='lat' dir='ltr'>proﬁtetur,</span> <span class='ocrx_word' id='word_1_75' title='bbox 1722 1159 1781 1196; x_wconf 92' lang='lat' dir='ltr'>n.</span> <span class='ocrx_word' id='word_1_76' title='bbox 1815 1143 1866 1195; x_wconf 88' lang='lat'>9.</span> 
     </span>
    </p>
   </div>
   <div class='ocr_carea' id='block_1_12' title="bbox 203 1232 1869 1306">
    <p class='ocr_par' dir='ltr' id='par_1_12' title="bbox 203 1232 1869 1306">
     <span class='ocr_line' id='line_1_12' title="bbox 203 1232 1869 1306; baseline -0.004 -14"><span class='ocrx_word' id='word_1_77' title='bbox 203 1237 454 1292; x_wconf 77' lang='lat' dir='ltr'>Recitata</span> <span class='ocrx_word' id='word_1_78' title='bbox 481 1236 656 1291; x_wconf 90' lang='lat' dir='ltr'>enim</span> <span class='ocrx_word' id='word_1_79' title='bbox 673 1235 932 1290; x_wconf 89' lang='lat' dir='ltr'>breviori</span> <span class='ocrx_word' id='word_1_80' title='bbox 956 1233 1410 1306; x_wconf 83' lang='lat' dir='ltr'>symbolo,qnod</span> <span class='ocrx_word' id='word_1_81' title='bbox 1428 1232 1869 1303; x_wconf 86' lang='lat' dir='ltr'>postabrenun-</span> 
     </span>
    </p>
   </div>
   <div class='ocr_carea' id='block_1_13' title="bbox 201 1321 1866 1395">
    <p class='ocr_par' dir='ltr' id='par_1_13' title="bbox 201 1321 1866 1395">
     <span class='ocr_line' id='line_1_13' title="bbox 201 1321 1866 1395; baseline -0.002 -15"><span class='ocrx_word' id='word_1_82' title='bbox 201 1327 472 1381; x_wconf 88' lang='lat' dir='ltr'>tiationes</span> <span class='ocrx_word' id='word_1_83' title='bbox 505 1326 576 1380; x_wconf 92' lang='lat' dir='ltr'>in</span> <span class='ocrx_word' id='word_1_84' title='bbox 607 1323 1118 1395; x_wconf 84' lang='lat' dir='ltr'>Jerosolymitana</span> <span class='ocrx_word' id='word_1_85' title='bbox 1142 1323 1402 1378; x_wconf 87' lang='lat' dir='ltr'>Ecclesia</span> <span class='ocrx_word' id='word_1_86' title='bbox 1442 1321 1866 1394; x_wconf 87' lang='lat' dir='ltr'>pronuntiaba-</span> 
     </span>
    </p>
   </div>
   <div class='ocr_carea' id='block_1_14' title="bbox 193 1411 1870 1487">
    <p class='ocr_par' dir='ltr' id='par_1_14' title="bbox 193 1411 1870 1487">
     <span class='ocr_line' id='line_1_14' title="bbox 193 1411 1870 1487; baseline -0.002 -17"><span class='ocrx_word' id='word_1_87' title='bbox 193 1422 308 1481; x_wconf 85' lang='lat' dir='ltr'>tur;</span> <span class='ocrx_word' id='word_1_88' title='bbox 331 1415 632 1487; x_wconf 86' lang='lat' dir='ltr'>quodque</span> <span class='ocrx_word' id='word_1_89' title='bbox 664 1416 852 1469; x_wconf 89' lang='lat' dir='ltr'>trium</span> <span class='ocrx_word' id='word_1_90' title='bbox 875 1413 1172 1468; x_wconf 87' lang='lat' dir='ltr'>Trinitatis</span> <span class='ocrx_word' id='word_1_91' title='bbox 1199 1411 1870 1485; x_wconf 88' lang='lat' dir='ltr'>personarum,etunius</span> 
     </span>
    </p>
   </div>
   <div class='ocr_carea' id='block_1_15' title="bbox 194 1501 1872 1578">
    <p class='ocr_par' dir='ltr' id='par_1_15' title="bbox 194 1501 1872 1578">
     <span class='ocr_line' id='line_1_15' title="bbox 194 1501 1872 1578; baseline -0.004 -17"><span class='ocrx_word' id='word_1_92' title='bbox 194 1507 464 1578; x_wconf 81' lang='lat' dir='ltr'>baptismi</span> <span class='ocrx_word' id='word_1_93' title='bbox 493 1505 886 1576; x_wconf 68' lang='lat' dir='ltr'>paenitentiae</span> <span class='ocrx_word' id='word_1_94' title='bbox 908 1503 1341 1559; x_wconf 84' lang='lat' dir='ltr'>confessionem</span> <span class='ocrx_word' id='word_1_95' title='bbox 1357 1501 1718 1568; x_wconf 86' lang='lat' dir='ltr'>continebat;</span> <span class='ocrx_word' id='word_1_96' title='bbox 1744 1501 1872 1555; x_wconf 65' lang='lat' dir='ltr'>haec</span> 
     </span>
    </p>
   </div>
   <div class='ocr_carea' id='block_1_16' title="bbox 199 1592 1873 1668">
    <p class='ocr_par' dir='ltr' id='par_1_16' title="bbox 199 1592 1873 1668">
     <span class='ocr_line' id='line_1_16' title="bbox 199 1592 1873 1668; baseline -0.005 -15"><span class='ocrx_word' id='word_1_97' title='bbox 199 1597 481 1668; x_wconf 67' lang='lat' dir='ltr'>subjicitur</span> <span class='ocrx_word' id='word_1_98' title='bbox 494 1597 584 1650; x_wconf 89' lang='lat' dir='ltr'>De</span> <span class='ocrx_word' id='word_1_99' title='bbox 601 1594 835 1666; x_wconf 89' lang='lat' dir='ltr'>quibus</span> <span class='ocrx_word' id='word_1_100' title='bbox 852 1595 912 1649; x_wconf 91' lang='lat' dir='ltr'>in</span> <span class='ocrx_word' id='word_1_101' title='bbox 925 1592 1220 1665; x_wconf 89' lang='lat' dir='ltr'>prioribus</span> <span class='ocrx_word' id='word_1_102' title='bbox 1234 1592 1873 1662; x_wconf 87' lang='lat' dir='ltr'>catechesibus,quem-</span> 
     </span>
    </p>
   </div>
   <div class='ocr_carea' id='block_1_17' title="bbox 199 1681 1872 1757">
    <p class='ocr_par' dir='ltr' id='par_1_17' title="bbox 199 1681 1872 1757">
     <span class='ocr_line' id='line_1_17' title="bbox 199 1681 1872 1757; baseline -0.004 -16"><span class='ocrx_word' id='word_1_103' title='bbox 199 1709 226 1741; x_wconf 77' lang='grc' dir='ltr'>ι</span> <span class='ocrx_word' id='word_1_104' title='bbox 244 1687 579 1743; x_wconf 87' lang='lat' dir='ltr'>admodum</span> <span class='ocrx_word' id='word_1_105' title='bbox 603 1685 820 1740; x_wconf 88' lang='lat' dir='ltr'>divina</span> <span class='ocrx_word' id='word_1_106' title='bbox 845 1685 1034 1757; x_wconf 88' lang='lat' dir='ltr'>gratia</span> <span class='ocrx_word' id='word_1_107' title='bbox 1057 1684 1370 1754; x_wconf 88' lang='lat' dir='ltr'>concessit,</span> <span class='ocrx_word' id='word_1_108' title='bbox 1402 1683 1622 1739; x_wconf 92' lang='lat' dir='ltr'>dictum</span> <span class='ocrx_word' id='word_1_109' title='bbox 1648 1687 1738 1736; x_wconf 91' lang='lat' dir='ltr'>est</span> <span class='ocrx_word' id='word_1_110' title='bbox 1767 1681 1872 1735; x_wconf 90' lang='lat' dir='ltr'>tibi</span> 
     </span>
    </p>
   </div>
   <div class='ocr_carea' id='block_1_18' title="bbox 194 1773 1867 1850">
    <p class='ocr_par' dir='ltr' id='par_1_18' title="bbox 194 1773 1867 1850">
     <span class='ocr_line' id='line_1_18' title="bbox 194 1773 1867 1850; baseline -0.005 -17"><span class='ocrx_word' id='word_1_111' title='bbox 194 1799 220 1829; x_wconf 72' lang='grc' dir='ltr'><strong>ε</strong></span> <span class='ocrx_word' id='word_1_112' title='bbox 234 1777 553 1850; x_wconf 83' lang='lat' dir='ltr'>prolixius.</span> <span class='ocrx_word' id='word_1_113' title='bbox 573 1799 603 1825; x_wconf 82' lang='grc'><strong>››</strong></span> <span class='ocrx_word' id='word_1_114' title='bbox 618 1776 798 1830; x_wconf 90' lang='lat' dir='ltr'>Idem</span> <span class='ocrx_word' id='word_1_115' title='bbox 812 1780 1032 1842; x_wconf 87' lang='lat' dir='ltr'>auctor,</span> <span class='ocrx_word' id='word_1_116' title='bbox 1059 1774 1360 1846; x_wconf 84' lang='lat' dir='ltr'>iidemque</span> <span class='ocrx_word' id='word_1_117' title='bbox 1383 1773 1683 1828; x_wconf 85' lang='lat' dir='ltr'>auditores</span> <span class='ocrx_word' id='word_1_118' title='bbox 1706 1777 1867 1826; x_wconf 87' lang='lat' dir='ltr'>utra-</span> 
     </span>
    </p>
   </div>
   <div class='ocr_carea' id='block_1_19' title="bbox 191 1863 1954 1950">
    <p class='ocr_par' dir='ltr' id='par_1_19' title="bbox 191 1863 1954 1950">
     <span class='ocr_line' id='line_1_19' title="bbox 191 1863 1954 1950; baseline -0.005 -26"><span class='ocrx_word' id='word_1_119' title='bbox 191 1884 439 1939; x_wconf 84' lang='lat' dir='ltr'>rumque</span> <span class='ocrx_word' id='word_1_120' title='bbox 463 1866 904 1921; x_wconf 88' lang='lat' dir='ltr'>catecheseon.</span> <span class='ocrx_word' id='word_1_121' title='bbox 934 1866 997 1919; x_wconf 90' lang='lat' dir='ltr'>In</span> <span class='ocrx_word' id='word_1_122' title='bbox 1029 1869 1139 1920; x_wconf 90' lang='lat' dir='ltr'>cat.</span> <span class='ocrx_word' id='word_1_123' title='bbox 1175 1866 1240 1917; x_wconf 85' lang='lat'>23</span> <span class='ocrx_word' id='word_1_124' title='bbox 1273 1863 1541 1918; x_wconf 91' lang='lat' dir='ltr'>omnium</span> <span class='ocrx_word' id='word_1_125' title='bbox 1571 1866 1876 1934; x_wconf 89' lang='lat' dir='ltr'>postrema</span> <span class='ocrx_word' id='word_1_126' title='bbox 1907 1885 1954 1950; x_wconf 79' lang='grc' dir='ltr'><strong>Β</strong></span> 
     </span>
    </p>
   </div>
   <div class='ocr_carea' id='block_1_20' title="bbox 197 1951 1874 2028">
    <p class='ocr_par' dir='ltr' id='par_1_20' title="bbox 197 1951 1874 2028">
     <span class='ocr_line' id='line_1_20' title="bbox 197 1951 1874 2028; baseline -0.005 -14"><span class='ocrx_word' id='word_1_127' title='bbox 197 1976 352 2014; x_wconf 87' lang='lat' dir='ltr'>num.</span> <span class='ocrx_word' id='word_1_128' title='bbox 377 1963 430 2024; x_wconf 88' lang='lat'>1,</span> <span class='ocrx_word' id='word_1_129' title='bbox 455 1975 524 2013; x_wconf 88' lang='lat' dir='ltr'>se</span> <span class='ocrx_word' id='word_1_130' title='bbox 563 1973 642 2011; x_wconf 90' lang='lat' dir='ltr'>eo</span> <span class='ocrx_word' id='word_1_131' title='bbox 669 1957 770 2011; x_wconf 90' lang='lat' dir='ltr'>die</span> <span class='ocrx_word' id='word_1_132' title='bbox 791 1955 1084 2028; x_wconf 87' lang='lat' dir='ltr'>spirituali</span> <span class='ocrx_word' id='word_1_133' title='bbox 1116 1955 1456 2011; x_wconf 89' lang='lat' dir='ltr'>auditorum</span> <span class='ocrx_word' id='word_1_134' title='bbox 1478 1951 1874 2008; x_wconf 86' lang='lat' dir='ltr'>institutionis</span> 
     </span>
    </p>
   </div>
   <div class='ocr_carea' id='block_1_21' title="bbox 201 2042 1874 2116">
    <p class='ocr_par' dir='ltr' id='par_1_21' title="bbox 201 2042 1874 2116">
     <span class='ocr_line' id='line_1_21' title="bbox 201 2042 1874 2116; baseline -0.005 -13"><span class='ocrx_word' id='word_1_135' title='bbox 201 2047 438 2103; x_wconf 68' lang='lat' dir='ltr'>aediﬁcio</span> <span class='ocrx_word' id='word_1_136' title='bbox 458 2045 836 2102; x_wconf 91' lang='lat' dir='ltr'>coronidem</span> <span class='ocrx_word' id='word_1_137' title='bbox 851 2045 1265 2116; x_wconf 88' lang='lat' dir='ltr'>impositurum</span> <span class='ocrx_word' id='word_1_138' title='bbox 1281 2043 1384 2109; x_wconf 88' lang='lat' dir='ltr'>ait;</span> <span class='ocrx_word' id='word_1_139' title='bbox 1400 2042 1559 2113; x_wconf 86' lang='lat' dir='ltr'>quod</span> <span class='ocrx_word' id='word_1_140' title='bbox 1580 2046 1874 2113; x_wconf 88' lang='lat' dir='ltr'>mystago-</span> 
     </span>
    </p>
   </div>
   <div class='ocr_carea' id='block_1_22' title="bbox 207 2133 1876 2210">
    <p class='ocr_par' dir='ltr' id='par_1_22' title="bbox 207 2133 1876 2210">
     <span class='ocr_line' id='line_1_22' title="bbox 207 2133 1876 2210; baseline -0.004 -18"><span class='ocrx_word' id='word_1_141' title='bbox 207 2138 335 2210; x_wconf 82' lang='lat' dir='ltr'>gicis</span> <span class='ocrx_word' id='word_1_142' title='bbox 365 2135 771 2193; x_wconf 87' lang='lat' dir='ltr'>solummodo</span> <span class='ocrx_word' id='word_1_143' title='bbox 805 2135 1212 2191; x_wconf 88' lang='lat' dir='ltr'>catechesibus</span> <span class='ocrx_word' id='word_1_144' title='bbox 1241 2133 1601 2204; x_wconf 81' lang='lat' dir='ltr'>restringere</span> <span class='ocrx_word' id='word_1_145' title='bbox 1634 2147 1701 2186; x_wconf 90' lang='lat' dir='ltr'>ac</span> <span class='ocrx_word' id='word_1_146' title='bbox 1731 2147 1876 2185; x_wconf 88' lang='lat' dir='ltr'>con-</span> 
     </span>
    </p>
   </div>
   <div class='ocr_carea' id='block_1_23' title="bbox 213 2221 1872 2298">
    <p class='ocr_par' dir='ltr' id='par_1_23' title="bbox 213 2221 1872 2298">
     <span class='ocr_line' id='line_1_23' title="bbox 213 2221 1872 2298; baseline -0.005 -16"><span class='ocrx_word' id='word_1_147' title='bbox 213 2226 453 2293; x_wconf 87' lang='lat' dir='ltr'>cludere,</span> <span class='ocrx_word' id='word_1_148' title='bbox 487 2227 691 2282; x_wconf 88' lang='lat' dir='ltr'>nimis</span> <span class='ocrx_word' id='word_1_149' title='bbox 724 2231 1044 2298; x_wconf 87' lang='lat' dir='ltr'>angustum</span> <span class='ocrx_word' id='word_1_150' title='bbox 1073 2225 1534 2292; x_wconf 91' lang='lat' dir='ltr'>restrictumque</span> <span class='ocrx_word' id='word_1_151' title='bbox 1584 2221 1872 2275; x_wconf 86' lang='lat' dir='ltr'>videatur.</span> 
     </span>
    </p>
   </div>
   <div class='ocr_carea' id='block_1_24' title="bbox 208 2309 1875 2384">
    <p class='ocr_par' dir='ltr' id='par_1_24' title="bbox 208 2309 1875 2384">
     <span class='ocr_line' id='line_1_24' title="bbox 208 2309 1875 2384; baseline -0.006 -12"><span class='ocrx_word' id='word_1_152' title='bbox 208 2318 379 2372; x_wconf 87' lang='lat' dir='ltr'>Porro</span> <span class='ocrx_word' id='word_1_153' title='bbox 407 2317 454 2372; x_wconf 89' lang='lat' dir='ltr'>si</span> <span class='ocrx_word' id='word_1_154' title='bbox 486 2332 686 2372; x_wconf 88' lang='lat' dir='ltr'>unam</span> <span class='ocrx_word' id='word_1_155' title='bbox 715 2333 789 2370; x_wconf 89' lang='lat' dir='ltr'>ex</span> <span class='ocrx_word' id='word_1_156' title='bbox 809 2313 1218 2370; x_wconf 89' lang='lat' dir='ltr'>catechesibus</span> <span class='ocrx_word' id='word_1_157' title='bbox 1242 2309 1875 2384; x_wconf 85' lang='lat' dir='ltr'>mystagogicisCyrilli</span> 
     </span>
    </p>
   </div>
   <div class='ocr_carea' id='block_1_25' title="bbox 214 2399 1878 2471">
    <p class='ocr_par' dir='ltr' id='par_1_25' title="bbox 214 2399 1878 2471">
     <span class='ocr_line' id='line_1_25' title="bbox 214 2399 1878 2471; baseline -0.005 -9"><span class='ocrx_word' id='word_1_158' title='bbox 214 2423 335 2462; x_wconf 83' lang='lat' dir='ltr'>esse</span> <span class='ocrx_word' id='word_1_159' title='bbox 363 2412 618 2471; x_wconf 88' lang='lat' dir='ltr'>constet,</span> <span class='ocrx_word' id='word_1_160' title='bbox 646 2404 928 2460; x_wconf 90' lang='lat' dir='ltr'>omnium</span> <span class='ocrx_word' id='word_1_161' title='bbox 941 2407 1244 2460; x_wconf 86' lang='lat' dir='ltr'>auctorem</span> <span class='ocrx_word' id='word_1_162' title='bbox 1270 2418 1399 2456; x_wconf 90' lang='lat' dir='ltr'>esse</span> <span class='ocrx_word' id='word_1_163' title='bbox 1420 2417 1542 2456; x_wconf 90' lang='lat' dir='ltr'>una</span> <span class='ocrx_word' id='word_1_164' title='bbox 1562 2399 1878 2471; x_wconf 89' lang='lat' dir='ltr'>probatum</span> 
     </span>
    </p>
   </div>
   <div class='ocr_carea' id='block_1_26' title="bbox 226 2495 1876 2565">
    <p class='ocr_par' dir='ltr' id='par_1_26' title="bbox 226 2495 1876 2565">
     <span class='ocr_line' id='line_1_26' title="bbox 226 2495 1876 2565; baseline -0.005 -14"><span class='ocrx_word' id='word_1_165' title='bbox 226 2502 327 2551; x_wconf 81' lang='lat' dir='ltr'>est.</span> <span class='ocrx_word' id='word_1_166' title='bbox 353 2498 534 2561; x_wconf 70' lang='lat' dir='ltr'>Nexae,</span> <span class='ocrx_word' id='word_1_167' title='bbox 560 2495 986 2565; x_wconf 71' lang='lat' dir='ltr'>devinctaaque</span> <span class='ocrx_word' id='word_1_168' title='bbox 1011 2510 1210 2548; x_wconf 91' lang='lat' dir='ltr'>secum</span> <span class='ocrx_word' id='word_1_169' title='bbox 1230 2497 1370 2548; x_wconf 90' lang='lat' dir='ltr'>sunt</span> <span class='ocrx_word' id='word_1_170' title='bbox 1393 2507 1623 2555; x_wconf 91' lang='lat' dir='ltr'>omnes,</span> <span class='ocrx_word' id='word_1_171' title='bbox 1656 2505 1876 2544; x_wconf 89' lang='lat' dir='ltr'>unum-</span> 
     </span>
    </p>
   </div>
   <div class='ocr_carea' id='block_1_27' title="bbox 235 2579 1876 2656">
    <p class='ocr_par' dir='ltr' id='par_1_27' title="bbox 235 2579 1876 2656">
     <span class='ocr_line' id='line_1_27' title="bbox 235 2579 1876 2656; baseline -0.005 -16"><span class='ocrx_word' id='word_1_172' title='bbox 235 2602 340 2656; x_wconf 86' lang='lat' dir='ltr'>que</span> <span class='ocrx_word' id='word_1_173' title='bbox 368 2587 712 2641; x_wconf 73' lang='lat' dir='ltr'>Christianaa</span> <span class='ocrx_word' id='word_1_174' title='bbox 737 2584 811 2639; x_wconf 92' lang='lat' dir='ltr'>de</span> <span class='ocrx_word' id='word_1_175' title='bbox 835 2583 1018 2638; x_wconf 90' lang='lat' dir='ltr'>tribus</span> <span class='ocrx_word' id='word_1_176' title='bbox 1037 2581 1426 2638; x_wconf 90' lang='lat' dir='ltr'>sacramentis</span> <span class='ocrx_word' id='word_1_177' title='bbox 1440 2579 1724 2636; x_wconf 82' lang='lat' dir='ltr'>doctrinae</span> <span class='ocrx_word' id='word_1_178' title='bbox 1739 2595 1876 2633; x_wconf 91' lang='lat' dir='ltr'>cor-</span> 
     </span>
    </p>
   </div>
   <div class='ocr_carea' id='block_1_28' title="bbox 230 2669 1876 2748">
    <p class='ocr_par' dir='ltr' id='par_1_28' title="bbox 230 2669 1876 2748">
     <span class='ocr_line' id='line_1_28' title="bbox 230 2669 1876 2748; baseline -0.007 -16"><span class='ocrx_word' id='word_1_179' title='bbox 230 2693 334 2748; x_wconf 86' lang='lat' dir='ltr'>pus</span> <span class='ocrx_word' id='word_1_180' title='bbox 359 2677 704 2732; x_wconf 86' lang='lat' dir='ltr'>conﬁciunt.</span> <span class='ocrx_word' id='word_1_181' title='bbox 732 2677 801 2729; x_wconf 90' lang='lat' dir='ltr'>In</span> <span class='ocrx_word' id='word_1_182' title='bbox 836 2691 997 2729; x_wconf 89' lang='lat' dir='ltr'>nona</span> <span class='ocrx_word' id='word_1_183' title='bbox 1022 2673 1252 2729; x_wconf 85' lang='lat' dir='ltr'>decima</span> <span class='ocrx_word' id='word_1_184' title='bbox 1287 2687 1454 2726; x_wconf 90' lang='lat' dir='ltr'>num.</span> <span class='ocrx_word' id='word_1_185' title='bbox 1489 2669 1876 2740; x_wconf 86' lang='lat' dir='ltr'>l1,promitti-</span> 
     </span>
    </p>
   </div>
   <div class='ocr_carea' id='block_1_29' title="bbox 226 2760 1873 2836">
    <p class='ocr_par' dir='ltr' id='par_1_29' title="bbox 226 2760 1873 2836">
     <span class='ocr_line' id='line_1_29' title="bbox 226 2760 1873 2836; baseline -0.005 -15"><span class='ocrx_word' id='word_1_186' title='bbox 226 2771 314 2821; x_wconf 85' lang='lat' dir='ltr'>tur</span> <span class='ocrx_word' id='word_1_187' title='bbox 339 2767 617 2822; x_wconf 83' lang='lat' dir='ltr'>vicesima</span> <span class='ocrx_word' id='word_1_188' title='bbox 639 2771 703 2821; x_wconf 92' lang='lat' dir='ltr'>et</span> <span class='ocrx_word' id='word_1_189' title='bbox 738 2769 1078 2836; x_wconf 88' lang='lat' dir='ltr'>sequentes;</span> <span class='ocrx_word' id='word_1_190' title='bbox 1120 2765 1179 2817; x_wconf 92' lang='lat' dir='ltr'>in</span> <span class='ocrx_word' id='word_1_191' title='bbox 1203 2763 1359 2835; x_wconf 77' lang='lat' dir='ltr'>[CVI]</span> <span class='ocrx_word' id='word_1_192' title='bbox 1398 2760 1677 2815; x_wconf 91' lang='lat' dir='ltr'>vicesima</span> <span class='ocrx_word' id='word_1_193' title='bbox 1707 2773 1873 2812; x_wconf 92' lang='lat' dir='ltr'>num.</span> 
     </span>
    </p>
   </div>
   <div class='ocr_carea' id='block_1_30' title="bbox 222 2847 1873 2923">
    <p class='ocr_par' dir='ltr' id='par_1_30' title="bbox 222 2847 1873 2923">
     <span class='ocr_line' id='line_1_30' title="bbox 222 2847 1873 2923; baseline -0.004 -15"><span class='ocrx_word' id='word_1_194' title='bbox 222 2859 269 2923; x_wconf 87' lang='lat'>1,</span> <span class='ocrx_word' id='word_1_195' title='bbox 290 2857 532 2911; x_wconf 88' lang='lat' dir='ltr'>remittit</span> <span class='ocrx_word' id='word_1_196' title='bbox 563 2856 640 2911; x_wconf 91' lang='lat' dir='ltr'>ad</span> <span class='ocrx_word' id='word_1_197' title='bbox 673 2870 900 2910; x_wconf 89' lang='lat' dir='ltr'>nonam</span> <span class='ocrx_word' id='word_1_198' title='bbox 931 2853 1245 2908; x_wconf 89' lang='lat' dir='ltr'>decimam.</span> <span class='ocrx_word' id='word_1_199' title='bbox 1270 2853 1336 2905; x_wconf 90' lang='lat' dir='ltr'>In</span> <span class='ocrx_word' id='word_1_200' title='bbox 1365 2850 1644 2904; x_wconf 89' lang='lat' dir='ltr'>vicesima</span> <span class='ocrx_word' id='word_1_201' title='bbox 1680 2847 1873 2913; x_wconf 89' lang='lat' dir='ltr'>tertia,</span> 
     </span>
    </p>
   </div>
   <div class='ocr_carea' id='block_1_31' title="bbox 219 2936 1874 3016">
    <p class='ocr_par' dir='ltr' id='par_1_31' title="bbox 219 2936 1874 3016">
     <span class='ocr_line' id='line_1_31' title="bbox 219 2936 1874 3016; baseline -0.006 -16"><span class='ocrx_word' id='word_1_202' title='bbox 219 2962 275 3000; x_wconf 84' lang='grc' dir='ltr'>ιι.</span> <span class='ocrx_word' id='word_1_203' title='bbox 311 2950 356 3012; x_wconf 90' lang='grc'>1,</span> <span class='ocrx_word' id='word_1_204' title='bbox 391 2947 660 3001; x_wconf 86' lang='lat' dir='ltr'>citantur</span> <span class='ocrx_word' id='word_1_205' title='bbox 691 2960 903 2999; x_wconf 89' lang='lat' dir='ltr'>omnes</span> <span class='ocrx_word' id='word_1_206' title='bbox 934 2942 1359 3016; x_wconf 74' lang='lat' dir='ltr'>praecedentes.</span> <span class='ocrx_word' id='word_1_207' title='bbox 1395 2939 1790 3004; x_wconf 87' lang='lat' dir='ltr'>Quamobrem</span> <span class='ocrx_word' id='word_1_208' title='bbox 1827 2936 1874 2991; x_wconf 91' lang='lat' dir='ltr'>si</span> 
     </span>
    </p>
   </div>
   <div class='ocr_carea' id='block_1_32' title="bbox 222 3026 1877 3102">
    <p class='ocr_par' dir='ltr' id='par_1_32' title="bbox 222 3026 1877 3102">
     <span class='ocr_line' id='line_1_32' title="bbox 222 3026 1877 3102; baseline -0.006 -13"><span class='ocrx_word' id='word_1_209' title='bbox 222 3034 385 3102; x_wconf 89' lang='lat' dir='ltr'>hanc,</span> <span class='ocrx_word' id='word_1_210' title='bbox 409 3035 723 3097; x_wconf 86' lang='lat' dir='ltr'>Eustratii,</span> <span class='ocrx_word' id='word_1_211' title='bbox 749 3034 1010 3099; x_wconf 76' lang='lat' dir='ltr'>Niconis,</span> <span class='ocrx_word' id='word_1_212' title='bbox 1032 3038 1141 3088; x_wconf 89' lang='lat' dir='ltr'>etc.</span> <span class='ocrx_word' id='word_1_213' title='bbox 1168 3026 1877 3098; x_wconf 82' lang='lat' dir='ltr'>auctoritate,Cyrillino-</span> 
     </span>
    </p>
   </div>
   <div class='ocr_carea' id='block_1_33' title="bbox 225 3114 1877 3190">
    <p class='ocr_par' dir='ltr' id='par_1_33' title="bbox 225 3114 1877 3190">
     <span class='ocr_line' id='line_1_33' title="bbox 225 3114 1877 3190; baseline -0.007 -10"><span class='ocrx_word' id='word_1_214' title='bbox 225 3126 324 3180; x_wconf 88' lang='lat' dir='ltr'>stri</span> <span class='ocrx_word' id='word_1_215' title='bbox 353 3141 480 3180; x_wconf 88' lang='lat' dir='ltr'>esse</span> <span class='ocrx_word' id='word_1_216' title='bbox 511 3124 876 3190; x_wconf 87' lang='lat' dir='ltr'>constiterit,</span> <span class='ocrx_word' id='word_1_217' title='bbox 905 3139 1114 3178; x_wconf 90' lang='lat' dir='ltr'>omnes</span> <span class='ocrx_word' id='word_1_218' title='bbox 1139 3121 1348 3177; x_wconf 92' lang='lat' dir='ltr'>eodem</span> <span class='ocrx_word' id='word_1_219' title='bbox 1372 3125 1505 3175; x_wconf 83' lang='lat' dir='ltr'>actu</span> <span class='ocrx_word' id='word_1_220' title='bbox 1523 3117 1626 3173; x_wconf 91' lang='lat' dir='ltr'>uni</span> <span class='ocrx_word' id='word_1_221' title='bbox 1650 3114 1877 3172; x_wconf 89' lang='lat' dir='ltr'>auctori</span> 
     </span>
    </p>
   </div>
   <div class='ocr_carea' id='block_1_34' title="bbox 228 3206 1875 3283">
    <p class='ocr_par' dir='ltr' id='par_1_34' title="bbox 228 3206 1875 3283">
     <span class='ocr_line' id='line_1_34' title="bbox 228 3206 1875 3283; baseline -0.006 -15"><span class='ocrx_word' id='word_1_222' title='bbox 228 3221 586 3270; x_wconf 85' lang='lat' dir='ltr'>asseruntur.</span> <span class='ocrx_word' id='word_1_223' title='bbox 613 3213 989 3279; x_wconf 77' lang='lat' dir='ltr'>Addendum,</span> <span class='ocrx_word' id='word_1_224' title='bbox 1014 3209 1445 3283; x_wconf 86' lang='lat' dir='ltr'>mystagogicas</span> <span class='ocrx_word' id='word_1_225' title='bbox 1459 3224 1592 3263; x_wconf 90' lang='lat' dir='ltr'>cum</span> <span class='ocrx_word' id='word_1_226' title='bbox 1607 3206 1875 3261; x_wconf 89' lang='lat' dir='ltr'>cateche-</span> 
     </span>
    </p>
   </div>
   <div class='ocr_carea' id='block_1_35' title="bbox 232 3294 1878 3360">
    <p class='ocr_par' dir='ltr' id='par_1_35' title="bbox 232 3294 1878 3360">
     <span class='ocr_line' id='line_1_35' title="bbox 232 3294 1878 3360; baseline -0.007 -2"><span class='ocrx_word' id='word_1_227' title='bbox 232 3303 382 3359; x_wconf 81' lang='lat' dir='ltr'>sibus</span> <span class='ocrx_word' id='word_1_228' title='bbox 405 3303 944 3360; x_wconf 88' lang='lat' dir='ltr'>illuminandorum</span> <span class='ocrx_word' id='word_1_229' title='bbox 967 3303 1030 3356; x_wconf 91' lang='lat' dir='ltr'>in</span> <span class='ocrx_word' id='word_1_230' title='bbox 1054 3316 1241 3357; x_wconf 89' lang='lat' dir='ltr'>unum</span> <span class='ocrx_word' id='word_1_231' title='bbox 1261 3299 1613 3354; x_wconf 65' lang='lat' dir='ltr'>Christianae</span> <span class='ocrx_word' id='word_1_232' title='bbox 1636 3294 1878 3350; x_wconf 90' lang='lat' dir='ltr'>institu-</span> 
     </span>
    </p>
   </div>
   <div class='ocr_carea' id='block_1_36' title="bbox 229 3388 1878 3467">
    <p class='ocr_par' dir='ltr' id='par_1_36' title="bbox 229 3388 1878 3467">
     <span class='ocr_line' id='line_1_36' title="bbox 229 3388 1878 3467; baseline -0.005 -19"><span class='ocrx_word' id='word_1_233' title='bbox 229 3394 399 3450; x_wconf 87' lang='lat' dir='ltr'>tionis</span> <span class='ocrx_word' id='word_1_234' title='bbox 430 3411 683 3467; x_wconf 88' lang='lat' dir='ltr'>scopum</span> <span class='ocrx_word' id='word_1_235' title='bbox 735 3395 1094 3466; x_wconf 86' lang='lat' dir='ltr'>conspirare,</span> <span class='ocrx_word' id='word_1_236' title='bbox 1128 3398 1194 3448; x_wconf 91' lang='lat' dir='ltr'>ut</span> <span class='ocrx_word' id='word_1_237' title='bbox 1240 3409 1275 3447; x_wconf 90' lang='lat' dir='ltr'>a</span> <span class='ocrx_word' id='word_1_238' title='bbox 1305 3408 1367 3446; x_wconf 91' lang='lat' dir='ltr'>se</span> <span class='ocrx_word' id='word_1_239' title='bbox 1405 3388 1668 3445; x_wconf 87' lang='lat' dir='ltr'>vicissim</span> <span class='ocrx_word' id='word_1_240' title='bbox 1705 3401 1878 3456; x_wconf 91' lang='lat' dir='ltr'>sepa-</span> 
     </span>
    </p>
   </div>
   <div class='ocr_carea' id='block_1_37' title="bbox 233 3484 782 3556">
    <p class='ocr_par' dir='ltr' id='par_1_37' title="bbox 233 3484 782 3556">
     <span class='ocr_line' id='line_1_37' title="bbox 233 3484 782 3556; baseline 0.002 -17"><span class='ocrx_word' id='word_1_241' title='bbox 233 3484 338 3539; x_wconf 84' lang='lat' dir='ltr'>rari</span> <span class='ocrx_word' id='word_1_242' title='bbox 369 3501 491 3539; x_wconf 91' lang='lat' dir='ltr'>non</span> <span class='ocrx_word' id='word_1_243' title='bbox 524 3485 782 3556; x_wconf 87' lang='lat' dir='ltr'>possint.</span> 
     </span>
    </p>
   </div>
   <div class='ocr_carea' id='block_1_38' title="bbox 303 3565 1881 3645">
    <p class='ocr_par' dir='ltr' id='par_1_38' title="bbox 303 3565 1881 3645">
     <span class='ocr_line' id='line_1_38' title="bbox 303 3565 1881 3645; baseline -0.006 -18"><span class='ocrx_word' id='word_1_244' title='bbox 303 3578 384 3630; x_wconf 85' lang='lat'>17.</span> <span class='ocrx_word' id='word_1_245' title='bbox 430 3577 497 3630; x_wconf 94' lang='lat' dir='ltr'>ln</span> <span class='ocrx_word' id='word_1_246' title='bbox 571 3574 719 3645; x_wconf 88' lang='lat' dir='ltr'>ipsis</span> <span class='ocrx_word' id='word_1_247' title='bbox 762 3573 1006 3630; x_wconf 87' lang='lat' dir='ltr'>tandem</span> <span class='ocrx_word' id='word_1_248' title='bbox 1074 3570 1491 3644; x_wconf 89' lang='lat' dir='ltr'>mystagogicis</span> <span class='ocrx_word' id='word_1_249' title='bbox 1540 3565 1881 3623; x_wconf 89' lang='lat' dir='ltr'>cathesibus</span> 
     </span>
    </p>
   </div>
   <div class='ocr_carea' id='block_1_39' title="bbox 241 3659 1884 3735">
    <p class='ocr_par' dir='ltr' id='par_1_39' title="bbox 241 3659 1884 3735">
     <span class='ocr_line' id='line_1_39' title="bbox 241 3659 1884 3735; baseline -0.006 -18"><span class='ocrx_word' id='word_1_250' title='bbox 241 3669 462 3718; x_wconf 77' lang='lat' dir='ltr'>exstant</span> <span class='ocrx_word' id='word_1_251' title='bbox 492 3663 776 3735; x_wconf 89' lang='lat' dir='ltr'>plurima,</span> <span class='ocrx_word' id='word_1_252' title='bbox 809 3680 938 3734; x_wconf 74' lang='lat' dir='ltr'>quae</span> <span class='ocrx_word' id='word_1_253' title='bbox 978 3663 1254 3717; x_wconf 90' lang='lat' dir='ltr'>eumdem</span> <span class='ocrx_word' id='word_1_254' title='bbox 1302 3667 1692 3728; x_wconf 89' lang='lat' dir='ltr'>utrarumque</span> <span class='ocrx_word' id='word_1_255' title='bbox 1724 3659 1884 3709; x_wconf 89' lang='lat' dir='ltr'>cate-</span> 
     </span>
    </p>
   </div>
   <div class='ocr_carea' id='block_1_40' title="bbox 241 3743 1880 3814">
    <p class='ocr_par' dir='ltr' id='par_1_40' title="bbox 241 3743 1880 3814">
     <span class='ocr_line' id='line_1_40' title="bbox 241 3743 1880 3814; baseline -0.007 -6"><span class='ocrx_word' id='word_1_256' title='bbox 241 3753 488 3809; x_wconf 83' lang='lat' dir='ltr'>cheseon</span> <span class='ocrx_word' id='word_1_257' title='bbox 535 3759 839 3808; x_wconf 91' lang='lat' dir='ltr'>auctorem</span> <span class='ocrx_word' id='word_1_258' title='bbox 866 3757 1150 3808; x_wconf 86' lang='lat' dir='ltr'>astruant.</span> <span class='ocrx_word' id='word_1_259' title='bbox 1204 3750 1422 3814; x_wconf 91' lang='lat' dir='ltr'>Primo,</span> <span class='ocrx_word' id='word_1_260' title='bbox 1460 3748 1667 3803; x_wconf 90' lang='lat' dir='ltr'>eadem</span> <span class='ocrx_word' id='word_1_261' title='bbox 1699 3749 1789 3799; x_wconf 92' lang='lat' dir='ltr'>est</span> <span class='ocrx_word' id='word_1_262' title='bbox 1818 3743 1880 3797; x_wconf 92' lang='lat' dir='ltr'>in</span> 
     </span>
    </p>
   </div>
   <div class='ocr_carea' id='block_1_41' title="bbox 241 3834 1881 3914">
    <p class='ocr_par' dir='ltr' id='par_1_41' title="bbox 241 3834 1881 3914">
     <span class='ocr_line' id='line_1_41' title="bbox 241 3834 1881 3914; baseline -0.007 -16"><span class='ocrx_word' id='word_1_263' title='bbox 241 3845 498 3914; x_wconf 86' lang='lat' dir='ltr'>utrisque</span> <span class='ocrx_word' id='word_1_264' title='bbox 531 3843 936 3898; x_wconf 88' lang='lat' dir='ltr'>catechesibus</span> <span class='ocrx_word' id='word_1_265' title='bbox 967 3839 1219 3896; x_wconf 91' lang='lat' dir='ltr'>docendi</span> <span class='ocrx_word' id='word_1_266' title='bbox 1251 3845 1308 3895; x_wconf 89' lang='lat' dir='ltr'>et</span> <span class='ocrx_word' id='word_1_267' title='bbox 1344 3836 1673 3894; x_wconf 88' lang='lat' dir='ltr'>disserendi</span> <span class='ocrx_word' id='word_1_268' title='bbox 1699 3834 1881 3890; x_wconf 86' lang='lat' dir='ltr'>ratio:</span> 
     </span>
    </p>
   </div>
   <div class='ocr_carea' id='block_1_42' title="bbox 237 3925 1884 4006">
    <p class='ocr_par' dir='ltr' id='par_1_42' title="bbox 237 3925 1884 4006">
     <span class='ocr_line' id='line_1_42' title="bbox 237 3925 1884 4006; baseline -0.006 -18"><span class='ocrx_word' id='word_1_269' title='bbox 237 3936 493 4006; x_wconf 88' lang='lat' dir='ltr'>primum</span> <span class='ocrx_word' id='word_1_270' title='bbox 511 3951 618 4006; x_wconf 90' lang='lat' dir='ltr'>pro</span> <span class='ocrx_word' id='word_1_271' title='bbox 633 3934 889 3989; x_wconf 89' lang='lat' dir='ltr'>themate</span> <span class='ocrx_word' id='word_1_272' title='bbox 900 3933 1086 4004; x_wconf 91' lang='lat' dir='ltr'>ponit,</span> <span class='ocrx_word' id='word_1_273' title='bbox 1107 3935 1332 3986; x_wconf 82' lang='lat' dir='ltr'>textum</span> <span class='ocrx_word' id='word_1_274' title='bbox 1355 3929 1690 3999; x_wconf 69' lang='lat' dir='ltr'>Scripturw,</span> <span class='ocrx_word' id='word_1_275' title='bbox 1713 3925 1884 3997; x_wconf 83' lang='lat' dir='ltr'>cujus</span> 
     </span>
    </p>
   </div>
   <div class='ocr_carea' id='block_1_43' title="bbox 241 4016 1887 4081">
    <p class='ocr_par' dir='ltr' id='par_1_43' title="bbox 241 4016 1887 4081">
     <span class='ocr_line' id='line_1_43' title="bbox 241 4016 1887 4081; baseline -0.007 0"><span class='ocrx_word' id='word_1_276' title='bbox 241 4024 864 4081; x_wconf 87' lang='lat' dir='ltr'>commemorationem</span> <span class='ocrx_word' id='word_1_277' title='bbox 895 4023 955 4078; x_wconf 92' lang='lat' dir='ltr'>in</span> <span class='ocrx_word' id='word_1_278' title='bbox 981 4021 1273 4078; x_wconf 89' lang='lat' dir='ltr'>catechesi</span> <span class='ocrx_word' id='word_1_279' title='bbox 1299 4019 1436 4074; x_wconf 87' lang='lat' dir='ltr'>data</span> <span class='ocrx_word' id='word_1_280' title='bbox 1467 4017 1778 4074; x_wconf 88' lang='lat' dir='ltr'>occasione</span> <span class='ocrx_word' id='word_1_281' title='bbox 1801 4016 1887 4070; x_wconf 91' lang='lat' dir='ltr'>in-</span> 
     </span>
    </p>
   </div>
   <div class='ocr_carea' id='block_1_44' title="bbox 232 4106 1884 4187">
    <p class='ocr_par' dir='ltr' id='par_1_44' title="bbox 232 4106 1884 4187">
     <span class='ocr_line' id='line_1_44' title="bbox 232 4106 1884 4187; baseline -0.006 -16"><span class='ocrx_word' id='word_1_282' title='bbox 232 4114 417 4187; x_wconf 85' lang='lat' dir='ltr'>jicere</span> <span class='ocrx_word' id='word_1_283' title='bbox 449 4132 569 4170; x_wconf 90' lang='lat' dir='ltr'>non</span> <span class='ocrx_word' id='word_1_284' title='bbox 602 4113 1017 4186; x_wconf 67' lang='lat' dir='ltr'>praetermittit.</span> <span class='ocrx_word' id='word_1_285' title='bbox 1051 4108 1563 4177; x_wconf 85' lang='lat' dir='ltr'>Quemadmodum</span> <span class='ocrx_word' id='word_1_286' title='bbox 1587 4106 1884 4162; x_wconf 83' lang='lat' dir='ltr'>deindein</span> 
     </span>
    </p>
   </div>
   <div class='ocr_carea' id='block_1_45' title="bbox 239 4195 1887 4271">
    <p class='ocr_par' dir='ltr' id='par_1_45' title="bbox 239 4195 1887 4271">
     <span class='ocr_line' id='line_1_45' title="bbox 239 4195 1887 4271; baseline -0.007 -9"><span class='ocrx_word' id='word_1_287' title='bbox 239 4204 650 4262; x_wconf 83' lang='lat' dir='ltr'>catechesibus</span> <span class='ocrx_word' id='word_1_288' title='bbox 691 4201 1241 4269; x_wconf 89' lang='lat' dir='ltr'>illuminandorum,</span> <span class='ocrx_word' id='word_1_289' title='bbox 1289 4197 1542 4271; x_wconf 86' lang='lat' dir='ltr'>symboli</span> <span class='ocrx_word' id='word_1_290' title='bbox 1589 4195 1768 4251; x_wconf 90' lang='lat' dir='ltr'>verba</span> <span class='ocrx_word' id='word_1_291' title='bbox 1796 4196 1887 4250; x_wconf 86' lang='lat' dir='ltr'>vel</span> 
     </span>
    </p>
   </div>
   <div class='ocr_carea' id='block_1_46' title="bbox 238 4285 1889 4367">
    <p class='ocr_par' dir='ltr' id='par_1_46' title="bbox 238 4285 1889 4367">
     <span class='ocr_line' id='line_1_46' title="bbox 238 4285 1889 4367; baseline -0.006 -17"><span class='ocrx_word' id='word_1_292' title='bbox 238 4294 504 4367; x_wconf 78' lang='lat' dir='ltr'>singulas</span> <span class='ocrx_word' id='word_1_293' title='bbox 535 4293 950 4363; x_wconf 81' lang='lat' dir='ltr'>mysteriorum</span> <span class='ocrx_word' id='word_1_294' title='bbox 975 4289 1189 4346; x_wconf 87' lang='lat' dir='ltr'>Christi</span> <span class='ocrx_word' id='word_1_295' title='bbox 1225 4293 1446 4361; x_wconf 90' lang='lat' dir='ltr'>partes,</span> <span class='ocrx_word' id='word_1_296' title='bbox 1485 4285 1889 4358; x_wconf 89' lang='lat' dir='ltr'>particulatim</span> 
     </span>
    </p>
   </div>
   <div class='ocr_carea' id='block_1_47' title="bbox 239 4375 1890 4457">
    <p class='ocr_par' dir='ltr' id='par_1_47' title="bbox 239 4375 1890 4457">
     <span class='ocr_line' id='line_1_47' title="bbox 239 4375 1890 4457; baseline -0.007 -16"><span class='ocrx_word' id='word_1_297' title='bbox 239 4385 516 4457; x_wconf 78' lang='lat' dir='ltr'>explicat,</span> <span class='ocrx_word' id='word_1_298' title='bbox 552 4384 634 4438; x_wconf 89' lang='lat' dir='ltr'>ita</span> <span class='ocrx_word' id='word_1_299' title='bbox 662 4384 725 4438; x_wconf 91' lang='lat' dir='ltr'>in</span> <span class='ocrx_word' id='word_1_300' title='bbox 754 4379 1188 4453; x_wconf 79' lang='lat' dir='ltr'>mystagogicis,</span> <span class='ocrx_word' id='word_1_301' title='bbox 1212 4378 1476 4451; x_wconf 90' lang='lat' dir='ltr'>singulas</span> <span class='ocrx_word' id='word_1_302' title='bbox 1499 4375 1890 4432; x_wconf 67' lang='lat' dir='ltr'>caeremonias</span> 
     </span>
    </p>
   </div>
   <div class='ocr_carea' id='block_1_48' title="bbox 241 4467 1890 4543">
    <p class='ocr_par' dir='ltr' id='par_1_48' title="bbox 241 4467 1890 4543">
     <span class='ocr_line' id='line_1_48' title="bbox 241 4467 1890 4543; baseline -0.007 -11"><span class='ocrx_word' id='word_1_303' title='bbox 241 4491 440 4533; x_wconf 78' lang='lat' dir='ltr'>sacras</span> <span class='ocrx_word' id='word_1_304' title='bbox 471 4491 545 4530; x_wconf 93' lang='lat' dir='ltr'>ex</span> <span class='ocrx_word' id='word_1_305' title='bbox 575 4472 779 4530; x_wconf 88' lang='lat' dir='ltr'>ordine</span> <span class='ocrx_word' id='word_1_306' title='bbox 811 4488 925 4543; x_wconf 91' lang='lat' dir='ltr'>quo</span> <span class='ocrx_word' id='word_1_307' title='bbox 955 4474 1208 4543; x_wconf 68' lang='lat' dir='ltr'>peractas</span> <span class='ocrx_word' id='word_1_308' title='bbox 1239 4474 1400 4535; x_wconf 90' lang='lat' dir='ltr'>sunt,</span> <span class='ocrx_word' id='word_1_309' title='bbox 1443 4467 1757 4540; x_wconf 88' lang='lat' dir='ltr'>assignatis</span> <span class='ocrx_word' id='word_1_310' title='bbox 1789 4482 1890 4521; x_wconf 80' lang='lat' dir='ltr'>cu-</span> 
     </span>
    </p>
   </div>
   <div class='ocr_carea' id='block_1_49' title="bbox 231 4556 1888 4638">
    <p class='ocr_par' dir='ltr' id='par_1_49' title="bbox 231 4556 1888 4638">
     <span class='ocr_line' id='line_1_49' title="bbox 231 4556 1888 4638; baseline -0.007 -17"><span class='ocrx_word' id='word_1_311' title='bbox 231 4565 456 4638; x_wconf 83' lang='lat' dir='ltr'>jusque</span> <span class='ocrx_word' id='word_1_312' title='bbox 485 4563 680 4620; x_wconf 88' lang='lat' dir='ltr'>causis</span> <span class='ocrx_word' id='word_1_313' title='bbox 710 4566 768 4618; x_wconf 92' lang='lat' dir='ltr'>et</span> <span class='ocrx_word' id='word_1_314' title='bbox 793 4559 1126 4616; x_wconf 88' lang='lat' dir='ltr'>rationibus</span> <span class='ocrx_word' id='word_1_315' title='bbox 1159 4558 1457 4631; x_wconf 81' lang='lat' dir='ltr'>explanat.</span> <span class='ocrx_word' id='word_1_316' title='bbox 1509 4556 1574 4612; x_wconf 93' lang='lat' dir='ltr'>In</span> <span class='ocrx_word' id='word_1_317' title='bbox 1618 4556 1888 4627; x_wconf 87' lang='lat' dir='ltr'>utrisque</span> 
     </span>
    </p>
   </div>
   <div class='ocr_carea' id='block_1_50' title="bbox 1989 602 3653 675">
    <p class='ocr_par' dir='ltr' id='par_1_50' title="bbox 1989 602 3653 675">
     <span class='ocr_line' id='line_1_50' title="bbox 1989 602 3653 675; baseline 0.01 -19"><span class='ocrx_word' id='word_1_318' title='bbox 1989 602 2232 658; x_wconf 91' lang='lat' dir='ltr'>modum</span> <span class='ocrx_word' id='word_1_319' title='bbox 2266 604 2524 675; x_wconf 89' lang='lat' dir='ltr'>explicat</span> <span class='ocrx_word' id='word_1_320' title='bbox 2553 606 3147 667; x_wconf 88' lang='lat' dir='ltr'>abrenuntiationum</span> <span class='ocrx_word' id='word_1_321' title='bbox 3181 613 3503 671; x_wconf 77' lang='lat' dir='ltr'>formulam</span> <span class='ocrx_word' id='word_1_322' title='bbox 3539 624 3653 672; x_wconf 89' lang='lat' dir='ltr'>cat.</span> 
     </span>
    </p>
   </div>
   <div class='ocr_carea' id='block_1_51' title="bbox 1990 693 3650 778">
    <p class='ocr_par' dir='ltr' id='par_1_51' title="bbox 1990 693 3650 778">
     <span class='ocr_line' id='line_1_51' title="bbox 1990 693 3650 778; baseline 0.011 -34"><span class='ocrx_word' id='word_1_323' title='bbox 1990 693 2079 756; x_wconf 86' lang='lat'>19,</span> <span class='ocrx_word' id='word_1_324' title='bbox 2102 694 2240 758; x_wconf 90' lang='lat' dir='ltr'>n.4,</span> <span class='ocrx_word' id='word_1_325' title='bbox 2264 696 2316 762; x_wconf 83' lang='lat'>5,</span> <span class='ocrx_word' id='word_1_326' title='bbox 2357 695 2410 760; x_wconf 88' lang='grc'><strong>6,</strong></span> <span class='ocrx_word' id='word_1_327' title='bbox 2454 697 2506 762; x_wconf 93' lang='lat'>7,</span> <span class='ocrx_word' id='word_1_328' title='bbox 2535 698 2586 750; x_wconf 91' lang='lat'>8.</span> <span class='ocrx_word' id='word_1_329' title='bbox 2625 699 2838 765; x_wconf 88' lang='lat' dir='ltr'>Tertio,</span> <span class='ocrx_word' id='word_1_330' title='bbox 2883 700 3089 756; x_wconf 89' lang='lat' dir='ltr'>eadem</span> <span class='ocrx_word' id='word_1_331' title='bbox 3113 709 3254 757; x_wconf 87' lang='lat' dir='ltr'>sunt</span> <span class='ocrx_word' id='word_1_332' title='bbox 3285 704 3344 758; x_wconf 90' lang='lat' dir='ltr'>in</span> <span class='ocrx_word' id='word_1_333' title='bbox 3377 707 3650 778; x_wconf 89' lang='lat' dir='ltr'>utrisque</span> 
     </span>
    </p>
   </div>
   <div class='ocr_carea' id='block_1_52' title="bbox 1989 780 3652 868">
    <p class='ocr_par' dir='ltr' id='par_1_52' title="bbox 1989 780 3652 868">
     <span class='ocr_line' id='line_1_52' title="bbox 1989 780 3652 868; baseline 0.011 -34"><span class='ocrx_word' id='word_1_334' title='bbox 1989 780 2310 852; x_wconf 80' lang='lat' dir='ltr'>singularis</span> <span class='ocrx_word' id='word_1_335' title='bbox 2340 784 2558 854; x_wconf 84' lang='lat' dir='ltr'>Cyrillo</span> <span class='ocrx_word' id='word_1_336' title='bbox 2592 786 2878 844; x_wconf 71' lang='lat' dir='ltr'>doctrinae</span> <span class='ocrx_word' id='word_1_337' title='bbox 2927 792 3140 863; x_wconf 90' lang='lat' dir='ltr'>capita,</span> <span class='ocrx_word' id='word_1_338' title='bbox 3173 793 3262 847; x_wconf 89' lang='lat' dir='ltr'>vel</span> <span class='ocrx_word' id='word_1_339' title='bbox 3314 795 3652 868; x_wconf 78' lang='lat' dir='ltr'>singulares</span> 
     </span>
    </p>
   </div>
   <div class='ocr_carea' id='block_1_53' title="bbox 1987 875 3650 954">
    <p class='ocr_par' dir='ltr' id='par_1_53' title="bbox 1987 875 3650 954">
     <span class='ocr_line' id='line_1_53' title="bbox 1987 875 3650 954; baseline 0.012 -28"><span class='ocrx_word' id='word_1_340' title='bbox 1987 875 2323 930; x_wconf 91' lang='lat' dir='ltr'>communis</span> <span class='ocrx_word' id='word_1_341' title='bbox 2345 876 2569 947; x_wconf 89' lang='lat' dir='ltr'>alioqui</span> <span class='ocrx_word' id='word_1_342' title='bbox 2584 878 2866 935; x_wconf 66' lang='lat' dir='ltr'>doctrinas</span> <span class='ocrx_word' id='word_1_343' title='bbox 2881 883 3270 954; x_wconf 70' lang='lat' dir='ltr'>explanandze</span> <span class='ocrx_word' id='word_1_344' title='bbox 3285 890 3650 946; x_wconf 67' lang='lat' dir='ltr'>astruendaa-</span> 
     </span>
    </p>
   </div>
   <div class='ocr_carea' id='block_1_54' title="bbox 1988 965 3650 1051">
    <p class='ocr_par' dir='ltr' id='par_1_54' title="bbox 1988 965 3650 1051">
     <span class='ocr_line' id='line_1_54' title="bbox 1988 965 3650 1051; baseline 0.013 -36"><span class='ocrx_word' id='word_1_345' title='bbox 1988 978 2103 1032; x_wconf 90' lang='lat' dir='ltr'>que</span> <span class='ocrx_word' id='word_1_346' title='bbox 2129 965 2412 1022; x_wconf 88' lang='lat' dir='ltr'>rationes.</span> <span class='ocrx_word' id='word_1_347' title='bbox 2436 967 2679 1023; x_wconf 82' lang='lat' dir='ltr'>Joannis</span> <span class='ocrx_word' id='word_1_348' title='bbox 2701 969 2998 1041; x_wconf 89' lang='lat' dir='ltr'>baptismo</span> <span class='ocrx_word' id='word_1_349' title='bbox 3021 974 3135 1029; x_wconf 88' lang='lat' dir='ltr'>vim</span> <span class='ocrx_word' id='word_1_350' title='bbox 3149 975 3489 1032; x_wconf 89' lang='lat' dir='ltr'>dimittendi</span> <span class='ocrx_word' id='word_1_351' title='bbox 3513 997 3650 1051; x_wconf 89' lang='lat' dir='ltr'>pec-</span> 
     </span>
    </p>
   </div>
   <div class='ocr_carea' id='block_1_55' title="bbox 1987 1054 3652 1136">
    <p class='ocr_par' dir='ltr' id='par_1_55' title="bbox 1987 1054 3652 1136">
     <span class='ocr_line' id='line_1_55' title="bbox 1987 1054 3652 1136; baseline 0.012 -30"><span class='ocrx_word' id='word_1_352' title='bbox 1987 1057 2118 1107; x_wconf 90' lang='lat' dir='ltr'>cata</span> <span class='ocrx_word' id='word_1_353' title='bbox 2161 1054 2390 1122; x_wconf 90' lang='lat' dir='ltr'>tribuit,</span> <span class='ocrx_word' id='word_1_354' title='bbox 2423 1061 2535 1112; x_wconf 86' lang='lat' dir='ltr'>cat.</span> <span class='ocrx_word' id='word_1_355' title='bbox 2587 1059 2639 1124; x_wconf 91' lang='lat'>3,</span> <span class='ocrx_word' id='word_1_356' title='bbox 2680 1076 2738 1113; x_wconf 84' lang='grc' dir='ltr'>ιι.</span> <span class='ocrx_word' id='word_1_357' title='bbox 2774 1064 2826 1128; x_wconf 87' lang='lat'>7,</span> <span class='ocrx_word' id='word_1_358' title='bbox 2862 1068 2928 1117; x_wconf 90' lang='lat' dir='ltr'>ut</span> <span class='ocrx_word' id='word_1_359' title='bbox 2957 1067 3158 1120; x_wconf 89' lang='lat' dir='ltr'>tamen</span> <span class='ocrx_word' id='word_1_360' title='bbox 3190 1066 3476 1136; x_wconf 91' lang='lat' dir='ltr'>Spiritum</span> <span class='ocrx_word' id='word_1_361' title='bbox 3509 1087 3652 1125; x_wconf 91' lang='lat' dir='ltr'>san-</span> 
     </span>
    </p>
   </div>
   <div class='ocr_carea' id='block_1_56' title="bbox 1987 1145 3644 1220">
    <p class='ocr_par' dir='ltr' id='par_1_56' title="bbox 1987 1145 3644 1220">
     <span class='ocr_line' id='line_1_56' title="bbox 1987 1145 3644 1220; baseline 0.01 -24"><span class='ocrx_word' id='word_1_362' title='bbox 1987 1146 2146 1197; x_wconf 90' lang='lat' dir='ltr'>ctum</span> <span class='ocrx_word' id='word_1_363' title='bbox 2193 1160 2314 1198; x_wconf 90' lang='lat' dir='ltr'>non</span> <span class='ocrx_word' id='word_1_364' title='bbox 2345 1145 2662 1214; x_wconf 88' lang='lat' dir='ltr'>conferret,</span> <span class='ocrx_word' id='word_1_365' title='bbox 2695 1148 2842 1206; x_wconf 91' lang='lat' dir='ltr'>ibid.</span> <span class='ocrx_word' id='word_1_366' title='bbox 2889 1167 2949 1205; x_wconf 85' lang='grc' dir='ltr'>ιι.</span> <span class='ocrx_word' id='word_1_367' title='bbox 2978 1155 3030 1207; x_wconf 94' lang='lat'>9.</span> <span class='ocrx_word' id='word_1_368' title='bbox 3062 1159 3119 1207; x_wconf 92' lang='lat' dir='ltr'>et</span> <span class='ocrx_word' id='word_1_369' title='bbox 3149 1160 3262 1209; x_wconf 90' lang='lat' dir='ltr'>cat.</span> <span class='ocrx_word' id='word_1_370' title='bbox 3301 1160 3383 1220; x_wconf 87' lang='lat'>17,</span> <span class='ocrx_word' id='word_1_371' title='bbox 3414 1173 3559 1213; x_wconf 91' lang='lat' dir='ltr'>num</span> <span class='ocrx_word' id='word_1_372' title='bbox 3590 1160 3644 1213; x_wconf 93' lang='lat'>8.</span> 
     </span>
    </p>
   </div>
   <div class='ocr_carea' id='block_1_57' title="bbox 1987 1230 3647 1305">
    <p class='ocr_par' dir='ltr' id='par_1_57' title="bbox 1987 1230 3647 1305">
     <span class='ocr_line' id='line_1_57' title="bbox 1987 1230 3647 1305; baseline 0.011 -22"><span class='ocrx_word' id='word_1_373' title='bbox 1987 1230 2315 1302; x_wconf 90' lang='lat' dir='ltr'>Utrumque</span> <span class='ocrx_word' id='word_1_374' title='bbox 2346 1236 2690 1305; x_wconf 91' lang='lat' dir='ltr'>repetitcat.</span> <span class='ocrx_word' id='word_1_375' title='bbox 2726 1240 2814 1292; x_wconf 87' lang='grc'>20.</span> <span class='ocrx_word' id='word_1_376' title='bbox 2849 1256 2909 1297; x_wconf 92' lang='lat' dir='ltr'>n.</span> <span class='ocrx_word' id='word_1_377' title='bbox 2943 1243 2994 1294; x_wconf 85' lang='lat'>5.</span> <span class='ocrx_word' id='word_1_378' title='bbox 3029 1241 3202 1298; x_wconf 91' lang='lat' dir='ltr'>Cibos</span> <span class='ocrx_word' id='word_1_379' title='bbox 3228 1244 3405 1300; x_wconf 88' lang='lat' dir='ltr'>idolis</span> <span class='ocrx_word' id='word_1_380' title='bbox 3431 1247 3647 1302; x_wconf 91' lang='lat' dir='ltr'>immo-</span> 
     </span>
    </p>
   </div>
   <div class='ocr_carea' id='block_1_58' title="bbox 1985 1319 3647 1393">
    <p class='ocr_par' dir='ltr' id='par_1_58' title="bbox 1985 1319 3647 1393">
     <span class='ocr_line' id='line_1_58' title="bbox 1985 1319 3647 1393; baseline 0.012 -20"><span class='ocrx_word' id='word_1_381' title='bbox 1985 1319 2138 1375; x_wconf 88' lang='lat' dir='ltr'>latos</span> <span class='ocrx_word' id='word_1_382' title='bbox 2169 1339 2276 1393; x_wconf 92' lang='lat' dir='ltr'>per</span> <span class='ocrx_word' id='word_1_383' title='bbox 2308 1324 2742 1382; x_wconf 89' lang='lat' dir='ltr'>invocationem</span> <span class='ocrx_word' id='word_1_384' title='bbox 2761 1329 3104 1387; x_wconf 67' lang='lat' dir='ltr'>daemonum</span> <span class='ocrx_word' id='word_1_385' title='bbox 3135 1350 3206 1388; x_wconf 91' lang='lat' dir='ltr'>ex</span> <span class='ocrx_word' id='word_1_386' title='bbox 3227 1337 3647 1393; x_wconf 89' lang='lat' dir='ltr'>communibus</span> 
     </span>
    </p>
   </div>
   <div class='ocr_carea' id='block_1_59' title="bbox 1987 1410 3647 1495">
    <p class='ocr_par' dir='ltr' id='par_1_59' title="bbox 1987 1410 3647 1495">
     <span class='ocr_line' id='line_1_59' title="bbox 1987 1410 3647 1495; baseline 0.012 -33"><span class='ocrx_word' id='word_1_387' title='bbox 1987 1410 2251 1481; x_wconf 88' lang='lat' dir='ltr'>impuros</span> <span class='ocrx_word' id='word_1_388' title='bbox 2276 1413 2432 1468; x_wconf 88' lang='lat' dir='ltr'>efﬁci</span> <span class='ocrx_word' id='word_1_389' title='bbox 2457 1415 2539 1470; x_wconf 90' lang='lat' dir='ltr'>ait</span> <span class='ocrx_word' id='word_1_390' title='bbox 2561 1415 2771 1472; x_wconf 91' lang='lat' dir='ltr'>iisdem</span> <span class='ocrx_word' id='word_1_391' title='bbox 2790 1435 2941 1490; x_wconf 89' lang='lat' dir='ltr'>pene</span> <span class='ocrx_word' id='word_1_392' title='bbox 2960 1422 3174 1490; x_wconf 90' lang='lat' dir='ltr'>verbis,</span> <span class='ocrx_word' id='word_1_393' title='bbox 3200 1428 3259 1478; x_wconf 91' lang='lat' dir='ltr'>et</span> <span class='ocrx_word' id='word_1_394' title='bbox 3280 1431 3391 1480; x_wconf 89' lang='lat' dir='ltr'>cat.</span> <span class='ocrx_word' id='word_1_395' title='bbox 3423 1427 3477 1495; x_wconf 88' lang='lat'>3,</span> <span class='ocrx_word' id='word_1_396' title='bbox 3504 1443 3564 1481; x_wconf 90' lang='lat' dir='ltr'>n.</span> <span class='ocrx_word' id='word_1_397' title='bbox 3589 1428 3647 1493; x_wconf 89' lang='lat'>3,</span> 
     </span>
    </p>
   </div>
   <div class='ocr_carea' id='block_1_60' title="bbox 1989 1503 3648 1583">
    <p class='ocr_par' dir='ltr' id='par_1_60' title="bbox 1989 1503 3648 1583">
     <span class='ocr_line' id='line_1_60' title="bbox 1989 1503 3648 1583; baseline 0.01 -31"><span class='ocrx_word' id='word_1_398' title='bbox 1989 1503 2046 1553; x_wconf 91' lang='lat' dir='ltr'>et</span> <span class='ocrx_word' id='word_1_399' title='bbox 2077 1505 2186 1555; x_wconf 89' lang='lat' dir='ltr'>cat.</span> <span class='ocrx_word' id='word_1_400' title='bbox 2226 1503 2311 1569; x_wconf 86' lang='lat'>19,</span> <span class='ocrx_word' id='word_1_401' title='bbox 2341 1520 2402 1558; x_wconf 81' lang='grc' dir='ltr'>ιι.</span> <span class='ocrx_word' id='word_1_402' title='bbox 2438 1507 2489 1559; x_wconf 90' lang='grc'><strong>7,</strong></span> <span class='ocrx_word' id='word_1_403' title='bbox 2521 1507 2648 1560; x_wconf 89' lang='lat' dir='ltr'>Vim</span> <span class='ocrx_word' id='word_1_404' title='bbox 2678 1506 3052 1579; x_wconf 87' lang='lat' dir='ltr'>baptismalis</span> <span class='ocrx_word' id='word_1_405' title='bbox 3083 1528 3251 1583; x_wconf 61' lang='lat' dir='ltr'>aquai</span> <span class='ocrx_word' id='word_1_406' title='bbox 3301 1514 3374 1567; x_wconf 92' lang='lat' dir='ltr'>ad</span> <span class='ocrx_word' id='word_1_407' title='bbox 3425 1515 3648 1570; x_wconf 86' lang='lat' dir='ltr'>sancti-</span> 
     </span>
    </p>
   </div>
   <div class='ocr_carea' id='block_1_61' title="bbox 1986 1590 3648 1668">
    <p class='ocr_par' dir='ltr' id='par_1_61' title="bbox 1986 1590 3648 1668">
     <span class='ocr_line' id='line_1_61' title="bbox 1986 1590 3648 1668; baseline 0.01 -25"><span class='ocrx_word' id='word_1_408' title='bbox 1986 1594 2170 1645; x_wconf 85' lang='lat' dir='ltr'>tatem</span> <span class='ocrx_word' id='word_1_409' title='bbox 2192 1590 2570 1650; x_wconf 91' lang='lat' dir='ltr'>efﬁciendam</span> <span class='ocrx_word' id='word_1_410' title='bbox 2592 1598 2810 1667; x_wconf 90' lang='lat' dir='ltr'>repetit</span> <span class='ocrx_word' id='word_1_411' title='bbox 2826 1604 2937 1653; x_wconf 93' lang='lat' dir='ltr'>cat.</span> <span class='ocrx_word' id='word_1_412' title='bbox 2963 1602 3014 1664; x_wconf 90' lang='lat'>3,</span> <span class='ocrx_word' id='word_1_413' title='bbox 3033 1617 3091 1654; x_wconf 91' lang='lat' dir='ltr'>n.</span> <span class='ocrx_word' id='word_1_414' title='bbox 3109 1603 3161 1668; x_wconf 92' lang='lat'>3,</span> <span class='ocrx_word' id='word_1_415' title='bbox 3187 1601 3648 1659; x_wconf 90' lang='lat' dir='ltr'>abinvocatione</span> 
     </span>
    </p>
   </div>
   <div class='ocr_carea' id='block_1_62' title="bbox 1985 1679 3650 1757">
    <p class='ocr_par' dir='ltr' id='par_1_62' title="bbox 1985 1679 3650 1757">
     <span class='ocr_line' id='line_1_62' title="bbox 1985 1679 3650 1757; baseline 0.007 -22"><span class='ocrx_word' id='word_1_416' title='bbox 1985 1679 2310 1736; x_wconf 85' lang='lat' dir='ltr'>Trinitatis.</span> <span class='ocrx_word' id='word_1_417' title='bbox 2344 1682 2507 1737; x_wconf 90' lang='lat' dir='ltr'>Idem</span> <span class='ocrx_word' id='word_1_418' title='bbox 2540 1685 2722 1740; x_wconf 87' lang='lat' dir='ltr'>tradit</span> <span class='ocrx_word' id='word_1_419' title='bbox 2754 1693 2866 1743; x_wconf 91' lang='lat' dir='ltr'>cat.</span> <span class='ocrx_word' id='word_1_420' title='bbox 2899 1692 2985 1757; x_wconf 96' lang='grc'>20,</span> <span class='ocrx_word' id='word_1_421' title='bbox 3022 1706 3081 1744; x_wconf 85' lang='grc' dir='ltr'>ιι.</span> <span class='ocrx_word' id='word_1_422' title='bbox 3115 1691 3170 1757; x_wconf 89' lang='lat'>3,</span> <span class='ocrx_word' id='word_1_423' title='bbox 3203 1691 3274 1746; x_wconf 91' lang='lat' dir='ltr'>de</span> <span class='ocrx_word' id='word_1_424' title='bbox 3306 1691 3436 1746; x_wconf 90' lang='lat' dir='ltr'>oleo</span> <span class='ocrx_word' id='word_1_425' title='bbox 3478 1709 3650 1748; x_wconf 89' lang='lat' dir='ltr'>exor-</span> 
     </span>
    </p>
   </div>
   <div class='ocr_carea' id='block_1_63' title="bbox 1987 1770 3645 1848">
    <p class='ocr_par' dir='ltr' id='par_1_63' title="bbox 1987 1770 3645 1848">
     <span class='ocr_line' id='line_1_63' title="bbox 1987 1770 3645 1848; baseline 0.007 -24"><span class='ocrx_word' id='word_1_426' title='bbox 1987 1770 2166 1825; x_wconf 88' lang='lat' dir='ltr'>cizato</span> <span class='ocrx_word' id='word_1_427' title='bbox 2192 1812 2207 1837; x_wconf 97' lang='lat'>,</span> <span class='ocrx_word' id='word_1_428' title='bbox 2244 1777 2355 1826; x_wconf 92' lang='lat' dir='ltr'>cat.</span> <span class='ocrx_word' id='word_1_429' title='bbox 2381 1775 2548 1840; x_wconf 90' lang='lat' dir='ltr'>21,n.</span> <span class='ocrx_word' id='word_1_430' title='bbox 2578 1776 2633 1840; x_wconf 90' lang='lat'>3,</span> <span class='ocrx_word' id='word_1_431' title='bbox 2657 1792 2792 1831; x_wconf 91' lang='lat' dir='ltr'>cum</span> <span class='ocrx_word' id='word_1_432' title='bbox 2834 1778 2907 1833; x_wconf 93' lang='lat' dir='ltr'>de</span> <span class='ocrx_word' id='word_1_433' title='bbox 2949 1796 3112 1834; x_wconf 91' lang='lat' dir='ltr'>sacro</span> <span class='ocrx_word' id='word_1_434' title='bbox 3143 1781 3484 1848; x_wconf 90' lang='lat' dir='ltr'>chrismate,</span> <span class='ocrx_word' id='word_1_435' title='bbox 3518 1787 3645 1838; x_wconf 91' lang='lat' dir='ltr'>tum</span> 
     </span>
    </p>
   </div>
   <div class='ocr_carea' id='block_1_64' title="bbox 1985 1859 3644 1940">
    <p class='ocr_par' dir='ltr' id='par_1_64' title="bbox 1985 1859 3644 1940">
     <span class='ocr_line' id='line_1_64' title="bbox 1985 1859 3644 1940; baseline 0.008 -27"><span class='ocrx_word' id='word_1_436' title='bbox 1985 1859 2058 1915; x_wconf 90' lang='lat' dir='ltr'>de</span> <span class='ocrx_word' id='word_1_437' title='bbox 2071 1877 2224 1932; x_wconf 88' lang='lat' dir='ltr'>pane</span> <span class='ocrx_word' id='word_1_438' title='bbox 2239 1862 2440 1916; x_wconf 85' lang='lat' dir='ltr'>etvino</span> <span class='ocrx_word' id='word_1_439' title='bbox 2457 1865 2866 1922; x_wconf 88' lang='lat' dir='ltr'>eucharisticis</span> <span class='ocrx_word' id='word_1_440' title='bbox 2880 1870 3430 1940; x_wconf 88' lang='lat' dir='ltr'>perinvocationem</span> <span class='ocrx_word' id='word_1_441' title='bbox 3446 1872 3506 1926; x_wconf 93' lang='lat' dir='ltr'>in</span> <span class='ocrx_word' id='word_1_442' title='bbox 3522 1889 3644 1927; x_wconf 93' lang='lat' dir='ltr'>cor-</span> 
     </span>
    </p>
   </div>
   <div class='ocr_carea' id='block_1_65' title="bbox 1986 1951 3643 2025">
    <p class='ocr_par' dir='ltr' id='par_1_65' title="bbox 1986 1951 3643 2025">
     <span class='ocr_line' id='line_1_65' title="bbox 1986 1951 3643 2025; baseline 0.009 -23"><span class='ocrx_word' id='word_1_443' title='bbox 1986 1965 2096 2019; x_wconf 91' lang='lat' dir='ltr'>pus</span> <span class='ocrx_word' id='word_1_444' title='bbox 2128 1954 2186 2003; x_wconf 90' lang='lat' dir='ltr'>et</span> <span class='ocrx_word' id='word_1_445' title='bbox 2215 1951 2568 2021; x_wconf 82' lang='lat' dir='ltr'>sanguinem</span> <span class='ocrx_word' id='word_1_446' title='bbox 2589 1954 2806 2009; x_wconf 87' lang='lat' dir='ltr'>Christi</span> <span class='ocrx_word' id='word_1_447' title='bbox 2829 1959 3229 2016; x_wconf 90' lang='lat' dir='ltr'>commutatis.</span> <span class='ocrx_word' id='word_1_448' title='bbox 3262 1962 3386 2025; x_wconf 88' lang='lat' dir='ltr'>Quo</span> <span class='ocrx_word' id='word_1_449' title='bbox 3419 1961 3481 2016; x_wconf 92' lang='lat' dir='ltr'>in</span> <span class='ocrx_word' id='word_1_450' title='bbox 3513 1961 3643 2017; x_wconf 92' lang='lat' dir='ltr'>loco</span> 
     </span>
    </p>
   </div>
   <div class='ocr_carea' id='block_1_66' title="bbox 1986 2038 3645 2117">
    <p class='ocr_par' dir='ltr' id='par_1_66' title="bbox 1986 2038 3645 2117">
     <span class='ocr_line' id='line_1_66' title="bbox 1986 2038 3645 2117; baseline 0.007 -24"><span class='ocrx_word' id='word_1_451' title='bbox 1986 2038 2549 2096; x_wconf 90' lang='lat' dir='ltr'>animadvertendus</span> <span class='ocrx_word' id='word_1_452' title='bbox 2572 2044 2729 2097; x_wconf 90' lang='lat' dir='ltr'>idem</span> <span class='ocrx_word' id='word_1_453' title='bbox 2753 2044 2814 2098; x_wconf 93' lang='lat' dir='ltr'>in</span> <span class='ocrx_word' id='word_1_454' title='bbox 2831 2046 3101 2117; x_wconf 90' lang='lat' dir='ltr'>utrisque</span> <span class='ocrx_word' id='word_1_455' title='bbox 3123 2049 3535 2105; x_wconf 90' lang='lat' dir='ltr'>catechesibus</span> <span class='ocrx_word' id='word_1_456' title='bbox 3562 2051 3645 2105; x_wconf 91' lang='lat' dir='ltr'>si-</span> 
     </span>
    </p>
   </div>
   <div class='ocr_carea' id='block_1_67' title="bbox 1986 2129 3642 2209">
    <p class='ocr_par' dir='ltr' id='par_1_67' title="bbox 1986 2129 3642 2209">
     <span class='ocr_line' id='line_1_67' title="bbox 1986 2129 3642 2209; baseline 0.007 -25"><span class='ocrx_word' id='word_1_457' title='bbox 1986 2129 2222 2184; x_wconf 90' lang='lat' dir='ltr'>milium</span> <span class='ocrx_word' id='word_1_458' title='bbox 2237 2131 2753 2200; x_wconf 89' lang='lat' dir='ltr'>comparationum</span> <span class='ocrx_word' id='word_1_459' title='bbox 2775 2138 3093 2190; x_wconf 82' lang='lat' dir='ltr'>usus.l\&#39;am</span> <span class='ocrx_word' id='word_1_460' title='bbox 3121 2137 3275 2192; x_wconf 87' lang='lat' dir='ltr'>sicut</span> <span class='ocrx_word' id='word_1_461' title='bbox 3294 2143 3404 2193; x_wconf 91' lang='lat' dir='ltr'>cat.</span> <span class='ocrx_word' id='word_1_462' title='bbox 3432 2141 3484 2204; x_wconf 90' lang='lat'>3,</span> <span class='ocrx_word' id='word_1_463' title='bbox 3511 2156 3570 2195; x_wconf 85' lang='grc' dir='ltr'>ιι.</span> <span class='ocrx_word' id='word_1_464' title='bbox 3588 2139 3642 2209; x_wconf 91' lang='lat'>3,</span> 
     </span>
    </p>
   </div>
   <div class='ocr_carea' id='block_1_68' title="bbox 1989 2219 3648 2292">
    <p class='ocr_par' dir='ltr' id='par_1_68' title="bbox 1989 2219 3648 2292">
     <span class='ocr_line' id='line_1_68' title="bbox 1989 2219 3648 2292; baseline 0.007 -19"><span class='ocrx_word' id='word_1_465' title='bbox 1989 2219 2259 2291; x_wconf 90' lang='lat' dir='ltr'>exemplo</span> <span class='ocrx_word' id='word_1_466' title='bbox 2290 2220 2558 2275; x_wconf 90' lang='lat' dir='ltr'>ciborum</span> <span class='ocrx_word' id='word_1_467' title='bbox 2588 2223 2688 2292; x_wconf 89' lang='lat' dir='ltr'>qui</span> <span class='ocrx_word' id='word_1_468' title='bbox 2740 2223 3081 2280; x_wconf 61' lang='lat' dir='ltr'>daemonum</span> <span class='ocrx_word' id='word_1_469' title='bbox 3129 2227 3499 2282; x_wconf 89' lang='lat' dir='ltr'>invocatione</span> <span class='ocrx_word' id='word_1_470' title='bbox 3531 2229 3648 2284; x_wconf 92' lang='lat' dir='ltr'>im—</span> 
     </span>
    </p>
   </div>
   <div class='ocr_carea' id='block_1_69' title="bbox 1987 2308 3647 2387">
    <p class='ocr_par' dir='ltr' id='par_1_69' title="bbox 1987 2308 3647 2387">
     <span class='ocr_line' id='line_1_69' title="bbox 1987 2308 3647 2387; baseline 0.005 -24"><span class='ocrx_word' id='word_1_471' title='bbox 1987 2308 2121 2380; x_wconf 90' lang='lat' dir='ltr'>puri</span> <span class='ocrx_word' id='word_1_472' title='bbox 2148 2308 2317 2375; x_wconf 89' lang='lat' dir='ltr'>ﬁunt,</span> <span class='ocrx_word' id='word_1_473' title='bbox 2345 2309 2602 2380; x_wconf 85' lang='lat' dir='ltr'>explicat</span> <span class='ocrx_word' id='word_1_474' title='bbox 2624 2313 2918 2382; x_wconf 90' lang='lat' dir='ltr'>quomodo</span> <span class='ocrx_word' id='word_1_475' title='bbox 2938 2331 3093 2385; x_wconf 89' lang='lat' dir='ltr'>aqua</span> <span class='ocrx_word' id='word_1_476' title='bbox 3118 2316 3372 2387; x_wconf 90' lang='lat' dir='ltr'>simplex</span> <span class='ocrx_word' id='word_1_477' title='bbox 3400 2334 3507 2386; x_wconf 91' lang='lat' dir='ltr'>per</span> <span class='ocrx_word' id='word_1_478' title='bbox 3537 2318 3647 2372; x_wconf 90' lang='lat' dir='ltr'>Ec-</span> 
     </span>
    </p>
   </div>
   <div class='ocr_carea' id='block_1_70' title="bbox 1988 2397 3652 2476">
    <p class='ocr_par' dir='ltr' id='par_1_70' title="bbox 1988 2397 3652 2476">
     <span class='ocr_line' id='line_1_70' title="bbox 1988 2397 3652 2476; baseline 0.006 -25"><span class='ocrx_word' id='word_1_479' title='bbox 1988 2397 2188 2452; x_wconf 61' lang='lat' dir='ltr'>clesia:</span> <span class='ocrx_word' id='word_1_480' title='bbox 2213 2415 2418 2469; x_wconf 86' lang='lat' dir='ltr'>preces</span> <span class='ocrx_word' id='word_1_481' title='bbox 2443 2400 2773 2456; x_wconf 88' lang='lat' dir='ltr'>sanctitatis</span> <span class='ocrx_word' id='word_1_482' title='bbox 2799 2403 3129 2460; x_wconf 74' lang='lat' dir='ltr'>efﬁciendaa</span> <span class='ocrx_word' id='word_1_483' title='bbox 3153 2422 3336 2476; x_wconf 88' lang='lat' dir='ltr'>capax</span> <span class='ocrx_word' id='word_1_484' title='bbox 3350 2405 3652 2473; x_wconf 87' lang='lat' dir='ltr'>evadit,ita</span> 
     </span>
    </p>
   </div>
   <div class='ocr_carea' id='block_1_71' title="bbox 1989 2489 3652 2562">
    <p class='ocr_par' dir='ltr' id='par_1_71' title="bbox 1989 2489 3652 2562">
     <span class='ocr_line' id='line_1_71' title="bbox 1989 2489 3652 2562; baseline 0.005 -19"><span class='ocrx_word' id='word_1_485' title='bbox 1989 2493 2102 2543; x_wconf 89' lang='lat' dir='ltr'>cat.</span> <span class='ocrx_word' id='word_1_486' title='bbox 2141 2491 2224 2555; x_wconf 88' lang='grc'><strong>19,</strong></span> <span class='ocrx_word' id='word_1_487' title='bbox 2250 2505 2307 2543; x_wconf 91' lang='lat' dir='ltr'>n.</span> <span class='ocrx_word' id='word_1_488' title='bbox 2343 2492 2396 2556; x_wconf 90' lang='lat'>7,</span> <span class='ocrx_word' id='word_1_489' title='bbox 2431 2489 2594 2544; x_wconf 88' lang='lat' dir='ltr'>cibos</span> <span class='ocrx_word' id='word_1_490' title='bbox 2613 2491 2891 2562; x_wconf 79' lang='lat' dir='ltr'>praefatos</span> <span class='ocrx_word' id='word_1_491' title='bbox 2917 2493 3652 2551; x_wconf 65' lang='lat' dir='ltr'>daemonuminvocatione</span> 
     </span>
    </p>
   </div>
   <div class='ocr_carea' id='block_1_72' title="bbox 1988 2578 3652 2655">
    <p class='ocr_par' dir='ltr' id='par_1_72' title="bbox 1988 2578 3652 2655">
     <span class='ocr_line' id='line_1_72' title="bbox 1988 2578 3652 2655; baseline 0.007 -25"><span class='ocrx_word' id='word_1_492' title='bbox 1988 2578 2255 2649; x_wconf 90' lang='lat' dir='ltr'>impuros</span> <span class='ocrx_word' id='word_1_493' title='bbox 2276 2578 2440 2633; x_wconf 91' lang='lat' dir='ltr'>reddi</span> <span class='ocrx_word' id='word_1_494' title='bbox 2465 2580 2695 2651; x_wconf 91' lang='lat' dir='ltr'>probat,</span> <span class='ocrx_word' id='word_1_495' title='bbox 2725 2583 2996 2655; x_wconf 87' lang='lat' dir='ltr'>exemplo</span> <span class='ocrx_word' id='word_1_496' title='bbox 3021 2586 3430 2641; x_wconf 72' lang='lat' dir='ltr'>eucharisticaa</span> <span class='ocrx_word' id='word_1_497' title='bbox 3455 2592 3652 2641; x_wconf 90' lang='lat' dir='ltr'>muta-</span> 
     </span>
    </p>
   </div>
   <div class='ocr_carea' id='block_1_73' title="bbox 1991 2667 3652 2747">
    <p class='ocr_par' dir='ltr' id='par_1_73' title="bbox 1991 2667 3652 2747">
     <span class='ocr_line' id='line_1_73' title="bbox 1991 2667 3652 2747; baseline 0.007 -27"><span class='ocrx_word' id='word_1_498' title='bbox 1991 2667 2170 2722; x_wconf 89' lang='lat' dir='ltr'>tionis</span> <span class='ocrx_word' id='word_1_499' title='bbox 2197 2685 2209 2722; x_wconf 94' lang='lat'>:</span> <span class='ocrx_word' id='word_1_500' title='bbox 2244 2668 2572 2740; x_wconf 88' lang='lat' dir='ltr'>eodemque</span> <span class='ocrx_word' id='word_1_501' title='bbox 2600 2670 2818 2726; x_wconf 89' lang='lat' dir='ltr'>iterum</span> <span class='ocrx_word' id='word_1_502' title='bbox 2841 2674 3113 2745; x_wconf 90' lang='lat' dir='ltr'>exemplo</span> <span class='ocrx_word' id='word_1_503' title='bbox 3141 2675 3523 2731; x_wconf 89' lang='lat' dir='ltr'>accedentem</span> <span class='ocrx_word' id='word_1_504' title='bbox 3546 2692 3652 2747; x_wconf 91' lang='lat' dir='ltr'>per</span> 
     </span>
    </p>
   </div>
   <div class='ocr_carea' id='block_1_74' title="bbox 1989 2757 3650 2837">
    <p class='ocr_par' dir='ltr' id='par_1_74' title="bbox 1989 2757 3650 2837">
     <span class='ocr_line' id='line_1_74' title="bbox 1989 2757 3650 2837; baseline 0.006 -27"><span class='ocrx_word' id='word_1_505' title='bbox 1989 2757 2267 2812; x_wconf 77' lang='lat' dir='ltr'>Ecclesiae</span> <span class='ocrx_word' id='word_1_506' title='bbox 2290 2775 2498 2829; x_wconf 90' lang='lat' dir='ltr'>preces</span> <span class='ocrx_word' id='word_1_507' title='bbox 2520 2776 2686 2815; x_wconf 86' lang='lat' dir='ltr'>sacro</span> <span class='ocrx_word' id='word_1_508' title='bbox 2715 2761 3024 2819; x_wconf 88' lang='lat' dir='ltr'>chrismati</span> <span class='ocrx_word' id='word_1_509' title='bbox 3047 2765 3165 2819; x_wconf 88' lang='lat' dir='ltr'>vim</span> <span class='ocrx_word' id='word_1_510' title='bbox 3189 2765 3443 2837; x_wconf 91' lang='lat' dir='ltr'>Spiritus</span> <span class='ocrx_word' id='word_1_511' title='bbox 3457 2767 3650 2821; x_wconf 89' lang='lat' dir='ltr'>sancti</span> 
     </span>
    </p>
   </div>
   <div class='ocr_carea' id='block_1_75' title="bbox 1990 2849 3647 2924">
    <p class='ocr_par' dir='ltr' id='par_1_75' title="bbox 1990 2849 3647 2924">
     <span class='ocr_line' id='line_1_75' title="bbox 1990 2849 3647 2924; baseline 0.005 -20"><span class='ocrx_word' id='word_1_512' title='bbox 1990 2849 2334 2904; x_wconf 90' lang='lat' dir='ltr'>conferendi</span> <span class='ocrx_word' id='word_1_513' title='bbox 2370 2853 2600 2908; x_wconf 90' lang='lat' dir='ltr'>astruit.</span> <span class='ocrx_word' id='word_1_514' title='bbox 2632 2854 2752 2908; x_wconf 89' lang='lat' dir='ltr'>Cat.</span> <span class='ocrx_word' id='word_1_515' title='bbox 2789 2857 2842 2922; x_wconf 89' lang='lat'>3,</span> <span class='ocrx_word' id='word_1_516' title='bbox 2875 2872 3041 2910; x_wconf 90' lang='lat' dir='ltr'>num.</span> <span class='ocrx_word' id='word_1_517' title='bbox 3077 2860 3128 2924; x_wconf 85' lang='lat'>5,</span> <span class='ocrx_word' id='word_1_518' title='bbox 3155 2857 3430 2912; x_wconf 88' lang='lat' dir='ltr'>observat</span> <span class='ocrx_word' id='word_1_519' title='bbox 3460 2859 3647 2912; x_wconf 87' lang='lat' dir='ltr'>Aaro-</span> 
     </span>
    </p>
   </div>
   <div class='ocr_carea' id='block_1_76' title="bbox 1988 2939 3644 3018">
    <p class='ocr_par' dir='ltr' id='par_1_76' title="bbox 1988 2939 3644 3018">
     <span class='ocr_line' id='line_1_76' title="bbox 1988 2939 3644 3018; baseline 0.005 -26"><span class='ocrx_word' id='word_1_520' title='bbox 1988 2955 2127 2994; x_wconf 90' lang='lat' dir='ltr'>nem</span> <span class='ocrx_word' id='word_1_521' title='bbox 2167 2939 2331 3010; x_wconf 90' lang='lat' dir='ltr'>prius</span> <span class='ocrx_word' id='word_1_522' title='bbox 2363 2939 2551 2995; x_wconf 92' lang='lat' dir='ltr'>lotum</span> <span class='ocrx_word' id='word_1_523' title='bbox 2579 2958 2757 3012; x_wconf 89' lang='lat' dir='ltr'>quam</span> <span class='ocrx_word' id='word_1_524' title='bbox 2810 2951 3223 3000; x_wconf 88' lang='lat' dir='ltr'>consecratum</span> <span class='ocrx_word' id='word_1_525' title='bbox 3255 2962 3362 3018; x_wconf 91' lang='lat' dir='ltr'>per</span> <span class='ocrx_word' id='word_1_526' title='bbox 3404 2947 3644 3002; x_wconf 91' lang='lat' dir='ltr'>unctio-</span> 
     </span>
    </p>
   </div>
   <div class='ocr_carea' id='block_1_77' title="bbox 1989 3029 3643 3106">
    <p class='ocr_par' dir='ltr' id='par_1_77' title="bbox 1989 3029 3643 3106">
     <span class='ocr_line' id='line_1_77' title="bbox 1989 3029 3643 3106; baseline 0.005 -24"><span class='ocrx_word' id='word_1_527' title='bbox 1989 3045 2129 3083; x_wconf 90' lang='lat' dir='ltr'>nem</span> <span class='ocrx_word' id='word_1_528' title='bbox 2161 3029 2531 3086; x_wconf 89' lang='lat' dir='ltr'>sacerdotem</span> <span class='ocrx_word' id='word_1_529' title='bbox 2564 3032 2747 3106; x_wconf 91' lang='lat' dir='ltr'>[CVII]</span> <span class='ocrx_word' id='word_1_530' title='bbox 2806 3034 3012 3090; x_wconf 89' lang='lat' dir='ltr'>fuisse.</span> <span class='ocrx_word' id='word_1_531' title='bbox 3046 3035 3266 3090; x_wconf 89' lang='lat' dir='ltr'>Eadem</span> <span class='ocrx_word' id='word_1_532' title='bbox 3313 3035 3643 3091; x_wconf 89' lang='lat' dir='ltr'>observatio</span> 
     </span>
    </p>
   </div>
   <div class='ocr_carea' id='block_1_78' title="bbox 1989 3121 3650 3192">
    <p class='ocr_par' dir='ltr' id='par_1_78' title="bbox 1989 3121 3650 3192">
     <span class='ocr_line' id='line_1_78' title="bbox 1989 3121 3650 3192; baseline 0.005 -19"><span class='ocrx_word' id='word_1_533' title='bbox 1989 3121 2210 3174; x_wconf 90' lang='lat' dir='ltr'>cat.21.</span> <span class='ocrx_word' id='word_1_534' title='bbox 2235 3135 2295 3174; x_wconf 92' lang='lat' dir='ltr'>n.</span> <span class='ocrx_word' id='word_1_535' title='bbox 2337 3137 2391 3188; x_wconf 83' lang='lat'>9.</span> <span class='ocrx_word' id='word_1_536' title='bbox 2416 3121 2514 3176; x_wconf 86' lang='lat' dir='ltr'>Ait</span> <span class='ocrx_word' id='word_1_537' title='bbox 2548 3127 2661 3179; x_wconf 89' lang='lat' dir='ltr'>cat.</span> <span class='ocrx_word' id='word_1_538' title='bbox 2707 3126 2793 3192; x_wconf 90' lang='grc'><strong>18,</strong></span> <span class='ocrx_word' id='word_1_539' title='bbox 2835 3141 2894 3192; x_wconf 91' lang='lat' dir='ltr'>n,</span> <span class='ocrx_word' id='word_1_540' title='bbox 2922 3127 3009 3191; x_wconf 90' lang='lat'>33,</span> <span class='ocrx_word' id='word_1_541' title='bbox 3044 3126 3382 3181; x_wconf 88' lang='lat' dir='ltr'>chrismatis</span> <span class='ocrx_word' id='word_1_542' title='bbox 3414 3127 3650 3181; x_wconf 87' lang='lat' dir='ltr'>unctio-</span> 
     </span>
    </p>
   </div>
   <div class='ocr_carea' id='block_1_79' title="bbox 1989 3211 3647 3288">
    <p class='ocr_par' dir='ltr' id='par_1_79' title="bbox 1989 3211 3647 3288">
     <span class='ocr_line' id='line_1_79' title="bbox 1989 3211 3647 3288; baseline 0.004 -24"><span class='ocrx_word' id='word_1_543' title='bbox 1989 3227 2066 3264; x_wconf 90' lang='lat' dir='ltr'>ne</span> <span class='ocrx_word' id='word_1_544' title='bbox 2097 3227 2209 3266; x_wconf 90' lang='lat' dir='ltr'>nos</span> <span class='ocrx_word' id='word_1_545' title='bbox 2242 3211 2617 3268; x_wconf 91' lang='lat' dir='ltr'>sacerdotum</span> <span class='ocrx_word' id='word_1_546' title='bbox 2650 3214 2712 3268; x_wconf 93' lang='lat' dir='ltr'>in</span> <span class='ocrx_word' id='word_1_547' title='bbox 2746 3231 2976 3270; x_wconf 91' lang='lat' dir='ltr'>morem</span> <span class='ocrx_word' id='word_1_548' title='bbox 3029 3223 3429 3285; x_wconf 89' lang='lat' dir='ltr'>consecratos,</span> <span class='ocrx_word' id='word_1_549' title='bbox 3482 3215 3647 3288; x_wconf 92' lang='lat' dir='ltr'>quod</span> 
     </span>
    </p>
   </div>
   <div class='ocr_carea' id='block_1_80' title="bbox 1989 3300 3652 3379">
    <p class='ocr_par' dir='ltr' id='par_1_80' title="bbox 1989 3300 3652 3379">
     <span class='ocr_line' id='line_1_80' title="bbox 1989 3300 3652 3379; baseline 0.004 -25"><span class='ocrx_word' id='word_1_550' title='bbox 1989 3317 2126 3356; x_wconf 81' lang='lat' dir='ltr'>mox</span> <span class='ocrx_word' id='word_1_551' title='bbox 2149 3300 2328 3355; x_wconf 91' lang='lat' dir='ltr'>citato</span> <span class='ocrx_word' id='word_1_552' title='bbox 2351 3308 2462 3356; x_wconf 90' lang='lat' dir='ltr'>cat.</span> <span class='ocrx_word' id='word_1_553' title='bbox 2497 3305 2558 3356; x_wconf 88' lang='lat'>21</span> <span class='ocrx_word' id='word_1_554' title='bbox 2597 3303 2725 3358; x_wconf 93' lang='lat' dir='ltr'>loco</span> <span class='ocrx_word' id='word_1_555' title='bbox 2749 3306 3106 3373; x_wconf 88' lang='lat' dir='ltr'>conﬁrmat;</span> <span class='ocrx_word' id='word_1_556' title='bbox 3139 3306 3400 3379; x_wconf 90' lang='lat' dir='ltr'>dumque</span> <span class='ocrx_word' id='word_1_557' title='bbox 3433 3307 3504 3362; x_wconf 92' lang='lat' dir='ltr'>ab</span> <span class='ocrx_word' id='word_1_558' title='bbox 3539 3308 3652 3363; x_wconf 89' lang='lat' dir='ltr'>hac</span> 
     </span>
    </p>
   </div>
   <div class='ocr_carea' id='block_1_81' title="bbox 1986 3391 3646 3468">
    <p class='ocr_par' dir='ltr' id='par_1_81' title="bbox 1986 3391 3646 3468">
     <span class='ocr_line' id='line_1_81' title="bbox 1986 3391 3646 3468; baseline 0.002 -22"><span class='ocrx_word' id='word_1_559' title='bbox 1986 3392 2270 3447; x_wconf 90' lang='lat' dir='ltr'>unctione</span> <span class='ocrx_word' id='word_1_560' title='bbox 2294 3408 2402 3446; x_wconf 90' lang='lat' dir='ltr'>nos</span> <span class='ocrx_word' id='word_1_561' title='bbox 2426 3391 2785 3448; x_wconf 88' lang='lat' dir='ltr'>christorum</span> <span class='ocrx_word' id='word_1_562' title='bbox 2799 3395 3408 3468; x_wconf 90' lang='lat' dir='ltr'>appellationemjure</span> <span class='ocrx_word' id='word_1_563' title='bbox 3433 3412 3646 3452; x_wconf 89' lang='lat' dir='ltr'>conse-</span> 
     </span>
    </p>
   </div>
   <div class='ocr_carea' id='block_1_82' title="bbox 1989 3480 3655 3556">
    <p class='ocr_par' dir='ltr' id='par_1_82' title="bbox 1989 3480 3655 3556">
     <span class='ocr_line' id='line_1_82' title="bbox 1989 3480 3655 3556; baseline 0.003 -21"><span class='ocrx_word' id='word_1_564' title='bbox 1989 3486 2155 3536; x_wconf 88' lang='lat' dir='ltr'>cutos</span> <span class='ocrx_word' id='word_1_565' title='bbox 2183 3481 2284 3547; x_wconf 91' lang='lat' dir='ltr'>ait,</span> <span class='ocrx_word' id='word_1_566' title='bbox 2317 3480 2460 3537; x_wconf 91' lang='lat' dir='ltr'>ibid.</span> <span class='ocrx_word' id='word_1_567' title='bbox 2479 3499 2539 3536; x_wconf 85' lang='grc' dir='ltr'>ιι.</span> <span class='ocrx_word' id='word_1_568' title='bbox 2575 3485 2628 3545; x_wconf 85' lang='grc'><strong>5,</strong></span> <span class='ocrx_word' id='word_1_569' title='bbox 2654 3499 2824 3538; x_wconf 91' lang='lat' dir='ltr'>suam</span> <span class='ocrx_word' id='word_1_570' title='bbox 2848 3484 3358 3556; x_wconf 86' lang='lat' dir='ltr'>conﬁrmatquam</span> <span class='ocrx_word' id='word_1_571' title='bbox 3377 3486 3655 3541; x_wconf 88' lang='lat' dir='ltr'>cateche-</span> 
     </span>
    </p>
   </div>
   <div class='ocr_carea' id='block_1_83' title="bbox 1990 3569 3648 3640">
    <p class='ocr_par' dir='ltr' id='par_1_83' title="bbox 1990 3569 3648 3640">
     <span class='ocr_line' id='line_1_83' title="bbox 1990 3569 3648 3640; baseline 0.003 -17"><span class='ocrx_word' id='word_1_572' title='bbox 1990 3569 2037 3623; x_wconf 90' lang='lat' dir='ltr'>si</span> <span class='ocrx_word' id='word_1_573' title='bbox 2064 3572 2148 3634; x_wconf 87' lang='grc'><strong>10,</strong></span> <span class='ocrx_word' id='word_1_574' title='bbox 2175 3586 2232 3625; x_wconf 94' lang='lat' dir='ltr'>n.</span> <span class='ocrx_word' id='word_1_575' title='bbox 2281 3571 2337 3622; x_wconf 92' lang='lat'>11</span> <span class='ocrx_word' id='word_1_576' title='bbox 2383 3574 2443 3624; x_wconf 90' lang='lat' dir='ltr'>et</span> <span class='ocrx_word' id='word_1_577' title='bbox 2483 3571 2548 3623; x_wconf 91' lang='lat'>14</span> <span class='ocrx_word' id='word_1_578' title='bbox 2571 3578 2908 3627; x_wconf 88' lang='lat' dir='ltr'>asseruerat</span> <span class='ocrx_word' id='word_1_579' title='bbox 2948 3571 3302 3640; x_wconf 89' lang='lat' dir='ltr'>doctrinam,</span> <span class='ocrx_word' id='word_1_580' title='bbox 3327 3574 3648 3628; x_wconf 91' lang='lat' dir='ltr'>Dominum</span> 
     </span>
    </p>
   </div>
   <div class='ocr_carea' id='block_1_84' title="bbox 1990 3657 3649 3718">
    <p class='ocr_par' dir='ltr' id='par_1_84' title="bbox 1990 3657 3649 3718">
     <span class='ocr_line' id='line_1_84' title="bbox 1990 3657 3649 3718; baseline 0.003 -5"><span class='ocrx_word' id='word_1_581' title='bbox 1990 3658 2061 3714; x_wconf 90' lang='lat' dir='ltr'>ab</span> <span class='ocrx_word' id='word_1_582' title='bbox 2085 3657 2414 3713; x_wconf 85' lang='lat' dir='ltr'>sacerdotio</span> <span class='ocrx_word' id='word_1_583' title='bbox 2428 3658 2725 3714; x_wconf 90' lang='lat' dir='ltr'>Christum</span> <span class='ocrx_word' id='word_1_584' title='bbox 2747 3677 2875 3715; x_wconf 90' lang='lat' dir='ltr'>esse</span> <span class='ocrx_word' id='word_1_585' title='bbox 2899 3661 3144 3716; x_wconf 91' lang='lat' dir='ltr'>dictum.</span> <span class='ocrx_word' id='word_1_586' title='bbox 3170 3662 3387 3717; x_wconf 91' lang='lat' dir='ltr'>Christi</span> <span class='ocrx_word' id='word_1_587' title='bbox 3432 3663 3649 3718; x_wconf 90' lang='lat' dir='ltr'>huma-</span> 
     </span>
    </p>
   </div>
   <div class='ocr_carea' id='block_1_85' title="bbox 1989 3751 3644 3823">
    <p class='ocr_par' dir='ltr' id='par_1_85' title="bbox 1989 3751 3644 3823">
     <span class='ocr_line' id='line_1_85' title="bbox 1989 3751 3644 3823; baseline 0.002 -18"><span class='ocrx_word' id='word_1_588' title='bbox 1989 3751 2161 3806; x_wconf 91' lang='lat' dir='ltr'>nitati</span> <span class='ocrx_word' id='word_1_589' title='bbox 2193 3751 2399 3806; x_wconf 89' lang='lat' dir='ltr'>datum</span> <span class='ocrx_word' id='word_1_590' title='bbox 2426 3751 2608 3807; x_wconf 87' lang='lat' dir='ltr'>fuisse</span> <span class='ocrx_word' id='word_1_591' title='bbox 2640 3753 2925 3823; x_wconf 89' lang='lat' dir='ltr'>Spiritum</span> <span class='ocrx_word' id='word_1_592' title='bbox 2957 3759 3227 3808; x_wconf 87' lang='lat' dir='ltr'>sanctum</span> <span class='ocrx_word' id='word_1_593' title='bbox 3251 3757 3442 3822; x_wconf 91' lang='lat' dir='ltr'>docet,</span> <span class='ocrx_word' id='word_1_594' title='bbox 3474 3760 3543 3809; x_wconf 94' lang='lat' dir='ltr'>ut</span> <span class='ocrx_word' id='word_1_595' title='bbox 3572 3754 3644 3810; x_wconf 90' lang='lat' dir='ltr'>ab</span> 
     </span>
    </p>
   </div>
   <div class='ocr_carea' id='block_1_86' title="bbox 1993 3841 3646 3909">
    <p class='ocr_par' dir='ltr' id='par_1_86' title="bbox 1993 3841 3646 3909">
     <span class='ocr_line' id='line_1_86' title="bbox 1993 3841 3646 3909; baseline 0.001 -12"><span class='ocrx_word' id='word_1_596' title='bbox 1993 3858 2059 3897; x_wconf 91' lang='lat' dir='ltr'>eo</span> <span class='ocrx_word' id='word_1_597' title='bbox 2087 3841 2439 3896; x_wconf 82' lang='lat' dir='ltr'>exuberaret</span> <span class='ocrx_word' id='word_1_598' title='bbox 2456 3841 2516 3895; x_wconf 95' lang='lat' dir='ltr'>in</span> <span class='ocrx_word' id='word_1_599' title='bbox 2539 3858 2649 3896; x_wconf 90' lang='lat' dir='ltr'>nos</span> <span class='ocrx_word' id='word_1_600' title='bbox 2673 3847 2784 3897; x_wconf 89' lang='lat' dir='ltr'>cat.</span> <span class='ocrx_word' id='word_1_601' title='bbox 2817 3846 2903 3907; x_wconf 91' lang='lat'>17,</span> <span class='ocrx_word' id='word_1_602' title='bbox 2928 3859 3094 3898; x_wconf 92' lang='lat' dir='ltr'>num.</span> <span class='ocrx_word' id='word_1_603' title='bbox 3119 3846 3172 3909; x_wconf 87' lang='lat'>9,</span> <span class='ocrx_word' id='word_1_604' title='bbox 3193 3843 3400 3898; x_wconf 91' lang='lat' dir='ltr'>eadem</span> <span class='ocrx_word' id='word_1_605' title='bbox 3423 3844 3646 3899; x_wconf 80' lang='lat' dir='ltr'>doctri-</span> 
     </span>
    </p>
   </div>
   <div class='ocr_carea' id='block_1_87' title="bbox 1989 3931 3649 4004">
    <p class='ocr_par' dir='ltr' id='par_1_87' title="bbox 1989 3931 3649 4004">
     <span class='ocr_line' id='line_1_87' title="bbox 1989 3931 3649 4004; baseline 0.002 -18"><span class='ocrx_word' id='word_1_606' title='bbox 1989 3948 2069 3987; x_wconf 90' lang='lat' dir='ltr'>na</span> <span class='ocrx_word' id='word_1_607' title='bbox 2090 3935 2196 3986; x_wconf 89' lang='lat' dir='ltr'>cat.</span> <span class='ocrx_word' id='word_1_608' title='bbox 2227 3934 2287 3985; x_wconf 87' lang='grc'>21</span> <span class='ocrx_word' id='word_1_609' title='bbox 2302 3975 2315 3998; x_wconf 94' lang='grc'>,</span> <span class='ocrx_word' id='word_1_610' title='bbox 2339 3947 2400 3984; x_wconf 92' lang='lat' dir='ltr'>n.</span> <span class='ocrx_word' id='word_1_611' title='bbox 2421 3933 2472 3984; x_wconf 88' lang='lat'>6.</span> <span class='ocrx_word' id='word_1_612' title='bbox 2497 3932 2648 3985; x_wconf 86' lang='lat' dir='ltr'>Ante</span> <span class='ocrx_word' id='word_1_613' title='bbox 2662 3937 3007 4004; x_wconf 90' lang='lat' dir='ltr'>perceptum</span> <span class='ocrx_word' id='word_1_614' title='bbox 3022 3931 3318 4004; x_wconf 89' lang='lat' dir='ltr'>baptisma</span> <span class='ocrx_word' id='word_1_615' title='bbox 3339 3940 3397 3989; x_wconf 93' lang='lat' dir='ltr'>et</span> <span class='ocrx_word' id='word_1_616' title='bbox 3415 3935 3649 3990; x_wconf 90' lang='lat' dir='ltr'>unctio-</span> 
     </span>
    </p>
   </div>
   <div class='ocr_carea' id='block_1_88' title="bbox 1991 4020 3651 4097">
    <p class='ocr_par' dir='ltr' id='par_1_88' title="bbox 1991 4020 3651 4097">
     <span class='ocr_line' id='line_1_88' title="bbox 1991 4020 3651 4097; baseline 0.002 -21"><span class='ocrx_word' id='word_1_617' title='bbox 1991 4037 2132 4076; x_wconf 92' lang='lat' dir='ltr'>nem</span> <span class='ocrx_word' id='word_1_618' title='bbox 2158 4037 2266 4075; x_wconf 88' lang='lat' dir='ltr'>nos</span> <span class='ocrx_word' id='word_1_619' title='bbox 2297 4020 2769 4076; x_wconf 87' lang='lat' dir='ltr'>Christianorum</span> <span class='ocrx_word' id='word_1_620' title='bbox 2818 4021 3062 4077; x_wconf 91' lang='lat' dir='ltr'>nomine</span> <span class='ocrx_word' id='word_1_621' title='bbox 3107 4023 3377 4079; x_wconf 90' lang='lat' dir='ltr'>nondum</span> <span class='ocrx_word' id='word_1_622' title='bbox 3413 4024 3651 4097; x_wconf 91' lang='lat' dir='ltr'>proprie</span> 
     </span>
    </p>
   </div>
   <div class='ocr_carea' id='block_1_89' title="bbox 1995 4110 3651 4185">
    <p class='ocr_par' dir='ltr' id='par_1_89' title="bbox 1995 4110 3651 4185">
     <span class='ocr_line' id='line_1_89' title="bbox 1995 4110 3651 4185; baseline 0.002 -19"><span class='ocrx_word' id='word_1_623' title='bbox 1995 4111 2203 4183; x_wconf 88' lang='lat' dir='ltr'>dignos</span> <span class='ocrx_word' id='word_1_624' title='bbox 2234 4110 2417 4166; x_wconf 90' lang='lat' dir='ltr'>fuisse</span> <span class='ocrx_word' id='word_1_625' title='bbox 2448 4111 2549 4178; x_wconf 91' lang='lat' dir='ltr'>ait,</span> <span class='ocrx_word' id='word_1_626' title='bbox 2597 4116 2710 4166; x_wconf 89' lang='lat' dir='ltr'>cat.</span> <span class='ocrx_word' id='word_1_627' title='bbox 2764 4111 2856 4178; x_wconf 85' lang='lat'>21,</span> <span class='ocrx_word' id='word_1_628' title='bbox 2890 4129 2950 4167; x_wconf 92' lang='lat' dir='ltr'>n.</span> <span class='ocrx_word' id='word_1_629' title='bbox 2985 4116 3014 4167; x_wconf 83' lang='lat'>5</span> <span class='ocrx_word' id='word_1_630' title='bbox 3047 4133 3061 4179; x_wconf 88' lang='lat'><strong>;</strong></span> <span class='ocrx_word' id='word_1_631' title='bbox 3095 4113 3179 4168; x_wconf 91' lang='lat' dir='ltr'>sic</span> <span class='ocrx_word' id='word_1_632' title='bbox 3228 4119 3453 4185; x_wconf 91' lang='lat' dir='ltr'>procat.</span> <span class='ocrx_word' id='word_1_633' title='bbox 3486 4131 3548 4170; x_wconf 94' lang='lat' dir='ltr'>n.</span> <span class='ocrx_word' id='word_1_634' title='bbox 3586 4117 3651 4169; x_wconf 84' lang='lat'>15</span> 
     </span>
    </p>
   </div>
   <div class='ocr_carea' id='block_1_90' title="bbox 1994 4201 3653 4276">
    <p class='ocr_par' dir='ltr' id='par_1_90' title="bbox 1994 4201 3653 4276">
     <span class='ocr_line' id='line_1_90' title="bbox 1994 4201 3653 4276; baseline 0.002 -20"><span class='ocrx_word' id='word_1_635' title='bbox 1994 4201 2296 4256; x_wconf 87' lang='lat' dir='ltr'>auditores</span> <span class='ocrx_word' id='word_1_636' title='bbox 2328 4201 2609 4272; x_wconf 88' lang='lat' dir='ltr'>baptismi</span> <span class='ocrx_word' id='word_1_637' title='bbox 2643 4207 2912 4274; x_wconf 87' lang='lat' dir='ltr'>tempore</span> <span class='ocrx_word' id='word_1_638' title='bbox 2942 4203 3158 4258; x_wconf 91' lang='lat' dir='ltr'>Christi</span> <span class='ocrx_word' id='word_1_639' title='bbox 3181 4204 3653 4276; x_wconf 89' lang='lat' dir='ltr'>appellationem</span> 
     </span>
    </p>
   </div>
   <div class='ocr_carea' id='block_1_91' title="bbox 1996 4290 3659 4364">
    <p class='ocr_par' dir='ltr' id='par_1_91' title="bbox 1996 4290 3659 4364">
     <span class='ocr_line' id='line_1_91' title="bbox 1996 4290 3659 4364; baseline 0.001 -17"><span class='ocrx_word' id='word_1_640' title='bbox 1996 4297 2339 4363; x_wconf 90' lang='lat' dir='ltr'>sumpturos</span> <span class='ocrx_word' id='word_1_641' title='bbox 2369 4290 2569 4346; x_wconf 87' lang='lat' dir='ltr'>refert.</span> <span class='ocrx_word' id='word_1_642' title='bbox 2614 4293 2764 4347; x_wconf 84' lang='lat' dir='ltr'>Ante</span> <span class='ocrx_word' id='word_1_643' title='bbox 2818 4296 3139 4364; x_wconf 88' lang='lat' dir='ltr'>utrumque</span> <span class='ocrx_word' id='word_1_644' title='bbox 3191 4300 3659 4361; x_wconf 84' lang='lat' dir='ltr'>sacramentum,</span> 
     </span>
    </p>
   </div>
   <div class='ocr_carea' id='block_1_92' title="bbox 1995 4383 3659 4459">
    <p class='ocr_par' dir='ltr' id='par_1_92' title="bbox 1995 4383 3659 4459">
     <span class='ocr_line' id='line_1_92' title="bbox 1995 4383 3659 4459; baseline 0.003 -23"><span class='ocrx_word' id='word_1_645' title='bbox 1995 4383 2225 4437; x_wconf 79' lang='lat' dir='ltr'>militiae</span> <span class='ocrx_word' id='word_1_646' title='bbox 2240 4383 2454 4438; x_wconf 91' lang='lat' dir='ltr'>Christi</span> <span class='ocrx_word' id='word_1_647' title='bbox 2469 4383 2738 4438; x_wconf 91' lang='lat' dir='ltr'>nondum</span> <span class='ocrx_word' id='word_1_648' title='bbox 2753 4383 3138 4451; x_wconf 91' lang='lat' dir='ltr'>idoneos,nec</span> <span class='ocrx_word' id='word_1_649' title='bbox 3153 4385 3296 4442; x_wconf 91' lang='lat' dir='ltr'>satis</span> <span class='ocrx_word' id='word_1_650' title='bbox 3311 4385 3384 4441; x_wconf 89' lang='lat' dir='ltr'>ad</span> <span class='ocrx_word' id='word_1_651' title='bbox 3399 4401 3659 4459; x_wconf 88' lang='lat' dir='ltr'>pugnam</span> 
     </span>
    </p>
   </div>
   <div class='ocr_carea' id='block_1_93' title="bbox 1996 4469 3662 4544">
    <p class='ocr_par' dir='ltr' id='par_1_93' title="bbox 1996 4469 3662 4544">
     <span class='ocr_line' id='line_1_93' title="bbox 1996 4469 3662 4544; baseline 0.002 -18"><span class='ocrx_word' id='word_1_652' title='bbox 1996 4487 2132 4526; x_wconf 90' lang='lat' dir='ltr'>cum</span> <span class='ocrx_word' id='word_1_653' title='bbox 2164 4469 2402 4526; x_wconf 90' lang='lat' dir='ltr'>diabolo</span> <span class='ocrx_word' id='word_1_654' title='bbox 2436 4476 2808 4542; x_wconf 89' lang='lat' dir='ltr'>comparatos</span> <span class='ocrx_word' id='word_1_655' title='bbox 2844 4473 3105 4528; x_wconf 88' lang='lat' dir='ltr'>afﬁrmat</span> <span class='ocrx_word' id='word_1_656' title='bbox 3134 4479 3248 4530; x_wconf 92' lang='lat' dir='ltr'>cat.</span> <span class='ocrx_word' id='word_1_657' title='bbox 3283 4476 3335 4543; x_wconf 90' lang='lat'>3,</span> <span class='ocrx_word' id='word_1_658' title='bbox 3383 4491 3443 4530; x_wconf 87' lang='grc' dir='ltr'>ιι.</span> <span class='ocrx_word' id='word_1_659' title='bbox 3480 4477 3568 4544; x_wconf 91' lang='lat'>13,</span> <span class='ocrx_word' id='word_1_660' title='bbox 3603 4479 3662 4530; x_wconf 87' lang='lat' dir='ltr'>et</span> 
     </span>
    </p>
   </div>
   <div class='ocr_carea' id='block_1_94' title="bbox 1998 4561 3663 4636">
    <p class='ocr_par' dir='ltr' id='par_1_94' title="bbox 1998 4561 3663 4636">
     <span class='ocr_line' id='line_1_94' title="bbox 1998 4561 3663 4636; baseline 0.001 -19"><span class='ocrx_word' id='word_1_661' title='bbox 1998 4566 2109 4617; x_wconf 90' lang='lat' dir='ltr'>cat.</span> <span class='ocrx_word' id='word_1_662' title='bbox 2148 4563 2234 4628; x_wconf 88' lang='lat'>17,</span> <span class='ocrx_word' id='word_1_663' title='bbox 2278 4577 2338 4616; x_wconf 83' lang='grc' dir='ltr'>ιι.</span> <span class='ocrx_word' id='word_1_664' title='bbox 2383 4561 2469 4615; x_wconf 85' lang='grc'>36.</span> <span class='ocrx_word' id='word_1_665' title='bbox 2515 4561 2679 4616; x_wconf 90' lang='lat' dir='ltr'>Idem</span> <span class='ocrx_word' id='word_1_666' title='bbox 2721 4561 2899 4617; x_wconf 87' lang='lat' dir='ltr'>tradit</span> <span class='ocrx_word' id='word_1_667' title='bbox 2948 4568 3060 4618; x_wconf 89' lang='lat' dir='ltr'>cat.</span> <span class='ocrx_word' id='word_1_668' title='bbox 3105 4567 3194 4634; x_wconf 89' lang='lat'>21,</span> <span class='ocrx_word' id='word_1_669' title='bbox 3227 4581 3287 4620; x_wconf 92' lang='lat' dir='ltr'>n.</span> <span class='ocrx_word' id='word_1_670' title='bbox 3321 4566 3376 4632; x_wconf 91' lang='lat'>4,</span> <span class='ocrx_word' id='word_1_671' title='bbox 3410 4563 3569 4636; x_wconf 90' lang='lat' dir='ltr'>quod</span> <span class='ocrx_word' id='word_1_672' title='bbox 3600 4563 3663 4618; x_wconf 91' lang='lat' dir='ltr'>in</span> 
     </span>
    </p>
   </div>
   <div class='ocr_carea' id='block_1_95' title="bbox 243 4639 3661 4727">
    <p class='ocr_par' dir='ltr' id='par_1_95' title="bbox 243 4639 3661 4727">
     <span class='ocr_line' id='line_1_95' title="bbox 243 4639 3661 4727; baseline 0 -17"><span class='ocrx_word' id='word_1_673' title='bbox 243 4654 477 4727; x_wconf 83' lang='lat' dir='ltr'>singula</span> <span class='ocrx_word' id='word_1_674' title='bbox 505 4653 698 4725; x_wconf 89' lang='lat' dir='ltr'>capita</span> <span class='ocrx_word' id='word_1_675' title='bbox 727 4667 798 4707; x_wconf 86' lang='lat' dir='ltr'>ex</span> <span class='ocrx_word' id='word_1_676' title='bbox 826 4649 1019 4705; x_wconf 82' lang='lat' dir='ltr'>Veteri</span> <span class='ocrx_word' id='word_1_677' title='bbox 1050 4649 1411 4704; x_wconf 89' lang='lat' dir='ltr'>Testimento</span> <span class='ocrx_word' id='word_1_678' title='bbox 1439 4646 1653 4703; x_wconf 90' lang='lat' dir='ltr'>asserit</span> <span class='ocrx_word' id='word_1_679' title='bbox 1679 4652 1736 4701; x_wconf 94' lang='lat' dir='ltr'>et</span> <span class='ocrx_word' id='word_1_680' title='bbox 1757 4663 1896 4718; x_wconf 90' lang='lat' dir='ltr'>pro-</span> <span class='ocrx_word' id='word_1_681' title='bbox 1923 4639 1970 4705; x_wconf 87' lang='lat' dir='ltr'><strong>D</strong></span> <span class='ocrx_word' id='word_1_682' title='bbox 2002 4657 2255 4723; x_wconf 90' lang='lat' dir='ltr'>utroque</span> <span class='ocrx_word' id='word_1_683' title='bbox 2286 4649 2416 4706; x_wconf 91' lang='lat' dir='ltr'>loco</span> <span class='ocrx_word' id='word_1_684' title='bbox 2445 4650 2516 4706; x_wconf 92' lang='lat' dir='ltr'>ab</span> <span class='ocrx_word' id='word_1_685' title='bbox 2549 4651 2821 4724; x_wconf 87' lang='lat' dir='ltr'>exemplo</span> <span class='ocrx_word' id='word_1_686' title='bbox 2863 4653 3081 4709; x_wconf 91' lang='lat' dir='ltr'>Christi</span> <span class='ocrx_word' id='word_1_687' title='bbox 3129 4655 3464 4723; x_wconf 86' lang='lat' dir='ltr'>conﬁrmat,</span> <span class='ocrx_word' id='word_1_688' title='bbox 3495 4653 3661 4726; x_wconf 79' lang='lat' dir='ltr'>prius</span> 
     </span>
    </p>
   </div>
   <div class='ocr_carea' id='block_1_96' title="bbox 245 4736 1894 4816">
    <p class='ocr_par' dir='ltr' id='par_1_96' title="bbox 245 4736 1894 4816">
     <span class='ocr_line' id='line_1_96' title="bbox 245 4736 1894 4816; baseline -0.005 -16"><span class='ocrx_word' id='word_1_689' title='bbox 245 4745 386 4813; x_wconf 86' lang='lat' dir='ltr'>bat;</span> <span class='ocrx_word' id='word_1_690' title='bbox 421 4760 676 4816; x_wconf 90' lang='lat' dir='ltr'>cumque</span> <span class='ocrx_word' id='word_1_691' title='bbox 706 4747 909 4814; x_wconf 91' lang='lat' dir='ltr'>aperta</span> <span class='ocrx_word' id='word_1_692' title='bbox 939 4740 1280 4797; x_wconf 85' lang='lat' dir='ltr'>testimonia</span> <span class='ocrx_word' id='word_1_693' title='bbox 1329 4739 1566 4805; x_wconf 90' lang='lat' dir='ltr'>desunt,</span> <span class='ocrx_word' id='word_1_694' title='bbox 1621 4736 1693 4792; x_wconf 89' lang='lat' dir='ltr'>ad</span> <span class='ocrx_word' id='word_1_695' title='bbox 1725 4741 1894 4809; x_wconf 88' lang='lat' dir='ltr'>typos</span> 
     </span>
    </p>
   </div>
   <div class='ocr_carea' id='block_1_97' title="bbox 217 4826 1894 4912">
    <p class='ocr_par' dir='ltr' id='par_1_97' title="bbox 217 4826 1894 4912">
     <span class='ocr_line' id='line_1_97' title="bbox 217 4826 1894 4912; baseline -0.006 -22"><span class='ocrx_word' id='word_1_696' title='bbox 217 4842 303 4912; x_wconf 41' lang='lat' dir='ltr'>&#39;et</span> <span class='ocrx_word' id='word_1_697' title='bbox 329 4837 550 4908; x_wconf 86' lang='lat' dir='ltr'>ﬁguras</span> <span class='ocrx_word' id='word_1_698' title='bbox 580 4832 853 4888; x_wconf 89' lang='lat' dir='ltr'>recurrit.</span> <span class='ocrx_word' id='word_1_699' title='bbox 875 4829 1132 4886; x_wconf 90' lang='lat' dir='ltr'>Tandem</span> <span class='ocrx_word' id='word_1_700' title='bbox 1164 4834 1446 4899; x_wconf 88' lang='lat' dir='ltr'>utrasque</span> <span class='ocrx_word' id='word_1_701' title='bbox 1471 4826 1749 4882; x_wconf 90' lang='lat' dir='ltr'>similiter</span> <span class='ocrx_word' id='word_1_702' title='bbox 1768 4843 1894 4881; x_wconf 92' lang='lat' dir='ltr'>mo-</span> 
     </span>
    </p>
   </div>
   <div class='ocr_carea' id='block_1_98' title="bbox 245 4915 1893 4987">
    <p class='ocr_par' dir='ltr' id='par_1_98' title="bbox 245 4915 1893 4987">
     <span class='ocr_line' id='line_1_98' title="bbox 245 4915 1893 4987; baseline -0.006 -6"><span class='ocrx_word' id='word_1_703' title='bbox 245 4925 352 4980; x_wconf 84' lang='lat' dir='ltr'>rali</span> <span class='ocrx_word' id='word_1_704' title='bbox 374 4923 785 4980; x_wconf 87' lang='lat' dir='ltr'>exhortatione</span> <span class='ocrx_word' id='word_1_705' title='bbox 807 4920 987 4985; x_wconf 90' lang='lat' dir='ltr'>brevi,</span> <span class='ocrx_word' id='word_1_706' title='bbox 1011 4924 1142 4974; x_wconf 90' lang='lat' dir='ltr'>voto</span> <span class='ocrx_word' id='word_1_707' title='bbox 1164 4935 1230 4974; x_wconf 90' lang='lat' dir='ltr'>ac</span> <span class='ocrx_word' id='word_1_708' title='bbox 1248 4917 1543 4972; x_wconf 88' lang='lat' dir='ltr'>desiderio</span> <span class='ocrx_word' id='word_1_709' title='bbox 1564 4915 1893 4987; x_wconf 82' lang='lat' dir='ltr'>favorabili,</span> 
     </span>
    </p>
   </div>
   <div class='ocr_carea' id='block_1_99' title="bbox 247 5007 1895 5079">
    <p class='ocr_par' dir='ltr' id='par_1_99' title="bbox 247 5007 1895 5079">
     <span class='ocr_line' id='line_1_99' title="bbox 247 5007 1895 5079; baseline -0.004 -9"><span class='ocrx_word' id='word_1_710' title='bbox 247 5022 304 5070; x_wconf 89' lang='lat' dir='ltr'>et</span> <span class='ocrx_word' id='word_1_711' title='bbox 332 5015 428 5070; x_wconf 88' lang='lat' dir='ltr'>SS.</span> <span class='ocrx_word' id='word_1_712' title='bbox 460 5011 760 5069; x_wconf 87' lang='lat' dir='ltr'>Trinitatis</span> <span class='ocrx_word' id='word_1_713' title='bbox 799 5009 1084 5065; x_wconf 89' lang='lat' dir='ltr'>Christive</span> <span class='ocrx_word' id='word_1_714' title='bbox 1106 5009 1415 5063; x_wconf 89' lang='lat' dir='ltr'>simillima</span> <span class='ocrx_word' id='word_1_715' title='bbox 1461 5007 1895 5079; x_wconf 86' lang='lat' dir='ltr'>gloriﬁcatione</span> 
     </span>
    </p>
   </div>
   <div class='ocr_carea' id='block_1_100' title="bbox 249 5097 1898 5168">
    <p class='ocr_par' dir='ltr' id='par_1_100' title="bbox 249 5097 1898 5168">
     <span class='ocr_line' id='line_1_100' title="bbox 249 5097 1898 5168; baseline -0.004 -8"><span class='ocrx_word' id='word_1_716' title='bbox 249 5103 564 5160; x_wconf 87' lang='lat' dir='ltr'>concludit.</span> <span class='ocrx_word' id='word_1_717' title='bbox 603 5099 893 5166; x_wconf 90' lang='lat' dir='ltr'>Secundo,</span> <span class='ocrx_word' id='word_1_718' title='bbox 934 5097 1140 5154; x_wconf 90' lang='lat' dir='ltr'>eadem</span> <span class='ocrx_word' id='word_1_719' title='bbox 1173 5103 1263 5152; x_wconf 90' lang='lat' dir='ltr'>est</span> <span class='ocrx_word' id='word_1_720' title='bbox 1291 5099 1607 5168; x_wconf 89' lang='lat' dir='ltr'>utrobique</span> <span class='ocrx_word' id='word_1_721' title='bbox 1640 5097 1898 5168; x_wconf 91' lang='lat' dir='ltr'>Scriptu-</span> 
     </span>
    </p>
   </div>
   <div class='ocr_carea' id='block_1_101' title="bbox 248 5187 1896 5267">
    <p class='ocr_par' dir='ltr' id='par_1_101' title="bbox 248 5187 1896 5267">
     <span class='ocr_line' id='line_1_101' title="bbox 248 5187 1896 5267; baseline -0.005 -16"><span class='ocrx_word' id='word_1_722' title='bbox 248 5211 325 5250; x_wconf 65' lang='grc' dir='ltr'>τω</span> <span class='ocrx_word' id='word_1_723' title='bbox 343 5192 664 5267; x_wconf 72' lang='lat' dir='ltr'>allegandze</span> <span class='ocrx_word' id='word_1_724' title='bbox 679 5196 737 5246; x_wconf 89' lang='lat' dir='ltr'>et</span> <span class='ocrx_word' id='word_1_725' title='bbox 750 5188 1137 5261; x_wconf 82' lang='lat' dir='ltr'>explanandae</span> <span class='ocrx_word' id='word_1_726' title='bbox 1150 5188 1642 5260; x_wconf 86' lang='lat' dir='ltr'>ratio.Proprium</span> <span class='ocrx_word' id='word_1_727' title='bbox 1657 5187 1896 5259; x_wconf 82' lang='lat' dir='ltr'>Cyrillo,</span> 
     </span>
    </p>
   </div>
   <div class='ocr_carea' id='block_1_102' title="bbox 251 5279 1898 5358">
    <p class='ocr_par' dir='ltr' id='par_1_102' title="bbox 251 5279 1898 5358">
     <span class='ocr_line' id='line_1_102' title="bbox 251 5279 1898 5358; baseline -0.002 -18"><span class='ocrx_word' id='word_1_728' title='bbox 251 5287 564 5358; x_wconf 88' lang='lat' dir='ltr'>prolixiora</span> <span class='ocrx_word' id='word_1_729' title='bbox 594 5281 954 5355; x_wconf 90' lang='lat' dir='ltr'>quandoque</span> <span class='ocrx_word' id='word_1_730' title='bbox 1005 5279 1344 5335; x_wconf 88' lang='lat' dir='ltr'>testimonia</span> <span class='ocrx_word' id='word_1_731' title='bbox 1375 5280 1638 5351; x_wconf 88' lang='lat' dir='ltr'>proferre</span> <span class='ocrx_word' id='word_1_732' title='bbox 1665 5297 1677 5347; x_wconf 92' lang='lat'><strong>;</strong></span> <span class='ocrx_word' id='word_1_733' title='bbox 1711 5298 1898 5352; x_wconf 89' lang='lat' dir='ltr'>eaque</span> 
     </span>
    </p>
   </div>
   <div class='ocr_carea' id='block_1_103' title="bbox 254 5368 1898 5449">
    <p class='ocr_par' dir='ltr' id='par_1_103' title="bbox 254 5368 1898 5449">
     <span class='ocr_line' id='line_1_103' title="bbox 254 5368 1898 5449; baseline -0.002 -19"><span class='ocrx_word' id='word_1_734' title='bbox 254 5375 620 5449; x_wconf 86' lang='lat' dir='ltr'>paraphrasis</span> <span class='ocrx_word' id='word_1_735' title='bbox 651 5374 713 5428; x_wconf 93' lang='lat' dir='ltr'>in</span> <span class='ocrx_word' id='word_1_736' title='bbox 767 5369 1014 5426; x_wconf 90' lang='lat' dir='ltr'>modum</span> <span class='ocrx_word' id='word_1_737' title='bbox 1050 5368 1402 5440; x_wconf 86' lang='lat' dir='ltr'>explanare;</span> <span class='ocrx_word' id='word_1_738' title='bbox 1434 5369 1698 5437; x_wconf 90' lang='lat' dir='ltr'>brevem,</span> <span class='ocrx_word' id='word_1_739' title='bbox 1728 5371 1898 5442; x_wconf 88' lang='lat' dir='ltr'>quasi</span> 
     </span>
    </p>
   </div>
   <div class='ocr_carea' id='block_1_104' title="bbox 257 5458 1902 5539">
    <p class='ocr_par' dir='ltr' id='par_1_104' title="bbox 257 5458 1902 5539">
     <span class='ocr_line' id='line_1_104' title="bbox 257 5458 1902 5539; baseline -0.004 -16"><span class='ocrx_word' id='word_1_740' title='bbox 257 5482 354 5538; x_wconf 83' lang='lat' dir='ltr'>per</span> <span class='ocrx_word' id='word_1_741' title='bbox 381 5465 806 5539; x_wconf 85' lang='lat' dir='ltr'>parenthesim,</span> <span class='ocrx_word' id='word_1_742' title='bbox 841 5458 1211 5528; x_wconf 85' lang='lat' dir='ltr'>subjiciendo</span> <span class='ocrx_word' id='word_1_743' title='bbox 1245 5459 1492 5530; x_wconf 89' lang='lat' dir='ltr'>singulis</span> <span class='ocrx_word' id='word_1_744' title='bbox 1523 5460 1697 5515; x_wconf 91' lang='lat' dir='ltr'>dictis</span> <span class='ocrx_word' id='word_1_745' title='bbox 1730 5478 1902 5533; x_wconf 89' lang='lat' dir='ltr'>expo-</span> 
     </span>
    </p>
   </div>
   <div class='ocr_carea' id='block_1_105' title="bbox 257 5548 1904 5630">
    <p class='ocr_par' dir='ltr' id='par_1_105' title="bbox 257 5548 1904 5630">
     <span class='ocr_line' id='line_1_105' title="bbox 257 5548 1904 5630; baseline -0.003 -19"><span class='ocrx_word' id='word_1_746' title='bbox 257 5557 536 5625; x_wconf 77' lang='lat' dir='ltr'>sitionem,</span> <span class='ocrx_word' id='word_1_747' title='bbox 567 5572 677 5630; x_wconf 91' lang='lat' dir='ltr'>per</span> <span class='ocrx_word' id='word_1_748' title='bbox 717 5566 904 5623; x_wconf 90' lang='lat' dir='ltr'>quam</span> <span class='ocrx_word' id='word_1_749' title='bbox 952 5548 1264 5618; x_wconf 79' lang='lat' dir='ltr'>Scripturae</span> <span class='ocrx_word' id='word_1_750' title='bbox 1296 5548 1472 5603; x_wconf 89' lang='lat' dir='ltr'>verba</span> <span class='ocrx_word' id='word_1_751' title='bbox 1517 5550 1904 5624; x_wconf 90' lang='lat' dir='ltr'>interrumpit</span> 
     </span>
    </p>
   </div>
   <div class='ocr_carea' id='block_1_106' title="bbox 254 5637 1898 5708">
    <p class='ocr_par' dir='ltr' id='par_1_106' title="bbox 254 5637 1898 5708">
     <span class='ocr_line' id='line_1_106' title="bbox 254 5637 1898 5708; baseline -0.004 -5"><span class='ocrx_word' id='word_1_752' title='bbox 254 5653 304 5704; x_wconf 84' lang='lat' dir='ltr'>et</span> <span class='ocrx_word' id='word_1_753' title='bbox 328 5650 384 5706; x_wconf 90' lang='lat' dir='ltr'>in</span> <span class='ocrx_word' id='word_1_754' title='bbox 413 5651 482 5706; x_wconf 89' lang='lat' dir='ltr'>iis</span> <span class='ocrx_word' id='word_1_755' title='bbox 516 5645 739 5704; x_wconf 87' lang='lat' dir='ltr'>mediis</span> <span class='ocrx_word' id='word_1_756' title='bbox 775 5637 1224 5708; x_wconf 83' lang='lat' dir='ltr'>interloquitur.</span> <span class='ocrx_word' id='word_1_757' title='bbox 1259 5637 1437 5692; x_wconf 85' lang='lat' dir='ltr'>Obvia</span> <span class='ocrx_word' id='word_1_758' title='bbox 1469 5643 1610 5694; x_wconf 88' lang='lat' dir='ltr'>sunt</span> <span class='ocrx_word' id='word_1_759' title='bbox 1637 5641 1698 5695; x_wconf 92' lang='lat' dir='ltr'>in</span> <span class='ocrx_word' id='word_1_760' title='bbox 1732 5647 1898 5699; x_wconf 85' lang='lat' dir='ltr'>cate-</span> 
     </span>
    </p>
   </div>
   <div class='ocr_carea' id='block_1_107' title="bbox 245 5727 1903 5804">
    <p class='ocr_par' dir='ltr' id='par_1_107' title="bbox 245 5727 1903 5804">
     <span class='ocr_line' id='line_1_107' title="bbox 245 5727 1903 5804; baseline -0.011 -7"><span class='ocrx_word' id='word_1_761' title='bbox 245 5741 503 5800; x_wconf 83' lang='lat' dir='ltr'>chesibus</span> <span class='ocrx_word' id='word_1_762' title='bbox 525 5727 1084 5796; x_wconf 76' lang='lat' dir='ltr'>illuminandorum</span> <span class='ocrx_word' id='word_1_763' title='bbox 1100 5727 1388 5798; x_wconf 83' lang='lat' dir='ltr'>exempla;</span> <span class='ocrx_word' id='word_1_764' title='bbox 1410 5729 1470 5783; x_wconf 92' lang='lat' dir='ltr'>in</span> <span class='ocrx_word' id='word_1_765' title='bbox 1487 5733 1903 5804; x_wconf 74' lang='lat' dir='ltr'>mystagogicis</span> 
     </span>
    </p>
   </div>
   <div class='ocr_carea' id='block_1_108' title="bbox 544 5845 1324 5925">
    <p class='ocr_par' dir='ltr' id='par_1_108' title="bbox 544 5845 1324 5925">
     <span class='ocr_line' id='line_1_108' title="bbox 544 5845 1324 5925; baseline -0.021 -2"><span class='ocrx_word' id='word_1_766' title='bbox 544 5860 842 5925; x_wconf 59' lang='lat' dir='ltr'>Panos.</span> <span class='ocrx_word' id='word_1_767' title='bbox 890 5847 1004 5907; x_wconf 75' lang='lat' dir='ltr'>Gn.</span> <span class='ocrx_word' id='word_1_768' title='bbox 1048 5845 1324 5908; x_wconf 80' lang='lat' dir='ltr'>XXXIII.</span> 
     </span>
    </p>
   </div>
   <div class='ocr_carea' id='block_1_109' title="bbox 2002 4740 3660 4815">
    <p class='ocr_par' dir='ltr' id='par_1_109' title="bbox 2002 4740 3660 4815">
     <span class='ocr_line' id='line_1_109' title="bbox 2002 4740 3660 4815; baseline 0.001 -19"><span class='ocrx_word' id='word_1_769' title='bbox 2002 4740 2280 4813; x_wconf 87' lang='lat' dir='ltr'>baptizati</span> <span class='ocrx_word' id='word_1_770' title='bbox 2332 4746 2392 4796; x_wconf 90' lang='lat' dir='ltr'>et</span> <span class='ocrx_word' id='word_1_771' title='bbox 2438 4741 2726 4812; x_wconf 90' lang='lat' dir='ltr'>Spiritum</span> <span class='ocrx_word' id='word_1_772' title='bbox 2773 4747 3044 4799; x_wconf 91' lang='lat' dir='ltr'>sanctum</span> <span class='ocrx_word' id='word_1_773' title='bbox 3085 4744 3429 4815; x_wconf 89' lang='lat' dir='ltr'>recipientis</span> <span class='ocrx_word' id='word_1_774' title='bbox 3482 4759 3660 4814; x_wconf 88' lang='lat' dir='ltr'>quam</span> 
     </span>
    </p>
   </div>
   <div class='ocr_carea' id='block_1_110' title="bbox 2004 4831 3666 4904">
    <p class='ocr_par' dir='ltr' id='par_1_110' title="bbox 2004 4831 3666 4904">
     <span class='ocr_line' id='line_1_110' title="bbox 2004 4831 3666 4904; baseline 0 -16"><span class='ocrx_word' id='word_1_775' title='bbox 2004 4833 2228 4888; x_wconf 84' lang='lat' dir='ltr'>luctam</span> <span class='ocrx_word' id='word_1_776' title='bbox 2261 4848 2397 4886; x_wconf 90' lang='lat' dir='ltr'>cum</span> <span class='ocrx_word' id='word_1_777' title='bbox 2443 4831 2681 4887; x_wconf 91' lang='lat' dir='ltr'>diabolo</span> <span class='ocrx_word' id='word_1_778' title='bbox 2733 4834 3081 4904; x_wconf 89' lang='lat' dir='ltr'>susciperet.</span> <span class='ocrx_word' id='word_1_779' title='bbox 3120 4834 3472 4888; x_wconf 89' lang='lat' dir='ltr'>Unctionem</span> <span class='ocrx_word' id='word_1_780' title='bbox 3505 4832 3666 4888; x_wconf 91' lang='lat' dir='ltr'>chri-</span> 
     </span>
    </p>
   </div>
   <div class='ocr_carea' id='block_1_111' title="bbox 2008 4922 3665 4994">
    <p class='ocr_par' dir='ltr' id='par_1_111' title="bbox 2008 4922 3665 4994">
     <span class='ocr_line' id='line_1_111' title="bbox 2008 4922 3665 4994; baseline -0.002 -15"><span class='ocrx_word' id='word_1_781' title='bbox 2008 4923 2214 4979; x_wconf 89' lang='lat' dir='ltr'>smatis</span> <span class='ocrx_word' id='word_1_782' title='bbox 2245 4927 2412 4978; x_wconf 89' lang='lat' dir='ltr'>vocat</span> <span class='ocrx_word' id='word_1_783' title='bbox 2433 4923 2700 4994; x_wconf 89' lang='lat' dir='ltr'>spiritale</span> <span class='ocrx_word' id='word_1_784' title='bbox 2719 4923 2986 4994; x_wconf 92' lang='lat' dir='ltr'>corporis</span> <span class='ocrx_word' id='word_1_785' title='bbox 3017 4929 3076 4978; x_wconf 91' lang='lat' dir='ltr'>et</span> <span class='ocrx_word' id='word_1_786' title='bbox 3096 4924 3310 4978; x_wconf 69' lang='lat' dir='ltr'>animas</span> <span class='ocrx_word' id='word_1_787' title='bbox 3334 4922 3665 4977; x_wconf 90' lang='lat' dir='ltr'>amuletum</span> 
     </span>
    </p>
   </div>
   <div class='ocr_carea' id='block_1_112' title="bbox 2006 5012 3669 5081">
    <p class='ocr_par' dir='ltr' id='par_1_112' title="bbox 2006 5012 3669 5081">
     <span class='ocr_line' id='line_1_112' title="bbox 2006 5012 3669 5081; baseline -0.001 -12"><span class='ocrx_word' id='word_1_788' title='bbox 2006 5018 2119 5069; x_wconf 92' lang='lat' dir='ltr'>cat.</span> <span class='ocrx_word' id='word_1_789' title='bbox 2153 5015 2242 5081; x_wconf 89' lang='lat'>21,</span> <span class='ocrx_word' id='word_1_790' title='bbox 2276 5030 2336 5068; x_wconf 85' lang='grc' dir='ltr'>ιι.</span> <span class='ocrx_word' id='word_1_791' title='bbox 2372 5017 2423 5067; x_wconf 90' lang='lat'>7.</span> <span class='ocrx_word' id='word_1_792' title='bbox 2459 5013 2597 5068; x_wconf 91' lang='lat' dir='ltr'>Vide</span> <span class='ocrx_word' id='word_1_793' title='bbox 2631 5013 2854 5067; x_wconf 92' lang='lat' dir='ltr'>similia</span> <span class='ocrx_word' id='word_1_794' title='bbox 2883 5018 2995 5068; x_wconf 89' lang='lat' dir='ltr'>cat.</span> <span class='ocrx_word' id='word_1_795' title='bbox 3032 5013 3118 5080; x_wconf 90' lang='lat'>17,</span> <span class='ocrx_word' id='word_1_796' title='bbox 3151 5029 3316 5068; x_wconf 90' lang='lat' dir='ltr'>num.</span> <span class='ocrx_word' id='word_1_797' title='bbox 3353 5015 3441 5080; x_wconf 82' lang='lat'>37,</span> <span class='ocrx_word' id='word_1_798' title='bbox 3489 5012 3669 5068; x_wconf 87' lang='lat' dir='ltr'>Plura</span> 
     </span>
    </p>
   </div>
   <div class='ocr_carea' id='block_1_113' title="bbox 2007 5101 3668 5175">
    <p class='ocr_par' dir='ltr' id='par_1_113' title="bbox 2007 5101 3668 5175">
     <span class='ocr_line' id='line_1_113' title="bbox 2007 5101 3668 5175; baseline -0.001 -17"><span class='ocrx_word' id='word_1_799' title='bbox 2007 5104 2125 5159; x_wconf 90' lang='lat' dir='ltr'>alia</span> <span class='ocrx_word' id='word_1_800' title='bbox 2155 5103 2544 5175; x_wconf 66' lang='lat' dir='ltr'>praetermitto</span> <span class='ocrx_word' id='word_1_801' title='bbox 2597 5103 2818 5158; x_wconf 90' lang='lat' dir='ltr'>similia</span> <span class='ocrx_word' id='word_1_802' title='bbox 2861 5101 2932 5157; x_wconf 91' lang='lat' dir='ltr'>de</span> <span class='ocrx_word' id='word_1_803' title='bbox 2974 5102 3025 5155; x_wconf 91' lang='lat' dir='ltr'>vi</span> <span class='ocrx_word' id='word_1_804' title='bbox 3074 5103 3544 5158; x_wconf 91' lang='lat' dir='ltr'>exorcismorum</span> <span class='ocrx_word' id='word_1_805' title='bbox 3593 5101 3668 5157; x_wconf 90' lang='lat' dir='ltr'>ad</span> 
     </span>
    </p>
   </div>
   <div class='ocr_carea' id='block_1_114' title="bbox 2007 5191 3668 5266">
    <p class='ocr_par' dir='ltr' id='par_1_114' title="bbox 2007 5191 3668 5266">
     <span class='ocr_line' id='line_1_114' title="bbox 2007 5191 3668 5266; baseline -0.001 -18"><span class='ocrx_word' id='word_1_806' title='bbox 2007 5193 2269 5248; x_wconf 89' lang='lat' dir='ltr'>urendos</span> <span class='ocrx_word' id='word_1_807' title='bbox 2301 5199 2359 5249; x_wconf 92' lang='lat' dir='ltr'>et</span> <span class='ocrx_word' id='word_1_808' title='bbox 2389 5191 2737 5266; x_wconf 87' lang='lat' dir='ltr'>effugandos</span> <span class='ocrx_word' id='word_1_809' title='bbox 2777 5191 3103 5257; x_wconf 57' lang='lat' dir='ltr'>daemonas,</span> <span class='ocrx_word' id='word_1_810' title='bbox 3154 5198 3376 5265; x_wconf 89' lang='lat' dir='ltr'>procat.</span> <span class='ocrx_word' id='word_1_811' title='bbox 3414 5210 3579 5248; x_wconf 91' lang='lat' dir='ltr'>num.</span> <span class='ocrx_word' id='word_1_812' title='bbox 3613 5193 3668 5257; x_wconf 90' lang='lat'>9,</span> 
     </span>
    </p>
   </div>
   <div class='ocr_carea' id='block_1_115' title="bbox 2009 5281 3668 5355">
    <p class='ocr_par' dir='ltr' id='par_1_115' title="bbox 2009 5281 3668 5355">
     <span class='ocr_line' id='line_1_115' title="bbox 2009 5281 3668 5355; baseline -0.004 -14"><span class='ocrx_word' id='word_1_813' title='bbox 2009 5290 2120 5341; x_wconf 91' lang='lat' dir='ltr'>cat.</span> <span class='ocrx_word' id='word_1_814' title='bbox 2160 5286 2246 5351; x_wconf 89' lang='lat'>16,</span> <span class='ocrx_word' id='word_1_815' title='bbox 2281 5301 2340 5339; x_wconf 81' lang='grc' dir='ltr'>ιι.</span> <span class='ocrx_word' id='word_1_816' title='bbox 2378 5287 2463 5350; x_wconf 89' lang='lat'>19,</span> <span class='ocrx_word' id='word_1_817' title='bbox 2498 5288 2556 5337; x_wconf 94' lang='lat' dir='ltr'>et</span> <span class='ocrx_word' id='word_1_818' title='bbox 2585 5287 2696 5336; x_wconf 86' lang='lat' dir='ltr'>cat.</span> <span class='ocrx_word' id='word_1_819' title='bbox 2730 5285 2818 5350; x_wconf 85' lang='lat'>20,</span> <span class='ocrx_word' id='word_1_820' title='bbox 2852 5298 2912 5338; x_wconf 93' lang='lat' dir='ltr'>n.</span> <span class='ocrx_word' id='word_1_821' title='bbox 2959 5283 3013 5337; x_wconf 90' lang='lat'>3.</span> <span class='ocrx_word' id='word_1_822' title='bbox 3049 5283 3128 5338; x_wconf 89' lang='lat' dir='ltr'>De</span> <span class='ocrx_word' id='word_1_823' title='bbox 3172 5281 3406 5355; x_wconf 89' lang='lat' dir='ltr'>pompis</span> <span class='ocrx_word' id='word_1_824' title='bbox 3439 5284 3668 5337; x_wconf 68' lang='lat' dir='ltr'>Satanas</span> 
     </span>
    </p>
   </div>
   <div class='ocr_carea' id='block_1_116' title="bbox 2009 5370 3670 5444">
    <p class='ocr_par' dir='ltr' id='par_1_116' title="bbox 2009 5370 3670 5444">
     <span class='ocr_line' id='line_1_116' title="bbox 2009 5370 3670 5444; baseline -0.004 -15"><span class='ocrx_word' id='word_1_825' title='bbox 2009 5374 2305 5444; x_wconf 86' lang='lat' dir='ltr'>variisque</span> <span class='ocrx_word' id='word_1_826' title='bbox 2337 5370 2864 5443; x_wconf 88' lang='lat' dir='ltr'>superstitionibus</span> <span class='ocrx_word' id='word_1_827' title='bbox 2895 5377 3006 5426; x_wconf 88' lang='lat' dir='ltr'>cat.</span> <span class='ocrx_word' id='word_1_828' title='bbox 3042 5373 3095 5440; x_wconf 87' lang='lat'>4,</span> <span class='ocrx_word' id='word_1_829' title='bbox 3130 5389 3188 5427; x_wconf 94' lang='lat' dir='ltr'>n.</span> <span class='ocrx_word' id='word_1_830' title='bbox 3218 5372 3308 5440; x_wconf 90' lang='lat'>37,</span> <span class='ocrx_word' id='word_1_831' title='bbox 3344 5377 3402 5426; x_wconf 92' lang='lat' dir='ltr'>et</span> <span class='ocrx_word' id='word_1_832' title='bbox 3431 5377 3542 5425; x_wconf 91' lang='lat' dir='ltr'>cat.</span> <span class='ocrx_word' id='word_1_833' title='bbox 3581 5371 3670 5436; x_wconf 88' lang='lat'>19,</span> 
     </span>
    </p>
   </div>
   <div class='ocr_carea' id='block_1_117' title="bbox 2009 5460 3672 5532">
    <p class='ocr_par' dir='ltr' id='par_1_117' title="bbox 2009 5460 3672 5532">
     <span class='ocr_line' id='line_1_117' title="bbox 2009 5460 3672 5532; baseline -0.006 -12"><span class='ocrx_word' id='word_1_834' title='bbox 2009 5482 2178 5520; x_wconf 90' lang='lat' dir='ltr'>num.</span> <span class='ocrx_word' id='word_1_835' title='bbox 2213 5466 2266 5532; x_wconf 89' lang='lat'>6,</span> <span class='ocrx_word' id='word_1_836' title='bbox 2300 5465 2352 5517; x_wconf 91' lang='lat'>8.</span> <span class='ocrx_word' id='word_1_837' title='bbox 2382 5464 2462 5518; x_wconf 89' lang='lat' dir='ltr'>De</span> <span class='ocrx_word' id='word_1_838' title='bbox 2497 5460 2643 5516; x_wconf 88' lang='lat' dir='ltr'>cibis</span> <span class='ocrx_word' id='word_1_839' title='bbox 2673 5461 3021 5528; x_wconf 89' lang='lat' dir='ltr'>immolatis,</span> <span class='ocrx_word' id='word_1_840' title='bbox 3047 5467 3160 5517; x_wconf 91' lang='lat' dir='ltr'>cat.</span> <span class='ocrx_word' id='word_1_841' title='bbox 3195 5463 3249 5528; x_wconf 92' lang='lat'>3,</span> <span class='ocrx_word' id='word_1_842' title='bbox 3279 5478 3338 5515; x_wconf 82' lang='grc' dir='ltr'>[ι.</span> <span class='ocrx_word' id='word_1_843' title='bbox 3369 5463 3422 5527; x_wconf 91' lang='lat'>3,</span> <span class='ocrx_word' id='word_1_844' title='bbox 3458 5475 3526 5514; x_wconf 92' lang='lat' dir='ltr'>ac</span> <span class='ocrx_word' id='word_1_845' title='bbox 3557 5461 3672 5513; x_wconf 90' lang='lat' dir='ltr'>cat.</span> 
     </span>
    </p>
   </div>
   <div class='ocr_carea' id='block_1_118' title="bbox 2011 5546 3675 5622">
    <p class='ocr_par' dir='ltr' id='par_1_118' title="bbox 2011 5546 3675 5622">
     <span class='ocr_line' id='line_1_118' title="bbox 2011 5546 3675 5622; baseline -0.007 -12"><span class='ocrx_word' id='word_1_846' title='bbox 2011 5557 2065 5622; x_wconf 86' lang='lat'>4,</span> <span class='ocrx_word' id='word_1_847' title='bbox 2099 5569 2266 5621; x_wconf 90' lang='lat' dir='ltr'>num,</span> <span class='ocrx_word' id='word_1_848' title='bbox 2298 5554 2388 5618; x_wconf 91' lang='grc'><strong>28,</strong></span> <span class='ocrx_word' id='word_1_849' title='bbox 2422 5556 2479 5605; x_wconf 91' lang='lat' dir='ltr'>et</span> <span class='ocrx_word' id='word_1_850' title='bbox 2509 5555 2620 5605; x_wconf 90' lang='lat' dir='ltr'>cat.</span> <span class='ocrx_word' id='word_1_851' title='bbox 2658 5553 2745 5618; x_wconf 88' lang='lat'>19,</span> <span class='ocrx_word' id='word_1_852' title='bbox 2777 5567 2836 5606; x_wconf 88' lang='grc' dir='ltr'>ιι.</span> <span class='ocrx_word' id='word_1_853' title='bbox 2869 5552 2922 5605; x_wconf 93' lang='lat'>7.</span> <span class='ocrx_word' id='word_1_854' title='bbox 2959 5551 3038 5606; x_wconf 90' lang='lat' dir='ltr'>De</span> <span class='ocrx_word' id='word_1_855' title='bbox 3067 5551 3460 5606; x_wconf 89' lang='lat' dir='ltr'>tumulatione</span> <span class='ocrx_word' id='word_1_856' title='bbox 3501 5546 3675 5602; x_wconf 89' lang='lat' dir='ltr'>Chri-</span> 
     </span>
    </p>
   </div>
   <div class='ocr_carea' id='block_1_119' title="bbox 2013 5635 3674 5714">
    <p class='ocr_par' dir='ltr' id='par_1_119' title="bbox 2013 5635 3674 5714">
     <span class='ocr_line' id='line_1_119' title="bbox 2013 5635 3674 5714; baseline -0.008 -15"><span class='ocrx_word' id='word_1_857' title='bbox 2013 5644 2106 5712; x_wconf 91' lang='lat' dir='ltr'>sti,</span> <span class='ocrx_word' id='word_1_858' title='bbox 2129 5660 2309 5714; x_wconf 90' lang='lat' dir='ltr'>quam</span> <span class='ocrx_word' id='word_1_859' title='bbox 2342 5640 2604 5713; x_wconf 88' lang='lat' dir='ltr'>appellat</span> <span class='ocrx_word' id='word_1_860' title='bbox 2637 5640 3070 5711; x_wconf 84' lang='lat' dir='ltr'>plantationem</span> <span class='ocrx_word' id='word_1_861' title='bbox 3098 5657 3249 5696; x_wconf 72' lang='lat' dir='ltr'>verm</span> <span class='ocrx_word' id='word_1_862' title='bbox 3275 5639 3408 5694; x_wconf 89' lang='lat' dir='ltr'>vitis</span> <span class='ocrx_word' id='word_1_863' title='bbox 3441 5641 3553 5691; x_wconf 90' lang='lat' dir='ltr'>cat.</span> <span class='ocrx_word' id='word_1_864' title='bbox 3586 5635 3674 5698; x_wconf 91' lang='lat'>13,</span> 
     </span>
    </p>
   </div>
   <div class='ocr_carea' id='block_1_120' title="bbox 2015 5724 3676 5799">
    <p class='ocr_par' dir='ltr' id='par_1_120' title="bbox 2015 5724 3676 5799">
     <span class='ocr_line' id='line_1_120' title="bbox 2015 5724 3676 5799; baseline -0.009 -12"><span class='ocrx_word' id='word_1_865' title='bbox 2015 5750 2075 5787; x_wconf 90' lang='lat' dir='ltr'>n.</span> <span class='ocrx_word' id='word_1_866' title='bbox 2109 5734 2198 5799; x_wconf 75' lang='lat'>33,</span> <span class='ocrx_word' id='word_1_867' title='bbox 2223 5737 2284 5787; x_wconf 90' lang='lat' dir='ltr'>et</span> <span class='ocrx_word' id='word_1_868' title='bbox 2312 5736 2424 5785; x_wconf 79' lang='lat' dir='ltr'>cat.</span> <span class='ocrx_word' id='word_1_869' title='bbox 2463 5730 2549 5798; x_wconf 86' lang='lat'>14,</span> <span class='ocrx_word' id='word_1_870' title='bbox 2581 5746 2748 5786; x_wconf 91' lang='lat' dir='ltr'>num.</span> <span class='ocrx_word' id='word_1_871' title='bbox 2774 5731 2862 5799; x_wconf 90' lang='lat'>11,</span> <span class='ocrx_word' id='word_1_872' title='bbox 2896 5730 2982 5786; x_wconf 89' lang='lat' dir='ltr'>uti</span> <span class='ocrx_word' id='word_1_873' title='bbox 3015 5735 3130 5789; x_wconf 90' lang='lat' dir='ltr'>cat.</span> <span class='ocrx_word' id='word_1_874' title='bbox 3163 5733 3252 5798; x_wconf 88' lang='lat'>20,</span> <span class='ocrx_word' id='word_1_875' title='bbox 3287 5743 3348 5784; x_wconf 86' lang='grc' dir='ltr'>ιι.</span> <span class='ocrx_word' id='word_1_876' title='bbox 3381 5730 3434 5779; x_wconf 90' lang='lat'>7.</span> <span class='ocrx_word' id='word_1_877' title='bbox 3457 5724 3676 5788; x_wconf 87' lang='lat' dir='ltr'>Quarto</span> 
     </span>
    </p>
   </div>
   <div class='ocr_carea' id='block_1_121' title="bbox 3327 5847 3363 5902">
    <p class='ocr_par' dir='ltr' id='par_1_121' title="bbox 3327 5847 3363 5902">
     <span class='ocr_line' id='line_1_121' title="bbox 3327 5847 3363 5902; baseline 0 0"><span class='ocrx_word' id='word_1_878' title='bbox 3327 5847 3363 5902; x_wconf 83' lang='lat'><strong>5</strong></span> 
     </span>
    </p>
   </div>
  </div>
