4052 6384
426 419 541 478 139

1512 409 1616 470 DE
1655 399 2243 470 CATECHESIBUS
2281 399 2350 461 8.
2393 344 2734 462 CXBILliI.
3693 399 3788 462 110

425 552 672 609 tandem
694 549 902 608 eadem
917 553 1006 604 est
1022 548 1084 604 in
1099 545 1378 605 omnibus
1390 537 2080 618 stylisimplicitas,idem
2104 535 2159 606 Α
2191 533 2275 592 Io
2307 534 2520 594 Joanni
2557 532 2824 593 secundo
2843 533 3160 603 tribuatur,
3177 531 3374 591 obstat
3389 531 3788 606 primumlitur-

429 643 717 699 orationis
741 640 923 708 color,
949 639 1132 696 nullas
1155 639 1380 712 figuras,
1405 633 1895 703 exclamationes,
1923 627 2081 686 anti-

428 735 649 799 theses,
672 729 1304 805 apostrophmsimiles
1333 727 1556 801 passim
1572 722 1943 787 locutiones;
1969 717 2079 776 ali-

427 829 573 894 quot
595 821 867 893 exempla
887 819 1060 876 dabo.
1085 820 1208 875 Cat.
1240 820 1327 889 19,
1353 830 1521 872 num.
1539 817 1594 882 2,
1615 808 1949 884 baptisterii
1980 823 2076 863 ve-

429 913 717 967 stibulum
747 917 932 982 vocat,
963 906 1264 984 προαύλιον
1307 908 1406 961 τοῦ
1459 899 1860 978 βαπτιστηρῐου
1907 897 2076 952 οἶκονο

427 1008 651 1074 procat.
671 1019 835 1058 num.
863 1005 913 1070 1,
934 997 1203 1075 πρόαυλιν
1217 999 1325 1052 τῶν
1353 991 1804 1071 βασιλείων.(]δῑ.
1825 989 1914 1058 19,
1933 1003 1996 1044 ιι.
2021 987 2075 1044 8.

431 1093 502 1149 de
533 1093 768 1148 diabolo
803 1092 916 1147 sibi
949 1090 1248 1163 subjectos
1278 1084 1736 1158 complectente,
1767 1079 1845 1142 ὡς
1873 1075 2076 1132 οἰκεῖον

421 1185 794 1255 περιέποντος*
830 1187 890 1237 et
918 1185 1030 1236 cat.
1063 1183 1115 1248 1,
1134 1195 1194 1234 n.
1215 1180 1267 1247 3,
1309 1176 1382 1232 de
1409 1173 1636 1248 angelis
1650 1172 1848 1244 justas
1879 1169 2078 1255 prote-

422 1253 720 1345 gentibus,
737 1271 790 1325 οἱ
805 1267 863 1324 δὲ
881 1269 1235 1346 περιέπουσιν
1259 1265 1336 1328 ὡς
1357 1263 1578 1321 οἰκεῖοι.
1600 1262 1819 1330 Cat.19,
1840 1275 1903 1315 ιι.
1929 1257 1982 1327 1,
2003 1253 2078 1313 de

421 1363 703 1436 baptismi
735 1361 1127 1429 caeremoniis,
1153 1365 1211 1417 et
1229 1353 1566 1415 consecutis
1583 1369 1651 1409 eo
1681 1355 1950 1423 tempore
1970 1346 2077 1404 do-

424 1455 540 1521 nis,
573 1453 658 1510 ait
681 1453 780 1521 τὴν
813 1450 1042 1527 ἔμφασιν
1077 1450 1176 1518 τήν
1222 1447 1359 1524 πρὸς
1409 1445 1551 1518 ὑμᾶς
1580 1438 1969 1520 γεγενημένην,
2020 1440 2082 1492 et

423 1549 648 1616 procat.
681 1560 740 1598 ιι.
777 1547 862 1611 15,
897 1535 1106 1610 λάϐητι
1133 1536 1407 1614 ἐνέργειαν
1426 1532 1584 1590 θείων
1603 1529 1961 1616 πραγμᾴτων.
1995 1527 2076 1584 De

422 1615 796 1689 Eucharistia
823 1638 936 1689 cat.
968 1635 1060 1699 22,
1090 1648 1152 1686 n.
1185 1631 1240 1695 3,
1275 1626 1326 1682 ὲν
1363 1623 1522 1698 τύπῳ
1551 1623 1718 1698 ἄρτου
1749 1615 1961 1675 δίδοται
1991 1634 2077 1671 σοι

421 1721 484 1776 τὸ
514 1725 694 1794 σῶμα·
728 1727 840 1778 cat.
876 1723 967 1790 13,
997 1737 1058 1776 n.
1091 1723 1178 1791 19,
1208 1717 1273 1773 τὸ
1303 1719 1464 1790 σῶμα
1509 1713 1675 1768 αὐτοῦ
1695 1708 1866 1766 τύπον
1889 1701 2075 1786 {ospes

424 1807 610 1886 ἄρτου-
645 1819 758 1868 cat.
783 1813 871 1880 23,
905 1829 965 1868 n.
990 1813 1078 1880 22,
1112 1808 1177 1863 οὗ
1198 1803 1398 1878 πολλῷ
1418 1801 1633 1878 μᾶλλον
1656 1796 2075 1874 ἁσφαλὲστιρον.

2190 625 2299 700 εἱω
2329 625 2392 682 in
2441 625 2736 683 catechesi
2761 625 2838 680 23
2875 625 3191 698 descripta
3237 623 3597 696 simplicitas,
3640 639 3790 696 quam

2191 715 2410 774 sucula
2442 722 2608 773 sexto
2637 720 2872 773 constat
2890 715 3243 788 ampliorem
3264 713 3449 770 multo
3469 730 3533 770 ac
3555 712 3793 786 prolixio-

2188 821 2318 864 rem
2343 807 2664 863 exstitisse.
2692 807 2761 863 ln
2786 804 3354 864 commemoratione
3373 808 3716 860 mortuorum
3739 819 3790 859 ιι.

2187 899 2242 966 9,
2275 897 2345 954 ﬁt
2373 897 2570 955 solum
2601 897 2826 955 mentio
2856 897 3312 971 episcoporum;
3345 893 3602 950 nondum
3637 892 3794 948 intro-

2188 985 2384 1044 ductis
2399 987 2462 1044 in
2484 988 2786 1059 liturgiam
2807 987 3394 1060 archiepiscoporum
3409 983 3793 1056 etpatriarcha-

2187 1093 2322 1135 rum
2352 1078 2720 1136 nominibus.
2752 1078 2959 1136 Obstat
3005 1078 3187 1135 etiam
3217 1075 3488 1150 publicus
3515 1072 3611 1130 ille
3638 1071 3798 1129 idolo-

2186 1167 2377 1224 latria;
2407 1167 2624 1238 cultus,
2657 1173 2984 1226 conventus
3015 1167 3105 1224 illi
3133 1181 3206 1224 ac
3237 1169 3528 1222 mercatus
3555 1163 3612 1218 in
3639 1161 3796 1218 idolo-

2187 1273 2322 1314 rum
2343 1257 2826 1316 solemnitatibus
2849 1275 2865 1328 ;
2905 1262 3032 1326 aut,
3054 1262 3122 1313 ut
3142 1255 3204 1313 in
3224 1253 3508 1313 nonnulis
3535 1249 3798 1309 codicibus

2186 1346 2426 1422 legitur,
2455 1349 2515 1404 in
2543 1349 2821 1405 idolorum
2849 1346 3082 1404 delubro
3126 1352 3181 1404 et
3209 1344 3664 1410 solemnitatibm;
3690 1355 3796 1397 sus-

2193 1455 2518 1512 pensaque
2545 1439 2769 1497 ibidem
2785 1455 3231 1514 carnes,panes,
3249 1437 3662 1508 esculentaque
3674 1431 3773 1490 alia
3788 1449 3801 1501 ;

2189 1527 2262 1585 de
2288 1529 2509 1602 quibus
2537 1531 2608 1588 ﬁt
2635 1530 2864 1588 mentio
2895 1534 3010 1588 cat.
3047 1533 3135 1599 19,
3167 1532 3409 1595 ιιιιιιι.7,
3432 1525 3639 1584 saeculo
3665 1523 3800 1580 enim

2187 1626 2354 1677 sexto
2382 1621 2553 1678 nulla
2581 1621 2712 1695 ejus
2739 1621 2827 1678 rei
2875 1621 3123 1696 vestigia
3159 1621 3584 1677 remanserant.
3613 1612 3801 1671 Eadem

2185 1710 2338 1767 ratio
2365 1710 2511 1769 facit
2537 1727 2615 1770 ne
2639 1711 2856 1769 Joanni
2885 1712 3068 1769 etiam
3097 1709 3370 1784 proximo
3387 1705 3799 1782 Cyrillisucces-

2187 1801 2308 1857 sori
2357 1802 2597 1874 possint
2641 1801 2825 1860 tribui
2869 1801 3233 1859 catecheses.
3294 1801 3447 1857 Num
3493 1797 3645 1854 enim
3685 1793 3802 1850 talia

425 1902 644 1958 Eadem
685 1901 905 1958 locutio
955 1899 1176 1973 passim
1203 1899 1268 1954 in
1317 1893 1616 1970 prioribus
1669 1888 2079 1949 catechesibus
2111 1889 2159 1958 Β
2187 1896 2325 1964 post
2353 1907 2581 1950 annum
2611 1893 2716 1950 386
2744 1891 3037 1950 auderent
3067 1891 3366 1949 idolorum
3409 1887 3675 1954 cultores,
3699 1899 3802 1940 me-

427 1991 720 2046 occurrit:
749 1995 859 2046 cat.
893 1991 980 2057 12,
1007 2005 1066 2044 n.
1100 1989 1188 2058 28,
1215 1989 1376 2040 ποῖον
1403 1978 1618 2057 μᾶλλόν
1649 1977 1762 2034 tm
1794 1973 2080 2033 δυσκολώ-

423 2095 600 2153 τερον·
633 2084 742 2136 cat.
777 2081 830 2147 4,
864 2097 923 2135 ιι.
958 2079 1048 2149 30,
1097 2075 1160 2132 οὗ
1189 2073 1391 2146 πολλῳ
1441 2069 1666 2146 μᾶλλον
1709 2066 1800 2124 καὶ
1829 2062 2078 2123 εὐκοπώ-

422 2188 600 2244 τερον.
631 2170 940 2224 Dmmones
970 2171 1139 2224 vocat
1167 2170 1282 2222 cat.
1312 2165 1405 2232 20,
1437 2177 1606 2219 num.
1640 2161 1694 2232 3,
1725 2158 1863 2216 Hah’
1895 2158 2083 2214 uirtu-

426 2265 527 2328 tes,
557 2257 654 2311 τοῦ
707 2260 962 2330 Πονηροῦ
993 2252 1274 2328 δυνάμεις·
1305 2259 1418 2311 cat.
1453 2255 1545 2320 17,
1574 2269 1638 2309 ιι,
1670 2251 1760 2320 30,
1789 2249 1928 2308 καις
1954 2249 2080 2320 φῖ.

423 2351 588 2418 ritus,
620 2345 690 2400 τὰ
715 2349 812 2399 τοῦ
843 2348 1100 2420 Πονηροῦ
1147 2343 1450 2416 πνεύματα·
1494 2347 1610 2399 cat.
1659 2341 1750 2409 29,
1781 2355 1847 2396 ιι.
1879 2341 1938 2404 2,
1973 2337 2082 2394 ad-

421 2440 693 2494 versarias
716 2437 968 2508 virtutes,
993 2435 1048 2489 al
1076 2432 1444 2506 ἀντικείμεναι
1466 2428 1746 2505 δυνάμειςο
1777 2427 2082 2486 diabolum

421 2544 580 2593 vero,
613 2532 726 2582 cat.
764 2530 850 2594 15,
882 2543 943 2582 n.
975 2529 1066 2598 22,
1085 2525 1457 2581 adversariam
1467 2526 1820 2595 potestatem,
1853 2513 2083 2591 δύναμις

423 2614 652 2672 ἐναντία.
683 2615 996 2672 Diabolum
1021 2621 1080 2671 et
1109 2615 1414 2671 daemones
1448 2617 1618 2669 vocat
1663 2615 1778 2668 cat.
1805 2609 1898 2677 20,
1930 2625 1991 2665 ιι.
2025 2608 2082 2680 3,

429 2705 810 2778 ἀντικειμένην
835 2702 1119 2781 ἐνέργειαν,
1155 2709 1214 2760 et
1237 2709 1462 2777 procat.
1494 2720 1557 2758 ιι.
1592 2704 1680 2770 10,
1709 2698 1805 2762 τὰς
1846 2697 2083 2752 ἀντικει-

429 2796 592 2868 μένας
613 2794 903 2872 ἐνεργείας.
936 2795 1144 2851 Plures
1175 2793 1324 2851 alias
1355 2792 1574 2867 Cyrillo
1604 2789 1930 2848 familiares
1959 2787 2086 2845 col-

423 2887 606 2959 ligere
640 2903 878 2959 possem
926 2885 1282 2953 locutiones,
1325 2900 1456 2956 quas
1493 2883 1558 2938 in
1605 2881 1876 2952 utrisque
1925 2881 2086 2936 cate-

426 2979 703 3034 chesibus
747 2981 1088 3034 occurrunt.
1142 2976 1243 3032 His
1291 2972 1529 3032 abunde
1579 2972 1897 3046 probatum
1939 2973 2084 3044 puto

427 3069 707 3124 eumdem
733 3074 1123 3139 utrarumque
1155 3066 1548 3122 catecheseon
1579 3067 1885 3120 auctorem
1914 3076 2084 3118 esse:

425 3159 568 3231 quid
600 3157 887 3230 objiciunt
915 3155 1238 3214 adversarii
1267 3171 1431 3211 nunc
1461 3151 1940 3227 expendendum.

2187 1981 2303 2038 rito
2325 1981 2650 2041 dubitatur.
2675 1983 2894 2052 Tertio,
2916 1983 3078 2056 quod
3109 1981 3158 2039 si
3180 1980 3642 2039 concesserimus
3655 1977 3800 2033 Joan-

2188 2087 2329 2129 nem
2354 2073 2516 2130 hunc
2527 2090 2734 2132 earum
2759 2073 3150 2132 catecheseon
3171 2077 3472 2130 auctorem
3487 2085 3630 2137 esse,
3643 2063 3800 2124 nihilo

2189 2163 2392 2221 minor
2419 2163 2484 2221 in
2527 2163 2951 2221 controversiis
3005 2162 3228 2220 nostris
3274 2176 3478 2220 earum
3521 2159 3707 2215 futura
3727 2158 3802 2210 est

2191 2255 2537 2324 auctoritas,
2567 2253 2778 2312 eadem
2805 2269 2961 2327 pene
2990 2253 3370 2326 antiquitate.
3401 2249 3512 2308 Sed
3537 2255 3602 2306 ut
3617 2244 3802 2321 Cyrillo

2191 2345 2548 2418 praeclarum
2577 2359 2729 2418 opus
2757 2343 3066 2417 eripiatur,
3097 2359 3222 2400 non
3249 2341 3410 2416 cogit
3431 2339 3604 2398 unius
3618 2333 3804 2394 codicis

2193 2435 2556 2502 auctoritas;
2614 2433 2856 2490 obstant
2900 2437 3112 2490 contra
3167 2431 3442 2489 adducta:
3489 2427 3740 2502 superius
3779 2438 3807 2479 a
3905 2421 3912 2431 '

2193 2524 2368 2582 nobis
2411 2523 2828 2582 ineluctabiles
2878 2541 2987 2598 pro
3033 2522 3214 2582 unico
3257 2524 3530 2580 omnium
3576 2515 3806 2577 cateche-

2195 2631 2342 2672 seon
2372 2620 2615 2672 auctore
2643 2615 2932 2671 rationes.

2268 2709 2356 2764 19.
2385 2704 2518 2762 Alia
2535 2704 2724 2762 Riveti
2746 2708 3097 2779 argumenta
3111 2708 3272 2771 sunt,
3294 2702 3455 2777 quod
3483 2719 3518 2760 a
3551 2695 3808 2758 veteribus

2196 2811 2319 2852 non
2348 2797 2610 2852 citentur
2635 2795 3071 2869 mystagogico.
3111 2792 3359 2852 Falsum
3407 2791 3468 2850 id
3496 2796 3555 2849 et
3575 2786 3811 2862 imperite

2198 2891 2796 2953 assertum,veterum
2816 2883 3161 2942 testimonia
3181 2882 3566 2958 producendo
3586 2874 3812 2938 ostendi-

2197 2993 2365 3034 mus:
2392 2998 2422 3028 ‹‹
2443 2975 2610 3044 Quod
2639 2975 2982 3033 catecheses
3011 2973 3548 3032 illuminandon
3575 2987 3643 3029 ex
3664 2964 3812 3024 variis

2200 3087 2234 3123 ιι
2251 3066 2571 3140 Scriptura
2590 3065 2742 3124 locis
2757 3065 2929 3138 quasi
2951 3069 3238 3122 centones
3257 3064 3388 3121 sint
3409 3067 3680 3128 consum,
3697 3054 3813 3113 etin

2203 3179 2228 3214 ι
2244 3157 2426 3215 rebus
2437 3155 2618 3214 etiam
2629 3171 2753 3213 non
2763 3155 3120 3212 necessariis
3133 3154 3207 3212 ad
3219 3169 3512 3212 nauseam
3523 3165 3697 3224 usque
3706 3160 3816 3221 pro-
3933 3165 3935 3236 ς

509 3247 891 3338 18.APalmare
933 3246 1092 3316 Coci,
1135 3245 1325 3338 liiveti
1361 3248 1419 3300 et
1445 3241 1737 3300 Albertini
1767 3257 2086 3338 argumen-
2113 3267 2163 3338 α
2204 3271 2226 3300 ι
2253 3248 2408 3316 lum,
2430 3245 2997 3321 mystagogicmvem
3010 3243 3074 3302 in
3089 3243 3270 3302 rebus
3291 3237 3814 3336 arduis,magnis,et

425 3344 550 3392 tum
584 3335 918 3393 desumitur
947 3353 1018 3392 ex
1049 3335 1252 3391 codice
1299 3337 1664 3407 Augustano,
1717 3332 1819 3405 qui
1861 3336 2088 3404 mysta-

427 3428 662 3501 gogicas
702 3428 966 3499 quinque
1017 3425 1360 3482 catecheses
1403 3439 1526 3480 non
1582 3422 1822 3496 Cyrillo,
1873 3421 2087 3495 [CVIII]

428 3517 532 3572 sed
553 3518 762 3573 Joanni
783 3515 1280 3589 Jerosolymitano
1304 3515 1583 3588 episcopo
1607 3511 1836 3570 tribuit.
1861 3511 2086 3579 Quibus

425 3607 608 3662 etiam
637 3607 748 3662 hoc
771 3605 922 3662 addo
945 3605 1294 3673 liberaliter,
1320 3604 1381 3659 in
1412 3601 1606 3660 Ottob.
1641 3599 1845 3660 codice
1873 3601 2084 3658 ambo-

424 3695 537 3752 bus
565 3697 916 3770 adjudicari,
943 3701 1002 3752 et
1020 3693 1232 3766 Cyrillo
1261 3699 1314 3751 et
1339 3695 1564 3750 Joanni.
1597 3690 1710 3748 Sed
1741 3709 1877 3764 quas
1901 3692 2086 3748 unius

428 3789 670 3856 codicis,
695 3787 1010 3843 alteriusve
1041 3785 1386 3855 auctoritas,
1421 3783 1702 3840 adversus
1733 3787 2086 3840 ceterorum

429 3879 699 3934 omnium
723 3893 1105 3945 consensum,
1127 3881 1516 3948 veterumque
1538 3878 1849 3930 auctorum
1871 3875 2088 3930 suifra-

430 3968 612 4040 gium,
638 3973 694 4022 et
738 3971 972 4038 sumpta
1009 3983 1081 4022 ex
1100 3967 1232 4039 ipsa
1258 3981 1322 4020 re
1344 3963 1740 4038 argumenta?
1768 3964 1932 4036 atqui
1961 3963 2086 4037 pri-

431 4075 528 4111 mo
559 4056 699 4111 inde
731 4062 981 4124 constat,
1013 4071 1137 4110 non
1174 4055 1360 4126 ignoti
1403 4053 1664 4110 auctoris
1690 4059 1928 4110 nostras
1955 4069 2087 4110 esse

433 4147 798 4214 catecheses,
833 4145 936 4202 sed
983 4143 1463 4217 Jerosolymitani
1512 4143 1768 4217 alicujus
1800 4145 2084 4219 episcOpi,

429 4239 781 4310 Quanquam
796 4235 1018 4308 alioqui
1033 4235 1176 4291 satis
1193 4241 1425 4292 constet
1437 4250 1507 4290 ex
1517 4234 1664 4307 ipsis
1675 4235 2087 4293 catechesibus

430 4344 530 4384 eas
572 4327 958 4400 Jerosolymis
1001 4325 1225 4382 dictas:
1275 4341 1412 4381 cum
1459 4341 1532 4380 ex
1563 4323 1788 4382 diserta
1824 4326 2086 4384 auctoris

430 4417 894 4486 asseveratione,
915 4421 1026 4472 cat.
1053 4419 1141 4485 20,
1165 4433 1226 4472 n.
1247 4419 1302 4484 7,
1324 4414 1624 4472 Christum
1646 4431 1714 4471 eo
1735 4415 1864 4489 ipso
1881 4416 1946 4472 in
1967 4433 2084 4489 quo

431 4507 666 4564 dicebat
720 4507 850 4564 loco
914 4507 1214 4579 sepultum
1267 4505 1564 4575 testantis,
1623 4503 1845 4560 ἐνταῦτα
1912 4503 2087 4580 πεφό-

427 4616 611 4652 τευται
646 4597 681 4666 ἡ
715 4591 965 4670 ἄμπελος
997 4597 1032 4665 ἠ
1067 4593 1331 4666 ἀληθινή,
1363 4599 1422 4652 et
1449 4595 1686 4652 Domini
1725 4611 2088 4654 monumen-

439 4643 611 4652 --πη
654 4643 681 4666 .,
717 4643 964 4670 Ἵππη,
1005 4643 1032 4665 .,
1069 4643 1331 4666 mw---”
1367 4643 1421 4652 ν-
1449 4643 1686 4652 --...-..-
1725 4643 2056 4654 ..-η-...ν-

431 4693 557 4743 tum
587 4705 787 4744 coram
834 4687 1097 4760 positum
1144 4685 1343 4744 indice
1392 4685 1884 4758 demonstrantis,
1935 4687 2080 4745 ibid.
2113 4643 2164 4710 Β

405 4778 593 4835 Ἰιιιῐιι.
647 4781 701 4848 4,
755 4776 860 4832 ἀπὸ
891 4778 1124 4852 σταυροῦ
1165 4774 1254 4831 ἐπὶ
1299 4775 1365 4830 τὸ
1419 4773 1782 4850 προκείμενον
1843 4778 2086 4850 μνῆμαι

431 4874 553 4925 tum
588 4886 657 4924 ex
689 4869 781 4924 his
813 4867 1009 4924 verbis
1039 4865 1329 4923 brevioris
1361 4865 1615 4938 symboli
1647 4870 1762 4924 cat.
1797 4867 1885 4936 19,
1916 4881 2085 4926 num.

426 4961 479 5025 9,
508 4961 576 5013 Et
604 4961 664 5014 in
704 4974 876 5013 unum
925 4959 1199 5028 baptisma
1230 4953 1577 5026 paenitentiae
1596 4973 1620 5021 ;
1667 4971 1802 5028 quae
1846 4955 2089 5030 propria

425 5048 704 5102 Ecclesiae
724 5046 1240 5119 Jerosolymitanae
1263 5044 1443 5116 hujus
1466 5043 1703 5101 articuli
1729 5046 2082 5104 enuntiatio.

428 5136 722 5203 Secundo,
755 5152 892 5191 cum
923 5137 1125 5208 plures
1145 5133 1532 5206 Jerosolymis
1563 5133 1829 5192 sederint
1844 5137 2085 5193 antisti.

427 5229 514 5280 tes
535 5225 777 5281 Joannis
799 5225 1063 5296 nomine,
1095 5241 1218 5281 non
1251 5225 1314 5280 in
1331 5239 1518 5280 unum
1535 5223 1800 5297 aliquem
1829 5241 1860 5282 e
1885 5231 2088 5300 poste-

427 5314 688 5370 rioribus
719 5314 976 5369 conferri
1015 5319 1268 5385 possunt
1314 5319 1533 5371 nostrae
1570 5313 1952 5384 catecheses;
1981 5315 2088 5374 sed

426 5404 600 5459 autin
622 5405 912 5460 Joannem
929 5401 1193 5476 primum
1218 5403 1421 5476 Cyrilli
1443 5403 1633 5459 nostri
1655 5419 2086 5476 successorem,

425 5500 528 5548 aut
557 5495 618 5549 in
649 5495 940 5550 Joannem
972 5493 1302 5550 secundum
1333 5494 1436 5566 qui
1461 5499 1597 5567 post
1623 5493 1815 5551 Eliam
1841 5493 2090 5554 sedebat

425 5600 583 5640 anno
616 5587 721 5640 514
751 5590 888 5640 ante
918 5585 1198 5654 Petrum;
1247 5600 1389 5640 nam
1433 5585 1691 5640 Joannes
1743 5585 1955 5642 tertius
1985 5586 2088 5660 qui

429 5672 536 5730 sub
561 5674 691 5748 ejus
713 5673 918 5733 saeculi
939 5674 1123 5731 ﬁnem
1148 5672 1398 5744 vivebat,
1435 5673 1732 5732 Eustratio
1770 5676 2088 5750 posterior,

427 5763 588 5823 citati
619 5765 692 5822 ab
740 5763 1036 5822 Eustratio
1083 5763 1281 5838 operis
1313 5768 1521 5822 auctor
1547 5779 1680 5822 esse
1710 5781 1837 5824 non
1867 5773 2086 5841 potest.

2197 3359 2227 3390 α
2248 3353 2371 3394 non
2388 3337 2474 3394 ita
2488 3335 2658 3412 vulgo
2671 3335 2832 3394 notis
2844 3334 3666 3409 brevissimm;Scripturarum
3678 3323 3814 3383 testi-

2196 3450 2226 3482 α
2239 3429 2461 3486 moniis
2479 3428 2546 3486 in
2570 3427 2874 3502 plerisque
2895 3427 3020 3484 suis
3048 3426 3488 3485 assertionibus
3509 3421 3812 3482 destituta;

2193 3541 2224 3572 α
2239 3535 2388 3610 quas
2403 3518 2452 3575 si
2464 3517 2789 3610 aliquando
2802 3517 3182 3591 usurpant,id
3192 3516 3548 3590 plerumque
3561 3513 3625 3570 ﬁt
3633 3507 3816 3610 ridicu-

2197 3631 2222 3661 ι
2245 3609 2324 3666 le.
2340 3632 2370 3660 »
2391 3607 2552 3666 Nihil
2563 3607 2638 3665 de
2653 3607 2922 3681 priorum
2935 3606 3333 3664 catecheseon
3344 3605 3673 3682 prolixitate
3683 3595 3813 3653 dico:

2194 3716 2448 3774 quarum
2460 3713 2614 3774 pene
2627 3696 2878 3772 singulm
2890 3701 3314 3766 argumentum
3333 3697 3637 3755 continent
3658 3683 3816 3774 pluri-

2191 3773 2306 3846 bus
2319 3773 2479 3864 smpe
2488 3785 3132 3863 libris,grandibusque
3151 3785 3619 3851 voluminibus,a
3629 3773 3816 3864 sanclig
3931 3777 3936 3810 λ

2193 3860 2469 3936 Patribus
2499 3860 2816 3936 tractatum
2847 3883 2907 3934 et
2936 3878 3296 3952 expositum,
3322 3887 3658 3950 quanquam
3677 3860 3814 3938 [CIX]
3933 3865 3936 3901 ί

2196 3975 2434 4027 exstant
2479 3967 2684 4026 multa
2726 3969 2931 4042 quavis
2977 3967 3385 4041 mystagogica
3424 3963 3728 4025 breviores,
3763 3955 3818 4042 ut

2194 4065 2308 4118 cat.
2341 4063 2366 4116 1
2401 4065 2462 4116 et
2489 4062 2544 4130 8,
2574 4076 2651 4117 ne
2682 4041 2827 4133 quid
2852 4059 3049 4116 dicam
3079 4056 3153 4114 de
3184 4057 3382 4127 tertia,
3415 4055 3638 4128 quinta,
3662 4041 3814 4118 septi-
3934 4061 3935 4070 ι

2192 4167 2312 4221 ma,
2339 4167 2522 4216 nona,
2553 4166 2686 4224 quae
2717 4165 2840 4206 non
2871 4153 3014 4205 sunt
3037 4145 3325 4204 vicesima
3347 4145 3526 4204 tertia
3566 4133 3819 4216 prolixio-

2192 4257 2311 4298 res.
2333 4239 2588 4314 Cyrillus
2617 4239 2951 4297 orationem
2973 4255 3080 4312 pro
3109 4237 3200 4294 rei
3225 4235 3556 4294 tractanda
3579 4225 3818 4288 ubertate

2194 4335 2254 4386 et
2274 4331 2465 4404 copia,
2490 4345 2558 4386 ac
2579 4327 2701 4386 dati
2721 4328 3010 4402 temporis
3031 4341 3337 4396 mensura,
3369 4341 3531 4383 nunc
3559 4317 3821 4396 produce-

2193 4420 2318 4489 bat,
2349 4437 2513 4478 nunc
2537 4417 2951 4478 contrahebat.
2983 4417 3394 4492 Mystagogicaa
3427 4415 3707 4488 cujusque
3741 4417 3820 4460 ar-
3934 4421 3935 4438 ι

2193 4515 2544 4586 gumentum
2571 4507 3246 4578 sufﬂcientissime,etut
3265 4506 3422 4564 nihil
3443 4495 3823 4572 desit,tractat;

2195 4615 2307 4658 nec
2336 4601 2516 4676 paulo
2544 4599 2855 4657 uberiores
2884 4598 3087 4657 videas
3115 4598 3374 4656 aliorum
3391 4597 3632 4654 Patrum
3655 4588 3722 4645 de
3741 4595 3823 4676 09’

2194 4670 2358 4748 dem-
2378 4696 2732 4766 argumento
2776 4693 3082 4747 tractatus.
3124 4691 3200 4746 At
3243 4685 3538 4762 temporis
3582 4670 3826 4766 angusti}:l
3933 4677 3936 4704 ’

2195 4760 2533 4856 cogebatur,
2568 4781 2670 4854 qui
2698 4785 2836 4854 post
2873 4779 3168 4852 synaxim,
3217 4760 3466 4850 totoque
3510 4769 3720 4848 populo
3745 4760 3824 4856 ᾧ·
3933 4773 3935 4802 λ

2195 4853 2402 4940 misso,
2433 4872 2508 4929 ad
2537 4853 2745 4929 horam
2782 4871 3020 4946 prandii
3070 4868 3326 4934 dicebat,
3359 4873 3473 4925 cat.
3519 4865 3607 4931 18,
3655 4875 3712 4916 ιι.
3740 4853 3820 4911 33.
3930 4856 3936 4892 ³

2195 4961 2524 5019 Cumulatis
2545 4961 2986 5035 Scripturarum
3005 4959 3366 5018 testimoniis
3397 4957 3500 5016 ubi
3529 4971 3623 5012 res
3642 4951 3822 5026 postu-
3933 4947 3936 4983 ί

2196 5051 2379 5122 labat,
2411 5051 2722 5122 utebatur;
2753 5050 3078 5124 multaque
3123 5055 3264 5106 sunt
3310 5042 3824 5105 illuminandorum
3933 5045 3935 5068 '

2195 5143 2536 5200 catecheses
2565 5141 2630 5198 in
2661 5141 2878 5216 quibus
2924 5123 3306 5214 reperiantur
3347 5137 3630 5212 pauciora
3667 5137 3824 5216 qualn
3931 5123 3935 5158 ⁵

2195 5233 2261 5290 in
2290 5212 2748 5308 mystagogicis:
2780 5237 2964 5288 testes
2997 5212 3470 5306 procatechesis,
3521 5212 3823 5308 catechesis

2197 5302 2414 5397 prima,
2443 5302 2675 5396 quarta,
2702 5338 2885 5392 nona,
2930 5302 3044 5378 etc.
3096 5319 3461 5378 Tractandos
3508 5310 3751 5372 habebat
3774 5302 3829 5397 iu

2195 5389 2613 5488 mystagogicis
2643 5389 2905 5469 secretos
2934 5410 3251 5485 quosdam,
3280 5413 3342 5466 et
3370 5408 3502 5464 sine
3533 5389 3828 5488 scripto

2197 5480 2786 5576 apostolis'Ecclesiaa
2799 5480 3052 5559 traditos
3071 5501 3262 5570 ritus;
3298 5513 3450 5571 quos
3479 5480 3828 5576 Basiliuslib.

2197 5574 2276 5648 De
2299 5593 2521 5664 Spiritu
2566 5599 2777 5664 sancto,
2809 5608 2940 5667 cap.
2975 5595 3064 5664 17,
3096 5591 3270 5648 docet
3315 5587 3448 5646 sola
3476 5587 3604 5643 sine
3633 5574 3831 5648 scripto

2198 5679 2521 5740 traditione
2543 5681 2786 5740 servari.
2809 5683 3163 5756 Quanquam
3183 5675 3442 5756 Cyrillus
3462 5691 3582 5734 sum
3603 5676 3832 5729 consue-

2198 5771 2427 5830 tudinis
2447 5773 2738 5843 retinens,
2769 5774 2950 5831 Vetus
2973 5755 3420 5832 Testamentum
3449 5771 3510 5825 et
3536 5755 3832 5840 propheta-
