4052 6424
220 446 293 508 lli
1625 443 2147 510 DISSERTATIO
2191 449 2266 511 Il.

3550 464 3666 523 142

219 587 1186 664 rumvaticinia,quotiescunque
1215 591 1369 659 licet,
1395 590 1456 645 in
1480 585 1893 645 testimonium
1923 583 1978 650 Α
2007 587 2068 642 in
2099 589 2576 660 praecedentibus
2592 591 2954 649 editionibus
2971 594 3298 662 obtinebat,
3332 602 3671 669 suspectam

223 681 356 739 vocat:
373 679 775 753 nostrisque
798 683 1052 738 ritibus
1075 700 1138 738 ea
1155 681 1579 754 Scripturarum
1601 679 1733 733 loca
1748 681 1906 731 vete-

231 781 376 838 resque
419 775 610 840 typos
673 787 762 826 ac
819 772 1072 844 ﬁguras
1106 769 1540 826 accommodat:
1577 773 1642 822 ut
1701 763 1904 821 centeri

239 859 374 912 Patres
399 859 456 912 in
489 859 751 914 eodem
793 867 1175 933 argumento
1200 860 1407 915 solent.
1434 857 1599 924 Quod
1631 857 1679 911 si
1702 856 1906 911 Riveto

239 947 409 1003 ridicule
441 947 705 1004 factum
743 951 1042 1018 videtur,
1079 968 1192 1006 non
1224 950 1309 1005 illi
1342 949 1596 1022 Cyrillus
1618 941 1908 1012 unus,sed

238 1043 276 1093 et
296 1055 463 1093 omnes
499 1056 677 1110 pene
713 1041 962 1095 Patres
1002 1040 1324 1095 ludibrium
1356 1039 1593 1094 debent.
1647 1035 1760 1092 Sed
1792 1033 1909 1090 alia

230 1128 368 1184 libens
393 1130 619 1185 Riveto
673 1137 1079 1204 argumenta
1126 1130 1610 1197 subministrabo,
1663 1127 1905 1200 quibus,

225 1217 278 1274 ad
297 1217 771 1290 distinguendos
801 1226 1210 1292 utrarumque
1244 1220 1680 1276 cathecheseon
1705 1222 1906 1274 aucto-

226 1323 420 1376 res,non
433 1310 579 1364 sine
596 1311 835 1366 colore
851 1310 1064 1382 aliquo
1079 1328 1143 1366 ac
1157 1329 1214 1383 p1
1229 1317 1442 1365 zetextu
1457 1311 1514 1364 in
1525 1309 1736 1364 ductus
1749 1307 1909 1362 visus

229 1405 370 1467 esset,
389 1400 670 1472 Cyrillus
697 1406 831 1456 cat.
859 1404 916 1466 2,
939 1418 1003 1456 n.
1031 1404 1114 1456 10.
1147 1401 1412 1473 agnoscit
1436 1401 1496 1455 in
1518 1399 1709 1454 beatis
1732 1413 1908 1470 ange-

230 1489 286 1545 lis
309 1497 568 1563 peccata,
610 1508 768 1563 qua:
802 1491 917 1546 Dei
951 1490 1348 1546 condonantis
1391 1490 1758 1563 benignitate
1815 1489 1909 1543 in-

235 1579 456 1652 digeant.
491 1583 573 1636 At
607 1588 739 1636 cat.
778 1583 880 1650 23,
913 1599 975 1636 n.
1016 1584 1100 1649 14,
1137 1581 1421 1653 supponit
1470 1581 1541 1637 ab
1588 1580 1815 1653 angelis
1848 1581 1909 1634 in

2014 678 2175 735 facit.
2204 683 2277 736 At
2296 697 2364 738 ea
2396 683 2761 754 perturbatio
2785 684 2913 757 jam
2936 685 3103 741 nulla
3135 691 3243 754 est,
3269 704 3302 742 a
3327 688 3666 744 nobis'mss.

2017 770 2287 827 codicum
2318 773 2668 829 auctoritate
2725 774 2976 831 sublata.
3032 778 3169 841 Quae
3219 794 3353 833 vero
3405 779 3672 834 numeris

2016 859 2248 918 duobus
2273 864 2660 934 sequentibus
2687 866 3296 938 comprehenduntur,
3322 868 3394 922 de
3418 869 3488 923 iis
3513 885 3670 939 pror-

2016 969 2116 1006 sus
2148 953 2512 1021 conticescit,
2546 970 2656 1010 nec
2685 954 2870 1011 ullam
2902 973 3007 1011 cur
3046 973 3114 1013 ea
3162 962 3463 1029 oppugnet
3492 958 3671 1013 ratio-

2016 1058 2154 1096 nem
2187 1043 2378 1099 affert.
2412 1045 2559 1100 Male
2589 1044 2834 1113 factum,
2867 1047 3027 1117 quod
3051 1064 3120 1102 ex
3141 1049 3558 1121 mystagogicis
3581 1065 3674 1104 ca-

2019 1132 2378 1202 techesibus,
2417 1152 2486 1191 ea
2514 1152 2667 1207 pene
2701 1136 2828 1192 sola
2858 1155 2989 1208 quae
3021 1139 3258 1194 Rivetus
3285 1145 3488 1194 assuta
3535 1156 3673 1209 pro-
3705 1196 3713 1201 _

2015 1224 2274 1291 nuntiat,
2308 1241 2341 1280 a
2371 1225 2670 1281 veteribus
2703 1227 3044 1282 auctoribus
3067 1227 3175 1283 sub
3199 1228 3401 1300 Cyrilli
3429 1229 3674 1283 nomine

2017 1311 2078 1367 in
2113 1315 2522 1370 testimonium
2549 1315 2941 1372 adducantur.
2976 1319 3266 1372 Caeterum
3297 1317 3371 1371 iis
3395 1318 3676 1373 detractis

2017 1420 2148 1474 quae
2181 1404 2383 1460 Riveto
2416 1405 2798 1477 displicuere,
2831 1408 3131 1480 praecipua
3161 1409 3580 1464 ecclesiasticae
3613 1409 3678 1463 li-

2017 1495 2222 1566 turgiae
2272 1514 2410 1567 pars
2463 1496 2886 1567 detruncatur;
2938 1516 3068 1570 quae
3119 1499 3360 1571 quidem
3406 1500 3468 1554 in
3514 1500 3681 1556 nulla

2016 1601 2285 1654 unquam
2306 1586 2572 1643 Ecclesia
2595 1589 2799 1659 quovis
2844 1593 3111 1660 tempore
3135 1589 3538 1660 praetermissa
3568 1594 3680 1646 est.

242 1671 356 1726 cmlo
382 1672 478 1726 Dei
513 1671 925 1726 voluntatem
958 1687 1267 1742 nunquam
1298 1671 1696 1743 praetermitti.
1749 1672 1904 1724 Prae-
2015 1673 2176 1728 Nihil
2203 1691 2406 1730 moror
2427 1676 2833 1748 suspicionem
2856 1678 3258 1749 corruptionis
3285 1694 3464 1748 quam
3487 1677 3684 1748 injicit

240 1766 375 1816 terea
400 1766 515 1817 cat.
555 1764 657 1828 10,
684 1779 753 1818 n.
784 1763 842 1828 4,
864 1762 949 1817 ait
973 1761 1274 1816 Christum
1298 1777 1368 1815 ex
1391 1760 1553 1816 omni
1577 1760 1908 1815 aeternitate
2015 1762 2383 1833 Albertinus,
2410 1783 2481 1821 ex
2503 1783 2570 1822 eo
2595 1767 2754 1838 quod
2777 1768 2838 1822 in
2881 1767 3085 1822 libello
3105 1767 3329 1823 inedito
3363 1768 3434 1822 de
3467 1767 3682 1822 divinis

241 1854 447 1908 aPatre
482 1858 766 1907 unctum
822 1867 992 1907 esse:
1049 1868 1225 1923 quem
1274 1856 1384 1906 cat.
1435 1854 1519 1918 12,
1554 1869 1611 1905 n.
1647 1853 1699 1916 2,
1737 1851 1910 1905 docet
2016 1855 2341 1926 mysteriis,
2401 1857 2699 1912 nonnulla
2750 1859 3284 1931 mystagogicarum
3337 1857 3682 1912 testimonia

241 1942 440 2015 Spiritu
460 1949 687 1998 sancto
709 1948 970 1997 unctum
995 1958 1028 1996 a
1049 1943 1244 2007 Patre,
1266 1941 1439 1995 illum
1477 1941 1657 1995 totius
1697 1939 1906 1994 mundi
1939 1960 1984 2025 Β
2018 1943 2368 2000 detruncata
2388 1952 2445 2000 et
2476 1946 2784 2002 decurtata
2813 1947 3212 2019 proferantur,
3249 1965 3384 2003 cum
3417 1946 3678 2002 nonnul-

247 2042 591 2090 servatorem
647 2033 1087 2101 constituente,
1139 2033 1296 2104 quod
1346 2033 1419 2088 ad
1469 2033 1906 2088 humanitatem
2016 2035 2090 2090 lis
2121 2035 2526 2092 varietatibus.
2553 2038 2691 2102 Quis
2719 2039 2878 2092 enim
2915 2039 3252 2093 Graecorum
3274 2039 3679 2093 recentiorum

247 2126 541 2198 perspicue
566 2125 901 2197 pertineat.
926 2123 1090 2179 Idem
1113 2128 1308 2178 autem
1346 2123 1560 2194 psalmi
1588 2141 1717 2178 xmv
1742 2123 1910 2178 locus
2016 2125 2077 2179 in
2109 2126 2336 2180 catenis
2369 2132 2426 2182 et
2476 2127 2786 2197 pandectis
2830 2129 3246 2193 conficiendis,
3306 2134 3408 2182 aut
3455 2128 3680 2200 alioqui

253 2217 321 2270 ad
343 2223 668 2287 utrumque
694 2233 943 2271 sensum
965 2214 1136 2269 illum
1156 2216 1655 2270 accommodatur.
1691 2214 1913 2269 Dissol-
2018 2214 2273 2269 citandis
2301 2215 2596 2269 veteribus
2627 2233 2858 2272 morem
2883 2217 3134 2289 ignorat,
3155 2222 3219 2271 ut
3243 2217 3584 2271 testimonia
3607 2216 3681 2272 ad

250 2307 430 2363 venda
458 2313 547 2363 est
578 2306 812 2378 duplex
844 2306 948 2361 illa
978 2321 1269 2377 apparens
1301 2305 1712 2361 contradictio.
1759 2306 1913 2370 Quas
2019 2305 2334 2360 arbitrium
2368 2304 2741 2373 detruncent,
2775 2306 2849 2362 ad
2883 2307 3237 2362 sumendum
3279 2306 3429 2361 illud
3469 2324 3679 2374 unum,

243 2399 306 2453 in
333 2398 560 2470 angelis
595 2396 874 2470 agnoscit
902 2396 1130 2468 culpas,
1184 2413 1213 2451 e
1233 2413 1279 2450 ae
1333 2397 1460 2451 sine
1503 2396 1682 2451 dubio
1711 2396 1869 2450 leves
1900 2413 1912 2463 ;
2022 2412 2138 2465 quo
2171 2412 2320 2466 opus
2351 2395 2574 2450 habent
2601 2396 2676 2451 ad
2715 2413 2983 2468 praesens
3030 2401 3447 2469 argumentum
3471 2397 3497 2451 ?
3527 2402 3593 2451 ut
3619 2413 3681 2452 o-

245 2505 394 2560 quas
425 2504 551 2543 non
593 2488 775 2554 Deus,
822 2486 908 2541 uti
933 2485 1183 2541 Luciferi
1217 2490 1274 2540 et
1305 2486 1604 2541 sociorum
1634 2485 1917 2540 rebellio-
2022 2485 2255 2540 mittam
2289 2490 2516 2540 tantam
2569 2487 2631 2541 in
2662 2485 2904 2541 librario
2950 2485 3220 2558 opusculi
3253 2486 3433 2557 hujus
3467 2486 3685 2541 exscri-

250 2593 428 2645 nem,
447 2576 815 2640 irrevocabili
850 2576 1141 2648 supplicio
1173 2575 1400 2648 plectit,
1451 2575 1554 2631 sed
1587 2592 1694 2648 pro
1722 2575 1917 2630 facili-
2024 2580 2216 2646 ptore,
2249 2579 2426 2646 atque
2459 2576 2520 2630 in
2555 2575 2682 2648 ipso
2735 2580 2976 2632 auctore
3008 2575 3277 2631 fortassis
3325 2575 3688 2647 imperitiam

257 2669 386 2722 tate
403 2655 735 2735 condonat;
771 2683 904 2738 qum
927 2664 1148 2721 idcirco
1174 2683 1295 2721 non
1319 2666 1745 2738 impediuntne
1788 2683 1920 2737 pre-
2027 2665 2418 2737 deprehendi,
2453 2670 2518 2722 ut
2545 2683 2621 2721 ne
2653 2666 2977 2722 divinando
3010 2667 3250 2738 quidem
3284 2683 3528 2722 sensum
3561 2667 3691 2738 ejus

248 2749 466 2813 nemur
487 2755 698 2825 Deum,
734 2763 804 2812 ut
833 2758 914 2812 ita
943 2757 1234 2813 faciamus
1286 2757 1415 2829 ejus
1457 2757 1829 2814 voluntatem
1859 2756 1921 2812 in
2027 2757 2317 2812 orationis
2351 2758 2588 2830 assequi
2635 2759 2849 2830 possis.
2908 2757 3054 2814 Male
3088 2763 3245 2814 certe
3289 2757 3361 2813 de
3415 2758 3694 2814 omnibus

235 2849 443 2918 terris,
482 2849 641 2903 sicut
671 2848 725 2903 ei
759 2848 820 2904 in
851 2848 996 2904 caelo
1028 2848 1221 2921 angeli
1253 2850 1692 2920 obsequuntur.
1714 2851 1920 2904 Nonne
2029 2848 2424 2919 scriptoribus
2456 2865 2848 2917 mereremur,
2898 2849 2944 2903 si
2997 2865 3204 2903 eorum
3252 2865 3432 2919 opera
3483 2864 3552 2903 ex
3584 2849 3696 2904 hu-

227 2938 516 3013 quotidie
537 2955 845 3012 rogamus,
870 2944 935 2993 ut
970 2937 1052 2993 ita
1084 2939 1200 2994 Deo
1234 2938 1443 2994 ﬁdeles
1474 2941 1683 3008 simus,
1719 2955 1923 3010 quem-
2023 2937 2291 3010 jusmodi
2327 2939 2757 3011 exscriptorum
2788 2938 2905 2994 fide
2938 2939 3416 2994 emendaremus.

230 3029 582 3087 admodum
619 3029 813 3084 sancti
847 3027 1021 3083 nobis
1071 3027 1144 3083 ad
1184 3029 1580 3084 imitationem
1609 3029 1924 3102 propositi,
2689 3029 2922 3084 CAPUT
2958 3031 3050 3084 IV.

227 3119 729 3192 eidem,quando
754 3121 810 3174 in
828 3119 1001 3173 terris
1020 3117 1680 3191 degerentﬁdelitatem
1694 3119 1925 3190 praesti-
2032 3121 2108 3174 De
2137 3119 2432 3174 catechesis
2479 3121 2698 3173 nomine
2746 3125 2795 3174 et
2839 3122 3008 3175 variis
3056 3118 3598 3189 signiﬁcationibus:
3632 3137 3696 3176 ac

223 3211 494 3267 terunt?
520 3227 642 3265 nec
675 3213 990 3281 propterea
1023 3208 1156 3264 illos
1190 3227 1223 3264 a
1247 3210 1506 3281 peccatis
1539 3208 1929 3265 omnibusid-
2105 3210 2170 3263 de
2200 3208 2565 3264 catechesibus
2594 3209 2839 3264 diversis.
2876 3211 2947 3265 De
2980 3208 3418 3278 Cyrillianarum
3444 3213 3696 3266 cateche-

221 3301 392 3357 circo
428 3302 754 3356 immunes
786 3297 967 3354 fuisse
999 3315 1335 3354 censemus.
1363 3300 1529 3364 Quod
1563 3299 1635 3354 ad
1667 3299 1922 3354 alterum
1953 3323 1996 3390 ρ
2106 3316 2231 3355 seon
2261 3298 2478 3370 duplici
2507 3317 2722 3369 genere,
2774 3317 3072 3370 earumque
3120 3303 3598 3372 inscriptionibus,
3633 3320 3698 3358 ac

219 3399 458 3464 caput;
491 3391 542 3446 si
574 3389 939 3458 constiterit,
965 3389 1122 3460 quod
1155 3407 1276 3445 non
1301 3405 1405 3462 ego
1425 3407 1668 3461 prorsus
1691 3394 1922 3444 certum
1968 3389 1995 3390 ἡ
2038 3391 2234 3458 titulis,
2264 3389 2677 3460 Scripturazque
2728 3391 3048 3445 lectionibus
3096 3393 3158 3446 in
3208 3392 3371 3446 titulo
3420 3392 3697 3448 indicatis.

219 3483 556 3548 existimo,
609 3479 961 3534 unctionem
1011 3479 1226 3534 Christi
1275 3479 1347 3536 de
1403 3497 1520 3552 qua
1570 3497 1764 3535 sermo
1814 3483 1922 3547 est,
2106 3482 2199 3536 21.
2232 3479 2569 3535 Catechesis
2601 3497 2822 3536 nomen
2858 3481 3076 3536 Latinis
3118 3498 3271 3553 pene
3321 3483 3702 3550 inusitatum,

225 3579 349 3628 cat.
383 3575 488 3640 '21,
525 3588 588 3626 n.
627 3572 684 3637 2,
725 3570 1147 3642 temporariam
1180 3586 1331 3639 esse,
1381 3575 1438 3625 et
1469 3569 1543 3625 ad
1586 3570 1926 3625 humanita-
2037 3569 2242 3624 nullus
2273 3569 2504 3642 ignorat
2553 3571 2822 3626 Graecum
2865 3586 3032 3637 esse;
3088 3572 3246 3642 quod
3296 3588 3329 3627 a
3360 3590 3498 3628 voce
3531 3572 3698 3646 ἦχος,

2038 3674 2221 3726 sonus,
2257 3663 2316 3714 et
2342 3658 2624 3732 κατηχὲω,
2649 3661 2860 3726 insono,
2891 3658 3242 3725 derivatum,
3265 3663 3503 3733 proprie
3528 3663 3707 3734 signi-

2041 3748 2180 3804 ficat
2210 3748 2578 3802 insinuatum
2606 3748 2849 3803 auribus
2877 3765 3091 3802 sonum
3119 3767 3130 3814 ;
3162 3754 3220 3803 et
3249 3750 3434 3804 cuivis
3467 3751 3706 3805 institu-

228 3667 359 3718 tem
391 3662 724 3734 pertinere
755 3661 921 3732 (nam
955 3659 1196 3714 verbum
1227 3659 1675 3734 προχρισάμενος
1705 3660 1927 3732 optime

225 3754 434 3825 possit
465 3751 551 3807 ad
581 3750 984 3806 aeternitatem
1013 3749 1244 3818 referri,
1269 3767 1388 3821 qua
1419 3767 1489 3805 ex
1519 3755 1742 3805 aeterno
1775 3751 1930 3805 Deus

229 3841 465 3897 Filium
503 3857 688 3897 suum
733 3839 955 3895 mundo
1006 3845 1363 3895 servatorem
1412 3839 1770 3895 destinavit:
1825 3836 1929 3894 sed
2040 3838 2186 3893 tioni
2207 3839 2405 3892 animo
2425 3855 2529 3910 per
2550 3855 2725 3893 aures
2746 3838 3415 3894 dataeaccommodatur.
3439 3839 3531 3894 Sic
3554 3842 3705 3895 Pau-

232 3947 371 3988 non
403 3949 518 4005 ago
550 3930 926 4003 pugnaciter)
955 3948 968 3997 ;
1004 3930 1075 3997 si,
1117 3929 1386 4001 inquam,
1432 3930 1774 3985 constiterit
1805 3929 1932 3983 haec
2043 3929 2136 3983 lus
2167 3930 2190 3982 Ι
2216 3929 2346 3985 Cor.
2380 3944 2495 3994 xxv,
2551 3931 2638 3995 17,
2673 3930 2735 3982 In
2786 3927 3031 3983 Ecclesia
3075 3929 3218 3983 malo
3266 3931 3513 3999 quinque
3545 3931 3709 3985 verba

239 4022 326 4077 ad
389 4022 842 4077 humanitatem
896 4020 1110 4075 Christi
1153 4019 1488 4086 referenda,
1548 4019 1767 4091 duplex
1822 4018 1936 4074 erit
2043 4035 2161 4074 meo
2190 4035 2348 4074 sensu
2382 4019 2532 4088 loqui
2588 4024 2648 4073 ut
2708 4017 2847 4072 alios
2903 4020 3196 4087 instruam,
3241 4015 3333 4072 ’ἕνα
3391 4017 3481 4072 καὶ
3515 4017 3712 4081 ἄλλοις

245 4113 482 4167 Christi
514 4112 725 4167 unctio
758 4110 960 4183 Cyrilli
992 4115 1188 4165 mente
1234 4109 1672 4183 distinguenda.
1710 4111 1836 4164 Una
1862 4108 1934 4164 ab
2043 4108 2372 4182 κατηχήσω,
2401 4125 2568 4178 quam
2627 4109 2805 4164 decem
2838 4107 3023 4164 millia
3061 4110 3349 4166 verborum
3403 4112 3462 4165 in
3495 4113 3710 4180 lingua.

248 4208 518 4273 aeterno,
539 4218 663 4273 qua
684 4201 869 4256 Filius
888 4199 1164 4256 sacerdos
1184 4205 1272 4256 est
1293 4201 1655 4256 constitutus
1678 4217 1712 4255 a
1727 4202 1898 4254 Patre
1921 4216 1934 4266 ;
2047 4201 2252 4255 Sermo
2267 4199 2476 4255 eratde
2492 4199 2700 4271 quavis
2713 4200 2981 4255 oratione
2995 4199 3070 4254 ad
3084 4199 3543 4256 mdiﬁcationem
3559 4219 3714 4258 com-

247 4293 473 4346 unctio
497 4291 692 4346 Patris
724 4290 906 4346 solius
925 4291 1285 4360 generantis,
1309 4291 1477 4346 nulla
1497 4291 1751 4362 Spiritus
1799 4289 1931 4360 [CX]

249 4383 462 4436 sancti
494 4381 823 4436 mentione.
857 4380 1058 4435 Altera
1089 4381 1468 4452 temporaria,
1504 4397 1618 4451 qua
1653 4378 1936 4434 humani-

249 4472 460 4524 tatem
490 4469 712 4524 Christi
761 4470 934 4523 Pater
982 4469 1172 4538 unxit,
1224 4474 1281 4524 et
1329 4470 1638 4525 exornavit
1688 4467 1939 4541 Spiritus

251 4561 466 4615 sancti
498 4561 678 4616 donis
709 4559 942 4617 abunde
989 4560 1339 4628 cumulatis;
1393 4577 1530 4616 cum
1578 4576 1707 4615 eam
1741 4559 1939 4614 divino

2048 4289 2502 4363 parata.Eodem
2528 4305 2709 4345 sensu
2722 4289 3064 4345 Theodorus
3079 4290 3310 4346 Studita
3323 4292 3714 4347 catecheseon

2047 4381 2295 4436 nomine
2317 4380 2480 4452 [CXI]
2504 4379 2812 4451 inscripsit
2835 4379 3093 4435 morales
3119 4397 3255 4435 suas
3278 4380 3353 4436 ad
3387 4383 3716 4437 monachos

2051 4487 2172 4525 sum
2189 4485 2345 4524 curae
2360 4467 2664 4541 subjectos
2677 4469 3242 4525 exhortationes.Sic
3262 4470 3602 4526 catechista)
3619 4489 3719 4526 no-

2051 4576 2190 4614 men
2222 4559 2408 4614 cuivis
2439 4559 2788 4631 praeceptori
2816 4559 2994 4614 tribui
3025 4565 3242 4631 potest,
3266 4566 3331 4616 ut
3351 4561 3495 4617 facit
3524 4562 3723 4618 Hiero-

255 4649 468 4706 Verbo
500 4651 767 4708 sociavit:
794 4668 924 4723 quae
945 4652 1147 4706 unctio
1178 4650 1496 4707 visibiliter
1522 4650 1822 4706 declarata
1853 4653 2016 4752 est;D
2052 4666 2270 4723 nymus
2291 4649 2464 4721 epist.
2510 4653 2598 4717 51,
2625 4654 2736 4705 vet.
2781 4649 2873 4704 ed.
2903 4667 2962 4722 p.
2988 4653 3074 4717 32,
3111 4651 3253 4706 dum
3291 4652 3375 4707 ait
3401 4668 3413 4706 :
3455 4673 3480 4705 α
3507 4653 3724 4725 Grego-

253 4738 564 4813 baptismi
593 4741 811 4797 Christi
835 4747 1122 4813 tempore,
1145 4758 1278 4796 cum
1302 4741 1375 4797 ad
1396 4740 1781 4814 pugnandum
1805 4757 1940 4795 cum

254 4829 522 4888 diabolo
552 4831 1120 4904 praedicandumque
1141 4831 1524 4906 Evangelium
1538 4848 1810 4904 agressus
1833 4837 1942 4886 est.

335 4924 446 4976 2D-
484 4924 676 4979 Unum
709 4923 945 4978 Rivetus
993 4921 1054 4977 in
1102 4922 1238 4977 totis
1289 4921 1698 4978 catechesibus
1732 4926 1950 4994 mysta-

253 5013 504 5085 gogicis
547 5019 958 5069 assumentum
1013 5018 1327 5068 numerat:
1379 5029 1448 5068 ea
1479 5029 1693 5084 nempe
1721 5029 1853 5083 quas
1885 5013 1946 5066 in

2061 4761 2085 4793 α
2119 4739 2275 4794 rium
2307 4739 2732 4795 Nazianzenum
2765 4744 2821 4795 et
2848 4739 3161 4812 Didymum
3184 4741 3245 4795 in
3279 4741 3599 4813 Scripturis
3622 4759 3722 4797 ca-

2065 4855 2084 4882 ι
2109 4829 2724 4885 techistashabui.»In
2743 4829 2995 4901 epistola
3007 4831 3330 4886 Clementis
3343 4831 3416 4886 ad
3437 4831 3720 4886 Jacobum

2059 4938 2225 4976 num.
2253 4922 2338 4988 13,
2362 4923 2572 4976 Petrus
2595 4919 2960 4976 Clementem
2986 4920 3098 4974 sibi
3130 4921 3191 4974 in
3221 4921 3566 4992 episcopatu
3590 4937 3723 4976 suc-

2061 5028 2392 5080 cessurum,
2425 5012 2570 5066 dicit
2616 5017 2751 5083 post
2794 5028 2855 5066 se
2904 5011 3426 5074 catechizaturum,
3482 5009 3595 5082 μετ’
3625 5009 3724 5084 ἐμὲ

255 5109 386 5157 cat.
415 5103 515 5170 23,
551 5121 718 5159 num.
753 5106 806 5171 8,
840 5107 870 5157 '7
903 5109 961 5158 et
996 5106 1082 5171 10,
1129 5104 1531 5169 continentur,
1569 5103 1638 5158 ab
1672 5103 1768 5157 his
1819 5119 1952 5157 ver-

253 5187 358 5247 bis
385 5194 574 5248 initio
599 5194 832 5260 num.8,
849 5216 876 5243 «
895 5193 1288 5249 Obsecramus
1312 5195 1497 5250 Deum
1516 5210 1623 5264 pro
1639 5191 1947 5248 communi

255 5282 726 5340 cEcclesiarum
740 5300 938 5356 pace,I
951 5288 1062 5338 etc.
1075 5301 1351 5355 ,quorum
1365 5283 1679 5338 verborum
1695 5283 1846 5351 loco,
1867 5281 1950 5337 is-

257 5373 525 5430 tanum.
544 5377 598 5442 8,
625 5379 684 5429 11
713 5391 769 5432 ;‹‹
795 5376 943 5430 Tum
965 5391 1102 5430 vero
1126 5380 1259 5447 post
1284 5375 1413 5430 hac
1437 5373 1605 5430 illam
1631 5373 1952 5429 recitamus

265 5481 290 5509 ι
319 5464 886 5536 orationem,quam
900 5462 1165 5518 Salvator
1178 5463 1434 5536 propriis
1455 5463 1765 5535 discipulis
1778 5464 1904 5518 trad
1915 5463 1956 5516 i-

261 5570 294 5598 σ
310 5550 434 5622 dit,
457 5577 483 5602 ››
503 5562 637 5626 etc.,
666 5552 1096 5628 conjungenda
1117 5552 1441 5608 arbitratur
1462 5553 1554 5608 his
1579 5570 1709 5625 qua)
1732 5569 1899 5622 num,
1921 5554 1954 5608 8

261 5647 625 5719 occipiunt:
658 5651 967 5720 Postquam
1011 5662 1138 5701 vero
1183 5649 1493 5716 perfectum
1541 5652 1619 5702 est
1658 5643 1957 5716 spirituale

259 5740 632 5808 sacriﬁcium.
665 5744 748 5798 Ac
781 5739 1051 5813 primam
1081 5736 1329 5808 quidem
1359 5741 1589 5808 partem
1623 5753 1754 5807 quae
1786 5751 1954 5790 num.

261 5825 300 5878 8
333 5831 705 5904 continetur,
740 5848 814 5888 ex
847 5825 1312 5902 perturbatione
1335 5825 1955 5897 constructionis,quae

2059 5103 2326 5173 κατηχεῖν
2365 5096 2662 5171 μέλλοντα.
2696 5099 2950 5170 Cyrillus
2973 5105 3199 5170 procat.
3233 5116 3292 5155 n.
3323 5103 3375 5168 6,
3413 5099 3629 5156 ludens
3661 5101 3724 5156 in

2063 5191 2343 5247 derivatis
2372 5191 2535 5246 verbi
2564 5188 2743 5259 ἠχὲω,
2795 5189 2974 5244 verba
3021 5189 3382 5263 κατηχεῖσθαι
3434 5196 3494 5246 et
3530 5209 3725 5264 περιη-

2064 5283 2280 5358 χεῖσθαι
2313 5281 2387 5338 ad
2419 5282 2729 5338 exterioris
2761 5280 2888 5335 soni
2941 5281 3314 5336 auditionem
3362 5281 3565 5351 refert,
3601 5298 3728 5338 ver-

2065 5371 2208 5428 bum
2233 5370 2548 5446 ἐνηχεῖσθαι
2573 5373 2976 5443 interpretans
2999 5371 3070 5426 de
3102 5373 3374 5428 interiori
3391 5390 3537 5428 sono
3553 5389 3731 5445 quem

2069 5462 2324 5535 Spiritus
2359 5467 2601 5518 sanctus
2632 5461 2816 5516 menti
2851 5461 3138 5517 infundit.
3191 5463 3380 5518 Minus
3435 5463 3736 5519 subtiliter

2072 5554 2386 5628 Gregorius
2418 5556 2718 5626 Nyssenus
2749 5552 3043 5608 catechesis
3076 5570 3314 5625 quoque
3364 5555 3612 5610 verbum
3644 5556 3734 5610 in-

2068 5645 2275 5701 teriori
2309 5645 2500 5700 sancti
2550 5643 2805 5715 Spiritus
2855 5643 3239 5715 inspirationi
3289 5644 3519 5716 tribuit,
3557 5644 3662 5700 lib.
3696 5659 3736 5699 ιι

2066 5738 2128 5791 in
2179 5736 2444 5802 Psalmos,
2495 5750 2625 5806 cap.
2678 5733 2768 5790 10.
2813 5750 2946 5806 pag.
2997 5734 3124 5796 323,
3155 5732 3475 5807 Ἐνηργεῖτο
3529 5733 3563 5801 ἡ
3607 5750 3735 5786 κατ-

2076 5825 2310 5898 ήχησις,
2342 5823 2378 5891 ἡ
2401 5821 2540 5876 κατὰ
2563 5821 2626 5876 τὸ
2657 5819 2971 5896 ἀπόρῥητον
2999 5821 3068 5890 τῇ
3092 5817 3248 5892 ψυχῇ
3279 5821 3427 5893 παρὰ
3455 5823 3553 5874 τοῦ
3574 5813 3738 5874 Ηνεύσ

170 6414 239 6421 -τ
298 6414 351 6419 -τ
388 6414 664 6424 -τ--τ--τν-
704 6414 712 6420 -
