2026 3185
111 184 161 216 145

830 186 1091 219 DISSERTATIO
1112 189 1152 220 Il.

1794 195 1853 226 1ιῦ

113 254 286 289 baptismum
304 255 464 290 proximo
483 256 630 285 Paschate
646 256 822 292 suscepturi,
838 255 963 284 nomina
979 256 1005 290 Α
1018 264 1096 284 ceam
1118 260 1250 286 Romamn
1265 259 1388 288 ciuitatis
1408 262 1566 297 episcopum
1590 262 1633 298 (in
1659 262 1723 290 cod.
1748 263 1850 292 Sanci-

116 299 208 327 dabant
224 299 364 327 diversis
374 301 563 329 secundum
573 302 704 329 locorum
713 301 962 329 consuetudinem

118 344 215 372 diebus.
232 344 279 372 Ad
299 353 358 372 eos
375 345 478 374 dictas
496 349 567 374 sunt
589 347 702 383 priores
727 347 830 374 decem
852 349 881 374 et
896 349 961 374 octo

120 389 203 425 Cyrilli
217 390 423 418 catecheses.
454 391 492 419 Hi
516 392 593 427 apud
616 392 735 420 Latinos
759 392 837 419 electi
851 400 961 427 compe-

120 439 194 468 tentes,
204 435 297 470 quasi
306 435 414 463 simul
433 439 574 472 petentes
583 437 763 473 baptismum
774 437 960 470 dicebantur;

118 488 173 516 ερας
193 481 332 514 Graecos,
351 481 565 519 φωτιζόμενοι,
584 482 791 518 βαπτιζόμενοι,
810 480 960 518 μέλλοντες

117 525 281 563 ᾋνιίζεσθαι,
299 526 581 564 φωτισθησόμενοις
599 527 634 555 de
657 527 765 563 quibus
783 527 959 563 appellatio-

116 570 191 598 nibus
206 578 299 607 agam
315 572 531 607 sequentibus
545 572 688 600 numeris.
707 573 743 599 Et
761 572 825 600 hinc
839 572 960 609 quidem

116 616 229 644 nomina
237 616 585 651 assumebant,retento
596 617 693 645 adhuc
709 620 810 646 tamen
821 617 960 645 catechu-

117 669 267 689 menorum
284 662 438 689 nomine.
456 664 492 689 At
506 662 537 689 in
552 662 683 690 Ecclesia
698 662 958 698 Jerosolymitana,

115 707 252 743 singulari
260 715 326 734 usu
334 707 630 735 catechumeuorum
636 716 747 735 nomen
759 707 958 743 deponebant,

117 752 252 787 ﬁdelesque
269 752 345 788 ejus
378 752 449 780 loco
479 752 664 787 dicebantur,
687 754 799 788 procat.
829 761 912 780 num.
930 754 958 788 6,

119 800 165 825 cat.
181 799 205 831 Ι,
221 805 316 825 num.
335 798 364 824 4.
383 799 443 825 cat.
459 798 484 832 5,
496 805 577 825 num.
594 799 618 830 l,
631 800 687 825 cat.
700 799 726 831 6,
741 806 771 825 n.
788 799 833 825 29.
849 798 959 825 Pecca-

118 847 204 871 torum
220 842 441 875 confessione,
454 842 590 878 jejuniis,
607 842 756 878 precibus,
784 842 957 871 exorcismis

118 888 149 917 ad
163 888 357 924 baptismum
374 887 623 923 disponebantur.
642 888 676 915 In
698 887 830 916 Ecclesia
854 888 957 915 Latina

1017 303 1174 338 gyranensi
1197 312 1249 339 pro
1268 305 1385 340 Niccas,
1410 306 1550 334 scribitur
1571 308 1743 341 Aneohz’tus;
1766 311 1795 336 et
1817 310 1848 337 in

1017 355 1072 375 ms.
1090 348 1298 378 Sen-German.
1315 359 1367 387 pro
1396 353 1522 380 Romam
1542 353 1636 380 fertur
1660 355 1845 391 Rmnacianw)

1019 404 1030 418 ι
1038 395 1241 430 composuisse
1249 396 1377 433 simplici
1385 398 1513 425 etnitido
1523 407 1661 426 sermone
1668 408 1719 426 sex
1726 409 1845 435 compe-

1016 449 1030 463 (ι
1044 439 1362 476 tentibusbaptismum
1377 443 1582 471 instructionis
1595 444 1724 477 libellos;
1737 446 1766 472 in
1778 445 1846 480 qui-

1019 495 1029 508 ι
1043 483 1098 512 bus
1113 485 1227 520 primus
1239 487 1412 514 continebat
1425 488 1554 523 qualiter
1570 497 1600 516 se
1616 489 1744 517 debeant
1759 498 1845 526 agere

1016 540 1031 554 ι(
1042 532 1309 566 competentes,qui
1318 532 1355 559 ad
1361 532 1500 568 baptismi
1507 534 1632 569 gratiam
1640 534 1844 570 cupiuntper-

1017 585 1028 598 ι
1042 575 1154 609 venire;
1171 576 1319 604 secundus
1330 578 1434 613 agebat
1446 578 1481 605 de
1497 579 1672 614 gentilitatis
1684 580 1846 613 erroribus;

1015 620 1139 647 «tertius
1146 621 1251 649 eratde
1259 621 1316 649 ﬁde
1323 623 1418 649 unicze
1425 624 1602 658 maiestatis;
1612 628 1735 659 quartus
1744 625 1845 651 adver-

1016 674 1030 689 «
1042 665 1357 702 susgenethlelogiam;
1369 668 1491 703 quintus
1499 669 1534 695 de
1545 668 1691 704 symbolo;
1699 673 1799 696 sextus
1810 670 1845 697 de

1014 709 1395 745 «agnipaschalisvictima.
1411 724 1423 736 ››
1436 713 1514 740 Nihil
1531 714 1691 740 bicattinet
1712 723 1845 749 qumrere

1013 754 1168 789 quisitille
1180 755 1341 789 Niceas,vel
1353 757 1843 791 Anechitus,autAnicetusﬂomaa

1012 797 1058 825 vel
1067 799 1256 827 Romacianaa
1272 800 1398 828 civitatis
1406 802 1572 837 episcopus.
1583 803 1708 830 Tantum
1720 803 1843 830 observa

1012 842 1124 871 librum
1135 844 1265 879 primum
1275 849 1449 882 argumento
1461 847 1590 874 similem
1602 847 1693 874 fuisse
1709 851 1843 883 procate-

1012 888 1094 916 chesi
1110 891 1140 916 et
1154 890 1301 918 catechesi
1317 890 1421 926 primm
1437 892 1617 927 Cyrillianm;
1632 893 1798 920 secundum
1815 897 1844 921 et

118 933 225 961 diversa
242 932 401 960 subibant
417 932 570 966 scrutinia,
586 932 616 960 in
633 932 741 968 quibus
762 936 828 968 post
842 933 955 961 exorci-
972 947 996 981 Β
1012 933 1133 961 tertium
1148 935 1295 962 catechesi
1316 939 1405 963 sexta:
1416 946 1427 968 ;
1451 939 1590 972 quartum
1615 937 1740 965 diversis
1763 942 1842 966 cate-

121 977 505 1011 smos,abrenuntiationes
520 977 652 1013 profiteri
655 977 850 1013 jubebantur;
867 977 910 1005 sal
925 977 956 1005 in

117 1032 212 1052 eorum
228 1032 263 1051 os
281 1022 521 1056 immittebatur;
539 1023 630 1051 saliva
640 1031 727 1051 aures
744 1026 772 1050 et
786 1031 874 1051 nares
890 1026 956 1051 tan-

120 1069 267 1105 gebantur,
280 1071 344 1096 etc.
359 1068 525 1095 Conciones
537 1068 595 1096 sive
605 1068 775 1095 catecheses
790 1068 827 1096 ad
839 1076 890 1096 eos
901 1068 955 1096 ha.-

118 1113 257 1141 bebantur
274 1113 413 1148 triplicis
424 1113 560 1149 generis:
580 1114 607 1139 1⁰
622 1112 762 1146 murales,
779 1112 886 1148 quibus
902 1113 953 1141 ad-

114 1158 314 1186 monebantur
331 1166 373 1185 ne
389 1157 572 1193 baptismum
588 1157 654 1185 sine
670 1157 787 1184 sincera
801 1157 952 1185 voluntate

113 1206 142 1231 et
152 1203 210 1230 ﬁde
224 1203 439 1239 susciperent:
456 1205 548 1238 utque
564 1210 629 1230 sese
645 1201 742 1239 dignis
762 1202 945 1237 poenitentiae

110 1248 265 1276 laboribus
279 1248 316 1276 ad
332 1256 403 1275 eam
415 1247 540 1281 gratiam
550 1249 763 1283 praepararent.
773 1247 950 1283 Hujusmodi

116 1296 187 1321 sunt
197 1293 429 1329 procatechesis,
448 1295 476 1320 et
491 1293 655 1320 catechesis
670 1292 768 1328 prima
789 1292 816 1319 S.
834 1292 950 1328 Cyrilli,

112 1338 179 1366 duae
194 1339 221 1365 S.
237 1338 364 1365 Joannis
380 1337 583 1373 Chrysostomi
599 1337 770 1365 catecheses
798 1335 868 1373 πρὸς
884 1336 949 1368 τοὺς

108 1381 264 1418 μέλλοντας
281 1382 462 1421 ῳωτίζεσθαι,
474 1391 540 1418 quea
555 1382 703 1409 habentur
713 1384 769 1410 vet.
787 1381 855 1409 edit.
875 1384 946 1410 tom.

100 1430 208 1462 Lorat.
222 1429 269 1460 60,
289 1437 320 1463 p.
338 1429 404 1461 705,
421 1429 450 1455 et
462 1428 507 1460 21,
523 1435 580 1463 pag
593 1427 657 1461 255,
671 1435 797 1463 quaeque
817 1427 848 1454 in
872 1435 947 1455 nova

100 1474 236 1502 editione
253 1472 351 1500 simul
367 1472 534 1507 conjuncta;
551 1473 621 1499 sunt
636 1472 745 1506 tom.Il,
759 1480 825 1508 pag.
842 1473 894 1499 22l-
917 1475 946 1500 et

99 1520 170 1547 2341
188 1519 276 1555 prior
292 1517 419 1553 triginta
434 1519 502 1545 ante
516 1516 698 1552 baptismum
713 1516 819 1544 diebus
843 1517 946 1545 habita

98 1568 154 1599 est,
171 1564 333 1600 posterior
348 1565 417 1598 post
431 1562 494 1590 dies
510 1562 624 1590 decem.
647 1562 799 1590 Habentur
825 1571 943 1598 quoque

99 1610 209 1638 similis
225 1608 404 1644 argumenti
415 1616 567 1635 sermones
582 1606 747 1643 plurimiad
762 1611 941 1643 competentes

97 1655 178 1691 apud
209 1653 431 1690 Augustinum.
458 1654 488 1679 2°
519 1652 728 1688 Exponebatur
755 1652 940 1688 baptizandis

96 1699 287 1735 symbolum.
303 1699 419 1725 Paucas
433 1699 461 1725 et
475 1705 551 1733 pene
574 1697 673 1725 nullas
698 1696 844 1725 habemus
861 1698 940 1734 apud

99 1745 217 1772 Gracos
242 1743 401 1771 catecheses
429 1743 459 1769 in
487 1742 635 1770 traditione
659 1743 797 1777 symboli:
828 1743 940 1771 multos

101 1798 168 1816 vero
185 1789 220 1817 de
239 1788 352 1816 eodem
376 1790 549 1821 argumento
575 1787 747 1815 Latinorum
772 1795 937 1816 sermones.

102 1836 130 1861 ³ο
143 1834 232 1870 Apud
249 1833 376 1861 Latinos
391 1832 449 1860 alio
465 1840 602 1860 sermone
617 1831 789 1860 tradebatur
804 1835 832 1860 et
847 1841 937 1869 expo-

102 1879 232 1906 nebatur
248 1878 347 1906 oratio
360 1876 521 1904 Dominica.
535 1877 591 1905 Sed
606 1876 684 1913 apud
699 1877 815 1905 Graecos
826 1885 861 1905 ea
871 1886 937 1905 con-

104 1924 231 1951 suetudo
247 1931 311 1950 non
328 1925 411 1955 erat;
428 1930 484 1949 nec
496 1921 589 1949 oratio
609 1922 764 1950 Dominica
787 1922 846 1950 nisi
871 1925 939 1959 post

101 1967 292 2004 baptismum
308 1966 494 1994 audiebatur.
502 1966 610 1994 Omitto
618 1966 737 1994 brevem
753 1966 938 2003 singulorum

104 2015 365 2041 sacramentorum
381 2012 677 2047 expositionem,quas
693 2011 724 2039 in
735 2011 800 2047 ipsa
815 2013 939 2042 Pascha-

104 2059 140 2086 tis
153 2059 258 2093 vigilia
275 2061 338 2085 tum
355 2057 454 2090 ﬁebat,
471 2065 538 2084 cum
554 2057 590 2085 ad
606 2065 641 2085 ea
667 2058 815 2085 accessuri
837 2062 938 2086 essent

102 2104 154 2139 qui
170 2103 411 2139 baptizabantur.
428 2103 537 2129 Harum
553 2102 737 2130 mentionem
754 2102 824 2130 facit
843 2103 935 2138 Cyril-

101 2148 149 2175 lus
159 2151 220 2176 cat.
236 2149 278 2180 l8,
290 2155 321 2174 n-
333 2147 377 2181 32,
388 2146 512 2182 ejusque
523 2147 689 2182 argumenti
703 2147 849 2182 quosdam
862 2149 938 2176 Gau—

103 2193 200 2220 dentii
211 2191 373 2219 Brixiensis
383 2199 534 2219 sermones
545 2191 699 2219 habemus.
714 2191 770 2219 Sed
781 2192 935 2220 fatendum

104 2238 190 2265 nulla
206 2238 238 2264 in
254 2236 385 2265 Ecclesia
400 2244 484 2271 asque
499 2235 673 2272 diligentem
690 2244 724 2263 ac
738 2236 769 2263 in
788 2237 937 2273 Jerosoly-

104 2284 222 2310 mitana
236 2281 480 2318 baptizandorum
495 2280 692 2309 institutionis
707 2289 808 2308 curam
834 2282 935 2309 obser-

1011 978 1109 1006 chesis
1126 980 1275 1013 secundas,
1291 982 1404 1015 quartae
1421 983 1449 1008 et
1463 989 1549 1008 nonae
1566 981 1658 1014 locis;
1677 983 1773 1017 quinti
1795 991 1841 1010 ar.

1010 1026 1186 1059 gumentum
1202 1026 1264 1051 toto
1280 1033 1355 1060 pene
1381 1026 1575 1053 catecheseon
1592 1035 1680 1061 opere
1702 1028 1840 1061 tractari;

1010 1070 1110 1095 sextus
1126 1071 1225 1096 autem
1239 1069 1295 1105 legi
1311 1069 1356 1096 vel
1373 1070 1560 1105 pronuntiari
1577 1073 1692 1098 tantum
1715 1072 1842 1099 debebat

1009 1112 1040 1140 in
1068 1113 1132 1149 ipso
1163 1114 1315 1141 Paschatis
1349 1114 1521 1150 pervigilio:
1552 1115 1658 1143 similis
1687 1117 1841 1144 nonnullis

1008 1157 1164 1185 Gaudentii
1180 1158 1290 1186 habitis
1305 1159 1337 1187 in
1353 1159 1406 1187 illa
1418 1163 1504 1187 nocte
1519 1161 1718 1192 sermonibus.
1736 1165 1765 1188 et
1780 1162 1840 1189 ins-

1007 1202 1196 1230 titutionibus
1212 1203 1272 1231 illis
1288 1212 1362 1239 quas
1378 1204 1506 1240 Cyrillns
1522 1213 1574 1241 pro
1592 1208 1724 1241 tempore
1742 1216 1772 1233 se
1787 1207 1837 1234 da-

1006 1249 1107 1275 turum
1122 1248 1269 1283 promittit
1285 1252 1340 1276 cat.
1360 1250 1401 1282 18,
1419 1258 1448 1277 n.
1466 1250 1510 1283 32,
1527 1250 1597 1277 dum
1614 1254 1835 1279 sacramentum

1004 1292 1144 1328 baptismi
1166 1296 1195 1320 et
1207 1294 1364 1329 sequentia
1378 1293 1565 1322 auditoribus
1580 1295 1833 1324 administrabun-

1003 1337 1210 1365 tur.Czeterum
1217 1338 1460 1374 baptizandorum
1468 1339 1750 1376 institutio,propria
1758 1342 1833 1377 epis-

1003 1382 1070 1418 copi
1078 1382 1119 1409 vel
1129 1382 1207 1410 vices
1215 1384 1279 1419 ejus
1286 1384 1400 1419 agentis
1408 1384 1575 1420 presbyteri
1582 1393 1653 1413 cura
1661 1389 1793 1418 eratmec
1800 1389 1833 1413 ut

1003 1427 1219 1463 simpliciorum
1232 1429 1704 1462 catechumenorum,catecbistis
1721 1431 1781 1457 illis
1797 1431 1833 1458 de

1001 1472 1111 1508 quibus
1121 1481 1203 1500 num.
1218 1481 1283 1509 sup.
1305 1473 1434 1501 diximus
1451 1474 1745 1502 crcdebaturNullos
1757 1484 1833 1510 pene

1000 1517 1037 1544 ad
1051 1520 1254 1553 competentes
1278 1526 1432 1546 sermones
1457 1519 1611 1553 habemus,
1633 1523 1832 1555 praeterquam

1000 1562 1219 1598 episcoporum.
1238 1563 1264 1590 S.
1284 1563 1458 1591 Ambrosius
1474 1573 1505 1592 se
1529 1564 1697 1600 symbolum
1713 1575 1831 1601 compe-

998 1607 1131 1635 tentibus
1140 1608 1297 1635 tradidisse
1313 1611 1448 1637 testatur.
1463 1609 1495 1636 Id
1506 1610 1612 1646 agebat
1627 1619 1680 1645 per
1693 1619 1723 1638 se
1736 1613 1831 1647 Augu-

998 1652 1094 1679 stinus
1111 1655 1177 1688 post
1195 1653 1411 1689 episcopatum,
1428 1657 1457 1681 et
1481 1657 1548 1682 ante
1573 1656 1778 1691 episcopatum
1794 1665 1828 1683 ex

995 1697 1135 1733 imposito
1151 1697 1208 1725 sibi
1225 1698 1260 1725 ab
1277 1698 1416 1734 episcopo
1434 1699 1464 1726 in
1480 1700 1574 1734 ipsius
1589 1700 1690 1727 locum
1707 1701 1825 1728 dicendi

996 1741 1105 1769 ofﬁcio.
1122 1742 1155 1769 In
1180 1743 1314 1770 Romana
1337 1743 1469 1770 Ecclesia
1494 1744 1662 1779 symbolum
1688 1745 1825 1773 tradebat

994 1786 1168 1822 presbyter;
1186 1787 1238 1814 sed
1255 1795 1291 1814 ne
1311 1787 1340 1814 id
1356 1790 1456 1823 ageret
1480 1789 1611 1823 pontifex
1636 1790 1823 1825 negotiorum

993 1830 1073 1858 mole
1090 1831 1337 1866 praegravabatur.
1354 1833 1612 1868 Constantinopoli
1629 1835 1821 1868 patriarchae

994 1878 1133 1912 suggestu
1141 1875 1187 1903 die
1198 1877 1374 1904 Parasceves
1383 1877 1549 1912 symbolum
1563 1877 1746 1912 baptizandis
1758 1887 1823 1913 pro-

994 1920 1124 1956 penebat
1142 1920 1380 1956 explicabatque,
1405 1921 1540 1948 Thodoro
1557 1924 1630 1949 teste
1660 1923 1730 1949 Hist.
1756 1931 1819 1958 pag.

993 1965 1056 1992 563.
1072 1965 1201 1992 Joannes
1216 1965 1317 2000 Cyrilli
1333 1974 1487 1993 successor
1500 1967 1669 1993 catecheses
1685 1967 1822 2004 habebat,

993 2012 1069 2037 teste
1092 2009 1221 2045 ipsemet
1240 2010 1318 2045 apud
1341 2010 1459 2038 Hieron.
1487 2011 1573 2046 epist.
1591 2012 1635 2044 38,
1661 2021 1726 2039 nov.
1751 2013 1822 2041 edit.

993 2055 1210 2090 Chrysostonus
1222 2055 1387 2082 Antiochia:
1401 2055 1473 2082 duas
1485 2056 1521 2082 ad
1532 2056 1745 2083 illuminandm
1759 2067 1820 2085 oru-

994 2099 1089 2126 tiones
1106 2100 1218 2127 habuit.
1230 2101 1333 2127 Totum
1346 2101 1524 2128 concionum
1538 2102 1655 2136 pondus
1667 2103 1723 2137 ipsi
1734 2112 1749 2129 n
1764 2105 1820 2129 Mn-

992 2144 1063 2171 letio
1075 2144 1251 2173 etFlaviano
1265 2145 1447 2180 impositum.
1470 2146 1578 2173 Eadem
1600 2147 1635 2173 de
1659 2156 1747 2174 causa
1763 2148 1820 2182 Cy-

992 2189 1094 2216 rillum
1104 2190 1200 2217 adhuc
1212 2190 1419 2225 presbyterum
1432 2191 1637 2218 catechesibus
1649 2194 1674 2219 el
1689 2192 1820 2219 homiliis

992 2234 1028 2262 ad
1045 2234 1188 2270 populum
1205 2235 1340 2262 dicendis
1356 2235 1528 2270 prmfectum
1544 2235 1636 2263 fuisse
1653 2245 1819 2264 censemus.

992 2280 1075 2311 Quod
1087 2280 1122 2306 de
1131 2279 1256 2306 Eusebio
1269 2286 1386 2314 quoque
1396 2279 1566 2312 dicendum,
1584 2281 1634 2315 qui
1651 2281 1681 2307 in
1698 2282 1823 2316 epistola

106 2328 179 2355 vari.
199 2328 264 2356 Una
279 2327 363 2362 vulgo
379 2326 446 2354 aliis
467 2326 498 2353 in
520 2325 592 2353 locis
617 2325 672 2353 sub
696 2326 934 2362 Quadragesimae
952 2328 975 2360 D
991 2324 1027 2352 ad
1044 2324 1240 2351 Cassarienses
1257 2333 1326 2351 suos
1343 2332 1424 2351 num.
1447 2326 1472 2356 2,
1489 2324 1656 2359 symbolum
1684 2327 1822 2353 Ecclesia:

108 2373 200 2400 linem
217 2373 361 2400 concione
378 2371 545 2406 symbolum
561 2370 744 2404 tradebatur,
762 2371 876 2399 duabus
901 2373 937 2399 ad

106 2426 271 2450 summum;
286 2417 379 2445 semel
388 2418 504 2444 tantum
512 2416 643 2443 occurrit
654 2416 850 2451 utexplicatio
857 2425 938 2452 sym—

106 2461 165 2489 boli
177 2464 210 2490 in
223 2466 283 2490 tres
292 2464 452 2497 quatuorve
462 2469 615 2488 sermones
626 2460 827 2497 dispertiatur.
846 2463 882 2488 At
907 2462 937 2489 in

105 2508 238 2535 Ecclesia
254 2505 524 2542 Hierosolymitana
538 2507 632 2532 totum
645 2505 714 2532 huic
730 2506 848 2541 negotio
860 2507 935 2538 Qua-

105 2551 281 2589 dragesimse
291 2554 407 2587 tempus
419 2551 616 2586 insumptum,
624 2553 654 2577 et
663 2550 877 2585 septemdecim
887 2559 936 2578 ca-

105 2598 238 2625 techeses
247 2595 534 2624 attributaeJ‘lullum
541 2595 573 2622 in
583 2597 645 2622 tota
652 2594 829 2630 antiquitate
839 2595 937 2623 simile

106 2643 275 2679 exemplum
292 2641 448 2669 habemus.
475 2639 594 2667 Nullum
619 2647 693 2675 opus
716 2640 814 2675 reperi
829 2641 860 2667 in
878 2649 935 2675 quo

107 2690 163 2715 tota
177 2686 429 2724 baptizandorum
444 2684 581 2712 instituto
596 2684 687 2712 simul
703 2684 836 2716 eollecla,
854 2688 883 2713 et
904 2686 934 2713 in

109 2740 193 2762 unum
209 2733 353 2762 volumen
370 2733 526 2766 compacta
541 2730 588 2757 sit.
604 2730 689 2757 Esset
704 2730 816 2765 aliquid
841 2730 935 2765 Cyril-

109 2777 180 2807 liano
195 2779 281 2816 operi
299 2777 476 2808 ﬁnitimum,
493 2783 524 2802 se
537 2775 704 2811 posteritati
726 2778 935 2803 conservatum

107 2828 178 2853 esset
200 2832 288 2862 opus,
315 2822 354 2850 de
371 2829 433 2856 quo
458 2822 583 2847 testatur
611 2819 781 2847 Gennadius
812 2820 933 2856 Calalog.

101 2868 202 2908 [CXIV]
217 2870 352 2899 virorum
362 2865 481 2898 ἰωμένη
504 2872 568 2900 cap.
594 2864 628 2891 23
642 2871 648 2890 :
666 2863 706 2891 ait
720 2864 863 2892 nimirum
887 2865 936 2893 Ni-

994 2378 1054 2397 suaa
1069 2377 1251 2405 proponens,
1269 2369 1310 2395 ait
1326 2377 1390 2396 eam
1408 2378 1438 2396 se
1454 2369 1543 2396 tidem
1560 2371 1823 2406 enuntiarequam

993 2423 1059 2443 cum
1075 2415 1104 2441 in
1121 2414 1305 2450 presbyterio
1331 2416 1390 2440 tum
1414 2415 1442 2440 in
1460 2415 1632 2449 episcopatu
1655 2416 1781 2442 credidit
1797 2419 1826 2442 (ιι

993 2460 1103 2487 docuit.
1121 2459 1293 2494 Symbolum
1312 2459 1399 2494 igitur
1415 2460 1455 2486 ita
1471 2459 1595 2485 docebat.
1610 2459 1775 2494 presbyter,
1792 2464 1824 2487 ut

993 2505 1149 2540 episcopus
1166 2512 1284 2539 quoque
1301 2504 1430 2531 doceret.
1449 2504 1573 2530 Ruﬁnus
1592 2504 1733 2530 invectiva
1754 2507 1761 2531 ί
1792 2506 1820 2531 in.

992 2550 1189 2585 Hieronymum
1218 2549 1253 2576 de
1275 2549 1400 2576 diacono
1426 2548 1551 2575 Eusebio
1580 2549 1630 2577 ait.
1662 2558 1726 2584 pag.
1751 2552 1819 2577 262:

994 2605 1007 2619 ι(
1019 2593 1413 2628 Aliusdiaconus,simulqne
1422 2596 1505 2628 pater
1513 2593 1584 2619 mihi
1593 2594 1804 2630 etdoctorsym
1815 2611 1820 2615 -

995 2651 1007 2665 ι
1018 2639 1118 2666 boliac
1127 2639 1267 2666 fideifuit.
1281 2649 1294 2662 η
1308 2638 1430 2670 Iudicat,
1446 2641 1474 2664 ut
1487 2638 1780 2673 nrbitror,patrinum
1794 2643 1823 2667 et

992 2683 1259 2719 susceptorem,qui
1269 2683 1388 2718 privatis
1396 2683 1402 2709 i
1409 2683 1644 2710 nstrnctionibus
1653 2693 1714 2718 sym
1721 2685 1820 2712 bolum

991 2737 1024 2757 ac
1039 2729 1128 2756 fidem
1144 2729 1200 2756 sibi
1225 2728 1410 2764 exponebat;
1428 2737 1487 2755 non
1514 2728 1634 2755 exclusa.
1660 2729 1775 2763 publica
1793 2734 1821 2757 et

991 2774 1117 2802 solemni
1134 2773 1323 2801 institutione
1339 2773 1479 2809 episcopi,
1494 2782 1560 2800 cum
1574 2775 1688 2800 czoteris
1700 2783 1819 2810 COlan“

991 2819 1122 2847 tentibus
1139 2820 1169 2846 in
1185 2818 1323 2846 Ecclesize
1340 2822 1485 2846 conventu
1502 2818 1612 2846 audita.

1026 2865 1069 2892 24.
1086 2863 1372 2899 CatechesesCyrilli
1384 2863 1518 2899 duplices
1534 2863 1697 2891 habemus:
1715 2865 1816 2891 decem
