4052 6402
408 319 524 380 147

1501 315 1602 376 DE
1643 313 2228 396 GATECHESIBUS
2269 322 2338 386 S.
2384 321 2721 388 CYRILLI.
3713 321 3816 390 148

409 467 469 519 et
494 465 630 519 octo
660 459 891 535 priores
919 461 995 517 ad
1024 477 1126 518 eos
1145 461 1248 534 qui
1270 459 1566 534 baptismo
1583 458 1851 532 proxime
1867 457 2060 514 susci-
2088 459 2149 532 Α
2177 464 2350 520 cutus
2369 463 2547 522 verbo
2570 461 2900 520 illuminare
2927 460 3152 536 passim
3171 457 3369 518 utitur
3389 475 3500 534 pro
3522 457 3808 531 baptizare;

412 545 634 627 piendo
642 551 1425 626 prasparabantur;quinque
1441 549 1872 624 mystagogicas
1883 547 2066 624 [CXV]

414 643 490 701 ad
520 643 854 714 neophytos
886 658 1000 714 que
1026 643 1099 698 de
1122 641 1313 698 tribus
1333 640 1726 697 sacramentis
1753 638 1932 695 simul
1955 637 2071 694 col-

414 733 552 790 latis
603 733 926 788 disserunt.
987 733 1223 789 Priores
1275 730 1708 798 inscribuntur,
1763 728 2070 785 catechetet

417 821 833 901 φωτιζομὲνων,
865 821 942 878 ad
971 821 1232 878 litteram
1261 836 1460 878 eorum
1487 821 1590 893 qui
1644 819 2067 876 illuminantur.

415 914 552 969 Haec
578 911 911 968 certissima
937 911 1321 984 Jerosolymis
1349 909 1838 983 baptizandorum
1864 907 2070 980 appel-

415 1003 580 1072 latio;
616 1019 716 1058 eos
747 1004 907 1059 enim
934 1003 1006 1058 ab
1034 1003 1207 1058 initio
1228 1001 1668 1075 procatecbesis
1687 1000 1800 1056 hoc
1828 999 2072 1054 nomine

417 1093 739 1166 compellat
784 1088 1252 1166 Cyrillusz‘HSn
1317 1089 1716 1165 μακαριότητος
1760 1087 1906 1160 ὀσμῆ
1938 1086 2072 1162 πρὸς

419 1181 583 1256 ὑμᾶς,
616 1181 661 1236 ὧ
692 1181 1082 1260 φωτιζόμενοι,
1105 1197 1217 1237 nec
1239 1180 1365 1237 illic
1386 1179 1602 1248 solum,
1621 1178 1728 1235 sed
1757 1183 1817 1234 et
1845 1183 1958 1234 cat.
1985 1180 2071 1248 11,

417 1290 478 1330 n.
509 1277 564 1342 9,
597 1278 657 1328 et
684 1277 798 1329 cat.
851 1274 940 1340 13,
990 1289 1050 1328 n.
1101 1275 1190 1327 21.
1229 1271 1450 1328 Eadem
1497 1287 1636 1326 voce
1684 1269 2076 1341 designantur

417 1363 755 1436 baptizandi
787 1363 851 1418 in
882 1361 1111 1419 Constit.
1161 1366 1336 1436 apart.
1370 1360 1474 1418 lib.
1526 1377 1644 1429 vm,
1676 1376 1804 1432 cap.
1855 1363 1907 1427 7,
1953 1360 1984 1412 8
2017 1362 2075 1413 et

419 1455 527 1524 35;
561 1453 624 1510 in
655 1471 825 1510 conc.
857 1452 1032 1509 Laod.
1067 1469 1200 1508 can.
1234 1455 1302 1508 46
1346 1457 1404 1507 et
1432 1452 1540 1519 48;
1594 1451 1658 1506 in
1689 1466 1860 1507 conc.
1903 1447 2072 1504 Trul-

419 1544 560 1601 lano
591 1561 724 1602 can.
757 1545 848 1610 '78;
894 1544 1137 1600 demum
1181 1543 1243 1598 in
1290 1539 1624 1613 Euchologio
1670 1557 1802 1613 pag.
1837 1540 1959 1595 343.
1993 1538 2074 1593 De

419 1634 602 1706 hujus
630 1633 790 1689 vocis
819 1633 874 1688 vi
907 1638 967 1689 et
994 1636 1286 1705 potestate
1317 1648 1439 1689 non
1485 1647 1608 1687 una
1637 1628 1933 1686 sententia
1963 1632 2072 1685 est.

421 1723 676 1779 Thomas
698 1723 983 1779 Millesius
1003 1727 1208 1779 censet
1226 1721 1384 1777 idem
1415 1719 1750 1794 signiﬁcare
1773 1735 1841 1775 ac
1860 1735 1950 1775 eos
1979 1717 2076 1790 qui

2185 559 2410 626 procat.
2444 572 2504 611 n.
2540 558 2594 624 2,
2627 559 2743 624 cat,
2775 570 2836 611 n.
2865 555 2958 620 21,
2990 555 3104 609 cat.
3142 551 3226 618 18,
3257 565 3321 606 n.
3357 549 3450 604 32.
3483 547 3567 604 Ex
3594 548 3692 604 illo
3719 567 3816 623 pu-

2182 640 2340 699 blico
2371 644 2551 718 hujus
2575 645 2734 701 vocis
2755 659 2867 699 usu
2887 643 3133 710 factum,
3155 645 3222 698 ut
3238 639 3601 697 Cresconius
3623 640 3680 696 in
3703 640 3815 698 Βή-

2187 735 2373 790 viario
2403 752 2530 793 can.
2556 735 2871 802 CLXXXIII,
2889 732 3136 790 verbum
3165 729 3816 809 φωτιζόμενοιιαοάίοθ-

2183 839 2261 879 no
2283 841 2513 880 canone
2525 823 2861 894 46,verterit
2875 840 2964 881 eos
2986 824 3084 900 qui
3099 819 3748 896 baptizantur;adeoque
3757 822 3819 880 ad

2186 913 2645 987 signiﬁcandum
2675 915 3038 988 baptismum
3058 930 3128 969 ea
3157 916 3518 968 consecrata
3539 927 3647 968 vox
3665 916 3822 979 est,ut

2185 1004 2643 1077 Chrysostomus
2674 1006 2836 1062 hom.
2871 1007 2935 1059 13
2966 1002 3028 1060 in
3058 1005 3231 1076 Epist.
3262 1003 3342 1058 ad
3372 1001 3538 1059 Hebr.
3561 1018 3690 1076 pag.
3715 1003 3819 1072 828,

2182 1092 2505 1165 baplizatos
2562 1093 2772 1169 [CXVI]
2819 1099 2880 1150 et
2933 1093 3398 1150 catechumenos
3452 1091 3818 1165 distinguens,

2183 1183 2410 1255 priores
2467 1183 2729 1257 appellet
2781 1180 3208 1260 φωτιζομὲνους.
3249 1183 3411 1240 Bona
3467 1185 3577 1238 vita
3632 1181 3819 1255 inquit,

3944 555 3952 592 J

3938 737 3952 776 ά

3937 829 3952 866 7

2183 1273 2331 1330 nihil
2360 1275 2558 1330 melius
2578 1272 2666 1328 καὶ
2700 1271 2787 1328 ἐπὶ
2819 1269 3346 1351 φωτιζομὲνιυν,καὶ
3364 1269 3458 1326 ἐπὶ
3488 1269 3819 1348 κατηχουμὲ-
3933 1288 3951 1322 ;

2183 1383 2310 1419 νων.
2344 1364 2639 1433 Secundo,
2672 1364 2854 1421 iidem
2895 1364 2995 1438 qui
3040 1360 3446 1440 φωτιζόμενοι,
3499 1363 3682 1420 altero
3734 1379 3822 1420 no-

2185 1455 2345 1512 mine
2376 1454 2729 1512 dicebantur
2785 1453 3200 1530 βαπτιζόμενοι.
3249 1455 3321 1510 In
3381 1453 3613 1510 Constit.
3669 1461 3820 1525 apati.

2185 1544 2362 1602 modo
2385 1545 2518 1615 hoc,
2543 1546 2720 1602 modo
2745 1543 2849 1603 illo
2867 1545 3112 1603 nomine
3133 1543 3582 1618 compellantur
3601 1543 3700 1601 lib.
3725 1559 3823 1612 vui,

2185 1654 2315 1710 cap.
2347 1639 2401 1705 8,
2434 1645 2493 1693 et
2521 1636 2626 1693 lib.
2659 1654 2748 1706 ιιι,
2778 1654 2907 1711 cap.
2953 1639 3039 1693 17.
3073 1635 3395 1694 Facundus
3445 1635 3550 1692 lib.
3596 1653 3669 1692 ix.
3698 1651 3746 1692 c.
3779 1636 3821 1703 3,

2185 1728 2330 1785 citat
2356 1727 2647 1785 Theodori
2679 1727 3079 1800 Mopsuesteni
3127 1726 3356 1784 librum
3389 1726 3474 1784 Ad
3505 1725 3819 1798 baptizatos;

419 1812 729 1884 cognitione
781 1813 1130 1882 imbuuntur,
1157 1819 1272 1869 nec
1330 1811 1547 1868 desunt
1597 1808 1936 1884 probabiles
1993 1807 2077 1863 ita

2190 1817 2284 1892 qui
2334 1817 2569 1874 actione
2624 1819 2658 1872 4
2689 1817 2931 1874 concilii
2961 1835 3016 1885 ν,
3049 1822 3343 1892 perpetuo
3387 1814 3726 1873 inscribitur
3749 1812 3821 1870 Ad

422 1901 804 1958 existimandi
851 1902 1151 1958 rationes:
1184 1918 1326 1958 nam
1383 1917 1453 1957 ea
1481 1905 1574 1957 est
1622 1900 1855 1973 vulgata
1908 1894 2072 1953 verbi
2129 1894 2138 1904 '
2185 1905 2576 1980 baptizando“
2608 1907 2862 1964 habetur
2916 1907 3204 1964 nimirum
3261 1905 3408 1984 πρὸς
3468 1902 3595 1966 τοὺς
3653 1902 3822 1978 ﬂam-

421 1990 674 2066 φωτίζειν
708 1993 1062 2063 signiﬂcatio
1102 1992 1164 2048 in
1212 1989 1418 2047 Bibliis
1467 1991 1630 2058 LXX,
1661 1991 1733 2045 ιν
1782 1990 1921 2062 Reg.
1970 2004 2074 2057 xn,

417 2083 452 2153 ᾗ
483 2085 538 2148 2,
571 2081 643 2139 de
671 2082 876 2139 Joiada
921 2082 1202 2156 pontifice
1241 2098 1441 2155 regem
1487 2082 1622 2137 Joas
1669 2095 1921 2153 puerum
1952 2078 2076 2134 suis

419 2173 686 2230 consiliis
716 2189 784 2229 ac
814 2173 1126 2246 praeceptis
1156 2173 1507 2228 instituente
1531 2177 1590 2227 et
1616 2175 1899 2227 monente
1929 2168 2077 2225 dici-

420 2267 536 2332 tur,
568 2259 828 2339 ἐφώτισεν
883 2259 1043 2316 αὐτὸν
1095 2257 1282 2317 Ἰωδαὶ
1329 2261 1357 2315 ὁ
1406 2258 1606 2331 ἱερεὺς,
1652 2266 1712 2316 et
1750 2277 1880 2334 cap.
1939 2275 2075 2326 xvn,

421 2354 455 2424 ᾗ
486 2353 576 2422 28,
608 2353 683 2408 de
713 2352 1021 2408 sacerdote
1051 2352 1422 2408 Samaritana
1453 2351 1529 2406 ad
1562 2350 1836 2406 Chutaaos
1884 2348 2077 2422 legem

423 2442 660 2499 Domini
691 2441 990 2498 docendos
1047 2441 1256 2507 misso,
1296 2439 1360 2512 ἦν
1420 2437 1673 2517 φωτίζων
1732 2435 1930 2498 αὐτοὺς
1960 2440 2079 2499 πῶς

427 2524 713 2608 φοϐηθῶσι
769 2529 862 2585 τὸν
914 2529 1138 2606 Κύριον,
1185 2530 1588 2589 Ecclesiastici
1635 2547 1763 2602 va,
1805 2531 1837 2600 ᾗ
1873 2531 1960 2597 17,
1991 2544 2077 2601 gr.

426 2623 594 2698 Vulg.
627 2623 698 2680 de
729 2625 1002 2680 Aarone:
1063 2617 1302 2676 Ἔδωκεν
1332 2619 1493 2675 αὐτὸν
1528 2615 1734 2689 διδάξαι
1763 2617 1856 2672 τὸν
1883 2611 2081 2673 Ἰακὼϐ

429 2715 495 2772 τὰ
529 2715 822 2792 μαρτύρια,
881 2716 971 2770 καὶ
1013 2714 1066 2770 ἐν
1126 2713 1284 2790 νόμῳ
1343 2714 1512 2770 αὐτοῦ
1557 2710 1789 2790 φωτίσαι
1835 2708 2078 2784 Ἰσραήλ.

422 2807 633 2864 «Dedit
649 2807 820 2864 illum
844 2806 1207 2863 Dominusut
1219 2802 1635 2860 doceretlacob
1652 2801 2084 2868 testimonia,et

423 2921 451 2951 ι(
475 2899 536 2955 in
553 2898 681 2973 lege
696 2915 803 2954 sua
817 2896 1191 2953 illuminaret
1209 2895 1447 2952 Israel.»
1465 2895 1611 2950 Hinc
1627 2893 1806 2950 verbo
1826 2894 2078 2968 φωτιζεῖν

420 2991 627 3046 Patres
657 3005 764 3060 pro
818 2987 1046 3046 erudire
1073 2986 1297 3060 passim
1353 2989 1623 3041 utuntur.
1687 2983 1816 3038 Vid.
1877 2979 2078 3054 Cyrill.

2190 2986 2262 3040 22
2285 3003 2322 3041 a
2349 2985 2524 3042 nobis
2554 2987 2750 3044 citatis
2779 2986 3160 3060 appellantur
3183 2984 3234 3040 οὶ
3257 2985 3560 3060 μέλλοντες
3583 2976 3812 3058 φωτίζεσ-

420 3078 766 3146 Alexandr.,
797 3079 904 3134 lib.
937 3095 953 3133 ι
983 3079 1044 3133 in
1075 3078 1234 3135 Joan.
1268 3093 1397 3149 cap.
1424 3093 1500 3144 1x,
1535 3092 1596 3147 p.
1627 3075 1730 3142 73;
1775 3071 2081 3146 synopsim
2192 3073 2302 3144 θαι,
2335 3075 2718 3134 illuminandi.
2769 3079 2992 3134 Auctor
3033 3077 3302 3134 homilim
3343 3078 3409 3134 in
3455 3071 3814 3148 evangelicam

2187 1993 2466 2069 ζομὲνους.
2498 1997 2668 2070 Apud
2700 1996 2987 2070 Cyrillum
3019 2001 3296 2054 nostrum
3329 1997 3398 2052 in
3429 1995 3602 2052 titulo
3639 1999 3741 2050 cat.
3771 1996 3812 2060 1,

2186 2087 2315 2143 loco
2347 2086 2759 2163 φωτιζομένων,
2792 2087 2980 2144 fertur
3005 2088 3068 2144 in
3096 2087 3269 2144 codd.
3321 2089 3448 2146 lioe
3496 2093 3557 2144 et
3596 2081 3816 2142 Casaub.

2187 2267 2509 2324 Grodecius
2566 2267 2954 2344 φωτιζομένων
3004 2263 3041 2336 ἤ
3104 2266 3557 2342 βαπτιζομένων,
3607 2261 3818 2338 quando

2190 2359 2387 2427 vertit,
2417 2357 2866 2415 illuminatorum
2895 2376 2993 2415 seu
3024 2359 3470 2431 baptizatorum.
3503 2355 3651 2425 Quid
3689 2351 3824 2427 quod

2193 2717 2377 2792 χάρις.
2411 2718 2490 2774 Ad
2518 2722 2571 2774 te
2599 2733 2810 2790 quoque
2834 2720 2931 2792 qui
2959 2718 3286 2791 baplizaris,
3315 2719 3410 2774 vel
3453 2711 3814 2793 βαπτιζόμενος

2192 2807 2417 2877 diceris,
2447 2817 2781 2880 perventura
2805 2817 2882 2865 est
2897 2808 3103 2880 gratia.
3127 2809 3328 2865 Tertio
3357 2806 3713 2886 φωτιζόμενοι
3736 2800 3815 2857 hic

420 3169 732 3238 Athanas,
765 3184 826 3223 n.
861 3169 947 3233 17,
980 3183 1114 3241 pag.
1158 3168 1294 3235 145;
1339 3164 1714 3232 Theodoret.,
1760 3163 1824 3220 in
1870 3161 1976 3219 lib.
2029 3162 2078 3216 II
2108 3179 2155 3252 α
2192 3165 2538 3239 parabolam
2568 3166 2640 3222 de
2670 3167 2960 3239 operariis
2989 3167 3052 3223 in
3082 3166 3320 3224 vineam
3347 3165 3671 3232 conductis,
3699 3161 3816 3252 Ope-
3925 3221 3932 3230 ,

421 3257 704 3330 Paralip..
737 3273 868 3330 pag.
905 3257 1028 3311 384.
1062 3255 1318 3329 Cyrillus
1346 3255 1474 3327 ipse
1517 3255 1580 3308 in
1627 3252 1788 3308 hunc
1836 3268 2079 3306 sensum
2121 3247 2160 3282 Ἴ
2193 3273 2327 3312 rum
2358 3256 2658 3328 Chrysost.
2693 3261 2835 3312 tom.
2875 3257 2962 3328 Vl,
2991 3274 3049 3330 p.
3096 3258 3220 3327 539,
3273 3257 3600 3331 baptizatos
3635 3247 3814 3309 distin-
3925 3303 3932 3310 ,

422 3353 537 3405 cat.
573 3349 662 3417 18,
693 3365 755 3404 n.
788 3350 878 3416 32,
913 3347 1164 3420 loquens
1192 3345 1264 3401 de
1293 3343 1633 3401 necessaria
1649 3342 2025 3398 institutione
2047 3357 2083 3397 a
2191 3346 2440 3420 guensia
2467 3344 2855 3418 baptizandis,
2890 3345 3028 3403 illos
3059 3352 3228 3403 vocat
3255 3342 3716 3425 πεφωτισμένους,
3748 3333 3812 3392 il-

423 3454 488 3495 se
519 3437 715 3494 danda
743 3436 1073 3494 accessuris
1103 3435 1178 3492 ad
1203 3434 1508 3508 mysteria,
1541 3433 1644 3502 ait,
1683 3436 1786 3500 τῆς
1818 3427 2079 3504 ὕμετὲρας

2195 3434 2524 3502 luminatos,
2613 3435 2724 3490 hos
2809 3435 3364 3509 φωτισθησομένους,
3435 3425 3814 3492 illuminandm.

424 3528 614 3602 ψυχῆς
645 3522 734 3580 Eii
756 3528 854 3580 τοῦ
884 3523 1056 3600 λόγου
1111 3529 1213 3593 τῆς
1273 3518 1629 3583 διδασκαλίας
1679 3516 2079 3599 φωτιζομένης.

2192 3524 2456 3582 Tandem
2486 3524 2549 3582 in
2581 3524 2939 3598 Euchologio,
2990 3541 3126 3584 cum
3174 3524 3516 3599 baptizandi
3548 3515 3815 3594 appellen-

429 3641 457 3672 «
486 3617 1082 3689 Animavestraprius
1094 3633 1202 3689 per
1219 3615 1504 3672 doctrinas
1517 3611 2084 3670 verbumillumina-
2195 3620 2292 3672 tur
2320 3615 2712 3692 φωτιζόμενοι,
2745 3616 2916 3688 quasi
2946 3615 3022 3673 ad
3053 3616 3520 3690 explicationem
3549 3611 3714 3684 hujus
3735 3620 3816 3661 v0-

431 3733 456 3760 (ι
479 3714 596 3764 ta.»
614 3707 896 3781 Proprius
908 3706 1100 3763 adhuc
1118 3705 1192 3762 ad
1205 3722 1332 3761 rem
1347 3709 1611 3760 nostram
1627 3703 1682 3759 S.
1698 3703 1988 3760 Maximus
2009 3701 2079 3760 ad

2196 3706 2282 3762 cis
2311 3691 2442 3780 pag.
2508 3709 2628 3775 195,
2687 3709 2808 3774 196,
2866 3707 2992 3775 343,
3018 3707 3149 3774 344,
3207 3706 3496 3766 dicuntur
3549 3701 3598 3758 οἰ
3621 3697 3740 3773 πρὸς
3763 3691 3812 3746 τὸ

427 3799 553 3856 haec
583 3798 763 3854 verba
791 3795 1316 3871 pseudo-Dionysii
1349 3799 1428 3852 De
1469 3793 1678 3850 calesti
1718 3795 1995 3850 hierarch.
2030 3810 2079 3849 c.

2195 3794 2452 3873 φώτίσμα
2481 3792 2950 3870 εὐτρεπιζόμενοι,
2977 3795 3078 3870 qui
3105 3797 3179 3853 ad
3215 3795 3678 3854 illuminationem
3697 3799 3814 3860 ρπῑ·

427 3891 478 3958 3,
512 3907 573 3945 n.
605 3892 662 3958 2,
685 3881 910 3954 Ἐπειδή
941 3883 1113 3957 τάξις,
1145 3887 1272 3941 Ι]ωο
1297 3884 1477 3940 habet
1505 3901 1564 3953 p.
1597 3886 1700 3940 46:
1731 3879 2079 3958 Τοὺςπροσι-

2192 3895 2496 3960 parantur.
2529 3888 2612 3942 Ex
2675 3885 2891 3958 quibus
2947 3887 3228 3944 omnibus
3275 3892 3514 3946 constat
3551 3878 3814 3953 baptizan-

430 3976 584 4040 ὅντας
615 3975 696 4032 δεῖ
734 3975 1059 4052 φωτίζεσθαι
1109 3978 1176 4044 τῇ
1209 3973 1403 4048 γνώσει
1458 3977 1567 4028 τῶν
1628 3973 1789 4029 θεῖων
1833 3976 2079 4050 Γραφῶν,

2197 3975 2305 4030 dos
2342 3975 2458 4032 dici
2489 3975 2891 4034 illuminanda:
2922 3993 2958 4032 a
2986 3976 3284 4050 baptismo
3319 3978 3418 4036 cui
3473 3967 3813 4032 instrueban-

439 4093 458 4117 κ
494 4066 860 4124 Accedeutes
894 4064 967 4121 ad
997 4064 1296 4137 baptisma
1324 4063 1654 4118 illuminari
1706 4067 1943 4135 Oportet
1983 4081 2086 4120 co-
2199 4073 2315 4122 tur.

433 4158 798 4233 «gnitionem
811 4155 1146 4211 divinarum
1159 4151 2090 4226 Scripturarum.»Acpauloinfe-
2271 4159 2358 4212 25.
2394 4156 2642 4229 Rogabit
2669 4157 2912 4229 aliquis,
2948 4175 3126 4214 eccur
3155 4157 3525 4234 φωτιζόμενοι
3555 4159 3612 4210 et
3647 4149 3813 4226 βαπτι-

432 4250 558 4306 rius
587 4246 662 4304 ad
689 4245 870 4302 verba
897 4243 1158 4301 auctoris
1183 4239 1314 4304 τοὺς
1349 4239 1444 4315 μὶν
1477 4241 1819 4319 φωτίζεσται,
1869 4241 2079 4300 iterum

2201 4244 2258 4314 ζό
2265 4265 2417 4319 μενοι
2438 4248 2722 4320 temporis
2741 4249 3056 4320 praesentis
3075 4249 3478 4322 appellatione
3492 4241 3812 4304 dicerentur-

433 4340 554 4396 ait:
589 4343 668 4407 Ση
681 4334 911 4410 μείωσαι
943 4331 1028 4388 ὅτι
1057 4331 1120 4388 τὸ
1150 4331 1408 4408 φώτισμα
1435 4331 1542 4408 πρὸ
1569 4334 1668 4387 τοῦ
1713 4330 2079 4408 βαπτίσματός

2198 4337 2371 4394 Nulla
2398 4337 2552 4394 forte
2580 4338 2699 4394 alia
2727 4338 3089 4410 requirenda
3117 4339 3268 4396 ratio
3321 4345 3432 4408 est,
3465 4337 3671 4411 prater
3697 4338 3813 4400 pro'

435 4428 599 4485 ἐστιν.
660 4431 808 4484 Nota
864 4426 1339 4483 illuminationem
1389 4423 1702 4497 praecedere
1751 4423 2088 4496 baptismum

2190 2176 2628 2254 βαπτιζομένων,
2659 2185 2837 2249 atque
2868 2179 2931 2234 in
2962 2178 3135 2234 titulo
3165 2177 3505 2235 catecbesis
3546 2179 3578 2232 7
3619 2173 3819 2248 legebat
3925 2205 3934 2241 ;

2197 4427 2496 4484 miscuum
2525 4445 2646 4484 non
2677 4427 2740 4484 in
2767 4428 3070 4501 Scriptura
3098 4429 3296 4486 solum
3329 4445 3498 4486 sacra
3525 4429 3583 4480 et
3621 4411 3814 4476 εᾶωοίίε
3925 4477 3932 4488 .

2191 2422 2446 2520 Ογι-ἱιιιιε
2477 2449 2624 2520 ipse,
2658 2449 2760 2520 qui
2790 2422 3104 2506 auditores
3136 2465 3278 2505 suos
3331 2422 3818 2526 φωτιζομὶνωνγοσ
3927 2422 3952 2518 ,ί

2195 2537 2406 2594 cabulo
2427 2536 2960 2612 compellat,altero
2981 2539 3162 2596 etiam
3184 2556 3289 2596 eos
3307 2539 3605 2606 convenit,
3627 2540 3729 2593 cat.
3748 2535 3817 2598 16,
3925 2574 3951 2613 ε

2197 2645 2256 2684 n.
2286 2630 2374 2696 26,
2425 2623 2630 2682 Μέλλει
2663 2625 2751 2682 ἐπὶ
2783 2627 2861 2698 σὲ,
2914 2627 3009 2684 τὸν
3065 2626 3492 2703 βαπτιζόμενον,
3541 2627 3740 2703 φθανιῖν
3787 2621 3816 2688 ἡ
3929 2669 3952 2703 3

2190 2897 2494 2964 dicuntur,
2521 2897 2562 2952 ii
2594 2897 2752 2970 apud
2771 2898 3260 2970 Chrysostomum
3279 2895 3648 2956 orationibus
3674 2905 3812 2948 num.
3928 2939 3952 2956 .,

435 4521 537 4627 ubi
567 4517 800 4618 videtur
828 4515 1096 4616 alludere
1127 4515 1202 4616 ad
1231 4531 1454 4627 nemen
1487 4520 1564 4627 ξι
1593 4519 1812 4627 statqm
1844 4517 2086 4627 ‘qwuto-
2116 4557 2166 4627 Β
2201 4517 2494 4627 Patribus,
2528 4517 2632 4618 sed
2663 4517 2842 4574 etiam
2872 4518 3029 4590 apud
3057 4519 3341 4592 profanos
3380 4523 3440 4575 et
3483 4516 3544 4572 in
3571 4503 3814 4614 omnibus

438 4609 632 4684 μένων,
651 4609 750 4682 qui
774 4605 1128 4664 necessariis
1141 4603 1617 4662 institutionibus
1628 4603 1704 4661 ad
1723 4603 2089 4677 baptismum

433 4701 816 4776 parabantur.
837 4701 912 4756 At
937 4713 1041 4772 ego
1073 4695 1264 4766 magis
1297 4694 1652 4752 crediderim
1675 4697 1992 4754 Maximum
2015 4697 2090 4754 ad

431 4795 588 4852 hanc
615 4789 902 4864 loquendi
931 4788 1227 4844 rationem
1257 4785 1567 4842 inductum
1599 4801 1752 4858 esse,
1777 4804 1848 4844 ex
1875 4803 1986 4844 usu
2003 4804 2092 4846 ec-

433 4883 766 4942 clesiastico
790 4877 1176 4954 baptizandos
1207 4871 1592 4954 φωτιζομὲνων
1640 4877 1886 4934 nomine
1926 4895 2090 4935 com-

431 4973 700 5048 pellandi
733 4987 912 5044 quam
943 4967 1409 5043 appellationem
1440 4965 1632 5039 ipsam
1681 4967 1835 5024 hanc
1866 4968 1939 5026 ab
1993 4970 2087 5026 in-

436 5063 743 5120 stitutione
773 5059 1141 5132 baptizandis
1184 5057 1323 5114 data
1368 5057 1712 5115 derivatam.
1755 5059 1895 5114 Mihi
1927 5060 2090 5116 enim

437 5168 674 5224 semper
704 5149 946 5222 placuit,
971 5147 1383 5222 φωτιζομένους
1409 5146 1506 5203 hic
1531 5147 1865 5222 significare
1886 5165 1974 5207 eos
1993 5152 2092 5223 qui

435 5240 793 5314 baptizantur
814 5255 828 5290 :
849 5253 966 5309 qua
995 5253 1090 5293 me
1113 5238 1175 5292 in
1203 5237 1502 5293 sententia
1523 5237 1886 5311 gravissima
1905 5241 2088 5297 ratio-

434 5349 544 5388 nes
574 5329 1095 5386 conﬁrmaverunt.
1145 5326 1367 5395 Primo,
1420 5326 1673 5383 celebris
1730 5328 1836 5384 illa
1878 5334 1938 5386 et
1966 5347 2088 5402 praa

437 5419 716 5478 omnibus
745 5421 1031 5490 usurpata
1077 5415 1358 5489 baptismi
1399 5419 1790 5491 nuncupatio,
1827 5436 1946 5491 qua
1973 5439 2086 5496 φω-

433 5507 631 5581 τισμός
661 5522 766 5564 seu
787 5503 1130 5562 illuminalio
1160 5503 1398 5574 dicitur,
1429 5506 1668 5580 proprio
1702 5507 1812 5562 sibi
1845 5508 2091 5566 nomine

440 5604 500 5654 et
527 5614 634 5670 per
665 5595 1079 5652 excellentiam
1106 5592 1410 5663 attributa,
1443 5601 1510 5652 ut
1537 5597 1620 5653 ait
1639 5598 1768 5653 Naz.
1801 5597 2090 5654 orationis

444 5689 508 5743 19
537 5687 693 5755 init.,
724 5702 855 5760 pag.
890 5684 1014 5742 638.
1063 5683 1322 5760 Cyrillus
1364 5702 1744 5746 communem
1787 5703 1963 5746 usum
1994 5705 2085 5746 se-

2198 4625 2350 4685 pene
2382 4607 2600 4681 linguis
2631 4608 2944 4682 praesentis
2973 4625 3081 4682 pro
3111 4609 3314 4666 futuro
3344 4603 3623 4680 temporis
3641 4606 3810 4685 usuin-

2197 4682 2324 4765 Qua
2351 4697 2594 4754 licentia
2622 4697 2927 4755 neminem
2956 4704 3262 4757 auctorem
3292 4697 3432 4756 novi
3461 4695 3561 4768 qui
3595 4682 3811 4748 liberius

2198 4788 2496 4856 abutatur,
2529 4805 2709 4860 quam
2740 4789 2996 4863 Cyrillus
3026 4795 3266 4860 noster;
3300 4805 3434 4863 qua)
3461 4801 3555 4843 res
3573 4782 3632 4838 in
3658 4777 3812 4863 illi?“

2198 4879 2488 4952 pretando
2519 4895 2640 4935 non
2670 4860 2884 4953 parum
2913 4879 3064 4936 mihi
3101 4860 3399 4937 facessivit
3444 4869 3674 4948 negotii.
3701 4860 3812 4920 Alia

2199 4975 2402 5026 tamen
2423 4969 2622 5026 atl‘erri
2646 4985 2825 5026 causa
2845 4974 3062 5042 potest,
3097 4971 3305 5043 quaein
3335 4965 3592 5026 Ecclesia
3609 4961 3811 5017 Jeroso-

2199 5060 2492 5132 lymitana
2518 5059 2714 5131 majus
2743 5059 2939 5116 adhuc
2967 5059 3202 5133 pondus
3223 5060 3503 5128 haberet;
3534 5047 3809 5138 nimirunb

2197 5149 2536 5224 baptizandi
2565 5155 2730 5207 certa
2757 5166 2860 5222 spe
2885 5155 3064 5222 atque
3087 5149 3524 5222 exspectatione
3541 5136 3810 5212 baptismi»

2200 5239 2371 5312 quasi
2395 5241 2522 5312 jam
2553 5239 2918 5312 baptismum
2959 5240 3352 5312 susciperent,
3394 5228 3807 5310 spectabantur:

2197 5329 2289 5386 vel
2319 5330 2518 5402 potius
2550 5345 2758 5385 eorum
2787 5335 2998 5398 status,
3030 5346 3148 5402 quo
3171 5327 3532 5392 exorcismis,
3552 5315 3812 5402 paulun”

2200 5419 2296 5475 tiae
2313 5401 2640 5487 laboribus,
2665 5418 2921 5490 aliisque
2942 5401 3179 5493 pietatis
3199 5416 3492 5476 exercitiis
3510 5401 3806 5493 ριιιέεαῖξδν

2197 5512 2314 5578 tur,
2348 5513 2408 5564 et
2437 5488 3196 5564 secretiorum—Christiana;
3217 5502 3516 5580 religionis
3543 5488 3805 5580 doctrina“

2196 5577 2331 5654 rum
2361 5597 2902 5655 communicatione
2921 5577 3368 5669 erudiebantur,
3388 5577 3804 5669 velutanﬁqu"

2196 5693 2294 5744 tus
2310 5687 2554 5760 quidam
2571 5687 3001 5762 baptismus,ac
3019 5689 3294 5764 quaedam
3305 5666 3577 5759 baptismi
3595 5666 3802 5731 inchoa~
