2026 3184
104 160 169 191 149

825 161 1088 193 DISSERTATIO
1110 162 1150 193 ΙΙ.

1794 170 1850 199 150

103 229 149 257 tio
158 227 350 256 habebatur.
364 229 454 257 Certe
461 229 657 266 baptizandos
667 229 794 267 Cyrillus
801 229 843 258 sic
855 229 957 258 multis
974 230 1000 265 Α
1013 237 1058 258 eos
1068 230 1119 266 qui
1129 230 1341 265 illuminantur,
1373 232 1421 260 vel
1445 233 1623 269 baptizantur
1636 243 1646 267 ;
1663 237 1713 263 aut
1734 239 1767 263 ut
1783 245 1843 265 non

104 274 183 302 locis
193 273 384 309 alloquitur,
397 275 487 311 quasi
496 275 720 311 baptismibona
724 275 788 313 jam
796 278 960 312 praegusta-

109 322 181 348 rent
204 327 238 347 ac
253 319 471 356 perciperent.
495 320 679 349 Catechesim
703 322 831 357 primam
856 320 892 349 ab
912 320 959 349 bis

116 365 212 394 verbis
221 365 361 393 inchoat.
375 366 449 394 Noui
461 366 627 395 Testamcnli
640 367 785 403 discipuli,
801 374 836 395 ac
856 368 960 403 myste-

121 412 220 440 n‘onun
245 410 364 439 Christi
377 411 535 448 participes
564 420 639 440 nunc
666 411 777 448 quidem
803 411 957 446 uacatione,

121 457 197 491 paulo
210 460 272 492 post
288 464 357 485 vero
373 457 461 485 etiam
483 458 587 492 gratia.
607 457 656 485 Ait
680 459 793 494 procat.
811 465 841 485 ιι.
870 458 895 491 1,
911 465 958 485 eos

119 501 309 537 imSpiritus
325 502 420 529 condi
435 501 590 538 ﬂagrantia
611 503 767 539 aspiratoc;
784 504 814 530 et
827 510 911 531 num.
928 503 955 536 6,

117 546 250 583 Spiritum
261 548 400 575 sanctum
414 547 629 581 inhabilantem,
646 551 762 576 mentem
777 547 901 584 ipsorum
916 547 958 575 di-

115 592 207 620 vinam
222 591 346 619 domum
370 592 483 627 afﬁcere
499 602 507 627 ς
523 600 554 620 ιι.
573 593 616 628 13,
632 592 759 621 Ecclesia
784 593 857 626 ﬁlios
867 593 955 628 facto:

113 645 170 665 esse
184 639 358 673 postquam
368 638 486 665 nomine
498 637 652 672 dedissent;
664 637 811 666 catechesi
828 638 870 671 11,
883 645 913 665 n.
926 639 952 666 9.

109 682 171 719 jam
187 682 272 710 ﬁlios
289 682 348 710 Dei
364 681 453 710 effici.
469 682 541 718 Non,
556 682 665 719 inquit,
675 683 747 711 sicut
760 690 806 711 vos
816 691 831 711 ο
846 682 954 711 illumi-

111 727 294 762 uandi,mmc
301 727 514 763 cfﬁciminiﬁlii
524 727 738 764 Dci,efﬁcimini
745 728 823 756 enim
834 727 953 764 [CXVII]

114 775 192 801 eteo;
206 771 271 808 ﬁlii
285 773 351 800 Dei.
377 772 529 800 Catechesi
555 773 597 808 13,
614 781 644 801 ιι.
670 774 715 807 23,
736 773 779 801 ait
793 773 859 809 jam
873 773 950 801 acci-

115 827 183 855 pere
196 818 421 846 remissionem
435 820 634 854 peccatorum.
651 818 757 854 Accipis
765 826 841 846 nunc
852 819 952 847 remis-

113 863 216 892 sionem
230 868 426 899 peccatorum,
442 866 511 897 etc.,
525 871 583 899 quo
598 863 704 892 inloco
718 864 859 900 praesenti
874 866 952 892 tem-

114 917 193 946 pore,
209 917 284 937 meo
297 908 428 944 judicio,
444 908 538 936 utitur
552 917 605 945 pro
621 908 730 937 futuro.
757 910 868 945 Nempe
883 909 950 937 ani-

115 963 192 983 mam
206 955 352 991 ipsorum
368 962 421 990 per
437 954 617 982 exorcismos
638 962 655 982 a
678 954 807 990 peccatis
831 955 951 991 purgari

117 1000 165 1034 ait,
180 1002 299 1036 procat.
313 1007 399 1027 num.
416 1000 442 1027 9.
457 999 521 1027 Imo
536 999 626 1027 etiam
641 1002 698 1028 cat.
716 1000 760 1034 18,
783 1008 813 1027 ιι.
830 1001 874 1034 26,
890 1008 951 1028 non

118 1045 213 1073 timuit
227 1053 281 1073 eos
294 1045 365 1082 jam
383 1048 571 1081 regeneratos
585 1045 617 1072 in
632 1044 763 1073 Ecclesia
778 1045 950 1073 dicere.Mi-

119 1090 175 1118 rari
190 1099 258 1127 ergo
270 1091 342 1127 jam
358 1090 541 1124 desinamus,
557 1090 582 1118 si
597 1090 686 1118 etiam
694 1092 751 1118 cat.
768 1091 811 1124 t2,
824 1099 908 1118 num.
923 1092 948 1125 1,

115 1136 247 1164 videatur
262 1145 317 1164 eos
333 1135 435 1164 dicere
446 1135 512 1172 jam
527 1135 635 1163 Christi
646 1135 792 1163 immolati
809 1136 949 1164 carnibus

111 1182 190 1210 vesci
204 1192 212 1217 ;
227 1181 350 1210 tametsi
366 1181 396 1209 id
411 1181 447 1209 de
463 1181 535 1210 solis
550 1181 690 1209 fidelibus
711 1181 825 1209 dictum
849 1181 948 1209 existi-

114 1236 207 1256 mem.
221 1227 367 1260 Tandem,
383 1235 451 1255 cum
476 1227 508 1255 in
534 1226 666 1255 Ecclesia
688 1226 946 1262 Jerosolymitana,

120 1272 402 1300 catechumenorum
418 1271 539 1299 dimisso
555 1271 688 1305 nomine,
705 1271 859 1300 communi
878 1280 947 1299 cum

116 1317 271 1354 baptixatis
287 1317 423 1346 ﬁdelium
438 1317 558 1345 nomine
574 1318 789 1350 censerentur;
804 1316 889 1353 quasi
902 1325 948 1345 eo-

110 1362 249 1390 rumdem
259 1371 330 1390 cum
342 1362 417 1398 ipsis
424 1362 571 1390 bonorum
579 1361 810 1398 participatione
819 1362 947 1398 conjun-

108 1408 160 1442 cti,
170 1408 215 1435 uti
222 1408 290 1444 jam
307 1407 450 1443 baptizari
464 1406 642 1443 incipientes
658 1407 879 1443 spectabantur.
889 1407 945 1435 At-

109 1461 167 1489 que
183 1461 221 1481 ea
236 1452 363 1488 quidem
379 1453 454 1480 ratio
466 1452 572 1488 probat
588 1452 700 1488 optime
716 1454 745 1480 et
758 1451 887 1481 feliciter
900 1452 945 1480 fa-

107 1498 237 1532 ctum,in
254 1498 391 1526 Ecclesia
405 1498 436 1525 in
451 1498 555 1534 primis
571 1497 848 1533 Hierosolymitana,
865 1497 946 1534 quod

106 1543 301 1580 baptizandis
317 1543 476 1580 appellatio
491 1542 673 1581 φωτιζόμενοι
689 1545 718 1571 et
735 1541 943 1580 βαπτιζόμενοι,

106 1597 167 1617 non
182 1589 281 1617 futuri
296 1588 351 1617 sed
366 1588 519 1625 praesentis
535 1588 678 1624 temporis
693 1588 837 1616 attributa
852 1588 901 1617 sit:
913 1591 944 1618 at

1014 273 1209 312 indiligenter
1224 284 1241 304 a
1255 276 1447 305 Bollandistis
1462 278 1662 313 observatum,
1688 281 1848 310 illuminari

1013 320 1059 348 vel
1075 320 1215 356 baptizari
1232 322 1416 356 incipientes:
1433 332 1499 359 quae
1515 326 1698 360 nuncupatio
1716 328 1844 354 maxime

1013 365 1176 394 conformis
1191 369 1236 394 est
1248 367 1332 395 alteri
1349 375 1365 395 a
1380 376 1427 396 me
1444 377 1570 396 numero
1584 370 1731 405 superiori
1744 372 1841 400 allatas

1012 411 1131 445 rationi,
1162 420 1215 440 cur
1242 420 1297 439 vox
1312 413 1412 441 Graeca
1427 422 1487 441 non
1509 414 1608 442 futuro
1626 416 1677 442 sed
1702 417 1843 451 prmsenli

1011 457 1145 492 tempore
1161 456 1258 492 posita
1273 457 1320 485 sit.
1337 459 1374 484 At
1401 458 1432 485 in
1448 458 1647 494 appellatione
1673 462 1841 488 communis

1010 507 1093 534 usus,
1109 501 1230 529 vitanda
1239 502 1509 536 circumlocutio,et
1524 504 1665 532 vocabulo
1682 513 1742 533 uno
1759 509 1844 533 uten-

1010 545 1082 573 dum
1097 545 1163 580 fuit,
1175 554 1214 573 ne
1229 546 1337 580 dicam,
1348 556 1480 583 praesens
1493 548 1567 575 illud
1577 551 1695 584 tempus
1712 550 1748 578 ad
1762 550 1841 578 futu-

1009 598 1077 618 rum
1093 590 1298 619 reducendum
1314 600 1388 620 esse.
1409 592 1551 621 Restabat
1579 602 1646 630 ergo
1664 603 1717 621 vox
1734 596 1841 623 illumi-

1007 636 1110 671 παπαί,
1126 636 1157 664 in
1174 644 1233 672 qua
1247 636 1391 673 acquievi.
1410 637 1607 673 Coteleriique
1624 640 1754 666 auctoris
1780 649 1840 668 ma-

1007 680 1086 708 xime
1102 682 1232 709 accurati
1248 682 1424 710 auctoritate
1440 690 1489 709 me
1513 686 1646 720 protego,
1673 684 1721 719 qui
1738 693 1837 712 vocem

1007 724 1193 765 φωτιζόμενοι
1209 726 1240 754 in
1256 726 1370 755 Constit.
1388 731 1473 763 apost.
1487 727 1539 755 lib.
1556 737 1615 763 vm,
1632 737 1656 755 c.
1675 731 1700 762 7,
1717 729 1733 755 8
1750 733 1778 757 et
1794 731 1838 763 3&5,

1006 770 1269 807 itainterpretatus
1286 774 1340 799 est.
1355 772 1475 800 Clarum
1485 781 1520 800 ex
1530 773 1758 801 auctoritatibus
1769 776 1837 802 n.2~i-

1005 815 1141 845 adductis
1153 816 1432 854 ewrztdnavoijdem
1450 826 1514 846 esse
1532 827 1599 845 cum
1618 816 1767 854 μέλλοντες
1776 830 1834 857 φω-

1003 861 1135 897 τίζεσθαι,
1152 861 1389 900 φωτισθησόμενοι
1405 862 1473 900 πρὸς
1502 862 1533 890 τὸ
1558 863 1687 902 φώτισμιι
1715 864 1835 901 εὐτρεπι-

1005 906 1126 943 ζόμενοι.
1143 908 1278 944 [CXVIII]
1293 916 1359 944 quas
1375 909 1478 936 omnia
1493 908 1585 936 futuri
1599 913 1669 937 sunt
1682 911 1834 946 temporis.

1008 952 1205 989 Hieronymus
1221 953 1358 988 quaedam
1373 953 1462 981 verba
1473 962 1710 982 commemorans
1727 956 1757 982 in
1773 957 1835 991 epi-

1006 997 1082 1025 stola
1098 998 1190 1025 sua38
1204 997 1338 1034 epistolas
1354 999 1488 1026 aJoanne
1497 999 1598 1034 Cyrilli
1611 1008 1782 1028 successore
1799 1001 1835 1029 ad

1004 1041 1201 1078 Theophilum
1222 1042 1308 1076 datm,
1337 1043 1425 1070 vertit
1444 1044 1480 1070 iis
1507 1045 1557 1078 qui
1572 1044 1733 1079 baptz‘mudi
1759 1049 1834 1079 sunt,

1004 1088 1135 1116 Graecam
1150 1096 1263 1122 vocem,
1280 1096 1370 1124 quam
1386 1097 1420 1116 ex
1435 1097 1491 1117 usu
1507 1090 1645 1117 Ecclesiae
1665 1091 1835 1127 Hierosoly-

1002 1133 1123 1161 mitanae
1138 1133 1231 1161 fuisse
1247 1133 1384 1161 existimo
1413 1133 1612 1172 φωτιζομὲνοις
1641 1135 1687 1162 vel
1704 1135 1833 1172 βαπτιζο-

1004 1177 1108 1214 μὲνοις.
1125 1178 1254 1214 Sedjam
1271 1178 1399 1206 nimium
1415 1179 1450 1207 de
1468 1179 1677 1208 illuminandis.

1014 1234 1019 1236 λ
1037 1223 1199 1251 27.Alteraa
1212 1223 1382 1252 catecheses
1403 1224 1515 1260 Cyrilli,
1529 1227 1597 1260 post
1611 1226 1708 1253 Pacha
1724 1229 1752 1254 et
1766 1236 1831 1254 sus-

1001 1270 1087 1305 cepta
1100 1276 1161 1296 una
1175 1270 1263 1297 nocte
1281 1268 1337 1296 tria
1350 1269 1502 1305 baptismi,
1519 1270 1595 1297 sacri
1611 1271 1790 1304 chrismatis,
1803 1275 1831 1299 et

1000 1313 1194 1341 Eucharistias
1210 1316 1408 1348 sacramenta,
1419 1313 1457 1341 ad
1472 1315 1638 1350 neophytos
1654 1315 1740 1343 dicta:
1749 1319 1828 1349 sunt,

1000 1357 1037 1386 ad
1050 1357 1258 1393 explicandam
1273 1366 1378 1386 eorum
1392 1359 1614 1395 mysteriorum,
1631 1368 1696 1395 quas
1709 1361 1828 1388 nonnisi

999 1402 1153 1439 baptizatis
1168 1402 1314 1431 declarari
1342 1402 1386 1431 fas
1402 1406 1476 1438 erat,
1492 1404 1551 1432 vim
1584 1407 1612 1432 et
1638 1407 1827 1440 potestatem.

999 1448 1112 1477 Habita:
1126 1452 1196 1477 sunt
1210 1449 1335 1485 singulis
1351 1449 1545 1478 hebdomadas
1558 1450 1707 1486 paschalis
1723 1451 1828 1478 diebus

998 1494 1169 1530 incipiendo
1185 1502 1203 1522 a
1216 1494 1291 1522 feria
1304 1495 1445 1523 secunda.
1461 1496 1530 1523 Duae
1541 1496 1711 1523 catecheses
1728 1496 1827 1531 expla-

998 1539 1106 1568 nandis
1121 1539 1262 1576 baptismi
1277 1540 1466 1568 caeremoniis
1482 1540 1610 1575 tributa»,
1641 1544 1828 1568 sacramento

999 1585 1168 1614 chrismatis
1183 1594 1262 1614 una:
1280 1586 1484 1620 Eucharistias,
1503 1586 1569 1614 duae
1587 1586 1729 1622 reliquae;
1755 1596 1825 1622 qua-

106 1642 171 1662 eam
184 1634 341 1662 rationem
357 1616 388 1662 iii
402 1634 468 1670 ipsa
481 1616 681 1670 appellatione
696 1633 861 1661 sancienda
873 1642 942 1670 pro-
957 1616 980 1651 α
998 1638 1063 1659 ram
1079 1631 1176 1667 prima
1190 1631 1345 1659 veritatem
1361 1631 1526 1667 praesentiae
1538 1632 1647 1660 Christi
1663 1632 1693 1659 in
1711 1633 1827 1660 Eucha-

106 1681 199 1707 visam
215 1682 249 1707 et
261 1679 530 1711 consideratam,ut
540 1687 574 1706 eo
587 1678 687 1714 potius
697 1678 786 1706 modo
800 1686 944 1707 vocaren-

108 1728 154 1753 tur
167 1725 293 1760 fecisse,
310 1724 395 1752 valde
418 1723 559 1752 addubito
575 1734 583 1759 ;
602 1726 631 1751 et
660 1731 696 1751 ex
710 1723 846 1752 adductis
862 1732 880 1752 θ,
894 1732 942 1752 me

112 1778 234 1798 numero
266 1769 415 1806 superiori
429 1769 508 1798 vocis
533 1768 718 1807 φωτιζόμενον.
735 1768 772 1797 ad
795 1769 942 1798 veriorem

113 1823 232 1843 sensum
262 1814 441 1843 reducenda
470 1814 647 1847 rationibus,
677 1814 709 1842 in
737 1814 794 1842 hac
808 1823 943 1850 praesens

113 1863 231 1897 tempus
247 1868 303 1897 pro
320 1860 419 1888 futuro
435 1859 610 1896 simpliciter
624 1858 741 1895 positur
757 1859 904 1887 existimo.

145 1907 189 1934 ﬁt.
205 1906 280 1933 Fixa
294 1905 384 1941 hujus
399 1904 533 1933 vocabuli
548 1904 776 1941 significatione,
788 1904 852 1940 jam
867 1904 942 1933 faci-

112 1950 148 1979 lis
163 1949 402 1979 determinandaa
413 1949 765 1986 hujusinterpretationis
776 1949 886 1977 Latium
897 1957 943 1977 ra-

113 1997 162 2024 tio.
179 1997 221 2024 Ac
248 1996 380 2032 primum
408 1995 530 2023 omnino
550 1994 721 2023 amolienda
736 1996 781 2022 est
795 1994 940 2029 Grodecii,

114 2050 177 2078 qua;
191 2042 223 2070 in
242 2040 438 2077 sequentibus
454 2039 635 2068 editionibus
649 2042 766 2069 retenta
776 2042 831 2073 est,
848 2040 941 2068 inter-

114 2087 240 2123 pretatio
255 2085 425 2114 illuminati.
441 2085 529 2113 Fallit
544 2085 624 2114 enim
640 2085 738 2113 Grmce
755 2085 939 2119 nescientes;

113 2140 178 2168 quas
192 2140 256 2160 non
277 2130 365 2159 verbo
394 2130 579 2168 φωτιζόμενοι
602 2130 758 2166 praesentis
786 2130 940 2166 temporis,

114 2178 164 2205 sed
179 2177 270 2205 verbo
298 2175 500 2215 πεφωτισμένοι
527 2175 682 2212 praeteriti,
710 2175 883 2211 respondet,
907 2184 941 2203 ac

112 2223 293 2259 prater-itam
308 2224 337 2249 et
347 2223 508 2258 peractam,
520 2229 581 2249 non
596 2223 776 2257 praesentem
786 2220 940 2248 illumina-

114 2268 224 2296 tionem
241 2267 386 2303 designat.
412 2267 558 2294 Praeterea
577 2266 680 2295 eadem
701 2268 745 2294 est
759 2266 803 2293 vis
817 2268 846 2293 et
861 2265 940 2293 idem

994 1676 1089 1711 ristia,
1119 1677 1213 1705 altera
1241 1677 1378 1705 ordinem
1410 1685 1501 1705 sacrae
1527 1677 1654 1714 liturgim
1685 1678 1822 1713 explicat.

994 1723 1112 1751 Sextam
1135 1722 1316 1751 catechesim
1344 1722 1518 1758 promisisse
1548 1723 1662 1751 videtur
1691 1725 1746 1751 cat.
1779 1724 1821 1756 18,

994 1767 1076 1796 dum.
1094 1768 1138 1803 33,
1156 1775 1222 1803 quae
1237 1769 1300 1796 tota.
1315 1768 1346 1795 in
1362 1767 1526 1796 moralibus
1542 1767 1822 1803 documentis,quo-

994 1812 1084 1841 modo
1099 1813 1161 1841 vita
1188 1813 1219 1840 in
1234 1815 1387 1849 posterum
1404 1813 1491 1848 digne
1520 1812 1709 1849 transigenda
1736 1815 1824 1846 esset,

994 1861 1181 1892 versaretur;
1198 1860 1228 1886 at
1243 1866 1308 1885 eam
1324 1866 1385 1885 non
1400 1857 1556 1885 habemus.
1573 1857 1666 1885 Credo
1685 1858 1823 1885 exhorta-

994 1903 1108 1930 tionem
1122 1901 1225 1935 fuisse,
1243 1901 1368 1929 Sabbato
1385 1901 1529 1936 paschali,
1546 1910 1613 1928 cum
1630 1901 1704 1929 alba)
1729 1905 1825 1929 vestes

993 1946 1373 1984 deponerentur,habitam:
1389 1946 1493 1982 quales
1509 1946 1587 1982 apud
1596 1946 1714 1974 Latinos
1723 1947 1825 1974 multus

993 1992 1185 2026 exsistunt,et
1199 1991 1353 2019 nonnullae
1361 1991 1458 2019 adhuc
1468 1992 1636 2018 Graecorum
1652 1995 1823 2027 supersunt:

994 2046 1059 2073 qum
1076 2037 1217 2072 quoniam
1235 2037 1349 2064 nullam
1379 2037 1438 2063 sive
1455 2036 1624 2072 dognmlum
1647 2038 1704 2064 sive
1723 2046 1822 2064 suem-

993 2085 1163 2111 mentorum
1192 2082 1408 2117 expositionem
1435 2082 1611 2114 continerot,
1643 2082 1776 2109 absoluto
1795 2084 1823 2109 in

992 2127 1197 2157 catechesibus
1209 2127 1311 2163 viginti
1326 2127 1419 2154 tribus
1430 2127 1604 2154 Christianae
1617 2127 1822 2155 instructiouis

994 2173 1130 2207 aediﬁcio,
1147 2175 1181 2201 ut
1196 2173 1259 2208 ipse
1274 2172 1402 2208 Cyrillus
1418 2172 1460 2199 ait
1475 2175 1531 2199 cat.
1547 2173 1580 2199 23
1598 2172 1692 2202 initio.
1709 2173 1738 2199 in
1763 2174 1822 2200 col-

992 2218 1122 2246 lectione
1137 2218 1331 2245 catecheseon
1347 2217 1462 2244 videtur
1478 2218 1687 2252 praetermissa.
1715 2219 1822 2245 lllN'l'l—

992 2265 1105 2293 buntur
1119 2264 1268 2292 catecheses
1283 2264 1488 2299 mystagagicw,
1510 2264 1593 2298 quasi
1612 2265 1822 2299 mysteriorum

114 2321 182 2341 usus
197 2312 354 2341 ambarum
368 2319 473 2340 vocum
486 2310 669 2350 φωτιζόμενοι
685 2313 715 2338 et
731 2310 938 2347 βαπτιζόμενοι.

999 2318 1048 2338 seu
1064 2312 1318 2338 sacramentorum
1334 2309 1525 2337 secretiorem
1537 2309 1673 2336 notitiam
1691 2310 1822 2336 tribuen-

114 2359 203 2391 Quam
219 2359 320 2386 autem
334 2356 476 2385 huicloco
487 2356 618 2385 alienum
634 2356 682 2390 sit,
692 2358 725 2384 ut
741 2355 937 2392 βαπτιζόμενοι

114 2406 241 2432 vertatur
257 2411 311 2439 per
325 2402 471 2438 baptizati,
496 2404 525 2429 et
539 2401 575 2430 de
590 2401 628 2430 iis
643 2401 694 2437 qui
717 2401 852 2429 nondum
868 2404 938 2429 sunt

114 2448 248 2485 baptizati
262 2448 388 2483 dicatur,
401 2455 490 2475 nemo
505 2455 566 2475 non
580 2446 670 2475 videt.
687 2446 769 2475 Idem
785 2446 821 2474 de
844 2447 938 2475 altera

114 2494 217 2523 similis
230 2493 457 2531 signiﬁcationis
467 2501 536 2521 voce
544 2492 704 2529 judicium.
715 2492 846 2520 Tandem
857 2492 935 2529 apud

114 2540 225 2568 Latinos
238 2547 292 2567 vox
305 2538 481 2567 illuminali.
503 2538 624 2574 propria
648 2537 867 2573 neophytorum
883 2546 934 2573 ap-

114 2585 227 2621 pellatio
244 2587 318 2613 erat.
334 2585 407 2620 Aug.
425 2586 497 2611 tom.
513 2584 546 2617 V,
563 2591 652 2611 serm.
670 2585 731 2617 120,
748 2591 831 2610 num.
857 2584 883 2616 3,
899 2582 936 2611 de

114 2630 144 2658 iis
158 2630 294 2667 loquens,
312 2629 364 2658 im'
390 2628 489 2663 albati,
505 2628 672 2664 illuminati,
698 2627 816 2655 audiunt
829 2635 879 2663 per
893 2635 936 2655 me

116 2676 216 2704 verbum
230 2681 311 2704 tuum
329 2683 336 2703 :
353 2673 521 2707 illuminati,
535 2674 612 2702 enim
625 2674 674 2701 tua
687 2673 790 2710 gratia
805 2672 936 2701 assistunt

117 2720 165 2750 libi.
179 2721 288 2750 Latina
306 2719 419 2755 linguas
435 2718 536 2755 inopia
550 2717 622 2746 facit
634 2720 667 2745 ut
675 2717 791 2754 passivo
802 2725 935 2753 praesen-

115 2767 143 2796 tis
156 2767 297 2805 temporis
313 2763 475 2802 participio
492 2763 677 2798 deﬁciamur,
700 2771 756 2791 nec
771 2771 830 2790 uno
845 2762 934 2791 verbo

112 2814 140 2845 ad
150 2815 280 2845 litteram
298 2818 395 2840 voces
410 2809 591 2847 φυηιζόμενοι
608 2811 638 2836 et
653 2808 848 2844 βαπτιζόμενοι
865 2808 933 2837 red-

103 2862 160 2894 dere
170 2861 351 2901 possimus.
360 2854 475 2883 Utendo
483 2854 657 2883 circuitione
666 2853 765 2883 dicere
775 2862 934 2891 possumus

992 2358 1046 2383 tes.
1063 2355 1264 2383 Catecheseon
1279 2355 1365 2382 titulo
1382 2364 1431 2382 eas
1448 2355 1608 2390 compellat
1622 2355 1748 2390 Cyrinus
1765 2358 1820 2382 cat.

993 2402 1037 2435 18,
1053 2409 1083 2428 [ι.
1102 2401 1134 2428 33
1152 2409 1159 2434 ;
1176 2403 1206 2427 at
1220 2400 1251 2427 in
1267 2400 1340 2436 ipsis
1356 2400 1561 2428 catechesibus
1578 2400 1699 2427 nonnisi
1715 2404 1822 2435 mysta-

991 2447 1153 2480 gogicarum
1181 2446 1301 2473 nomine
1331 2445 1486 2481 designare
1515 2445 1599 2471 solet.
1622 2445 1750 2478 Utraque
1767 2444 1820 2471 sub

992 2491 1193 2527 appellatione
1209 2491 1339 2518 citantur
1355 2490 1390 2518 ah
1407 2489 1589 2517 auctoribus.
1606 2489 1711 2515 Multos
1731 2489 1818 2516 liabe-

991 2544 1058 2564 mus
1074 2536 1182 2564 similis
1198 2536 1366 2572 argumenti
1384 2535 1553 2562 Latinorum
1570 2536 1690 2561 Patrum
1707 2543 1820 2561 sermo—

990 2589 1056 2614 nes,
1071 2581 1226 2617 pauciores
1255 2590 1288 2609 ac
1314 2580 1412 2608 nullos
1444 2588 1517 2615 pene
1548 2581 1727 2607 Graecorum.
1746 2581 1820 2607 Sunt

991 2626 1147 2654 Gaudentii
1164 2626 1324 2654 Brixiensis
1341 2628 1369 2653 et
1394 2625 1609 2652 nonnullorum
1639 2625 1766 2652 aliorum
1783 2626 1817 2652 ad

990 2672 1168 2708 neopbytos,
1184 2670 1339 2707 Augustini
1356 2670 1543 2705 aliorumque
1561 2678 1714 2697 sermones
1728 2670 1762 2697 ad
1780 2671 1820 2698 {u-

988 2719 1081 2753 fantes
1096 2718 1128 2746 dc
1143 2718 1314 2746 sacramento
1330 2716 1444 2750 altaris,
1468 2719 1497 2743 et
1512 2716 1548 2743 de
1579 2717 1726 2751 ponendis
1743 2717 1818 2743 albis

988 2763 1129 2792 vestibus.
1146 2764 1180 2790 In
1196 2762 1360 2799 appendice
1376 2762 1593 2798 Augustiniana
1609 2765 1725 2789 exstant
1755 2771 1816 2789 ser-

988 2817 1093 2837 mones
1109 2808 1201 2844 aliqui
1217 2808 1249 2836 ἀει
1264 2808 1396 2844 mysterio
1413 2807 1586 2843 baptismatis
1615 2810 1682 2842 post
1706 2808 1817 2834 Pascha

988 2854 1127 2889 dicti,sed
1144 2854 1262 2883 nullum
1278 2862 1352 2890 Opus
1369 2856 1422 2888 est,
1439 2852 1599 2889 Cyrilliano
1617 2853 1724 2887 simile,
1738 2851 1815 2886 quod
