4052 6378
410 344 521 405 151

1497 341 1600 401 DE
1643 327 2234 402 CATECHESIBUS
2279 333 2346 394 8.
2390 332 2730 394 CYRILLI.

3703 336 3805 396 152

408 492 651 532 omnem
704 474 1141 546 neophytorum
1223 473 1664 530 institutionem
1724 489 1795 527 ex
1850 469 2059 525 ordine
2090 469 2142 534 Α
2173 465 2411 521 additur
2439 470 2493 522 et
2521 465 2585 522 de
2615 465 2935 522 haresibus.
2966 466 3116 522 Fuse
3164 481 3375 522 revera
3428 465 3675 538 Cyrillus
3703 469 3807 542 agit

415 567 740 633 contineat,
772 564 1030 620 dilucide
1086 565 1434 637 expositam,
1468 569 1682 634 praeter
1712 563 1762 615 S.
1817 559 2064 615 Ambro-

416 656 488 712 sii
518 656 736 711 librum
766 656 840 710 De
864 657 1168 725 mysteriis,
1202 661 1261 709 et
1317 671 1417 709 sex
1448 652 1606 724 apud
1650 651 1926 706 eumdem
1957 654 2062 704 Sa-

407 755 815 801 cramentorum
846 743 1066 810 libros;
1101 743 1317 814 quibus
1351 743 1411 797 in
1443 743 1719 796 volumen
1754 757 1942 795 unum
1975 738 2065 792 di-

405 840 584 908 gestae
618 841 756 889 sunt
785 834 1102 889 conciones
1134 832 1383 888 diversis
1421 831 1630 886 diebus
1690 845 2063 900 consequen-

403 931 495 979 ter
527 924 767 980 habitae.

479 1015 569 1068 28.
599 1013 855 1085 Singulis
887 1013 1298 1069 catechesibus
1349 1019 1467 1067 tam
1527 1009 2063 1066 illuminandorum

412 1120 591 1174 quam
621 1103 1062 1175 mystagogicis,
1085 1102 1313 1175 praefixi
1346 1101 1514 1156 initio
1549 1107 1687 1156 sunt
1717 1099 1875 1155 tituli
1905 1103 2053 1153 cate-

409 1194 655 1248 cheseos
687 1197 1105 1263 argumentum
1136 1193 1529 1247 continentes:
1553 1207 1673 1245 una
1695 1206 1829 1244 cum
1854 1187 2062 1260 primis

407 1282 605 1338 verbis
635 1282 910 1337 lectionis
940 1281 1104 1336 illius
1145 1297 1214 1335 ex
1272 1281 1586 1352 scriptura,
1647 1295 1826 1350 quam
1859 1283 2066 1333 auctor

412 1373 578 1444 prius
601 1373 662 1426 in
688 1376 983 1426 conventu
1006 1370 1220 1425 lectam
1245 1370 1355 1424 sibi
1376 1386 1482 1441 pro
1501 1369 2061 1424 orationisthemate

410 1462 686 1534 praefixit.
708 1460 886 1516 Tituli
917 1460 1005 1515 illi
1035 1459 1212 1514 simul
1245 1460 1476 1514 collecti
1501 1458 1723 1513 redacti
1747 1457 2063 1512 suntinin-

411 1550 698 1616 diculum,
731 1551 832 1621 qui
858 1551 921 1605 in
952 1549 1376 1620 manuscriptis
1407 1549 1638 1620 corpori
1671 1548 2060 1603 catecheseon

410 1640 677 1712 praaponi
709 1640 880 1694 solet.
940 1638 1386 1695 Procatechesis
1416 1643 1476 1693 et
1504 1644 1852 1704 argumento
1885 1643 1943 1690 et
1973 1636 2058 1690 le-

407 1730 604 1785 ctione
635 1730 885 1795 caret;in
917 1729 1226 1785 nonnullis
1256 1734 1456 1783 tamen
1487 1728 1782 1783 indicibus
1804 1729 1916 1783 hoc
1947 1727 2058 1798 ipsi

2174 556 2246 610 de
2307 556 2633 612 haaresibus
2665 557 2765 628 qui
2826 557 3113 612 unitatem
3148 557 3250 611 Dei
3299 565 3803 628 oppugnaverant:

2175 645 2279 700 sed
2311 664 2380 701 ex
2411 653 2693 702 consueto
2718 663 2880 702 more
2911 661 3164 718 suo,quo
3187 645 3335 701 dum
3359 646 3594 716 singula
3613 647 3806 703 doctri-

2173 752 2266 790 na:
2298 743 2514 790 nostra
2547 738 2740 808 capita
2769 737 3032 808 exponit,
3067 736 3248 791 simul
3290 743 3352 790 et
3382 737 3679 808 oppositas
3703 738 3806 792 hai-

2172 841 2333 879 reses
2365 833 2654 880 recenset.
2675 827 2780 891 Qui
2813 826 3032 880 idcirco
3051 826 3261 880 titulus
3289 826 3544 898 singulis
3566 843 3708 898 pene
3725 843 3806 882 ca-

2174 915 2511 970 techesibus
2543 914 2752 969 eadem
2784 915 2856 970 de
2884 931 3064 970 causa
3111 915 3328 970 fuisset
3378 932 3614 987 quoque
3643 917 3807 972 ascri-

2173 1003 2423 1058 bendus.
2484 1004 2701 1058 Adhaec
2733 1021 2854 1059 non
2887 1003 3046 1058 solas
3095 1005 3356 1059 hmreses
3418 1005 3480 1059 in
3539 1004 3807 1060 catechesi

2174 1102 2338 1149 sexta
2370 1095 2677 1166 impugnat
2705 1095 2981 1165 Cyrillus,
3016 1095 3119 1150 sed
3150 1102 3290 1150 ante
3315 1111 3419 1150 eas
3452 1095 3628 1150 etiam
3656 1111 3806 1167 paga-

2172 1200 2385 1238 norum
2419 1184 2845 1255 multiplicatas
2875 1184 3246 1240 divinitates:
3284 1183 3614 1239 dicendum
3657 1184 3812 1257 igitur

2171 1275 2383 1340 fuerat,
2417 1283 2470 1328 et
2496 1276 2562 1328 de
2587 1274 2874 1345 polytheia
2901 1281 2954 1328 et
2985 1273 3050 1329 de
3078 1274 3402 1330 harenosa.
3439 1274 3696 1330 Tandem
3725 1291 3807 1329 ca-

2173 1365 2327 1418 tech.
2367 1367 2450 1428 tri,
2482 1381 2586 1434 pro
2644 1371 2994 1435 argumento
3028 1364 3208 1419 habet
3249 1364 3438 1419 verba
3477 1364 3722 1436 symboli
3749 1363 3809 1418 de

2174 1453 2404 1508 Christo
2437 1459 2681 1508 venturo
2706 1454 2932 1525 judice,
2959 1459 3094 1521 etc.,
3124 1454 3348 1524 quibus
3381 1460 3540 1509 totus
3572 1455 3811 1509 contine-

2172 1549 2267 1598 tur
2289 1543 2574 1598 orationis
2605 1559 2818 1613 scopus
2845 1561 2858 1609 ;
2884 1543 3126 1598 additur
3147 1549 3352 1598 tamen
3383 1547 3436 1599 et
3463 1543 3529 1598 de
3561 1541 3812 1598 Antichri-

2169 1642 2246 1688 διο
2273 1649 2286 1698 ;
2320 1649 2452 1703 quae
2485 1649 2578 1688 res
2610 1649 2641 1687 a
2673 1633 2891 1702 Cyrillo
2923 1632 3150 1704 prolixe
3200 1649 3264 1687 re
3315 1649 3477 1700 vera,
3529 1632 3631 1687 sed
3660 1647 3809 1687 occa-

2173 1722 2338 1776 sione
2372 1728 2430 1776 et
2470 1739 2539 1776 ex
2588 1727 2864 1793 respectu
2893 1722 2968 1778 ad
3016 1722 3391 1794 praecipuum
3434 1739 3676 1794 scopum
3704 1728 3807 1776 tra-

407 1819 669 1892 at‘figitur
693 1825 1134 1892 argumentum,
1166 1816 1290 1890 περὶ
1317 1820 1417 1871 τοῦ
1451 1818 1526 1889 μή
1559 1823 1834 1890 πειράσαι,
1858 1822 1928 1873 de
1948 1833 2059 1872 non

2185 1817 2383 1867 :tatur.
2417 1812 2620 1883 Cyrilli
2651 1829 2788 1885 ergo
2839 1829 2959 1867 non
2990 1817 3195 1884 putem
3245 1828 3352 1868 eos
3386 1812 3804 1884 inscriptiones,

411 1909 1040 1965 tentando.Catechesis
1074 1910 1140 1962 19
1169 1915 1227 1963 et
1257 1910 1322 1962 23
1355 1908 1674 1964 lectionem
1697 1907 1874 1962 habet
1895 1924 2060 1979 argu-

409 2004 681 2054 mentum
697 1998 1026 2054 nullum.ln
1043 2005 1391 2070 argumento
1422 1997 1658 2052 recitari
1684 1997 1878 2052 solent
1893 1997 2069 2051 verba

413 2087 690 2159 symboli,
723 2105 855 2160 qua
909 2089 972 2142 in
1004 2088 1271 2159 subjecta
1328 2088 1621 2143 catechesi
1663 2096 2063 2158 exponuntur.

411 2177 624 2249 [CXIX]
656 2177 937 2232 Plurimis
971 2177 1030 2232 id
1061 2195 1248 2233 unum
1301 2195 1407 2249 pro
1439 2183 1792 2250 argumento
1845 2184 1974 2243 est;
2007 2177 2068 2231 in

412 2268 618 2338 paucis
647 2267 977 2322 recitantur
1005 2272 1063 2321 et
1093 2267 1276 2322 verba
1303 2267 1551 2338 symboli
1582 2283 1714 2338 quas
1762 2282 2068 2337 exponun-

410 2360 509 2411 tur
539 2361 599 2411 et
624 2357 878 2411 materia
908 2372 1041 2426 qua:
1101 2361 1408 2410 tractatur.
1444 2356 1507 2410 ld
1565 2372 1716 2427 pene
1777 2361 1953 2410 sextw
2004 2372 2071 2408 ac

410 2445 634 2515 quintae
667 2443 915 2499 decimae
948 2445 1246 2499 catechesi
1280 2445 1610 2516 proprium:
1631 2449 1770 2499 sunt
1799 2445 2072 2500 cateche-

411 2551 508 2589 ses
541 2532 836 2604 qumdam,
870 2550 1002 2603 quas
1033 2539 1251 2604 praeter
1278 2535 1472 2605 majus
1505 2539 1564 2587 et
1592 2534 1868 2606 generale
1895 2550 2069 2607 argu-

412 2622 1054 2694 mentum,peculiares
1068 2623 1293 2677 habent
1318 2639 1387 2678 ac
1416 2624 1680 2678 minores
1694 2624 1916 2689 titulos,
1948 2625 2072 2678 sin-

413 2713 570 2787 gulis
594 2712 924 2768 catechesis
943 2712 1308 2767 sectionibus
1328 2713 1601 2784 praeﬁxos
1635 2729 1956 2783 earumque
1980 2730 2072 2769 ar-

420 2809 772 2878 gumentum
804 2801 1160 2859 indicantes.
1218 2802 1282 2856 ld
1313 2803 1374 2858 in
1408 2803 1534 2858 sola
1590 2818 1741 2874 pene
1780 2803 2073 2858 catechesi

419 2898 652 2965 quarta,
683 2897 742 2947 et
767 2892 828 2947 in
861 2896 1048 2957 sexta,
1080 2892 1142 2946 in
1175 2908 1292 2962 qua
1315 2909 1472 2947 unus
1503 2899 1593 2948 est
1615 2898 1844 2948 tantum
1880 2893 2076 2947 minor

420 2983 631 3040 titulus
686 2982 844 3038 circa
896 2981 1161 3037 medium
1197 2983 1597 3046 catecheseos,
1657 2983 1722 3036 de
1754 2983 2071 3053 haeresibus.

417 3072 748 3127 Titulorum
785 3071 1027 3125 illorum
1086 3069 1296 3126 eadem
1355 3077 1444 3126 est
1473 3087 1606 3126 cum
1665 3071 2075 3126 catechesibus

417 3159 763 3230 antiquitas,
796 3164 855 3213 et
884 3159 956 3214 ab
988 3159 1061 3213 iis
1092 3159 1193 3228 qui
1225 3159 1401 3230 primi
1450 3160 1790 3215 catecheses
1846 3159 2068 3215 descri-

2171 1901 2275 1956 sed
2305 1901 2708 1967 librariorum,
2741 1919 2808 1958 ac
2839 1903 3234 1967 notariorum,
3261 1903 3367 1973 qui
3391 1903 3724 1958 catecheses
3751 1917 3808 1956 ex

2173 1989 2304 2058 ejus
2335 2004 2436 2042 ore
2465 1994 2739 2059 exceptas
2771 1988 3007 2059 scriptis
3039 1990 3496 2062 consignarunt.

2249 2080 2331 2130 29.
2365 2077 2529 2142 Quod
2553 2078 2624 2132 ad
2664 2077 2948 2132 lectiones
2980 2079 3301 2150 Scriptura:
3331 2081 3568 2146 attinet,
3601 2094 3694 2134 eas
3721 2093 3807 2148 op-

2175 2168 2316 2222 time
2350 2168 2408 2220 in
2443 2167 2931 2238 inscriptionibus
2960 2169 3296 2240 assignatas
3329 2185 3462 2225 esse
3490 2169 3661 2225 fidem
3689 2167 3808 2223 facit

2175 2256 2428 2327 Cyrillus
2462 2258 2610 2328 ipse,
2645 2257 2744 2327 qui
2781 2273 2880 2311 eas
2911 2257 3268 2329 plerumque
3294 2260 3359 2315 in
3392 2260 3521 2332 ipsa
3541 2257 3806 2315 catechesi

2176 2362 2281 2400 suo
2313 2346 2655 2401 testimonio
2697 2348 3032 2416 confirmat,
3091 2347 3441 2420 lectumque
3499 2349 3674 2404 fuisse
3721 2347 3806 2412 ait,

2177 2436 2334 2505 quod
2353 2435 2413 2490 in
2437 2437 2825 2507 inscriptione
2849 2436 3068 2492 lectum
3087 2446 3616 2494 commemoratur.
3643 2435 3805 2510 [CXX]

2177 2525 2311 2580 Sola
2341 2526 2780 2596 procatechesis
2814 2526 3130 2582 lectionem
3161 2528 3338 2583 initio
3380 2530 3678 2600 praeﬁxam
3707 2543 3806 2582 non

2176 2615 2375 2682 habet,
2411 2616 2680 2686 quamvis
2710 2616 3038 2672 certissime
3070 2619 3526 2688 praecessissent
3554 2619 3807 2674 lectiones

2179 2722 2382 2772 sacrae,
2418 2712 2482 2759 ut
2510 2713 2760 2776 apparet
2789 2722 2858 2760 ex
2890 2723 2948 2760 n.
2982 2709 3034 2760 4.
3070 2709 3379 2778 propriam
3412 2715 3608 2765 tamen
3637 2707 3808 2762 lectio-

2178 2811 2316 2850 nem
2347 2811 2467 2850 non
2501 2795 2744 2850 habuit:
2777 2795 2949 2866 cujus
2976 2796 3060 2851 rei
3089 2813 3333 2854 causam
3366 2799 3520 2854 hanc
3540 2813 3662 2854 esse
3689 2810 3807 2851 con-

2171 2887 2340 2957 jicio,
2393 2886 2552 2956 quod
2585 2887 2646 2940 in
2681 2887 2989 2942 Dominica
3020 2887 3114 2943 die
3147 2887 3223 2943 ad
3255 2890 3666 2946 dimissionem
3694 2887 3810 2942 illu-

2181 2976 2600 3031 minandorum
2632 2975 2834 3030 habita
2862 2976 3212 3048 fuerit,post
3233 2981 3518 3036 recitatae
3544 2997 3607 3034 ex
3629 2975 3806 3033 ordine

2181 3073 2240 3120 et
2264 3065 2587 3136 explicatas
2606 3066 2665 3120 in
2685 3066 2974 3120 concione
2992 3067 3230 3138 publica
3261 3071 3492 3124 Veteris
3513 3076 3570 3124 et
3587 3066 3710 3124 Novi
3729 3065 3812 3118 Te-

2185 3155 2464 3211 stamenti
2496 3155 2968 3226 1ectiones,quod
3000 3173 3142 3212 sane
3171 3159 3482 3215 suﬂ‘ecisse
3514 3157 3804 3214 videbatur.

419 3207 763 3230 —----.—--—~,
800 3207 853 3213 ν-
887 3207 950 3214 --
988 3207 1058 3213 ---
1097 3207 1193 3228 γ-
1225 3207 1401 3230 τ-----
1455 3207 1789 3215 "vn..-"-
1850 3207 2038 3215 -ηνη
2186 3207 2464 3211 -νπν-τρ
2497 3207 2916 3226 animum“
2941 3207 2967 3209 -κ
3001 3207 3140 3212 ---ν
3171 3207 3482 3215 ---------
3524 3207 3757 3214 an"...

419 3265 589 3322 psere
626 3254 766 3303 sunt
823 3248 1018 3319 positi.
1072 3249 1217 3303 Nam
1273 3249 1347 3303 ab
1376 3249 1637 3319 antiquis
1696 3249 1972 3316 citantur,
2008 3250 2070 3302 in
2101 3207 2144 3276 c
2187 3249 2279 3301 Ea;
2316 3245 2707 3299 catecheseon
2739 3244 3046 3311 lectiones,
3077 3263 3198 3302 non
3230 3264 3305 3302 ex
3337 3243 3810 3304 consuetolectio-

417 3338 628 3410 primis
660 3353 695 3392 a
725 3336 1111 3404 Theodoreto,
1145 3337 1245 3408 qui
1276 3344 1552 3408 quartam
1585 3337 1942 3392 catechesim
1989 3337 2072 3390 ci-

418 3432 573 3494 tans,
602 3443 723 3481 non
753 3426 948 3481 solum
1007 3432 1422 3498 argumentum
1482 3427 1759 3498 generale
1798 3428 1865 3481 de
1893 3427 2075 3481 decem

417 3517 796 3589 dogmatibus,
827 3516 930 3571 sed
954 3516 1133 3572 etiam
1155 3515 1516 3586 peculiarem
1551 3516 1832 3570 sectionis
1855 3533 1888 3571 a
1919 3532 1980 3570 se
1999 3516 2075 3570 ci-

419 3611 556 3660 tataa
590 3605 830 3660 titulum
862 3611 935 3660 da
961 3607 1313 3675 generatione
1341 3621 1412 3660 ex
1445 3606 1663 3676 Virgine
1709 3622 2076 3660 commemo-

419 3697 833 3752 rat.Praeterea
862 3695 924 3750 in
957 3695 1030 3750 iis
1061 3695 1443 3749 continentur
1469 3694 1598 3766 ipsa
1618 3694 1796 3749 verba
1820 3694 2076 3766 symboli

417 3785 1129 3860 Jerosolymitani,qualia
1159 3803 1194 3841 a
1222 3785 1442 3858 Cyrillo
1475 3786 1836 3842 referuntur.
1855 3785 2076 3840 Deinde

419 3892 554 3931 vero
587 3895 734 3947 quas
768 3877 1093 3947 unicuique
1117 3876 1412 3932 catechesi
1435 3876 1726 3932 lectiones
1749 3876 2076 3947 assignant,

423 3978 506 4020 eaa
540 3971 680 4021 sunt
707 3981 910 4020 revera
941 3982 1071 4035 quae
1104 3972 1240 4019 ante
1270 3965 1625 4020 catechesim
1641 3966 1806 4020 lectae
1820 3965 2078 4020 fuerant:

424 4071 594 4125 quas,
624 4060 690 4108 ut
722 4054 876 4108 infra
906 4053 1122 4120 dirum,
1155 4053 1228 4107 ad
1260 4053 1571 4108 arbitrium
1599 4055 1933 4110 catechistaa
1975 4054 2074 4109 de-

423 4143 1038 4213 lectas,descriptores
1068 4142 1287 4196 rescire
1320 4159 1439 4196 non
1471 4149 1766 4214 poterant,
1798 4145 1914 4198 nisi
1964 4145 2077 4216 ipsi

429 4234 817 4290 audivissent.
843 4234 953 4286 Eas
976 4236 1174 4286 autem
1207 4231 1625 4302 inscriptiones
1656 4234 1860 4305 Cyrilli
1894 4234 2080 4304 ipsius

426 4339 549 4379 non
585 4322 836 4387 esse,his
867 4321 1098 4376 duabus
1121 4321 1456 4376 rationibus
1479 4322 1794 4394 approbari
1828 4323 2078 4378 videtur:

433 4417 490 4467 1°
519 4411 679 4482 quod
711 4411 886 4466 verba
918 4411 1672 4482 symbolialiterinterdum
1705 4414 1765 4468 in
1798 4414 1870 4467 iis
1895 4413 2081 4469 titulis

431 4508 609 4572 atque
642 4500 713 4555 ab
746 4501 873 4572 ipso
905 4500 1122 4572 Cyrillo
1145 4501 1504 4567 referuntur;
1538 4507 1595 4556 2°
1625 4503 1783 4574 quod
1815 4503 1939 4575 ipse
1972 4521 2072 4559 au-

2182 3351 2325 3390 num
2360 3334 2421 3388 in
2453 3333 2715 3389 Ecclesia
2744 3333 3155 3390 habendarum
3187 3338 3405 3396 ordine
3434 3342 3693 3408 sumpta,
3723 3327 3802 3386 sed

2185 3424 2258 3479 ad
2290 3423 2700 3478 concionantis
2720 3421 3032 3478 arbitrium
3055 3441 3160 3495 pro
3193 3428 3492 3484 tractandi
3512 3418 3806 3498 argumenti

2185 3513 2472 3584 qualitate
2495 3512 2750 3566 selectaa.
2778 3511 2843 3566 Id
2863 3529 3020 3567 unus
3047 3514 3412 3573 conﬁrmare
3434 3507 3806 3589 potestCyrilli

2187 3603 2352 3658 locus
2383 3608 2496 3656 cat.
2563 3605 2645 3667 14,
2680 3619 2739 3656 n.
2792 3603 3030 3679 24,.quo
3063 3603 3164 3670 ait,
3226 3605 3430 3663 divina
3476 3597 3808 3678 providentia

2184 3692 2406 3748 factum
2433 3708 2584 3761 esse,
2605 3692 2763 3764 quod
2788 3710 2923 3747 cum
2943 3700 3179 3763 postera
3208 3695 3307 3751 die
3338 3695 3658 3753 secundum
3678 3685 3808 3746 ordi-

2188 3797 2325 3837 nem
2357 3781 2670 3837 verborum
2700 3784 2953 3854 symboli
2978 3785 3051 3840 de
3073 3788 3444 3843 Ascensione
3466 3781 3687 3841 Domini
3707 3777 3808 3833 dic-

2189 3877 2358 3926 turus
2375 3877 2551 3938 esset,
2574 3872 2747 3927 lectio
2780 3874 2840 3928 in
2866 3877 3071 3945 synaxi
3092 3876 3409 3933 Dominica
3437 3877 3531 3930 die
3549 3890 3614 3929 ex
3635 3867 3810 3925 ordine

2189 3976 2524 4016 annuarum
2554 3961 2878 4018 lectionum
2913 3964 3134 4032 habita,
3185 3966 3299 4036 ipsi
3333 3960 3685 4037 anticipandi
3713 3958 3810 4010 hu-

2181 4051 2283 4120 jus
2309 4052 2642 4121 argumenti
2690 4054 3066 4108 occasionem
3099 4061 3156 4109 et
3201 4055 3401 4112 locum
3450 4047 3810 4127 prmstitisset.

2190 4141 2271 4194 Ex
2303 4157 2418 4210 quo
2456 4142 2841 4211 consequitur
2873 4150 3118 4198 caateras
3151 4144 3464 4211 lectiones,
3499 4157 3624 4213 qua;
3653 4138 3708 4190 in
3732 4147 3811 4186 ευ·

2182 4231 2403 4302 jusque
2432 4231 2759 4286 catechesis
2790 4241 3204 4303 argumentum
3238 4237 3391 4290 mire
3425 4231 3811 4305 quadranhex'

2193 4326 2282 4376 tra
2312 4321 2583 4375 ordinem
2616 4338 2952 4377 annuarum
2985 4324 3309 4380 lectionum
3338 4325 3594 4380 delectas
3615 4323 3809 4374 esse,ac

2191 4428 2388 4465 revera
2420 4411 2622 4466 nullus
2656 4411 2715 4464 in
2752 4412 2822 4465 iis
2855 4413 3213 4469 lectionibus
3245 4415 3531 4470 librorum
3564 4408 3697 4465 ordo
3726 4399 3812 4456 0b—

2194 4507 2495 4555 servatur:
2548 4501 2723 4555 modo
2757 4519 2828 4556 ex
2877 4504 3205 4574 prophetis,
3254 4505 3430 4561 modo
3463 4519 3530 4558 ex
3575 4487 3810 4569 apostolo

429 4599 558 4647 ctor
588 4591 945 4661 quandoque
978 4607 1098 4644 sua:
1119 4596 1533 4662 argumentum
1549 4591 1884 4664 digesturus
1906 4592 2079 4648 aliter
2114 4575 2158 4640 Ι)
2191 4591 2398 4658 Paulo,
2435 4591 2608 4646 modo
2641 4609 2709 4647 ex
2740 4592 2904 4660 Jobo,
2937 4594 3114 4649 modo
3156 4613 3227 4650 ex
3258 4592 3573 4652 Catholicis
3609 4584 3808 4664 Episwj

429 4682 613 4737 fuisse
643 4680 932 4735 videatur.
969 4680 1188 4734 Narnin
1220 4681 1528 4736 nonnullis
1550 4683 2084 4749 catechesibus,ar-

427 4777 708 4844 gumento
731 4769 994 4842 generali
1026 4774 1084 4824 et
1105 4771 1288 4825 totius
1319 4771 1646 4826 catechesis
1676 4788 1922 4844 scopum
1939 4788 2076 4827 con-

429 4861 642 4918 tinenti
671 4861 910 4916 additur
939 4866 1358 4932 argumentum
1389 4862 1710 4932 peculiare,
1745 4863 1904 4934 quod
1929 4879 2083 4917 non-

432 4952 548 5006 nisi
579 4950 771 5006 obiter
800 4957 859 5004 et
887 4966 957 5004 ex
989 4949 1303 5004 occasione
1335 4948 1397 5003 in
1425 4951 1718 5006 catechesi
1773 4957 2080 5007 tractatur.

433 5041 704 5096 Secunda
735 5041 1064 5096 catechesis
1085 5040 1456 5108 inscribitur,
1478 5041 1542 5097 de
1560 5042 1886 5112 paenitentia
1915 5051 1967 5098 et
1996 5057 2082 5096 rc-

435 5132 701 5184 missione
727 5135 1120 5198 peccatorum:
1155 5131 1266 5185 hoc
1323 5130 1601 5202 generale
1633 5137 1692 5186 et
1722 5132 2085 5202 completum

437 5217 726 5273 orationis
758 5225 1195 5289 argumentum.
1236 5220 1489 5275 Additur
1547 5226 1748 5277 tamen
1803 5226 1859 5277 et
1886 5221 1951 5278 de
1981 5226 2086 5277 ad-

439 5305 708 5373 versario,
769 5306 1007 5361 diabolo
1036 5307 1348 5375 videlicet;
1408 5327 1526 5380 qua
1574 5310 1646 5365 de
1680 5327 1743 5364 re
1803 5311 1992 5366 solum
2026 5312 2090 5366 in

439 5395 668 5467 peccati
701 5410 909 5450 causas
942 5395 1300 5465 inquirendo
1333 5413 1404 5451 ex
1443 5399 1754 5454 occasione
1816 5400 1961 5454 dicit
1987 5416 2091 5454 au-

443 5490 570 5538 ctor
601 5482 867 5538 numeris
924 5485 957 5537 3
990 5489 1049 5538 et
1071 5486 1123 5538 4.
1160 5486 1346 5539 Sextaa
1404 5488 1730 5542 catechesis
1787 5489 2093 5559 inscriptio

448 5577 537 5626 est
565 5573 631 5626 de
689 5574 1017 5628 monarchia
1074 5573 1195 5639 Dei,
1243 5574 1399 5644 quod
1430 5592 1631 5631 revera
1689 5578 1816 5648 ipso
1876 5577 2094 5649 Cyrillo

450 5665 598 5715 teste
620 5665 793 5730 cat.7,
825 5677 886 5718 n.
917 5666 968 5733 1,
999 5661 1180 5734 hujus
1203 5663 1489 5720 orationis
1514 5672 1930 5738 argumentum
1962 5673 2052 5722 est
2079 5693 2095 5738 ε

2194 4680 2288 4742 lis,
2323 4680 2489 4735 nulla
2522 4686 2684 4736 certa
2715 4682 2865 4746 serie
2899 4690 3250 4752 sumuntur;
3285 4685 3390 4740 sed
3421 4695 3621 4738 omnes
3647 4670 3714 4728 ad
3739 4660 3810 4721 rei

2198 4770 2466 4825 dicendas
2485 4778 2902 4843 argumentum
2927 4776 3410 4833 accommodatae.
3437 4770 3723 4829 Lectiones
3743 4769 3810 4810 etB

2193 4877 2314 4916 non
2343 4861 2620 4916 videntur
2649 4862 2972 4918 admodum
3023 4864 3206 4920 fuisse
3235 4865 3502 4937 prolixae.
3544 4852 3812 4937 Breviorge5

2193 4950 2525 5022 praasertim
2548 4952 2940 5007 catecheseon
2962 4935 3658 5027 mystagogicarumﬂum
3677 4935 3810 4995 enim

2195 5041 2256 5094 in
2293 5040 2482 5094 tribus
2515 5041 2723 5112 primis
2755 5041 2995 5097 initium
3021 5050 3078 5098 et
3110 5045 3247 5100 finis
3278 5042 3547 5101 lectionis
3572 5032 3812 5101 assigne‘

2199 5138 2312 5197 tur,
2331 5131 2657 5186 catechesis
2679 5149 2853 5187 nonae
2879 5132 3127 5189 decimae
3151 5135 3326 5191 lectio
3352 5152 3452 5190 sex
3471 5125 3679 5188 nostris
3704 5129 3810 5170 ver-

2201 5221 2406 5275 siculis
2437 5220 2710 5276 absoluta
2737 5239 2749 5274 :
2784 5223 3111 5278 catechesis
3134 5225 3447 5290 vicesimaa,
3471 5226 3524 5275 et
3553 5208 3810 5270 vicesima

2201 5311 2429 5381 primae,
2481 5311 2788 5365 versiculis
2837 5318 2990 5367 octo.
3041 5315 3224 5370 Paulo
3256 5314 3550 5386 longiores
3576 5301 3809 5377 priorum

2205 5400 2594 5456 catecheseon
2625 5400 2952 5456 lectiones:
2985 5404 3146 5458 verbi
3193 5406 3399 5477 gratia,
3453 5403 3558 5455 cat.
3594 5390 3809 5477 11,011“:

2206 5489 2268 5543 in
2304 5490 2472 5544 titulo
2503 5489 2797 5544 indicetur
2829 5490 3150 5548 lectionem
3193 5460 3276 5549 ab
3303 5460 3429 5565 ipso
3473 5476 3727 5558 Epistolw
3753 5460 3814 5521 ad

2209 5578 2485 5633 Hebraeos
2507 5579 2746 5633 exordio
2778 5580 3144 5651 inchoatam,
3169 5601 3238 5638 ex
3255 5585 3382 5656 ipsa
3402 5565 3674 5636 catechesi
3700 5570 3816 5656 cf)”:

2209 5673 2346 5737 stat,
2377 5685 2498 5723 non
2531 5668 2726 5724 solum
2767 5670 3126 5728 versiculum
3175 5641 3423 5740 sextum,
3457 5684 3513 5723 ιιι
3547 5663 3598 5728 iv,
3644 5647 3736 5709 Sed
3762 5641 3813 5696 et
