4052 6368
171 373 293 434 153

1618 366 2135 430 DlSSER’I‘ATIO
2180 365 2257 425 Π.

3543 363 3661 424 154

174 513 466 565 octavum
497 510 562 561 et
603 522 875 574 nonum,
897 523 962 563 n.
993 509 1081 576 15,
1112 505 1333 563 lectum
1361 503 1566 561 fuisse.
1602 505 1754 560 Ante
1790 519 1886 560 ca-
1919 501 1972 570 Α
2004 502 2178 558 nobis
2211 503 2626 559 catecheseum
2655 504 2779 571 347,
2829 501 2891 556 in
2923 517 3038 572 quo
3069 503 3389 572 propterea
3421 500 3661 570 acquie-

181 599 474 656 techesim
501 598 599 666 13,
640 601 847 652 totum
877 597 1050 653 Isaia
1083 602 1260 670 caput
1283 613 1401 664 Lm,
1434 612 1551 667 quo
1572 595 1887 667 prophetia
1996 595 2109 651 scit
2137 594 2577 649 Tillemontius.
2611 595 2736 648 Non
2768 593 2851 648 ita
2881 597 3083 647 tamen
3101 590 3352 662 praecise
3373 588 3660 660 Cyrillum

185 686 479 764 passionis
500 687 749 744 Christi
779 687 1150 755 continetur,
1177 686 1406 741 videtur
1429 685 1652 740 lectum
1679 684 1884 740 fuisse.

1996 701 2187 741 annos
2210 700 2558 740 numerasse
2581 683 2960 749 crediderim,
2985 687 3053 737 ut
3093 697 3321 737 annum
3357 695 3546 734 unum
3568 678 3662 733 ul-

197 777 604 836 Excatechesi
646 781 740 846 15,
791 794 855 834 n.
911 779 979 833 13
1013 782 1073 832 et
1105 780 1197 845 21,
1246 781 1474 832 constat
1525 780 1714 830 totum
1762 775 1885 829 fere
1995 780 2085 831 tro
2118 776 2336 832 citrove
2392 775 2565 830 nobis
2609 789 2922 830 excurrere
2980 789 3101 827 non
3133 772 3349 837 liceat;
3409 785 3661 841 quamo-

207 868 449 926 Danielis
481 873 680 940 caput
715 869 1048 941 septimum
1095 867 1275 922 fuisse
1321 865 1689 938 praelectum.
1735 867 1884 920 Item
1992 865 2159 922 brem
2191 883 2348 922 anno
2380 866 2570 939 magis
2602 866 2703 919 348
2735 863 2970 919 habitas
2998 879 3129 918 esse
3158 861 3501 918 catecheses
3532 876 3660 915 cre-

208 977 272 1016 ex
301 963 402 1014 cat.
442 959 534 1028 18,
569 975 755 1013 num.
797 962 855 1013 11
897 964 954 1014 et
988 961 1076 1026 15,
1105 961 1292 1012 totum
1343 955 1664 1012 Ezechielis
1709 958 1886 1027 caput
1995 955 2272 1023 diderim,
2306 955 2400 1011 his
2431 956 2504 1010 de
2532 954 2886 1010 rationibus.

220 1047 585 1104 tricesimum
605 1047 964 1119 septimum.
986 1046 1203 1102 Inutile
1225 1050 1312 1101 est
1337 1044 1882 1102 monerelectiones

204 1137 329 1194 illas
358 1155 468 1210 per
505 1137 819 1193 lectorem
850 1137 1129 1192 recitatas
1160 1135 1362 1191 fuisse.

883 1281 1116 1336 CAPUT
1155 1281 1219 1334 V.

195 1391 304 1460 Quo
341 1404 497 1444 anno
523 1389 778 1459 praecise
819 1387 1056 1460 etranni
1083 1393 1318 1460 tempore
1343 1386 1510 1444 dictae
1563 1389 1695 1442 sunt
1721 1393 1877 1460 eate-

258 1468 482 1518 clieses:
519 1458 741 1530 quibus
796 1458 1006 1525 diebus,
1036 1464 1092 1514 et
1150 1459 1320 1523 horis,
1349 1469 1401 1515 et
1450 1473 1557 1530 quo
1593 1461 1655 1514 in
1711 1459 1825 1516 loco
1854 1480 1876 1527 ,-

264 1552 328 1591 σο
355 1535 421 1588 de
452 1536 577 1588 tota
603 1543 982 1588 conventuum
1009 1531 1240 1587 illorum
1266 1533 1470 1603 forma.

267 1679 350 1732 30.
380 1678 512 1732 Non
545 1693 685 1731 una
737 1679 828 1731 est
859 1691 963 1730 seu
1001 1679 1264 1730 veterum
1319 1691 1422 1731 seu
1470 1676 1873 1732 recentiorum

194 1772 528 1835 auctorum,
571 1766 650 1822 de
678 1783 842 1822 anno
865 1782 979 1836 quo
1002 1765 1205 1837 Cyrilli
1231 1765 1402 1821 dictas
1434 1771 1574 1821 sunt
1597 1767 1868 1822 cateche-

200 1876 306 1918 ses.
338 1857 678 1913 sententia.
736 1859 953 1911 Auctor
991 1855 1393 1911 adnotationis
1437 1856 1868 1930 chronologicas

201 1947 452 2002 indiculo
477 1945 890 2003 catecheseon
913 1962 946 2001 a
969 1945 1139 2000 nobis
1163 1944 1319 2000 edito
1343 1945 1866 2018 subjectaamume-

201 2045 286 2094 rat
312 2056 537 2095 annum
573 2039 654 2094 ab
689 2038 943 2113 adventu
966 2038 1180 2093 Christi
1214 2037 1540 2094 secundum
1572 2041 1864 2112 Augusta-

206 2147 339 2185 num
366 2130 642 2185 codicem
678 2131 821 2183 352:
857 2128 1185 2184 secundum
1215 2128 1484 2184 codicem
1516 2130 1861 2186 Ottobonia-

203 2237 343 2276 num
369 2227 424 2277 et
470 2219 940 2287 Gmdecianum,
993 2220 1118 2274 332.
1167 2218 1468 2284 Quomodo
1511 2219 1608 2274 hic
1659 2227 1867 2276 auctor

192 2330 382 2368 annos
413 2330 446 2368 a
477 2311 704 2368 Christi
740 2310 994 2366 adventu
1018 2315 1311 2376 numeret,
1337 2311 1865 2384 incertum.ltaque

206 2403 442 2458 inutilis
463 2419 601 2459 cum
625 2419 737 2474 per
763 2417 846 2470 se,
881 2406 1005 2455 tum
1025 2416 1095 2455 ex
1127 2401 1406 2455 varietate
1436 2400 1735 2471 lectionis,
1754 2402 1868 2456 bu—

195 2493 298 2565 jus
329 2492 629 2563 scriptoris
668 2490 906 2562 alioqui
940 2490 1286 2545 recentioris
1318 2490 1660 2545 auctoritas.
1680 2491 1866 2546 Theo-

220 2582 454 2654 phanes
483 2581 657 2636 dictas
706 2580 1047 2636 catecheses
1096 2584 1267 2651 putat
1312 2581 1624 2636 occasione
1673 2581 1867 2636 crucis

211 2672 322 2728 sub
353 2672 696 2728 Constantio
733 2672 793 2726 in
827 2670 971 2726 caelo
1020 2671 1178 2739 visae,
1225 2686 1358 2725 cum
1407 2670 1581 2725 multi
1612 2671 1724 2726 hoc
1756 2671 1868 2726 mi-

201 2763 408 2819 raculo
439 2762 701 2834 permoti
737 2761 1096 2834 baptismum
1139 2761 1539 2832 requirerent.
1580 2761 1870 2832 Apparuit

189 2872 334 2911 crux
365 2855 592 2927 [CXXI]
618 2854 770 2909 Maio
815 2869 1019 2909 mense
1069 2869 1164 2908 an.
1191 2854 1315 2921 351,
1349 2857 1564 2908 etcum
1597 2853 1867 2908 cateche-

185 2961 279 3002 ses
308 2945 373 3000 in
403 2943 881 3018 Quadragesima
915 2943 1085 2998 dictae
1113 2944 1252 3006 sint,
1300 2942 1361 2997 in
1409 2942 1520 2998 hac
1552 2942 1866 3014 hypothesi

194 3034 265 3091 ad
294 3051 528 3090 annum
560 3034 675 3089 352
706 3033 1070 3089 revocandae.
1100 3031 1486 3088 Bollandistae
1517 3033 1868 3088 auctoritate

191 3125 644 3198 chronologicae
677 3123 1075 3180 adnotationis
1093 3122 1422 3178 secundum
1455 3122 1867 3178 Grodeciiver-

196 3214 424 3270 sionem
461 3214 641 3270 lecta:
675 3211 932 3279 adducti,
965 3227 1276 3283 annosque
1309 3210 1381 3266 ab
1413 3211 1667 3267 adventu
1698 3211 1867 3267 Chri-

1899 1899 1946 1965 Β

2066 1048 2153 1100 31.
2187 1046 2406 1112 Prima,
2441 1062 2557 1116 quo
2590 1061 2746 1099 anno
2779 1041 3035 1115 Cyrillus
3065 1042 3405 1098 catecheses
3447 1041 3656 1096 habuit

1992 1141 2294 1192 maturum
2343 1135 2572 1191 Pascha
2625 1134 2809 1188 fuisse
2863 1133 3112 1188 videtur.
3162 1134 3306 1187 Nam
3355 1132 3654 1187 catechesi

1995 1226 2080 1292 18,
2115 1243 2246 1297 quas
2274 1225 2528 1281 Sabbato
2561 1229 2766 1279 sancto
2795 1222 3128 1279 certissime
3162 1227 3252 1277 est
3293 1221 3652 1293 pronuntia-

1989 1321 2069 1381 ta,
2114 1317 2199 1372 sic
2253 1317 2519 1389 loquitur
2576 1332 2741 1371 num.
2776 1319 2829 1378 7,
2889 1313 3057 1385 quasi
3091 1313 3284 1368 adhuc
3340 1313 3401 1366 in
3458 1311 3657 1367 media

1987 1405 2186 1462 hieme
2216 1408 2468 1478 positus,
2500 1405 2660 1477 quod
2693 1408 2852 1460 certe
2885 1405 2946 1458 in
2979 1402 3099 1457 illis
3149 1400 3648 1457 meridionalibus

1985 1497 2256 1568 partibus
2303 1496 2579 1553 mirabile
2633 1501 2740 1550 est.
2793 1494 3122 1556 Hibernum,
3176 1492 3392 1562 inquit,
3438 1496 3652 1562 tempus

1983 1594 2086 1649 est,
2118 1591 2181 1642 ut
2231 1586 2421 1643 vides:
2469 1593 2624 1642 stant
2669 1599 2820 1640 nunc
2868 1583 3094 1639 arbores
3143 1582 3321 1637 veluti
3367 1587 3648 1637 mortuae:

1981 1673 2079 1730 ubi
2107 1676 2260 1732 enim
2287 1691 2437 1730 nunc
2464 1675 2601 1745 folia
2660 1675 2817 1743 ﬁcus,
2877 1673 2978 1727 ubi
3007 1671 3136 1726 vitis
3168 1686 3292 1726 uvae
3313 1670 3340 1725 ?
3382 1671 3498 1724 Nec
3530 1668 3648 1724 alio

1978 1763 2102 1820 fere
2133 1766 2312 1821 modo
2342 1765 2514 1820 initio
2556 1763 3032 1836 Quadragesimae
3083 1761 3316 1816 locutus
3369 1764 3515 1825 erat,
3545 1759 3646 1812 in-

1980 1859 2211 1928 tegrum
2243 1860 2381 1911 ante
2412 1871 2706 1924 mensem,
2741 1858 2854 1908 cat.
2890 1855 2944 1920 4,
2975 1868 3036 1907 n.
3071 1853 3158 1905 30.
3193 1849 3343 1905 Vides
3371 1853 3436 1903 ut
3485 1849 3650 1904 arbo-

1981 1961 2067 2000 res
2095 1961 2247 2001 nunc
2273 1951 2345 2000 tot
2373 1945 2655 2000 mensibus
2705 1946 2825 1999 sine
2853 1944 3072 2014 fructus
3103 1946 3155 1996 et
3181 1939 3340 2010 [aliis
3376 1947 3648 2010 perstant.

1981 2035 2107 2089 Non
2141 2051 2278 2106 ergo
2307 2036 2538 2090 tardum
2572 2033 2677 2089 illo
2710 2049 2868 2089 anno
2900 2032 3127 2088 Pascha
3153 2035 3300 2086 erat.
3333 2029 3510 2100 Atqui
3543 2043 3642 2086 an.

1982 2125 2084 2177 347
2139 2124 2443 2180 incidebat
2471 2123 2699 2179 Pascha
2759 2122 2820 2176 in
2865 2121 3025 2176 diem
3082 2119 3304 2191 Aprilis
3361 2116 3646 2173 duodeci-

1979 2229 2139 2269 mam
2169 2231 2180 2269 :
2216 2231 2334 2286 quo
2389 2221 2655 2286 tempore
2681 2212 2922 2268 arbores
2954 2215 3009 2265 et
3042 2209 3190 2264 ﬁcus
3220 2207 3281 2262 in
3322 2205 3644 2262 Palaestina

1979 2303 2138 2360 foliis
2170 2304 2364 2360 adhuc
2395 2304 2709 2359 destitutas
2759 2301 2940 2356 fuisse
2999 2314 3243 2371 prorsus
3284 2293 3640 2351 incredibile

1979 2399 2108 2462 est;
2141 2411 2275 2450 cum
2307 2393 2532 2465 alioqui
2565 2408 2757 2448 annus
2790 2388 3258 2446 extraordinaria
3297 2387 3513 2450 hieme,
3549 2388 3642 2438 at-

1981 2501 2096 2556 que
2125 2485 2285 2540 ultra
2315 2485 2604 2539 terminos
2648 2482 2957 2555 producta,
3010 2478 3264 2549 insignis
3308 2492 3429 2531 non
3461 2479 3642 2531 esset.

1980 2577 2125 2630 Nam
2156 2575 2413 2647 Cyrillus
2445 2579 2557 2630 cat.
2595 2575 2679 2628 i4.
2715 2589 2776 2628 n.
2813 2574 2900 2638 10,
2945 2569 3151 2641 paucis
3196 2572 3333 2640 post
3375 2566 3645 2636 aaquino-

1979 2664 2163 2720 ctium
2197 2664 2407 2720 diebus
2433 2661 2994 2735 loquens,tellurem
3019 2658 3266 2714 floribus
3296 2655 3562 2728 plenam,
3585 2658 3646 2709 et

1980 2771 2220 2811 omnem
2252 2753 2498 2810 herbam
2531 2753 2708 2808 modo
2738 2750 3178 2824 germinantem
3211 2747 3522 2802 observare
3539 2744 3638 2816 ju-

1979 2845 2098 2901 bet.
2133 2845 2190 2899 Si
2221 2845 2399 2916 paulo
2431 2843 2657 2899 tardius
2689 2841 2918 2897 Pascha
2947 2840 3179 2900 fuisset,
3225 2852 3354 2893 sese
3412 2836 3484 2890 ab
3534 2834 3639 2889 illo

1979 2940 2248 3008 tempore
2265 2933 2577 2990 frondibus
2601 2933 2842 2988 arbores
2861 2929 3220 2985 vestiissent.
3247 2929 3418 2981 Anno
3441 2928 3641 2980 autem

1980 3027 2102 3093 348,
2130 3025 2356 3081 Pascha
2387 3023 2483 3078 die
2515 3023 2692 3078 tertia
2722 3020 2943 3093 Aprilis
2991 3023 3150 3084 erat;
3188 3016 3347 3087 quod
3379 3031 3513 3068 cum
3567 3012 3642 3066 il-

1979 3117 2054 3172 lis
2086 3115 2303 3171 hiemis
2333 3113 2606 3185 reliquiis
2638 3112 2839 3166 minus
2871 3108 3261 3166 disconvenit.
3317 3105 3496 3160 Multo
3528 3104 3644 3159 mi-

1980 3225 2096 3263 nus
2127 3207 2187 3261 in
2237 3221 2462 3260 annum
2510 3205 2613 3258 349
2663 3201 2960 3272 conjicere
3009 3199 3352 3254 catecheses
3401 3194 3638 3266 [CXXII]

195 3304 288 3369 sti,
320 3305 394 3360 de
453 3303 644 3360 annis
694 3302 766 3358 ab
801 3271 931 3374 ejus
975 3271 1325 3358 ascensione
1373 3302 1861 3373 interpretantes,
1895 3271 1943 3338 θ
1982 3311 2338 3370 possumus:
2377 3311 2493 3366 quo
2525 3309 2684 3348 anno
2729 3271 2957 3347 Pascha
2988 3291 3054 3343 23
3103 3287 3320 3360 Aprilis
3369 3284 3640 3340 celebra-

197 3395 550 3450 catecheses
583 3392 899 3449 conferunt
927 3392 988 3447 in
1019 3407 1243 3448 annum
1278 3394 1382 3446 364
1415 3391 1504 3446 vel
1535 3393 1658 3448 365.
1710 3393 1860 3446 Tho-

201 3501 320 3540 mas
350 3484 654 3540 Millesius
695 3483 1030 3538 catecheses
1080 3481 1154 3538 ad
1186 3498 1282 3538 an.
1340 3483 1442 3536 350
1472 3481 1675 3550 refert,
1726 3498 1862 3554 pro-

209 3582 330 3647 pter
354 3576 593 3630 bellum
625 3574 1144 3646 Mesopotamicum
1177 3579 1289 3630 cat.
1327 3576 1414 3638 15,
1447 3590 1614 3629 num.
1636 3575 1723 3629 6i:
1753 3573 1864 3629 Til-

208 3665 533 3721 lemontius
564 3663 642 3721 ad
674 3680 895 3720 annum
931 3666 1055 3733 347,
1087 3669 1332 3737 propter
1361 3663 1735 3736 septuaginta
1757 3680 1867 3719 an-

209 3772 307 3810 nos
339 3773 496 3828 quos
529 3754 786 3827 Cyrillus
811 3770 846 3809 a
870 3755 1096 3809 Manete
1142 3753 1376 3826 elapsos
1418 3758 1718 3808 momorat
1748 3758 1860 3808 cat.

209 3847 255 3912 6,
286 3861 346 3899 n.
379 3847 474 3899 20.
511 3845 629 3899 Has
658 3843 980 3899 sententias
1011 3859 1219 3898 omnes
1251 3859 1368 3897 non
1412 3858 1660 3914 operose
1702 3843 1865 3898 refu-

210 3933 363 3992 tabo.
402 3932 785 4006 Theophanis
834 3937 890 3988 et
919 3931 1420 3988 Bollandistarum
1465 3933 1594 4004 jam
1643 3933 1865 4004 rejecta

213 4026 409 4098 opinio
441 4029 552 4092 est,
586 4041 720 4080 cum
753 4023 1124 4096 probavimus
1148 4041 1327 4095 supra
1357 4041 1482 4096 cap.
1517 4025 1574 4093 2,
1605 4041 1771 4082 num.
1799 4031 1864 4083 10

213 4122 268 4171 et
299 4120 385 4182 11,
419 4119 657 4170 aetatem
702 4114 1088 4169 catecheseon
1139 4113 1336 4169 medio
1387 4114 1604 4170 saaculo
1651 4121 1861 4187 quarto

211 4205 432 4260 tardius
456 4203 746 4277 assignari
771 4220 890 4258 non
911 4220 1102 4275 posse.
1137 4205 1219 4266 Ne
1243 4219 1400 4281 anno
1431 4205 1610 4281 etiam
1639 4207 1742 4260 350
1764 4223 1862 4262 eas

214 4294 691 4360 attribueremus,
712 4281 1228 4348 obSta‘re'diximus
1245 4278 1588 4350 Conatantis
1610 4281 1864 4352 mortem

214 4383 320 4440 hoc
369 4385 616 4439 ineunte
665 4399 821 4438 anno
852 4381 1146 4439 interfecti
1198 4381 1334 4454 (Jul.
1394 4389 1542 4439 orat.
1578 4387 1628 4452 1,
1661 4402 1717 4456 p.
1753 4387 1862 4456 47),

218 4490 344 4545 quce
375 4472 448 4528 ad
481 4473 895 4527 Constantium
918 4473 978 4527 in
1000 4473 1237 4528 Oriente
1269 4472 1582 4546 degentem
1605 4474 1713 4529 sub
1736 4475 1866 4530 hie-

219 4565 322 4619 mis
355 4564 540 4618 ﬁnem
570 4562 799 4633 perlata
829 4566 935 4617 est.
971 4564 1152 4618 Porro
1185 4562 1439 4636 Cyrillus
1489 4580 1557 4619 eo
1597 4569 1864 4638 tempore

1973 3389 2167 3445 batur.
2203 3389 2374 3442 Anno
2405 3387 2506 3440 316
2541 3384 2768 3440 Pascha
2797 3388 2925 3438 erat
2951 3381 3020 3434 23
3054 3379 3266 3442 Martii,
3291 3377 3382 3432 vel
3403 3393 3474 3431 ex
3506 3376 3638 3430 Vic-

1975 3479 2109 3534 torii
2144 3477 2432 3534 laterculo
2487 3475 2583 3531 die
2616 3473 2885 3546 ejusdem
2934 3470 3160 3526 mensis
3205 3466 3528 3523 tricesima.
3561 3468 3638 3520 At

1974 3568 2303 3626 catechesis
2335 3566 2567 3622 decima
2597 3569 2810 3636 quarta
2837 3577 2974 3618 cum
2996 3560 3318 3625 diceretur,
3344 3557 3472 3628 jam
3495 3559 3634 3610 ante

1973 3676 2195 3733 paucos
2226 3659 2352 3714 dies
2385 3656 2809 3728 aequinoctium
2842 3656 3212 3707 transactum
3253 3653 3400 3717 erat,
3452 3651 3512 3701 et
3541 3646 3634 3701 in-

1974 3751 2221 3805 choatus
2253 3747 2581 3803 Xanthicus
2614 3743 2841 3800 mensis
2869 3760 2882 3808 ;
2917 3742 3090 3812 cujus
3121 3738 3360 3793 initium
3393 3739 3460 3790 25
3491 3736 3636 3789 Mar-

1976 3841 2038 3895 tii
2073 3839 2248 3894 citius
2281 3837 2420 3910 poni
2454 3853 2577 3890 non
2604 3839 2816 3906 potest.
2844 3830 3010 3895 Quod
3043 3829 3090 3884 si
3123 3826 3349 3882 Pascha
3380 3841 3449 3879 eo
3473 3839 3634 3878 anno

1975 3934 2041 3984 3O
2073 3930 2260 3985 Martii
2285 3933 2559 4000 ponatur,
2581 3922 2875 3980 catechesi
2903 3924 2986 3983 14,
3021 3935 3151 3990 quae
3182 3916 3330 3971 feria
3371 3913 3637 3969 secunda

1972 4021 2356 4094 pronuntiata
2387 4022 2495 4084 est,
2555 4033 2720 4070 num.
2752 4016 2841 4080 24,
2892 4028 3013 4066 non
3047 4010 3163 4064 alia
3209 4007 3430 4079 poterit
3480 4004 3633 4059 assi-

1973 4111 2140 4185 gnari
2174 4111 2299 4164 dies
2333 4113 2550 4181 praeter
2579 4104 2919 4160 vicesimam
2955 4106 3226 4172 quartam
3259 4096 3624 4166 Martii,quaa

1974 4208 2140 4258 extra
2170 4200 2529 4256 Xanthicum
2564 4201 2705 4251 erat.
2758 4196 2837 4249 De
2867 4208 3024 4247 anno
3074 4192 3198 4256 345,
3241 4203 3356 4258 quo
3401 4185 3628 4241 Pascha

1977 4292 2228 4348 in‘diem
2262 4288 2482 4361 Aprilis
2513 4287 2828 4357 septimam
2869 4281 3100 4342 incidit,
3134 4278 3286 4334 nihil
3315 4277 3489 4341 dico;
3525 4290 3631 4329 ea-

1974 4382 2110 4438 dem
2140 4381 2370 4435 ratione
2401 4377 2592 4433 refelli
2625 4379 2820 4447 potest
2849 4389 2968 4443 qua
3016 4385 3210 4425 annus
3259 4369 3383 4420 347.
3429 4367 3634 4434 Itaque

1974 4472 2035 4526 in
2059 4487 2216 4526 anno
2249 4471 2350 4523 348
2382 4463 2881 4538 acquiescendum
2906 4460 3157 4515 videtur.
3188 4455 3480 4522 Secundo,
3505 4453 3632 4508 bel-

1972 4561 2097 4617 lum
2131 4563 2429 4616 Romanos
2459 4557 2617 4612 inter
2639 4561 2696 4610 et
2716 4557 2931 4609 Persas
2956 4555 3051 4606 cat
3094 4551 3177 4616 l5,
3203 4563 3261 4601 n.
3290 4549 3342 4612 6,
3374 4559 3632 4600 comme-

224 4652 470 4714 dicebat,
504 4669 623 4724 quo
653 4652 856 4724 plures
887 4652 1064 4708 simul
1090 4652 1481 4725 imperatores
1518 4653 1861 4726 reipublicae
1893 4646 1939 4711 D
1971 4654 2289 4716 moratum,
2323 4648 2540 4704 melius
2571 4662 2732 4700 anno
2761 4643 2862 4698 348
2896 4639 3186 4696 convenit.
3232 4639 3376 4691 Nam
3421 4639 3626 4689 aucto-

219 4743 491 4798 Romanaa
523 4746 838 4813 prmerant.
899 4742 1042 4796 Nam
1101 4747 1212 4798 cat.
1246 4743 1336 4810 23,
1396 4758 1563 4799 num.
1597 4743 1650 4813 8,
1684 4744 1769 4799 ait
1797 4745 1857 4799 in

218 4830 448 4906 liturgia
481 4831 840 4887 sacriﬁcium
871 4831 1070 4886 offerri
1099 4848 1197 4903 pro
1228 4831 1676 4904 imperatoribus.
1727 4831 1856 4908 ὑπὲρ

222 4920 505 4994 βασιλέων,
545 4922 706 4994 iique
766 4921 1155 4992 imperatores
1207 4927 1398 4991 erant,
1431 4921 1535 4995 qui
1591 4929 1858 4980 sanctam

218 5011 680 5070 Besnrrectionis
710 5010 1046 5080 ecclesiam,
1078 5029 1213 5069 cum
1253 5018 1421 5086 patre
1469 5014 1859 5072 Constantino

222 5107 622 5160 exstruxerant
651 5108 711 5158 et
731 5107 1159 5158 exornaverant
1179 5109 1292 5160 cat.
1327 5104 1415 5170 14,
1439 5103 1496 5159 d.
1532 5106 1617 5160 14.
1648 5106 1730 5161 Ne
1753 5121 1858 5162 an-

225 5209 289 5248 no
317 5196 418 5250 344
447 5193 821 5266 antiquiores
853 5177 1288 5264 existimentur,
1321 5193 1537 5265 obstat,
1587 5195 1746 5268 quod
1778 5197 1862 5253 ait

228 5288 322 5337 eat.
358 5287 438 5351 10,
471 5301 531 5340 n.
583 5287 672 5352 19,
724 5283 933 5337 Persas
980 5300 1086 5354 pro
1126 5283 1344 5340 Christi
1389 5285 1635 5342 nomine
1683 5287 1857 5343 mori.

231 5375 288 5426 At
311 5374 538 5431 Persica
582 5371 928 5446 persecutio
975 5373 1151 5445 erepit
1196 5377 1428 5429 tantum
1458 5391 1554 5430 an.
1608 5377 1734 5443 344,
1766 5393 1861 5431 se-

230 5463 452 5522 cundum
485 5463 813 5521 meliorem
845 5461 1227 5534 computandi
1256 5463 1573 5520 rationem.
1607 5463 1861 5537 Cyrillus

226 5561 308 5609 cat.
338 5557 386 5624 6,
419 5573 479 5612 n.
515 5557 611 5620 20,
640 5567 679 5607 a
713 5549 957 5604 Manetis
979 5549 1221 5606 exordio
1251 5567 1443 5610 annos
1471 5557 1751 5609 numerat
1769 5557 1862 5635 70,

217 5645 296 5720 qui
318 5646 502 5706 additi
536 5641 622 5702 ad
657 5653 894 5696 annum
921 5641 1047 5709 277,
1080 5657 1198 5713 quo
1231 5641 1458 5700 Manem
1488 5643 1550 5698 in
1595 5643 1860 5703 Romano

203 5739 430 5820 imperio
461 5734 767 5814 primum
795 5728 1084 5800 prodiisse
1132 5733 1386 5804 constat,
1442 5745 1670 5790 annum
1708 5731 1855 5792 dant

1969 4757 2066 4796 res
2096 4738 2428 4814 gravissimi
2461 4734 2788 4792 secundam
2817 4730 3036 4787 Nisibis
3068 4726 3444 4783 obsidionem
3466 4737 3625 4778 anno

1971 4833 2073 4887 346
2105 4829 2462 4902 consignant
2487 4843 2498 4880 :
2524 4827 2677 4880 hanc
2710 4838 2886 4896 porro
2910 4824 3127 4875 secutas
3148 4818 3307 4872 inter
3330 4815 3626 4870 Romanos

1970 4927 2029 4978 et
2056 4923 2268 4976 Persas
2293 4917 2547 4973 inducias
2575 4958 2587 4982 ,
2621 4913 2836 4984 quibus
2868 4926 2990 4965 non
3024 4907 3208 4963 multo
3238 4907 3375 4975 post
3409 4903 3628 4956 Persa-

1968 5029 2100 5068 rum
2132 5009 2386 5083 perfidia
2413 5006 2644 5062 violatis
2677 5004 2894 5058 iterum
2932 4995 3243 5054 recruduit
3269 4991 3517 5056 bellum,
3568 4992 3629 5044 et

1969 5101 2356 5160 commissum
2411 5097 2485 5154 ad
2540 5096 2845 5166 Singaram
2896 5087 3170 5161 praelium
3203 5100 3360 5141 anno
3421 5083 3646 5166 348-ex“

1971 5194 2143 5250 Fastis
2171 5189 2342 5246 Idatii
2393 5192 2452 5244 et
2491 5180 2837 5253 Hieronymi
2872 5178 3175 5243 Chronico;
3223 5173 3496 5247 quamvis
3523 5172 3626 5227 Ju-

1968 5283 2114 5340 liani
2147 5279 2392 5354 Augusti
2421 5283 2566 5335 orat.
2610 5279 2656 5336 1,
2687 5289 2821 5345 pag.
2853 5271 2942 5332 47,
2970 5271 3262 5340 repugnet
3281 5262 3623 5354 auctoritas,

1968 5389 2229 5448 pugnam
2243 5350 2406 5426 hanc
2428 5385 2530 5424 sex
2561 5370 2698 5422 ante
2720 5360 3059 5417 Constantis
3071 5373 3281 5414 necem
3305 5353 3482 5411 annis
3503 5350 3625 5448 col-

1971 5439 2246 5519 locantis:
2279 5459 2382 5515 sed
2403 5459 2464 5513 in
2491 5452 2863 5511 numeralem
2895 5457 3101 5505 notam
3121 5447 3335 5501 vitium
3354 5439 3626 5499 fortassis

1971 5551 2230 5625 irrepsit,
2264 5547 2550 5621 Cyrillum
2581 5549 2782 5599 autem
2811 5539 2976 5612 loqui
3009 5544 3290 5610 putamus
3338 5534 3411 5589 de
3439 5545 3627 5602 appa-

1969 5649 2106 5702 ratu
2133 5639 2298 5708 belli,
2332 5637 2433 5711 qui
2464 5649 2728 5709 pugnam
2752 5637 2924 5688 atate
2954 5627 3335 5685 commissam
3354 5626 3624 5711 anteces-

1973 5735 2070 5793 sit.
2104 5705 2634 5805 Singariticnve'ro
2663 5720 2972 5798 pugnmin
3013 5731 3239 5775 annum
3270 5716 3372 5770 347
3421 5705 3643 5767 conio-.-
