4052 6376
450 327 567 389 155

443 458 649 518 renda;
678 459 849 518 nulla
878 461 1029 519 ratio
1061 467 1184 520 est:
1216 462 1439 537 alioqui
1471 464 1709 522 nullum
1739 481 1892 538 pene
1920 461 2097 520 indu-
2129 463 2180 530 Α

446 551 557 608 ciis
586 556 724 624 post
748 551 1006 610 solutam
1038 553 1255 610 Nisibis
1285 554 1660 613 obsidionem
1690 555 1880 628 pactis
1916 553 2098 609 relin-

446 641 580 713 quis
628 641 849 698 locum.
910 643 1023 699 Sed
1080 644 1211 715 ipsa
1242 644 1459 701 Nisibis
1516 646 1747 702 obsidio
1806 661 1965 701 anno
1998 645 2100 699 347

444 730 725 788 collocari
753 736 968 803 potest,
1001 750 1070 789 ac
1122 734 1349 791 bellum
1380 734 1529 791 illud
1576 735 1649 791 de
1681 752 1797 807 quo
1848 732 2102 805 Cyrillus

442 820 732 893 loquitur,
763 822 1113 879 existimari.
1148 826 1289 880 Eam
1319 841 1527 880 revera
1557 824 1932 880 obsidionem
1964 822 2101 878 Hie-

442 928 733 983 ronymus
762 911 826 967 in
856 913 1125 969 Chronico
1156 913 1232 969 ad
1262 930 1489 971 annum
1520 916 1644 982 347,
1681 913 1913 971 decimo
1944 914 2099 968 Con-

446 1000 833 1057 stantiianno
879 1003 1212 1075 consignat.
1260 1006 1337 1059 At
1364 1004 1427 1059 in
1476 1004 1786 1060 nonnullis
1817 1020 1960 1059 mss.
1994 1018 2099 1075 pro

443 1090 652 1147 decimo
680 1089 898 1163 legitur
924 1107 1092 1147 nono.
1125 1093 1513 1165 Theophanes
1540 1110 1775 1165 quoque
1824 1091 2099 1148 Nisibita-

444 1197 588 1237 nam
618 1179 997 1237 obsidionem
1048 1183 1219 1253 ponit
1247 1188 1384 1239 ante
1435 1184 1727 1255 eclipsim,
1761 1199 1892 1254 quas
1943 1198 2100 1238 anno

442 1269 572 1338 346,
598 1275 764 1326 sexta
781 1271 940 1326 Junii
963 1270 1058 1327 die
1081 1273 1343 1345 contigit.
1379 1274 1702 1330 Censemus
1728 1273 1906 1346 igitur
1943 1288 2100 1327 anno

440 1360 548 1417 347
578 1359 804 1416 bellum
835 1360 1070 1417 nullum
1099 1361 1285 1418 fuisse
1316 1363 1379 1418 in
1412 1363 1836 1436 Mesopotania,
1869 1367 2102 1418 servata

441 1450 685 1507 interim
716 1449 1095 1507 induciarum
1127 1468 1285 1508 anno
1311 1458 1599 1525 sequente
1630 1452 1980 1510 violatarum
2032 1452 2099 1507 ti-

441 1540 535 1597 de.
562 1541 681 1596 Hoc
701 1545 900 1597 autem
911 1546 1332 1613 argumentum
1344 1543 1641 1615 prmcipue
1654 1542 2098 1599 Tillemontium

438 1630 608 1703 petit;
633 1630 734 1700 qui
763 1646 900 1686 cum
932 1630 996 1686 in
1044 1630 1293 1687 Historia
1324 1634 1723 1704 imperatorum
1755 1632 2099 1688 Nisibitanaa

440 1717 806 1775 obsessionis
838 1718 1200 1777 solutionem
1234 1737 1391 1777 anno
1424 1724 1548 1790 346,
1582 1727 1642 1778 et
1687 1722 2099 1795 Singariticam

440 1824 705 1883 pugnam
737 1825 894 1865 anno
926 1811 1030 1865 348
1061 1816 1265 1882 ponat,
1297 1828 1466 1869 suam
1498 1813 1888 1869 catecheseon
1938 1829 2097 1869 anno
2129 1832 2175 1900 Β

439 1900 545 1956 347
576 1900 639 1956 in
670 1899 884 1957 mediis
914 1900 1173 1958 induciis
1215 1904 1553 1960 necessario
1595 1902 1926 1960 habitarum
1957 1921 2095 1976 epo-

440 1988 614 2052 cham
644 1989 795 2047 tueri
826 2007 948 2048 non
997 1996 1213 2064 potest.
1260 1993 1475 2062 Tertio,
1524 1993 1781 2066 Cyrillus
1830 2011 2095 2050 comme-

437 2083 633 2134 morat
659 2083 771 2135 cat.
810 2083 892 2149 15,
926 2098 988 2138 n.
1021 2084 1073 2149 7,
1113 2082 1312 2155 gravia
1359 2082 1797 2156 episcoporum,
1852 2084 2094 2140 clerico-

436 2184 571 2225 rum
600 2173 660 2224 et
687 2169 1086 2228 Ecclesiarum
1117 2171 1386 2243 dissidia,
1419 2172 1491 2229 ad
1524 2174 1877 2246 sanguinem
1906 2190 2096 2245 usque

435 2259 776 2316 animorum
827 2260 1056 2317 fervore
1104 2261 1392 2334 producto
1421 2281 1435 2318 :
1469 2263 1637 2331 satis,
1683 2263 1897 2331 fateor,
1956 2269 2097 2319 ante

434 2364 661 2405 annum
690 2351 817 2416 347,
844 2350 1154 2407 turbarum
1185 2352 1250 2407 in
1274 2352 1539 2409 Ecclesia
1567 2352 1701 2422 fuit,
1732 2358 1800 2408 ut
1828 2353 1912 2411 ita
1953 2370 2094 2425 pos-

437 2443 532 2497 set
560 2440 816 2511 Cyrillus
864 2439 1052 2513 loqui.
1100 2443 1314 2498 Verum
1350 2442 1459 2498 sub
1493 2444 1680 2499 tinem
1717 2443 1899 2517 hujus
1929 2445 2093 2514 anni,

434 2527 629 2584 scisso
661 2527 724 2584 in
756 2528 904 2585 duas
934 2535 1135 2601 partes
1169 2530 1503 2588 Sardicensi
1536 2533 1809 2601 concilio,
1867 2551 2005 2591 cum
2031 2552 2093 2590 e-

436 2617 667 2690 piscopi
691 2618 1001 2675 ambarum
1015 2620 1275 2693 partium
1294 2638 1424 2678 sese
1452 2623 1674 2679 mutuis
1696 2624 2093 2681 anathematis

432 2706 871 2779 perculissent;
911 2709 1107 2782 major
1134 2710 1328 2767 adhuc
1373 2713 1612 2785 piorum
1651 2714 1923 2785 offensio,
1981 2732 2093 2771 caa-

433 2796 659 2868 desque
708 2796 897 2854 multo
928 2815 1108 2871 quam
1159 2807 1337 2858 antea
1380 2803 1703 2860 violentius
1733 2810 2090 2862 consecuta).

432 2886 600 2955 Quod
628 2888 883 2960 Cyrillus
921 2888 1067 2945 ibid.
1113 2906 1176 2946 n.
1207 2894 1262 2959 9,
1295 2897 1609 2965 utramque
1654 2900 1884 2966 partem
1916 2910 2090 2952 accu-

432 2982 524 3035 sat
550 2995 563 3044 ;
592 2977 747 3035 hanc
776 2978 1017 3050 quidem
1039 2979 1256 3037 Christi
1286 2982 1360 3038 ad
1386 2988 1792 3040 creaturarum
1818 2985 2091 3044 ordinem

430 3067 699 3141 relegati,
722 3067 888 3124 illam
909 3085 1046 3125 vero
1076 3069 1224 3127 Filio
1245 3073 1622 3144 paternitatis
1638 3079 1911 3141 assertaa;
1936 3092 2088 3132 non-

429 3155 662 3212 nullam
692 3161 758 3212 ut
786 3157 870 3213 ita
894 3157 1244 3229 loqueretur
1271 3162 1649 3219 occasionem
1686 3164 1802 3236 ipsi
1853 3165 2084 3222 submi-

430 3245 690 3301 nistrare
718 3252 1063 3318 potuerunt,
1096 3255 1318 3307 mutuas
1348 3268 1421 3308 ea
1449 3251 1521 3309 de
1552 3269 1615 3307 re
1637 3252 2084 3312 Sardicensium

432 3338 493 3392 et
503 3334 1187 3409 Philippopolitanorum
1200 3341 1527 3412 praesulum
1541 3342 1602 3399 in
1616 3342 1832 3399 litteris
1854 3345 1978 3400 suis
1991 3362 2091 3418 sy-

427 3423 664 3481 nodicis
690 3426 1123 3497 accusationes,
1157 3433 1336 3502 atque
1365 3436 1432 3486 ut
1462 3430 1698 3487 meliori
1730 3448 1924 3489 caussa
1965 3451 2087 3491 non

430 3514 575 3572 satis
607 3531 814 3587 mquus
837 3515 1161 3588 videretur,
1215 3518 1453 3577 efﬁcere
1495 3522 1690 3593 potuit
1719 3523 1978 3579 Marcelli
2013 3525 2086 3582 ab

426 3603 880 3663 Sardicensibus
937 3623 1153 3681 magno
1187 3609 1383 3665 studio
1443 3616 1719 3684 suscepta
1776 3611 2086 3684 defensio;

425 3710 604 3768 quem
635 3696 909 3769 [CXXIII]
941 3699 1197 3770 Cyrillus
1225 3717 1332 3773 pro
1364 3706 1523 3758 certe
1552 3707 1612 3756 et
1636 3702 1940 3775 explorato
1965 3706 2086 3762 hm-

422 3787 610 3843 retico
641 3786 917 3858 habebat,
950 3794 1061 3845 cat.
1126 3793 1214 3861 15,
1247 3808 1308 3848 n.
1341 3794 1431 3847 27.
1465 3792 1569 3848 His
1613 3793 1945 3853 rationibus
1975 3813 2088 3852 an-

423 3890 570 3931 num
599 3878 704 3931 348
733 3879 919 3933 cuivis
948 3878 1122 3937 alteri
1151 3882 1546 3940 catecheseon
1582 3883 1824 3954 epochen
1874 3886 2084 3958 prafe-

423 3963 679 4020 rendum
708 3966 1063 4025 existimavi.
1113 3969 1389 4028 Liberum
1442 3977 1637 4029 tamen
1662 3973 2086 4050 relinquimus,

421 4056 490 4107 ut
515 4067 675 4109 anno
706 4055 809 4109 347
841 4057 1289 4129 consignentur.

494 4142 585 4197 32.
608 4142 677 4196 In
696 4143 1162 4217 Quadragesima
1190 4146 1381 4203 dictas
1412 4164 1541 4205 esse
1564 4148 1930 4219 catecheses,
1955 4170 2085 4210 om-

422 4246 530 4288 nes
557 4247 711 4304 pene
742 4233 972 4307 paginae
1003 4234 1286 4293 clamant.
1320 4236 1679 4311 Quanquam
1708 4241 1905 4294 autem
1937 4242 2085 4313 serti

423 4321 627 4378 smculi
651 4320 846 4390 initio,
865 4328 1169 4381 constaret
1180 4325 1613 4397 Hierosolymis
1626 4312 2077 4419 Ωιιέἀι-ξξέέίωα

421 4415 652 4483 septem
660 4411 744 4484 jej
754 4412 880 4467 unii
904 4413 1403 4481 hebdomadibus,
1424 4419 1491 4470 ut
1511 4414 1686 4491 fide};1
1703 4411 2075 4490 facitvpetms

418 4498 599 4572 hujus
618 4501 897 4557 Ecclesiae
910 4503 1180 4571 antistes,
1203 4504 1269 4559 in
1282 4501 1603 4581 fragmen;0
1627 4524 1700 4580 ab
1713 4523 2074 4581 Damasceno

418 4522 599 4572 nujus
619 4522 1180 4571 neclesmanusws,
1203 4522 1505 4574 intragme
1554 4522 1575 4535 τ
1627 4523 2074 4581 abpamasceno

417 4589 493 4646 ad
519 4589 746 4648 calcem
776 4592 1066 4649 orationis
1096 4592 1169 4649 de
1191 4522 1661 4672 ,ῇθῂᾳδῌζςξὲιο
1708 4616 1851 4668 tom,
1883 4614 1911 4668 1
1938 4631 2071 4670 ηον,
2109 4591 2151 4656 D

417 4678 558 4738 edit.
589 4697 648 4753 p.
682 4683 808 4749 504,
842 4682 1002 4754 quod
1033 4674 1398 4766 demsia
1436 4704 1618 4760 etiam
1663 4700 2072 4759 Alexandrina,

416 4769 533 4864 qui
550 4775 747 4864 P°te§t
765 4772 1455 4864 ef‘lliiiiﬁﬁctoritatibus
1474 4792 1547 4848 ab
1561 4789 1776 4848 eodem
1795 4806 1915 4847 una
1933 4807 2074 4864 pro-

417 4859 610 4957 ᾅξιοίίθ
631 4852 1101 4957 ._Cyrilli3a£1én
1129 4890 1424 4957 tempore,
1451 4884 1707 4952 utraque
1726 4852 1993 4937 Ecclesia
2017 4884 2075 4936 et

143 4951 884 5165 ﬁt
893 4951 1459 5045 Hierosolymitana,
1474 4985 1577 5025 sex
1593 4951 2074 5039 hebdomadis,et

417 5061 456 5101 σ
683 5064 808 5121 'nta
836 5064 1213 5122 solummodo
1235 5060 1450 5118 diebus
1479 5064 1791 5116 constante
1814 5061 2073 5127 Quadra-

417 5060 808 5127 ωτιὶᾶ
836 5064 1213 5122 solummodo
1235 5060 1450 5118 diebus
1479 5064 1791 5116 constante
1814 5061 2073 5127 Quadra-

410 5157 638 5232 gesima
655 5154 954 5225 utebatur,
985 5156 1072 5211 uti
1105 5152 1485 5227 probavimus
1517 5156 1783 5207 extrema
1812 5152 1886 5207 ad
1909 5157 2074 5210 cate-

413 5246 642 5305 chesim
669 5245 908 5301 tertiam
932 5250 1094 5301 nota.
1128 5245 1331 5300 Totam
1353 5240 1879 5315 Quadragesimam
1900 5260 2072 5301 occu-

414 5340 636 5413 parunt
658 5333 864 5392 decem
886 5338 1089 5391 etocto
1111 5333 1475 5391 catecheses.
1495 5331 1719 5398 Quibus
1742 5337 1940 5389 autem
1954 5334 2074 5391 die-

416 5427 529 5482 bus
560 5423 808 5497 singulaa
832 5423 1232 5496 pronuntiata
1259 5423 1399 5489 sint,
1431 5420 1572 5478 licet
1599 5422 1879 5478 nonnihil
1910 5440 1980 5480 ea
1999 5423 2071 5479 de

416 5532 484 5574 re
515 5516 579 5571 in
609 5514 940 5570 monitione
971 5513 1187 5585 cuique
1216 5512 1461 5584 praeﬁxa
1491 5510 1837 5579 dixerimus,
1870 5513 2073 5571 omnia

418 5613 620 5664 tamen
646 5603 765 5672 hic,
801 5603 964 5659 novis
991 5608 1167 5659 aucta
1195 5601 1710 5659 observationibus
1737 5618 1841 5659 seu
1874 5603 2071 5676 potius

419 5693 805 5770 coniecturis,
820 5690 1187 5767 colligendaj
1197 5691 1580 5751 udicavimus.
1595 5692 2073 5753 Procatechesim

1542 332 1643 394 DE
1685 325 2271 392 CATECHESIBUS
2315 323 2380 387 S.
2427 321 2768 385 CYRILLI.

3760 337 3858 399 156

2210 458 2619 515 existimamus
2650 457 2842 529 prima
2869 471 3050 530 quam
3079 474 3381 518 vocamus
3413 462 3861 542 Quadragesimaa

2211 548 2519 606 Dominica
2550 548 3028 621 pronuntiatam;
3058 550 3228 622 quod
3275 555 3477 610 suasit
3518 554 3624 614 illa
3660 562 3861 631 species

2211 648 2397 699 castus
2428 641 2815 697 ecclesiastici
2836 640 3135 715 descripta
3174 660 3357 700 num.
3394 649 3452 715 4,
3486 665 3619 720 quas
3648 655 3863 711 nonnisi

2210 732 2418 805 synaxi
2451 730 2661 803 majori
2689 732 3006 787 convenire
3026 732 3329 789 videatur.
3359 738 3584 794 Praeter
3611 739 3755 797 hanc
3780 760 3864 799 au-

2209 827 2351 890 tem,
2374 821 2604 877 nullam
2629 821 2938 877 Dominica
2960 821 3057 877 die
3078 821 3364 880 habitam
3383 842 3721 886 censemus:
3746 833 3864 888 nul-

2208 910 2333 966 lum
2365 915 2523 965 certe
2550 910 2729 982 hujus
2760 910 2845 966 rei
2876 915 3069 966 exstat
3095 913 3457 987 vestigium.
3492 918 3708 976 Contra
3734 928 3863 978 cate-

2208 1001 2416 1057 cheses
2449 999 2531 1055 ita
2547 999 3454 1076 Cyrillusvideturdistinguere
3490 1023 3526 1062 a
3548 1010 3860 1081 synaxibus,

2207 1096 2274 1146 ut
2302 1090 2564 1145 diversas
2584 1106 2827 1162 prorsus
2860 1090 3144 1161 actiones;
3170 1109 3246 1148 ac
3272 1094 3557 1152 studium
3588 1097 3861 1172 baptizan-

2208 1180 2300 1236 dis
2328 1186 2718 1251 utrarumque
2748 1197 2948 1235 rerum
2978 1183 3400 1253 commendat,
3442 1192 3558 1242 cat.
3598 1192 3646 1257 l,
3677 1206 3733 1244 n.
3762 1194 3789 1245 5
3814 1196 3862 1247 et

2207 1274 2261 1339 6,
2295 1276 2354 1326 et
2380 1275 2605 1342 procat.
2637 1270 2941 1326 Catechesi
2975 1270 3214 1329 decima
3244 1280 3477 1345 quarta
3506 1294 3674 1334 num.
3704 1281 3862 1347 2t,ait

2208 1378 2270 1419 se
2298 1360 2359 1416 in
2390 1359 2637 1416 homilia
2667 1360 2991 1416 Dominica)
3022 1360 3161 1431 diei,
3196 1380 3349 1420 cum
3382 1373 3636 1439 propter
3681 1385 3860 1428 omnes

2207 1450 2452 1518 diceret,
2487 1450 2807 1521 specialius
2829 1454 3027 1507 tamen
3054 1451 3129 1507 ad
3150 1450 3667 1525 baptizandorum
3689 1461 3860 1531 profe-
3953 1468 3955 1487 ‘

2207 1545 2368 1596 ctum
2400 1544 2459 1594 et
2490 1538 2972 1607 instructionem,
3004 1542 3357 1599 orationem
3393 1560 3570 1602 suam
3615 1563 3858 1605 accomo-
3950 1560 3956 1596 1

2207 1630 2457 1686 davisse.
2481 1627 2647 1697 Quod
2670 1627 2742 1684 de
2774 1628 2884 1685 hac
2907 1630 3423 1700 Dominica,idem
3449 1634 3526 1691 de
3555 1639 3781 1695 ceteris
3797 1638 3862 1695 di-
3954 1654 3955 1685 1

2208 1719 2465 1776 cendum
2495 1735 2651 1787 reor;
2676 1719 2736 1774 in
2768 1718 2985 1791 quibus
3016 1737 3137 1776 non
3164 1722 3356 1778 aliter
3385 1742 3499 1796 pro
3523 1725 3857 1801 baptizandis

2205 1809 2449 1878 diceret,
2484 1826 2663 1881 quam
2695 1809 2951 1865 orationi
2978 1827 3048 1867 ea
3072 1811 3586 1886 intermiscendo,
3611 1817 3856 1888 quasillis
3954 1864 3955 1869 η

2206 1899 2379 1954 utilia
2406 1898 2533 1954 fore
2562 1899 2985 1972 prospiciebat.
3045 1900 3272 1958 Eadem
3327 1903 3408 1960 de
3455 1922 3639 1963 causa
3662 1906 3858 1964 nullam
3954 1930 3955 1945 ι

2207 2006 2443 2061 quoque
2476 1988 2749 2046 Sabbatis
2782 1988 3002 2046 dictam
3032 1992 3411 2051 catechesim
3438 2001 3609 2068 puto,
3641 2013 3763 2053 cum
3784 1996 3856 2052 his

2207 2078 2417 2134 diebus
2440 2078 2742 2150 jejunium
2775 2078 3121 2148 solveretur,
3155 2082 3699 2159 celebrareturque
3722 2086 3857 2141 litur-
3950 2112 3956 2148 1

2203 2170 2319 2238 pia.
2352 2168 2689 2224 Catechesis
2724 2171 2787 2222 18
2819 2169 3071 2226 Sabbato
3099 2179 3313 2229 sancto
3358 2174 3570 2232 habita
3617 2182 3720 2245 est,
3769 2173 3851 2231 sed

2207 2275 2393 2314 unum
2424 2258 2573 2314 illud
2606 2263 2727 2313 toto
2759 2275 2917 2315 anno
2947 2260 3274 2318 Sabbatum
3302 2264 3736 2337 jejunabatur;
3764 2280 3853 2320 nec
3953 2296 3955 2331 τ

2203 2348 2329 2405 ulla
2352 2354 2435 2404 est
2462 2348 2523 2404 in
2542 2349 2772 2404 caeteris
2794 2349 3206 2407 catechesibus
3220 2359 3526 2427 nota,qua
3538 2354 3718 2412 ullam
3735 2353 3848 2410 Sab-
3950 2404 3955 2423 λ

2206 2442 2341 2498 bato
2374 2441 2820 2515 pronuntiatam
2869 2441 3068 2516 colligi
3101 2446 3320 2516 possit.
3372 2448 3723 2505 Catecheses
3750 2445 3848 2516 pri-
3954 2466 3955 2513 θ

2206 2551 2386 2603 mam,
2419 2533 2765 2601 secundam,
2790 2534 3042 2602 tertism,
3075 2541 3135 2590 et
3154 2543 3444 2607 quartam
3469 2539 3532 2596 in
3553 2539 3741 2613 priore
3759 2538 3841 2593 he-
3948 2570 3956 2607 π

2204 2624 2500 2681 bdomada
2517 2625 2818 2696 ponimus,
2853 2627 3136 2697 quoniam
3170 2627 3232 2682 in
3270 2634 3498 2701 quarta
3517 2646 3683 2685 num.
3705 2627 3841 2697 3,in-

2202 2720 2293 2772 ter
2314 2715 2467 2771 hanc
2490 2715 2847 2771 catechesim
2866 2715 3311 2788 etbaptismum
3329 2718 3843 2787 auditorum,inter-
3952 2762 3955 2791 τ

2199 2821 2501 2869 cessurum,
2555 2805 2658 2872 ait,
2718 2803 2889 2860 totius
2942 2806 3411 2878 Quadragesimae
3481 2808 3840 2866 intervallum.
3946 2848 3955 2882 Ἰ

2201 2894 2419 2961 Quinta
2454 2893 2632 2949 etiam
2665 2894 2993 2950 catechesis
3020 2895 3081 2951 in
3105 2896 3324 2953 eadem
3358 2897 3727 2955 hebdomada
3744 2895 3840 2952 for-
3943 2940 3955 2971 ,λ

2202 2985 2378 3042 tassis
2408 2984 2992 3058 comprehendenda.
3027 2985 3390 3045 Catecheses
3425 2987 3840 3062 sexta,septima
3938 3028 3955 3059 ε

2202 3080 2261 3132 et
2290 3081 2512 3143 octava,
2547 3073 3056 3146 consequentibus
3088 3075 3307 3134 diebus
3339 3079 3765 3152 pronuntiata);
3794 3077 3839 3128 et
3938 3118 3955 3143 η

2200 3170 2637 3238 consequenter
2667 3164 2970 3232 secundae,
3000 3165 3092 3222 vel
3140 3168 3340 3225 tertias
3391 3166 3834 3240 Quadragesimaa
3952 3212 3955 3247 λ

2198 3253 2558 3313 hebdomadi
2588 3254 2981 3326 assignandze.
3035 3257 3246 3311 Notam
3304 3259 3547 3316 nullam
3581 3256 3835 3313 habemus
3942 3326 3949 3333 δ

2203 3345 2345 3415 diei,
2378 3345 2479 3417 qui
2498 3344 2794 3400 catechesi
2824 3361 3000 3400 nona:
3032 3345 3462 3405 attribuendus
3496 3349 3590 3405 sit.
3624 3350 3699 3402 Ea
3712 3344 3832 3399 forte

2197 3434 2326 3491 sola
2356 3434 2542 3491 tertias
2573 3433 2934 3490 hebdomadi
2965 3434 3399 3507 adjudicanda.
3458 3438 3571 3495 Sed
3614 3434 3832 3497 decima,

2196 3524 2516 3581 undecima
2544 3529 2603 3580 et
2615 3523 2966 3580 duodecima
2979 3525 3190 3581 tribuis
3204 3529 3521 3586 continuis
3537 3527 3733 3584 diebus
3751 3520 3831 3578 de-

2196 3614 2507 3681 clamatse;
2566 3619 2743 3687 atque
2785 3613 3008 3670 idcirco
3042 3615 3104 3671 in
3162 3619 3411 3675 tertiam
3442 3618 3535 3675 vel
3592 3616 3832 3689 quartam

2195 3703 2671 3778 Quadragesimaa
2694 3702 3131 3761 hebdomadam
3147 3707 3556 3767 conferendas.
3580 3708 3730 3761 Inter
3750 3699 3834 3755 de-

2194 3794 2654 3851 cimamtertiam
2672 3798 2731 3848 et
2751 3795 3329 3865 quartamdecimam
3353 3796 3707 3855 catechesim
3727 3789 3833 3846 dies
3934 3844 3955 3877 υ

2194 3884 2427 3956 aliquot
2447 3886 2860 3952 intercessere,
2893 3901 2965 3942 ex
2997 3886 3224 3943 catech.
3261 3888 3354 3959 14,
3401 3906 3567 3945 num.
3594 3890 3641 3942 1.
3689 3885 3831 3939 Cate-

2194 3974 2390 4031 chesis
2420 3971 2676 4044 [CXXIV]
2732 3974 3144 4033 tertiadecima
3187 3977 3345 4036 forte
3374 3996 3499 4036 una
3543 3992 3647 4053 per
3672 3976 3831 4029 totam
3936 4026 3939 4033 .

2194 4063 2630 4122 hebdomadam
2654 4065 2926 4138 quintam
2955 4066 3131 4124 dicta.
3155 4068 3533 4126 Catechesim
3559 4068 3825 4139 quartam-

2194 4152 2487 4211 decimam
2505 4171 2637 4227 quaa
2649 4156 2936 4229 postridie
2952 4157 3273 4215 Dominica)
3287 4158 3496 4216 habita
3509 4162 3598 4215 est
3609 4153 3827 4211 ineunte

2180 4254 2396 4311 mense
2421 4246 3588 4322 Xanthicorpmn-Maaqninoctium
3610 4252 3825 4301 vernum

2186 4344 2420 4407 diebus,
2436 4340 2601 4396 feria;
2617 4339 2896 4395 secundae
2914 4338 3159 4412 majoris
3170 4338 3566 4396 hebdomadas
3587 4333 3823 4405 assigna-

2185 4449 2341 4499 mus,
2402 4428 2707 4503 sequendo
2740 4428 3125 4486 constitutam
3167 4446 3202 4486 a
3230 4429 3431 4501 nobis,
3486 4432 3554 4485 ut
3580 4421 3821 4513 omnium

2186 4521 2443 4580 maxime
2500 4517 2893 4592 probabilem,
2934 4519 3325 4577 catecheseon
3383 4517 3669 4594 epocham
3696 4521 3818 4567 ann!

2184 4613 2308 4668 348.
2342 4612 2423 4666 Ac
2453 4612 2891 4681 consequenter
2912 4607 3121 4665 eadem
3144 4608 3524 4667 hebdomade
3550 4594 3818 4680 ponenda

2183 4705 2324 4759 sunt
2354 4705 2673 4772 sequentes
2694 4715 2924 4767 omnes,
2947 4715 3137 4771 usque
3158 4697 3233 4756 ad
3262 4699 3557 4757 decimam
3577 4696 3817 4751 octavam

2182 4809 2315 4864 quae
2347 4790 2598 4848 Sabbato
2631 4794 2836 4846 sancto
2869 4788 3028 4846 dicta
3058 4794 3149 4846 est
3177 4790 3530 4846 certissime.
3562 4780 3724 4843 Nulla
3739 4775 3818 4831 est

2182 4897 2299 4953 quo
2327 4879 2421 4936 die
2453 4879 2782 4937 catechesis
2818 4879 3029 4952 quinta
3059 4878 3294 4938 decima
3324 4885 3384 4936 et
3414 4881 3577 4936 sexta
3603 4868 3812 4929 decima

2182 4969 2355 5027 dictas
2383 4968 2504 5025 sint
2527 4975 2688 5026 nota.
2721 4968 2982 5041 Septima
2997 4968 3233 5027 decima
3250 4969 3458 5042 paucis
3471 4965 3672 5022 diebus
3690 4958 3810 5050 aut?
3946 5028 3951 5031 ,

2180 5060 2399 5117 festum
2456 5059 2761 5116 Paschatis
2792 5057 3015 5128 habita,
3047 5075 3212 5115 num.
3245 5063 3313 5115 20
3371 5064 3430 5116 et
3455 5058 3538 5113 34.
3582 5045 3736 5119 Quod
3760 5045 3807 5143 .Si
3946 5106 3956 5143 Δ

2182 5151 2276 5207 cui
2310 5149 2587 5223 displicet
2616 5154 2703 5205 tot
2727 5149 3069 5207 catecheses
3089 5166 3211 5208 una
3230 5149 3444 5223 majori
3462 5131 3810 5238 hebdomadfl

2180 5246 2509 5315 peroratas,
2532 5240 2594 5295 in
2613 5256 2839 5297 annum
2860 5240 2964 5295 347
2997 5257 3099 5297 eas
3118 5240 3385 5297 conferat
3413 5254 3518 5311 per
3545 5247 3638 5291 me
3666 5224 3807 5288 licet.

2182 5336 2241 5388 et
2261 5332 2323 5387 in
2342 5336 2639 5388 extremas
2680 5329 3157 5403 Quadragesimaa
3170 5326 3590 5394 hebdomadas,
3621 5325 3807 5412 omnes
3950 5374 3955 5410 1

2181 5439 2216 5479 a
2229 5427 2441 5494 quarta
2452 5420 2684 5477 decima
2696 5421 2771 5477 ad
2785 5425 3053 5478 octavam
3067 5421 3359 5478 decimam
3372 5416 3696 5476 catecheses
3708 5403 3809 5503 (1115'
3946 5462 3955 5497 τ

2180 5512 2423 5568 tribuat.
2476 5510 2640 5577 Quod
2671 5510 2745 5568 ad
2772 5512 3206 5585 mystagogicas
3255 5511 3483 5578 attinet,
3533 5512 3725 5598 omnes
3752 5503 3806 5598 tn
3950 5553 3955 5587 1

2181 5598 2454 5660 Paschali
2486 5600 2854 5660 hebdomade
2889 5602 3291 5676 pronuntiata
3325 5605 3483 5667 sunt,
3506 5614 3536 5652 ει
3569 5594 3701 5648 feria
3720 5595 3802 5638 se-
3950 5644 3955 5678 1

2179 5693 2376 5753 cunda
2396 5692 2740 5766 adsertam,
2768 5709 2888 5766 qua
2898 5692 2994 5751 die
3013 5693 3399 5766 pronuntiata
3418 5694 3507 5758 est
3522 5683 3803 5771 Ροειΐθφθξ
3950 5736 3955 5773 η

3950 4750 3956 4784 l
