2026 3181
84 156 152 187 157

810 157 1070 190 DISSERTATIO
1091 158 1134 190 ΙΙ.

1772 165 1830 195 158

123 223 172 250 33.
189 222 259 250 Iam
277 222 398 258 quibus
414 223 498 251 horis
521 223 690 252 catecheses
706 223 815 252 dixerit
829 226 943 258 auctor,
959 225 987 259 Α
1001 224 1176 261 dimitteret,
1193 229 1249 255 cat.
1267 229 1309 261 16,
1324 237 1407 257 nuru.
1424 230 1450 256 4.
1462 229 1519 258 Sed
1534 230 1610 258 illud
1626 231 1780 266 quaeritur,
1796 232 1827 260 in

84 267 303 304 indagandum
311 269 530 305 mystagogicas
536 271 603 305 post
610 269 743 305 synaxim
749 269 857 297 habitae
864 269 944 297 circa

88 312 262 347 meridiem,
282 315 346 341 cat.
366 314 412 348 18,
426 322 510 341 num.
525 314 568 341 33.
581 315 602 341 E
614 314 816 342 catechesibus
830 313 942 341 illumi-

92 358 272 392 nandorum,
286 358 419 386 decima
430 360 533 387 octava
542 359 695 387 matutinis
702 359 783 387 horis
791 359 844 387 sub
852 359 943 386 ﬁnem

97 411 184 431 sacra:
194 403 306 439 vigilias
319 406 483 439 peroratu.
496 404 723 432 Procatechesin
735 404 782 432 die
789 404 944 432 Dominica

97 449 126 476 in
142 448 237 475 media
249 448 386 485 litnrgia
396 449 510 477 dictam
525 452 663 485 putamus
677 452 815 477 :caateras
823 458 888 485 quas
899 449 943 477 fe-

95 493 213 521 rialibus
230 493 350 521 diebus
364 494 478 521 habitas
495 497 565 522 sunt
579 494 633 522 sub
649 503 812 531 vesperam.
831 495 941 527 Quam-

92 547 176 576 quam
191 541 304 567 autem
318 539 353 567 in
369 540 606 576 Quadragesima
619 541 778 568 conciones
788 540 940 568 interdum

91 584 221 621 quotidie
238 584 327 618 duas,
340 585 446 613 altera
460 585 712 620 matutinishoris,
725 585 818 614 altera
831 585 940 613 subve-

89 637 204 666 speram
216 629 434 665 haberentur;
451 633 484 658 ut
494 638 529 658 ex
545 630 675 658 homiliis
690 630 791 658 Basilii
801 632 831 658 in
851 631 940 658 Hexa-

88 680 206 708 emeron,
220 677 252 702 et
261 676 437 703 nonnullis
444 675 471 702 S.
481 676 680 712 Chrysostomi
692 678 783 712 patet:
796 678 940 704 consueta

92 719 228 748 omnibus
234 719 304 748 fere
313 720 398 749 locis
404 720 550 748 habendas
557 721 675 757 synaxis
682 721 756 750 hora
764 723 853 749 erata
859 729 940 748 nona

96 765 132 793 ad
138 769 426 801 vesperam,seu,ut
436 774 594 794 numerare
606 765 768 800 solemur,a
778 766 940 803 tertiapost

99 810 249 838 meridiem
266 811 361 838 hora.
381 811 566 847 Epiphanius
585 811 684 847 Expos.
701 811 776 847 ﬁdei,
796 819 880 839 num.
892 813 937 846 22,

98 856 145 889 ait,
159 863 292 892 synaxes
310 856 593 893 quadragesimales
608 856 643 884 ab
659 856 733 884 hora
747 865 827 885 nona
842 856 879 884 ad
887 865 937 883 ve-

99 910 209 938 speram
224 910 332 949 usque
350 901 499 949 celebrari
514 902 625 949 solitas.
639 902 796 949 Palestina:
808 910 842 930 ac
850 903 937 939 Cypri
955 916 977 949 Β

101 947 338 975 consuetudines
355 947 939 983 exprimebatJoaunemChrysostonum

103 992 260 1020 Antiochiae
269 992 549 1029 inQnadragesima
559 993 861 1029 pomeridianishoris
868 1001 937 1020 con-

107 1038 208 1065 cionari
222 1038 358 1066 solitum
374 1038 503 1074 probant
517 1038 581 1074 ejus
595 1038 726 1066 homiliae
742 1038 778 1066 ad
794 1038 938 1074 populum

109 1083 324 1111 Antiochenum
342 1092 423 1111 nona
439 1086 468 1111 et
481 1083 615 1116 decima;
641 1092 766 1119 quarum
790 1084 875 1111 initio
890 1092 937 1112 va-

107 1136 172 1155 nam
186 1136 290 1156 eorum
307 1128 555 1164 superrtitionem
572 1128 658 1161 tollit,
675 1128 726 1164 qui
738 1137 805 1156 cum
822 1137 937 1165 praepe—

104 1173 201 1201 diente
212 1173 393 1201 inﬁmitate
400 1181 460 1201 non
463 1173 474 1209 j
480 1173 751 1209 ejunarent,pransi
759 1173 795 1200 ad
802 1173 936 1208 synaxim

108 1221 137 1246 et
151 1218 335 1246 audiendum
352 1218 404 1246 Dei
420 1218 541 1246 verbum
564 1218 704 1246 accedere
724 1218 935 1246 formidabant.

110 1263 193 1290 idem
205 1266 303 1290 tamen
313 1263 441 1290 homilia
456 1263 492 1290 de
505 1262 623 1290 diabolo
639 1265 797 1297 tentatore,
813 1271 896 1296 num,
911 1265 936 1298 i,

110 1317 177 1336 nov.
202 1309 270 1336 edit.
294 1311 367 1337 tom.
382 1310 416 1336 II.
433 1317 498 1345 pag.
524 1310 586 1342 261,
603 1308 741 1337 meminit
756 1309 905 1337 sermonis
920 1317 938 1337 a

105 1363 138 1382 se
152 1358 221 1383 ante
236 1355 313 1383 duos
329 1354 395 1382 dies
411 1355 565 1383 matutinis
581 1354 661 1382 horis
677 1354 770 1382 habiti
786 1355 823 1382 ad
840 1354 936 1390 bapti-

98 1400 261 1434 zandos,de
273 1399 537 1428 abrenuntiatione
548 1401 577 1427 et
586 1399 722 1436 pactione
732 1408 800 1427 cum
808 1399 935 1427 Christo.

95 1445 145 1474 Ὃν
163 1445 209 1472 κιί
226 1443 316 1477 ἕωθεν
332 1445 402 1482 πρὸς
415 1443 478 1475 τοὺς
510 1443 793 1482 μυσταγωγουμὲνους
823 1443 935 1481 εἴπαμεν

96 1489 138 1517 ὅτι
166 1490 232 1526 περὶ
269 1490 415 1526 ἀποταγῆς
444 1488 489 1517 καὶ
518 1492 650 1527 συνταγῆς
683 1487 864 1526 διελεγόμεθα
892 1488 937 1517 αὐ-

96 1537 162 1566 τοῖς.
181 1537 216 1564 In
235 1535 346 1563 eodem
363 1543 498 1563 sermone
514 1535 660 1571 superius,
674 1543 705 1562 se
717 1535 780 1571 jam
804 1535 935 1563 secundo

96 1581 201 1609 eadem
218 1581 270 1608 die
295 1580 461 1608 orationem
485 1579 595 1607 habere
618 1582 841 1614 commemorat,
867 1588 935 1608 cum

998 270 1102 306 ipsane
1117 272 1355 301 Hesurrectionis
1370 274 1499 302 ecclesia
1514 277 1542 302 et
1555 275 1633 308 navi,
1650 284 1688 304 an
1713 276 1750 307 in,
1760 285 1829 312 por-

998 315 1059 343 ticu
1071 316 1217 352 ejusdem.
1236 318 1477 353 quodnonnullis
1492 319 1619 355 placuit,
1627 321 1782 357 autpotius
1796 322 1826 349 in

998 358 1165 395 baptisterii
1179 362 1327 390 vestihulo
1339 363 1425 391 dictm
1437 364 1497 391 sint
1507 365 1761 393 catecheses.Tota
1777 375 1827 394 eo-

998 413 1076 438 rum,
1093 406 1144 442 qui
1159 406 1191 434 in
1205 407 1322 443 porticu
1333 408 1426 436 dictas
1437 411 1688 443 autumant,ratio
1698 411 1827 447 estquod

997 451 1219 480 catechumenis
1235 453 1267 480 in
1283 453 1440 482 ecclesiam
1456 455 1572 491 ingredi
1583 463 1643 483 non
1669 456 1756 490 licet;
1769 465 1827 492 qua

995 503 1027 522 re
1043 496 1144 524 nescio
1160 505 1197 525 an
1214 498 1378 534 quidquam
1395 499 1453 527 dici
1470 501 1565 536 possit
1586 501 1732 534 inscitius.
1754 502 1825 529 Nam

995 541 1145 574 omnibus,
1154 543 1244 571 etiam
1250 544 1421 580 gentilibus,
1434 545 1543 573 licebat
1553 546 1583 573 in
1593 546 1825 574 ecclesiasacras

994 586 1139 615 lectiones
1151 591 1180 616 et
1190 589 1350 617 conciones
1360 590 1463 618 audire
1478 599 1484 617 :
1498 593 1614 618 tantum
1622 599 1639 619 a
1648 592 1741 619 missa
1750 591 1824 619 tide-

994 631 1068 659 lium
1084 633 1327 662 excludebantur.
1344 635 1375 662 Id
1391 635 1558 664 innumeris
1574 639 1726 664 auctorem
1752 636 1825 665 locis

994 677 1113 713 probari
1129 682 1240 714 posset,
1257 680 1309 707 sed
1325 689 1418 708 unum
1434 680 1548 708 adduco
1565 690 1601 708 ex
1615 682 1724 717 Cyrillo
1741 682 1822 709 testi-

994 723 1129 751 monium
1142 727 1255 760 procat.
1271 733 1355 753 num.
1370 726 1396 759 4,
1413 726 1444 753 in
1460 735 1529 761 quo,
1547 726 1571 753 si
1585 726 1732 762 quisforte
1746 726 1825 755 mala

995 767 1147 796 voluntate
1159 768 1291 797 dedisset
1302 769 1339 797 ad
1350 770 1531 806 baptismum
1543 779 1665 805 nomen,
1676 771 1822 807 hortatur,

994 815 1028 840 ut
1040 821 1076 840 ex
1090 817 1250 850 conspecto
1264 818 1354 843 castus
1370 816 1563 844 ecclesiastici
1577 816 1682 844 ordine
1698 819 1726 844 et
1741 825 1823 844 com-

993 858 1153 894 positione,
1170 860 1374 888 assistentium
1387 861 1544 894 modestia,
1558 861 1722 890 lectionum
1738 864 1767 889 et
1777 870 1825 889 sa-

993 912 1111 932 crarum
1129 906 1364 941 prmceptionum
1386 906 1524 935 ordinata
1547 907 1635 941 serie,
1657 907 1825 936 reverentia

994 951 1090 977 tactus
1105 950 1261 978 meliorem
1277 951 1412 979 animum
1428 954 1536 980 sumat.
1553 952 1740 987 Captizandis
1755 960 1823 989 ergo

993 994 1091 1022 aditus
1105 995 1231 1023 dabatur
1244 995 1282 1023 ad
1296 996 1523 1032 conspiciendas
1534 1005 1670 1032 synaxes.
1684 998 1768 1025 Num.
1792 999 1823 1025 l5

993 1039 1127 1076 ejusdem
1148 1040 1189 1067 ait
1206 1040 1327 1069 clausam
1350 1048 1405 1069 esse
1418 1041 1570 1076 ecclesiam,
1596 1051 1706 1077 eosque
1730 1050 1823 1071 omnes

993 1085 1078 1112 intus.
1095 1085 1163 1113 Haec
1172 1086 1301 1121 porttcui
1314 1086 1427 1121 patenti
1442 1089 1471 1114 et
1481 1089 1591 1122 aperta:
1607 1095 1728 1122 prorsus
1739 1096 1825 1123 repu-

992 1132 1095 1166 gnant.
1112 1130 1299 1158 Probabilior
1312 1131 1387 1159 forte
1404 1131 1550 1159 videbitur
1565 1131 1658 1160 altera
1674 1132 1710 1159 de
1734 1132 1821 1160 vesti-

992 1175 1063 1203 bulo
1078 1175 1246 1211 baptisterii
1262 1177 1420 1204 sententia.
1438 1176 1572 1213 Cyrillus:
1582 1177 1617 1204 ab
1634 1177 1697 1214 ipso
1716 1186 1822 1213 proca-

992 1221 1121 1248 techesis
1132 1220 1319 1254 initio,num.
1333 1222 1358 1255 1,
1370 1222 1432 1250 haec
1448 1222 1547 1249 habet:
1563 1224 1628 1250 Jam
1642 1222 1718 1250 circa
1743 1224 1821 1251 vesti-

992 1266 1086 1293 bulum
1108 1267 1193 1301 regia:
1220 1267 1400 1294 conslitistis:
1427 1267 1505 1303 quod
1530 1276 1566 1295 ex
1588 1267 1653 1295 loco
1679 1268 1821 1303 parallelo

992 1313 1048 1338 cat.
1067 1312 1110 1343 19,
1125 1319 1209 1338 num.
1226 1312 1253 1345 2,
1270 1311 1306 1339 de
1322 1312 1466 1339 vestibulo
1476 1312 1821 1349 baptisteriiintelligen-

993 1354 1075 1382 dum.
1088 1356 1245 1391 Przeterea,
1262 1364 1327 1384 mos
1342 1356 1393 1384 ille
1409 1356 1440 1384 in
1451 1356 1587 1392 pluribus
1595 1357 1736 1385 Ecclesiis
1747 1360 1821 1390 erat,

992 1402 1095 1427 utnon
1108 1400 1139 1427 in
1150 1400 1287 1435 ecclesia,
1297 1401 1348 1429 sed
1357 1402 1387 1429 in
1398 1401 1584 1437 baptisteria,
1592 1404 1642 1430 aut
1653 1403 1719 1438 ejus
1728 1403 1821 1430 vesti-

991 1444 1062 1473 bulo
1075 1445 1243 1482 symbolum
1255 1446 1431 1475 traderetur.
1444 1447 1485 1474 De
1496 1447 1709 1478 Mediolanensi
1720 1447 1821 1475 Ambr.

992 1489 1078 1526 epist.
1092 1492 1137 1522 20,
1167 1499 1248 1518 num.
1277 1492 1304 1525 4,
1320 1492 1383 1519 Post
1407 1491 1544 1520 lectiones.
1563 1496 1644 1528 atque
1660 1494 1822 1527 tractatum,

990 1536 1112 1563 dimissis
1135 1536 1349 1570 catechumenix,
1366 1536 1524 1573 symbolum
1549 1537 1690 1572 aliquibus
1718 1545 1822 1573 compe-

993 1581 1114 1609 tentibus
1127 1581 1155 1608 in
1173 1581 1343 1617 baptisteriis
1357 1581 1498 1609 tradeham
1514 1581 1644 1610 basilicae.
1663 1582 1702 1609 De
1719 1582 1822 1610 Orien-

96 1606 183 1654 etiain
196 1625 364 1654 matutinis
372 1624 452 1652 horis
462 1624 662 1658 disseruisset,
674 1606 847 1652 Eratautem
859 1626 935 1658 Qua-
950 1606 975 1641 α
993 1625 1103 1654 talibus
1112 1606 1291 1663 quibusdam
1302 1627 1476 1655 Anastasius
1483 1627 1595 1655 Sinaita
1602 1627 1824 1663 Anagogiearum

94 1672 280 1709 dragesima.
299 1673 338 1698 At
351 1670 498 1699 nonnulla
513 1671 543 1698 in
550 1670 755 1699 catecbesibus
766 1671 937 1707 Cyrillianis

96 1717 239 1746 serotinaa
249 1718 334 1744 horae
346 1718 506 1744 occurrunt
514 1716 635 1744 indicia.
651 1716 808 1743 Familiare
823 1716 880 1752 ipsi
892 1719 937 1744 est

100 1762 133 1790 de
141 1763 226 1791 horas
244 1771 280 1790 ac
299 1761 442 1797 temporis
458 1761 513 1788 sibi
531 1761 568 1789 ad
583 1760 743 1789 dicendum
753 1761 862 1797 reliqui
881 1770 934 1789 an-

99 1809 200 1844 gustiis
217 1806 380 1842 conqueri,
405 1806 448 1834 uti
473 1808 529 1834 cat.
553 1807 579 1839 5,
605 1814 635 1833 n.
660 1807 704 1839 20,
722 1808 778 1834 cat.
801 1806 844 1840 13⁷
859 1815 890 1834 u.
907 1807 934 1841 8,

101 1861 154 1888 quo
170 1853 230 1881 loci
242 1852 281 1880 ab
298 1852 364 1888 ipso
375 1851 517 1879 orationis
529 1851 650 1879 exordio
660 1854 786 1888 augusto
800 1853 934 1888 tempore

101 1898 193 1933 premi
208 1905 243 1925 se
260 1896 356 1924 semel
371 1899 400 1924 et
414 1896 522 1924 iterum
537 1896 655 1932 repetit.
678 1897 752 1924 Item
768 1905 798 1924 [ι.
815 1898 859 1929 22,
876 1900 932 1925 cat.

135 1944 179 1977 14,
195 1951 227 1969 n.
243 1944 289 1977 27,
307 1943 363 1969 cat.
382 1942 425 1975 15,
439 1949 468 1968 n.
487 1940 589 1975 33,ubi
604 1941 845 1978 provectamjam
855 1941 934 1970 diem

101 1989 150 2022 ait,
167 1988 214 2015 διὰ
227 1988 261 2015 τὸ
276 1986 350 2014 πολὺ
363 1987 414 2019 τῆς
427 1986 543 2024 ἡμέρας,
560 1989 616 2015 cat.
634 1988 678 2021 17,
693 1995 777 2016 num.
793 1988 838 2015 20.
864 1989 933 2021 Qua:

104 2033 222 2070 quidem
235 2036 270 2061 nt
279 2032 434 2060 matutinis
446 2032 526 2059 horis
535 2032 683 2068 injejunii
698 2032 931 2069 diebusdicerot,

104 2086 192 2106 causa
205 2078 291 2106 nulla
307 2077 397 2105 fuisse
417 2077 541 2105 videtur.
564 2078 707 2104 Existimo
730 2081 796 2113 post
810 2079 932 2116 [CXXV]

105 2122 461 2158 oatecheses,subsecutas
469 2122 560 2150 fuisse
568 2122 634 2150 illas
643 2123 854 2158 Hierosolymis
861 2133 933 2152 con-

106 2170 203 2196 suetas
217 2168 256 2196 ad
271 2167 431 2203 vespertini
445 2167 568 2195 luminis
583 2168 793 2195 accensionem
818 2178 931 2204 preces,

106 2212 140 2240 de
152 2213 263 2249 quibus
279 2212 412 2241 Socrates
427 2212 478 2239 lib.
492 2221 507 2239 v
523 2212 636 2246 Πίθων-η
653 2221 717 2248 cap.
734 2215 777 2240 21.

138 2254 182 2282 34.
195 2254 235 2282 De
249 2253 315 2281 loco
326 2253 389 2289 jam
405 2253 489 2280 nulla
503 2253 648 2281 dubitatio
662 2262 725 2281 esse
736 2256 845 2290 potest,
858 2255 930 2290 quin

991 1672 1020 1700 in
1038 1670 1163 1699 Genesim
1177 1672 1441 1708 contemplationum
1458 1672 1509 1700 lib.
1525 1681 1561 1706 iv,
1579 1672 1717 1700 sacerdos
1732 1681 1777 1700 eos
1792 1674 1822 1700 in

989 1716 1143 1750 vestibulis,
1160 1716 1269 1753 inquit,
1281 1717 1417 1745 catechesi
1427 1717 1524 1746 initiat
1537 1721 1563 1745 et
1575 1719 1702 1753 insufﬂat
1711 1722 1823 1746 ventum

991 1762 1040 1797 qui
1053 1761 1178 1797 expellat
1202 1761 1348 1795 daemones,
1364 1762 1413 1798 qui
1442 1762 1570 1791 habitant
1590 1763 1619 1790 in
1643 1764 1822 1797 generatione

988 1807 1111 1843 peccati:
1122 1806 1243 1834 demum
1256 1807 1287 1835 in
1299 1807 1404 1835 eodem
1413 1810 1563 1835 conventu.
1574 1810 1655 1843 patet
1668 1808 1821 1844 llirosoly-

990 1852 1047 1879 mis
1063 1851 1227 1880 celebratos
1236 1851 1328 1879 fuisse
1335 1852 1516 1880 exorcismos
1527 1855 1556 1880 et
1568 1853 1821 1889 catecheses,pro-

989 1899 1045 1924 cat.
1062 1905 1146 1924 num.
1166 1898 1206 1924 14.
1232 1897 1305 1924 Cum
1320 1905 1388 1924 vero
1416 1897 1446 1924 in
1462 1897 1565 1924 eadem
1588 1897 1714 1925 ecclesia
1735 1898 1822 1926 abre-

988 1942 1194 1970 nuntiationes
1205 1944 1274 1969 ante
1285 1941 1466 1977 baptismum
1474 1941 1566 1970 factas
1573 1943 1727 1970 constetin
1735 1944 1822 1971 vesti-

987 1987 1059 2015 bulo
1075 1986 1239 2022 baptisterii
1263 1996 1298 2015 ex
1313 1990 1368 2015 cat.
1388 1989 1430 2022 i9,
1446 1995 1529 2015 num.
1555 1989 1581 2022 2,
1598 1987 1677 2016 idem
1702 1997 1820 2025 quoque

989 2032 1024 2059 de
1042 2033 1214 2060 exorcismis
1230 2035 1288 2059 toto
1315 2033 1552 2065 Quadi‘auesimau
1578 2036 1709 2069 tempore
1735 2034 1819 2062 factis

989 2078 1219 2105 existimandum
1228 2079 1351 2105 videtur.
1361 2078 1438 2106 Nihil
1454 2079 1555 2105 isthch
1567 2080 1736 2106 necessario
1747 2088 1820 2107 con—

988 2122 1122 2149 cludunt.
1143 2123 1234 2149 Locus
1251 2132 1285 2149 cx
1300 2124 1503 2158 procatecliesi
1518 2132 1598 2150 num.
1615 2127 1638 2157 l,
1656 2124 1817 2151 niliilaliud

987 2168 1061 2195 forte
1079 2171 1123 2195 est
1138 2172 1245 2203 praeter
1257 2169 1481 2196 translationem
1496 2178 1528 2196 ac
1541 2170 1818 2205 metaphoramqua

987 2213 1134 2247 significat
1148 2217 1251 2241 auctor
1267 2214 1456 2249 baptizandos
1468 2215 1545 2242 datis
1557 2215 1729 2242 nominibus
1742 2215 1819 2242 velut

987 2259 1017 2286 in
1034 2259 1199 2294 baptisterii
1215 2260 1393 2287 vestibulum
1411 2260 1606 2292 introductos,
1625 2269 1683 2287 uno
1702 2264 1815 2288 tantum

106 2298 134 2326 in
147 2298 385 2326 Resurrectionis
400 2297 532 2325 Ecclesia
546 2298 783 2334 pronuntiaverit
805 2299 930 2335 Cyrillus
947 2296 970 2329 D
986 2303 1077 2339 gradu
1094 2303 1129 2331 ab
1142 2304 1205 2339 ipso
1223 2304 1354 2339 [CXXVI]
1372 2305 1545 2340 baptisterio
1562 2314 1595 2332 ac
1607 2305 1753 2340 baptismo
1772 2315 1816 2334 se.

106 2351 205 2372 omnes
221 2342 402 2372 catecheses.
419 2344 578 2371 lnnumera
594 2343 683 2379 hujus
700 2344 742 2370 rei
759 2344 930 2372 testimonia

106 2388 192 2417 ﬁdem
217 2388 342 2423 faciunt,
358 2396 486 2424 quorum
511 2387 641 2424 aliquam
672 2391 786 2424 partem
805 2389 930 2425 produxi

106 2432 190 2470 hujus
213 2432 434 2462 dissertationis
459 2433 554 2468 capite
571 2434 597 2467 2,
618 2441 700 2461 num.
725 2435 740 2460 9
757 2434 810 2461 sub
827 2435 928 2462 finem.

107 2478 131 2506 Si
145 2487 213 2515 qua,
230 2480 306 2507 teste
321 2477 431 2514 Cyrillo
447 2478 522 2514 ipso,
551 2480 633 2506 extra
649 2478 805 2506 ecclesiam
822 2481 930 2508 Resur—

107 2523 240 2552 rectionis
255 2523 394 2552 habenda
413 2522 519 2550 fuisset
533 2523 707 2557 catechesis,
732 2524 797 2551 duae
820 2525 879 2552 illae
896 2534 930 2553 ex

108 2568 232 2597 omnium
242 2568 319 2597 forte
331 2567 515 2604 excipiendas
521 2567 691 2602 fuissent,in
703 2569 811 2604 quibus
821 2569 856 2597 de
865 2570 930 2605 Spi—

109 2613 159 2642 ritu
172 2616 274 2643 sancto
289 2613 461 2646 disseritur;
478 2620 561 2648 quas,
578 2615 612 2640 ut
625 2613 676 2646 ait,
692 2613 797 2641 decere
810 2615 928 2642 videba-

111 2660 158 2694 tur,
171 2659 246 2687 utin
262 2658 422 2695 superiore
435 2657 643 2694 Apostolorum
662 2659 773 2686 montis
789 2660 857 2687 Sion
882 2669 928 2688 ec-

111 2703 185 2733 clesia
202 2704 391 2737 dicerentur,
408 2710 474 2738 qua:
494 2702 620 2738 Spiritus
635 2703 728 2731 sancti
744 2704 773 2730 in
790 2704 837 2732 die
854 2706 928 2733 Pen-

110 2751 217 2780 tecostes
224 2750 380 2780 descensu
392 2751 566 2776 consecrata
575 2751 647 2777 erat.
657 2750 694 2776 At
702 2757 767 2777 eam
783 2750 929 2779 rationem

106 2796 161 2826 satis
173 2797 320 2827 idoneam
347 2793 445 2822 fuisse
469 2795 566 2830 negat,
590 2795 624 2821 ut
645 2802 728 2822 suam
750 2795 781 2823 in
804 2797 930 2825 ecclesia

101 2846 194 2877 montis
201 2843 368 2882 Golgothe
382 2839 504 2868 dicendi
514 2840 762 2870 consuetudinem
773 2846 930 2879 propterea

986 2351 1114 2384 paratos.
1131 2348 1158 2375 Si
1176 2349 1247 2384 quid
1260 2349 1420 2383 concludit,
1438 2350 1510 2376 illud
1523 2350 1676 2377 concludit
1687 2351 1723 2378 ad
1736 2359 1815 2378 sum-

985 2402 1079 2426 mum,
1096 2393 1126 2420 in
1142 2393 1320 2421 vestibulum
1332 2395 1405 2421 illud
1422 2395 1458 2422 ad
1475 2395 1816 2430 scribendajnominain-

984 2447 1101 2474 gressos
1114 2447 1198 2466 :nam
1211 2440 1241 2466 in
1252 2440 1315 2474 ipsa
1323 2440 1449 2467 ecclesia
1459 2440 1681 2475 procatechesin
1693 2440 1815 2473 dictam,

985 2484 1112 2511 adducta
1127 2484 1214 2519 paulo
1230 2487 1299 2511 ante
1319 2485 1489 2512 testimonia
1508 2484 1704 2512 certissimam
1726 2485 1816 2512 fidem

984 2529 1106 2557 faciunt.
1124 2529 1406 2557 Abrenuntiationes
1418 2529 1627 2565 hierosolymis
1638 2533 1706 2557 ante
1718 2530 1816 2566 bapti-

985 2583 1083 2602 smum
1100 2575 1130 2601 in
1148 2574 1312 2610 baptisterii
1338 2574 1482 2601 vestibulo
1505 2575 1597 2603 factas
1622 2584 1681 2603 non
1698 2576 1814 2604 dubita-

985 2628 1062 2653 mus,
1079 2622 1109 2647 at
1123 2621 1303 2647 exorcismos
1315 2619 1586 2654 quadragesimaies
1603 2621 1632 2648 in
1649 2621 1712 2657 ipsa
1724 2622 1815 2649 eccle-

985 2666 1029 2693 sia
1044 2664 1220 2698 celebratos,
1234 2665 1316 2692 testis
1327 2665 1389 2700 ipse
1406 2665 1532 2700 Cyrillus
1543 2669 1654 2701 procat.
1672 2676 1753 2694 num.
1770 2668 1812 2701 14,

985 2710 1036 2745 qui
1048 2711 1281 2738 exorcismorum
1292 2710 1713 2747 temporejubetbaptizandos
1721 2712 1812 2739 silen-

985 2756 1025 2782 tio
1042 2755 1144 2783 sedere
1161 2755 1191 2783 in
1207 2755 1333 2782 ecclesia
1349 2755 1459 2788 clausa,
1478 2756 1553 2783 viros
1570 2757 1695 2784 seorsim
1713 2767 1729 2785 ελ
1748 2766 1812 2785 mu-

984 2800 1107 2828 lieribus
1120 2810 1126 2834 ;
1145 2800 1293 2836 quomodo
1310 2800 1339 2827 in
1356 2808 1425 2828 arca
1440 2801 1541 2828 clausa.
1556 2805 1642 2829 erant
1656 2802 1811 2830 Noeetﬁlii

986 2854 1021 2874 ex
1036 2854 1096 2873 una
1111 2848 1205 2882 parte,
1218 2848 1247 2874 et
1262 2848 1457 2882 utrorumque
1473 2854 1578 2874 uxores
1593 2855 1628 2874 ex
1642 2847 1811 2876 altara.Nec
