4052 6406
367 379 484 443 1³9

1449 377 1550 438 DE
1593 373 2188 438 CATECHESIBUS
2231 373 2292 433 S.
2343 371 2676 433 CYRILLI.

3711 379 3821 441 160

364 513 688 588 peculiaris
708 513 1135 586 Hierosolymis
1166 519 1294 571 erat
1313 519 1564 582 usus,ut
1582 513 2017 583 exorcismipu-
2054 511 2098 575 Α
2136 527 2274 564 nem
2302 525 2638 563 sermonem
2671 507 2994 564 convertit:
3021 509 3304 580 quinimo
3341 510 3421 566 ab
3447 510 3584 583 ipso
3605 515 3821 571 oratio-

369 605 522 660 blice
552 605 614 660 in
645 603 901 660 ecclesia
931 603 1310 660 haberentur.
1353 604 1573 660 Eodem
1617 603 1792 659 modo
1819 603 1879 657 in
1910 604 2027 656 Ro-

369 710 549 750 mana
567 692 831 749 Ecclesia
859 693 1083 748 ﬂebant
1104 695 1412 761 scrutinia,
1435 695 1522 749 uti
1555 693 1833 749 Ecclesiae
1848 691 2028 760 hujus

370 785 562 839 varios
591 783 831 840 ordines
862 782 922 837 in
943 783 1203 855 spicienti
1236 789 1416 856 patet.
1451 784 1614 838 Idem
1649 797 1886 854 quoque
1902 796 2028 835 mos

369 873 650 930 Ecclesia
681 872 992 938 Africanae,
1045 878 1192 928 teste
1241 880 1483 929 auctore
1534 873 1669 927 libri
1703 889 1739 926 ιι
1783 873 1853 926 De
1879 887 2027 941 sym-

373 963 490 1018 bolo
516 962 586 1017 ad
607 962 1041 1029 catechumenos,
1065 979 1231 1018 num.
1256 962 1469 1034 t,apud
1493 965 1737 1033 August.
1765 965 1910 1014 tom.
1934 959 2025 1021 VI,

371 1069 504 1125 pag.
537 1053 660 1108 555.
697 1073 726 1102 «
749 1051 900 1117 Quid
925 1057 1014 1106 est
1035 1052 1194 1123 quod
1215 1051 1278 1106 in
1302 1052 1412 1107 hac
1437 1057 1610 1108 nocte
1633 1052 1789 1106 circa
1805 1067 1908 1104 vos
1931 1064 2026 1103 ac-

377 1164 398 1193 c
410 1148 534 1197 tum
549 1140 816 1197 est?utex
828 1141 974 1196 locis
987 1143 1231 1196 secretis
1245 1142 1460 1214 singuli
1476 1139 1951 1213 produceremini
1967 1139 2028 1194 in

377 1251 398 1279 α
420 1235 729 1303 :onspectu
742 1230 924 1287 totius
937 1231 1235 1298 Ecclesiae,
1253 1231 1454 1302 ibique
1469 1231 1694 1287 cervice
1713 1230 2027 1285 humiliata

372 1324 471 1378 «in
483 1321 820 1378 humilitate
835 1322 1277 1394 pedum,ci|icio
1294 1323 1682 1384 substrato.in
1698 1322 1861 1377 vobis
1876 1321 2028 1376 cele-

373 1413 684 1468 «braretur
697 1428 1005 1477 examen,»
1019 1411 1438 1483 etc.Quidquid
1453 1413 1527 1467 sit
1547 1412 1619 1467 de
1634 1411 1900 1466 Ecclesia
1915 1412 2034 1465 Me-

374 1503 709 1558 diolanensi
724 1501 1650 1574 illisqueOrientalibus,quarum
1664 1518 1838 1557 usum
1852 1500 2035 1572 respi-

375 1591 830 1658 citAuastasius,
857 1591 956 1662 qui
980 1589 1222 1662 quidem
1245 1607 1366 1645 non
1391 1597 1710 1646 consuetos
1724 1594 2031 1662 pertotum

375 1679 853 1752 Quadragesimae
904 1680 1162 1751 spatium
1204 1680 1589 1747 exorcismos,
1637 1679 1738 1735 sed
1785 1680 2032 1751 praevios

374 1770 672 1841 baptismo
704 1768 992 1824 duntaxat
1020 1769 1242 1825 referre
1275 1770 1526 1836 videtur;
1561 1774 1795 1824 constat
1817 1770 1876 1823 in
1900 1768 2032 1823 aliis

375 1859 584 1919 multis
604 1857 886 1914 Ecclesiis
909 1857 1245 1929 symbolum
1277 1859 1338 1914 in
1358 1859 1486 1931 ipsa
1513 1859 1764 1914 ecclesia
1794 1858 2030 1930 publice

379 1950 662 2006 traditum
675 1948 949 2004 fuisse.Id
963 1948 1306 2005 deRomana
1322 1955 1550 2005 certum
1565 1967 1634 2005 ex
1649 1949 1931 2004 Romanis
1946 1966 2035 2003 or-

377 2041 650 2108 dinibus;
676 2039 747 2094 de
773 2038 1075 2095 Gallicana
1097 2057 1166 2095 ex
1189 2040 1457 2113 ejusdem
1482 2039 1963 2096 sacramentariis
1981 2044 2038 2094 et

377 2129 723 2186 missalibus
771 2129 1073 2201 antiquis;
1103 2129 1176 2184 de
1227 2130 1504 2186 Africana
1533 2147 1604 2186 ex
1636 2129 1948 2203 Augustini
1982 2133 2039 2183 et

376 2220 793 2277 Africanorqu
812 2219 1191 2275 sermonibus
1209 2219 1283 2275 ad
1304 2225 1715 2292 competentes
1733 2220 1890 2274 inter
1922 2221 2036 2273 Au-

379 2310 598 2383 gustini
626 2325 803 2381 opera
838 2309 983 2364 etin
1029 2307 1462 2380 appendicibus
1517 2311 1668 2381 ejus,
1721 2309 1935 2364 editis:
1967 2307 2037 2364 de

378 2398 1038 2470 Constantinoluolitana
1069 2415 1139 2453 ex
1165 2399 1472 2455 Theodoro
1521 2399 1768 2465 lectore,
1803 2398 1944 2455 Hist.
1978 2416 2035 2470 p.

377 2491 503 2546 463.
536 2488 650 2544 Sed
676 2493 743 2544 ut
771 2487 846 2541 ιτιί
875 2489 1200 2544 Ecclesiam
1217 2489 1820 2562 Hierosolymitanam
1842 2489 2040 2545 venia-

378 2593 533 2644 mus,
567 2577 649 2632 ita
677 2576 797 2648 loql
828 2576 947 2632 itur
987 2578 1246 2633 Joannes
1275 2578 1478 2649 Cyrilli
1527 2594 1836 2634 successor
1883 2577 2040 2650 apud

383 2667 810 2738 Hieronymum
829 2667 1002 2738 epist.
1029 2669 1116 2732 38,
1142 2684 1273 2722 nov.
1297 2667 1413 2722 ed.:
1438 2690 1466 2718 α
1491 2667 1869 2724 Consuetudo
1886 2667 2043 2740 apud

385 2773 526 2812 cuos
540 2754 881 2812 istiusmodi
895 2761 1074 2824 est,ut
1089 2756 1160 2812 iis
1174 2757 1274 2828 qui
1288 2757 1620 2829 baptizandi
1637 2762 1893 2829 suntper
1907 2774 2046 2829 qua-

388 2867 410 2894 α
435 2846 710 2918 draginta
739 2845 870 2900 dics
897 2845 1136 2918 publice
1164 2847 1470 2903 tradamus
1498 2852 1766 2904 sanctam
1789 2847 2046 2903 Trinita-

381 2934 1038 3007 «temnldemlnquens
1051 2935 1122 2992 de
1145 2937 1440 2993 catechesi
1459 2954 1492 2992 a
1515 2954 1576 2993 se
1593 2937 1796 2992 habita
1816 2937 1888 2992 de
1910 2936 2044 2992 uni-

381 3026 566 3082 versis
579 3024 802 3081 nostris
815 3024 1193 3098 dogmatibus
1210 3026 1546 3098 Cyrillianaa
1560 3032 1787 3098 quartas
1811 3025 2044 3081 similli-

384 3133 502 3180 ma,
523 3116 750 3171 aiteam
767 3132 831 3170 se
861 3117 1281 3188 pronuntiasse
1297 3117 1556 3190 audiente
1576 3116 1633 3174 S.
1671 3115 1980 3186 Epiphanio
1995 3122 2047 3172 et

379 3207 644 3262 universa
667 3205 933 3273 Ecclesia,
961 3205 1217 3278 Cyrillus
1247 3206 1374 3277 ipse
1399 3223 1460 3262 se
1485 3206 1544 3260 in
1570 3204 1768 3260 media
1785 3204 2039 3260 ecclesia

2137 600 2232 654 nis
2264 598 2430 652 initio
2463 599 2575 653 tria
2607 598 2944 654 auditorum
2977 616 3196 671 genera
3226 599 3400 656 facta
3422 601 3825 662 videturcom-

2138 689 2384 762 pellare,
2416 689 2769 761 virginitatis
2801 690 3190 761 professores,
3227 691 3457 747 fideles
3495 711 3710 749 omnes
3735 695 3825 752 ba-

2139 779 2404 850 ptizatos,
2436 795 2643 832 omnes
2675 778 2889 833 deinde
2923 779 3227 835 auditores
3287 781 3424 836 Cat.
3463 784 3521 849 4,
3557 801 3618 838 n.
3654 786 3706 851 3,
3729 785 3823 842 ba-

2137 869 2382 940 ptizatos
2404 884 2647 922 exorare
2669 868 2919 930 videtur.
2942 876 3007 924 ut
3026 872 3564 928 accommodatam
3583 877 3823 933 rudibus

2140 962 2198 1013 et
2226 958 2510 1012 doctrinas
2527 964 2743 1013 nostra:
2758 960 3050 1030 imperitis
3065 962 3417 1017 orationem
3433 981 3613 1034 aequo
3630 967 3821 1022 animo

2138 1047 2401 1102 audiant.
2435 1048 2556 1102 Cat.
2592 1051 2674 1112 15,
2709 1065 2768 1103 ιι.
2809 1049 2982 1114 18,iis
3013 1051 3111 1119 qui
3144 1050 3301 1105 alios
3337 1056 3823 1122 percatechesim

2139 1155 2394 1212 genuere
2427 1137 2827 1205 commendat,
2860 1147 2925 1193 ut
2955 1140 3302 1211 spirituales
3340 1143 3508 1199 filios
3541 1145 3615 1200 de
3664 1148 3825 1202 Anti-

2139 1229 2361 1285 christo
2384 1228 2702 1300 diligenter
2734 1228 3029 1284 erudiant.
3067 1233 3190 1285 Non
3223 1231 3334 1286 alii
3371 1239 3606 1304 praeter
3644 1235 3823 1308 bapti-

2139 1323 2295 1373 zatos
2327 1317 2582 1372 aliorum
2615 1317 2832 1388 patrini
2861 1334 2872 1370 :
2906 1335 3016 1373 nec
3033 1319 3168 1374 aliis
3191 1321 3605 1390 Evangelium
3623 1325 3827 1396 praedi-

2141 1425 2274 1464 care
2308 1408 2596 1480 permittit
2627 1413 2738 1463 cat.
2773 1409 2824 1474 3,
2869 1427 2927 1463 ιι.
2967 1411 3048 1463 13.
3098 1411 3315 1468 Clausa
3366 1421 3504 1469 erat
3556 1417 3820 1484 ecclesia,

2141 1502 2364 1570 procat,
2400 1513 2458 1550 ιι.
2497 1498 2582 1561 14,
2616 1496 2960 1568 exclusique
3005 1498 3326 1570 diligenter
3382 1505 3823 1574 catechumeni,

2143 1603 2219 1642 ne
2250 1585 2390 1658 quid
2425 1585 2496 1641 de
2529 1585 2851 1658 gentilibus
2884 1587 3118 1656 dicam;
3155 1595 3267 1646 cat.
3305 1592 3367 1654 6.
3415 1610 3477 1648 n.
3516 1597 3608 1662 29,
3643 1596 3819 1651 eccle-

2142 1678 2242 1732 sise
2276 1677 2433 1732 fores
2465 1693 2596 1748 quas
2626 1677 2697 1731 ad
2731 1677 2936 1732 urbem
2972 1681 3382 1750 pertinebant,
3410 1685 3691 1740 occlusas
3711 1702 3823 1741 cer-

2140 1774 2287 1823 tum.
2321 1770 2430 1820 Eas
2463 1772 2658 1821 tamen
2694 1784 2824 1838 qua)
2852 1767 2924 1822 ad
2949 1775 3218 1825 sanctum
3254 1773 3621 1843 sequlcrum
3646 1776 3820 1847 respi-

2141 1857 2393 1921 ciebant,
2431 1873 2460 1910 e
2493 1856 2707 1927 quibus
2739 1857 2941 1930 templi
2977 1860 3188 1914 veteris
3221 1862 3449 1929 ruinas,
3484 1881 3664 1919 mons
3704 1865 3817 1921 01i-

2141 1964 2367 2012 varum,
2401 1963 2575 2001 mons
2625 1947 2962 2022 Golgothas,
3009 1965 3074 2004 ac
3117 1952 3334 2006 veteris
3395 1955 3819 2027 Hierosolymis

2142 2038 2361 2094 rudera
2400 2036 2664 2108 conspici
2716 2043 3009 2109 poterant,
3066 2045 3345 2111 patentes
3392 2037 3646 2100 relictas
3676 2060 3818 2112 esse,

2145 2127 2400 2183 suadent
2426 2126 2600 2198 plura
2644 2127 3007 2195 testimonia,
3057 2129 3114 2183 in
3149 2130 3376 2200 quibus
3412 2133 3546 2188 haec
3573 2134 3816 2205 propriis

2143 2217 2332 2273 oculis
2364 2215 2751 2287 contemplari
2777 2216 2949 2287 jubet
2977 2217 3300 2285 auditores,
3338 2227 3457 2276 cat.
3503 2224 3589 2290 l3,
3645 2240 3704 2277 n.
3735 2224 3818 2276 23.

2147 2306 2320 2370 Vides,
2345 2306 2561 2377 inquit,
2584 2305 2762 2360 locum
2793 2305 3093 2377 Golgothw.
3129 2309 3351 2365 Secuta
3386 2317 3482 2366 est
3511 2312 3807 2368 acclama-

2143 2398 2225 2452 tio
2240 2397 2579 2452 auditorum
2595 2395 3074 2452 assentientium.
3099 2399 3806 2457 Catecheticiconveutus

2145 2486 2466 2558 aliquando
2494 2487 2638 2541 satis
2669 2486 2905 2557 prolixi,
2939 2493 2998 2542 et
3027 2487 3086 2542 in
3118 2489 3379 2546 multam
3414 2491 3583 2548 diem
3623 2492 3807 2547 conti-

2144 2577 2334 2644 nuati,
2362 2581 2427 2630 ut
2455 2575 2709 2631 vidimus
2743 2593 2800 2630 ιι.
2836 2578 2922 2630 33.
2977 2577 3062 2631 Ab
3094 2578 3222 2648 ipso
3266 2581 3647 2654 quandoque
3693 2599 3813 2637 ora-

2147 2668 2329 2723 tionis
2361 2665 2603 2722 exordio
2637 2665 2844 2720 deesse
2879 2666 2990 2720 sibi
3014 2672 3251 2739 tempus
3275 2673 3684 2743 conqueritur
3709 2674 3810 2725 cat.

2150 2758 2235 2825 l3,
2270 2774 2327 2812 n.
2364 2758 2418 2824 8,
2450 2755 2607 2828 quod
2641 2772 2760 2810 non
2788 2756 2848 2810 in
2880 2756 3284 2827 prolixitatem
3310 2760 3602 2816 lectionis
3620 2760 3808 2816 refun-

2148 2848 2222 2903 do
2249 2865 2262 2914 ;
2298 2846 2401 2902 sed
2433 2847 2493 2900 in
2527 2845 2911 2913 exorcismos,
2935 2862 2970 2900 a
2999 2847 3215 2916 quibus
3237 2848 3516 2905 inchoati
3545 2849 3808 2905 videntur

2148 2937 2247 2992 isti
2280 2941 2623 2991 conventus.
2660 2937 2784 2990 Non
2818 2935 3234 2990 afﬁrmaverim
3260 2939 3445 2995 toties
3465 2940 3810 2994 dictascate-

2151 3027 2379 3094 cheses,
2412 3025 2644 3096 quoties
2677 3025 2984 3079 exorcismi
3015 3025 3320 3082 celebrati.
3358 3031 3490 3085 Imo
3524 3047 3659 3084 vero
3688 3027 3811 3100 plu-

2149 3131 2246 3170 res
2278 3121 2333 3170 et
2369 3115 2811 3170 numerosiores
2851 3116 3214 3171 exorcismos
3263 3118 3458 3175 fuisse
3510 3133 3809 3176 concesse-

2152 3208 2306 3270 rim;
2342 3205 2414 3260 de
2446 3204 2661 3276 quibus
2694 3204 2753 3259 in
2792 3204 3165 3261 Clementina
3212 3207 3371 3263 hom.
3419 3212 3475 3274 3,
3528 3226 3688 3266 num.
3725 3207 3802 3273 73,

382 3293 858 3351 Resurrectionis
887 3293 1086 3350 dicere
1118 3295 1411 3368 signiﬁcat
1449 3294 1725 3366 plurimis
1772 3294 1835 3348 in
1866 3294 2034 3365 locis,

2154 3295 2370 3352 dicitur
2400 3271 2480 3350 ad
2504 3293 2906 3365 baptizandos,
2949 3295 3068 3348 καθ’
3120 3295 3334 3370 ἡμέραν
3391 3271 3802 3373 χενιροθετεῖσθε,

381 3383 543 3440 verbi
576 3383 785 3456 gratia,
814 3388 928 3439 cat.
971 3385 1038 3438 14
1079 3401 1242 3440 num.
1279 3386 1383 3439 14ε
1419 3385 1600 3447 Huius
1638 3385 1908 3446 temporis
1933 3384 2039 3438 im-

383 3477 664 3544 peratores
691 3480 944 3528 sanc'am
972 3472 1114 3529 hanc
1143 3475 1203 3528 in
1236 3489 1345 3544 qua
1386 3489 1578 3528 sumus
1609 3472 2042 3529 Resurrectionis

382 3565 666 3620 ecclesiam
698 3572 930 3636 argento
957 3563 1242 3620 inductam
1269 3569 1326 3619 ct
1356 3581 1492 3619 auro
1513 3565 1696 3634 infuso
1725 3562 2041 3620 distinctam

381 3658 803 3723 exstruxerunt,
837 3657 948 3710 etc.
975 3670 989 3721 ;
1024 3657 1083 3709 et
1110 3670 1171 3709 n.
1204 3655 1310 3708 22:
1347 3653 1536 3709 Isthzc
1562 3655 1804 3710 ecclesia
1825 3659 2038 3712 sanctae

383 3743 594 3809 domus,
627 3746 695 3799 ab
729 3745 1060 3816 imperatore
1091 3743 1442 3799 Constantino
1467 3759 1540 3799 ex
1568 3759 1834 3815 propenso
1854 3761 2041 3800 amore

385 3833 589 3890 Christi
615 3833 910 3904 aediﬁcata,
940 3837 993 3889 et
1020 3841 1083 3888 ut
1109 3835 1290 3888 cernis
1313 3835 1394 3888 ita
1441 3838 1733 3890 exornata.
1768 3833 1933 3898 Quod
1967 3833 2041 3890 ad

385 3925 728 3980 catecheses
752 3924 1180 3997 mystagogicas
1199 3939 1323 3979 non
1344 3923 1408 3978 in
1427 3922 1556 3994 ipsa
1570 3923 2043 3980 Resurrectionis

387 4012 507 4067 sive
539 4013 770 4067 Sancte
800 4012 1003 4068 Crucis
1034 4012 1302 4080 basilica,
1336 4011 1441 4066 sed
1467 4011 1541 4067 ad
1585 4018 2042 4068 monumentum

389 4101 624 4158 Domini
655 4101 718 4156 in
749 4100 878 4172 ipso
908 4101 1105 4156 Sancti
1137 4101 1404 4171 Sepulcri
1437 4100 1678 4168 sacello,
1713 4101 1872 4171 quod
1894 4105 2044 4157 Ana-

389 4189 564 4246 stasis
593 4189 923 4258 dicebatur,
938 4188 1338 4260 pronuntiata)
1353 4193 1510 4256 sunt,
1525 4205 1598 4244 ex
1621 4194 1734 4245 cat.
1763 4191 1848 4258 18,
1875 4207 2042 4246 num.

386 4282 475 4350 33,
511 4285 570 4336 et
597 4285 712 4336 cat.
747 4281 842 4345 20,
871 4297 933 4335 ιι.
966 4281 1002 4334 4
1034 4284 1093 4334 et
1124 4283 1178 4334 7.

455 4372 544 4425 35.
575 4371 704 4425 lam
732 4373 800 4425 ut
825 4368 898 4424 de
929 4373 1053 4425 tota
1093 4369 1594 4425 catecheticorum
1643 4375 2044 4426 conventuum

382 4461 577 4515 torma
605 4458 914 4526 dicamus;
946 4458 1207 4531 primum
1239 4458 1623 4516 observamus
1645 4477 1766 4515 non
1789 4461 1947 4516 solos
1973 4461 2043 4515 il-

385 4549 461 4605 lis
488 4548 831 4604 interfuisse
855 4547 1259 4621 baptizandos,
1281 4564 1487 4604 verum
1514 4550 1693 4606 etiam
1715 4566 1925 4606 omnes
1947 4569 2046 4606 or-

2146 3386 2386 3455 singulit
2435 3383 2626 3438 diebus
2684 3401 2884 3439 manus
2941 3384 3361 3456 impositionem
3413 3390 3688 3459 suscipite.
3739 3388 3804 3439 At

2150 3475 2511 3532 exorcismos
2542 3478 2600 3527 et
2628 3474 2968 3529 catecheses
3020 3493 3175 3548 saepe
3225 3481 3592 3551 conjunctos
3634 3477 3800 3531 fuisse

2151 3565 2330 3621 fidem
2361 3563 2589 3619 faciunt
2618 3563 2824 3619 Latina
2846 3565 3152 3632 scrutinia,
3182 3572 3239 3621 et
3258 3575 3535 3624 veterum
3557 3566 3802 3623 testimo-

2151 3656 2271 3711 nia.
2305 3656 2473 3709 Certe
2506 3653 2930 3725 Hierosolymis
2976 3660 3113 3710 ante
3160 3657 3624 3727 procatechesin
3652 3671 3808 3710 exor-

2152 3746 2371 3801 cismos
2403 3748 2790 3815 susceperant
2810 3743 3134 3812 auditores,
3159 3747 3323 3816 quod
3354 3752 3593 3803 constat
3623 3763 3690 3800 ex
3709 3744 3807 3797 hu-

2147 3837 2246 3906 jus
2277 3833 2562 3888 orationis
2595 3850 2653 3888 n.
2687 3836 2739 3887 9.
2775 3835 2838 3888 In
2865 3834 3076 3889 eadem
3102 3835 3374 3894 Ecclesia
3399 3834 3804 3910 praecedebant

2155 3922 2470 3979 exorcismi
2494 3922 3015 3978 catechesimcum
3043 3940 3112 3978 ex
3133 3923 3264 3980 loco
3289 3943 3435 3981 mox
3460 3927 3662 3990 citato,
3693 3926 3806 3975 tum

2155 4030 2222 4070 ex
2248 4014 2364 4069 alio
2387 4029 2552 4068 num.
2582 4016 2666 4078 13,
2701 4013 2802 4068 ubi
2834 4014 3167 4085 prmscribit
3197 4016 3345 4087 quid
3372 4015 3712 4073 faciendum
3742 4011 3806 4064 iis

2155 4103 2252 4175 qui
2287 4109 2422 4157 ante
2455 4103 2658 4157 horam
2677 4102 3140 4158 exorcismorum
3158 4103 3576 4177 diligentiores
3592 4098 3803 4159 caeteris

2154 4192 2534 4260 accesserint,
2574 4207 2786 4262 nempe
2830 4198 2895 4246 ut
2925 4192 3158 4247 sodales
3190 4196 3568 4265 perquirant,
3594 4196 3660 4246 ut
3687 4203 3805 4244 am-

2153 4281 2374 4354 putatis
2405 4281 2610 4336 otiosis
2660 4281 3036 4335 sermonibus
3086 4287 3143 4335 et
3190 4278 3798 4352 percunctationibus,

2155 4388 2285 4443 quae
2320 4370 2393 4427 ad
2414 4370 2694 4442 pietatem
2719 4371 3022 4442 pertinent
3044 4388 3245 4427 secum
3274 4371 3621 4445 loquantur.
3649 4366 3802 4422 Alius

2153 4467 2217 4519 in
2251 4461 2620 4517 Antiochena
2648 4459 2913 4514 Ecclesia
2943 4476 3071 4514 mos
3097 4465 3242 4515 erat.
3275 4460 3618 4518 Catechesis
3645 4469 3800 4510 exor-

2219 4552 2474 4607 cismum
2488 4545 2879 4620 prmeedebat.
2897 4547 3356 4618 Chrysostomus
3376 4549 3439 4603 in
3455 4547 3647 4620 prima
3662 4540 3728 4596 ad
3746 4538 3803 4592 il-

383 4639 554 4695 dines
585 4639 882 4695 Ecclesia).
917 4639 1082 4705 Quod
1113 4656 1236 4696 non
1285 4639 1479 4696 solum
1528 4641 1600 4696 de
1630 4642 2037 4713 procatechesi
2071 4638 2118 4700 D
2149 4640 2504 4696 luminandos
2535 4637 2851 4703 catechesi,
2883 4653 3014 4691 nov.
3049 4637 3213 4702 edit.,
3238 4655 3299 4691 n.
3335 4641 3389 4705 2,
3416 4656 3473 4709 p.
3509 4637 3633 4690 227:
3658 4625 3794 4713 Μετᾷ

385 4733 619 4785 constat
646 4745 718 4784 ex
748 4745 1002 4784 numero
1034 4729 1214 4802 hujus
1245 4729 1534 4786 orationis
1565 4735 1796 4802 quarto,
1841 4731 1945 4786 sed
1985 4736 2044 4786 et

384 4817 458 4876 de
487 4819 622 4875 aliis
651 4819 1083 4875 catechesibus.
1118 4821 1316 4874 Monet
1344 4825 1550 4876 auctor
1593 4826 1819 4892 procat.
1854 4838 1916 4875 n.
1953 4822 2038 4888 13,

382 4907 518 4965 Cum
546 4909 790 4968 uiderint
817 4910 1003 4979 ﬁdeles
1032 4911 1397 4965 inservientes
1427 4908 1714 4982 [CXXVII]
1745 4918 1795 4966 et
1829 4911 2041 4967 sollici-

378 5000 572 5056 tudine
593 4999 894 5076 expeditos,
929 5014 1005 5055 ne
1033 5014 1241 5056 eorum
1278 4999 1659 5055 securitatem
1685 4999 2037 5067 imitentur;

379 5105 514 5147 cum
538 5090 626 5146 illi
653 5092 903 5164 gratiam
927 5091 1286 5162 acceperint,
1302 5090 1416 5162 ipsi
1439 5097 1640 5150 autem
1663 5091 1858 5147 adhuc
1875 5091 1937 5146 in
1949 5091 2039 5146 bi-

378 5180 551 5236 lance
571 5181 735 5236 dubii
749 5183 1100 5237 consistant.
1116 5185 1298 5239 Erant
1315 5182 1494 5254 igitur
1515 5181 1725 5238 ﬁdeles
1739 5182 2035 5254 baptizati,

387 5272 754 5341 exorcismis,
787 5273 1166 5341 lectionibus,
1199 5275 1454 5345 aliisque
1476 5274 1634 5330 circa
1654 5274 2037 5346 baptizandos

384 5360 737 5418 ministeriis
763 5362 1171 5418 inservientes.
1206 5366 1287 5420 Ac
1316 5381 1522 5420 revera
1550 5364 1891 5436 psalmistas
1917 5366 2037 5421 sive

383 5455 659 5506 cantores
690 5451 1009 5522 compellat
1043 5457 1153 5507 cat.
1185 5455 1272 5521 13,
1306 5471 1366 5510 n.
1417 5456 1470 5521 6,
1504 5470 1758 5525 quorum
1801 5455 2037 5525 aliquos

382 5557 413 5596 e
445 5540 932 5612 baptizandorum
970 5557 1220 5597 numero
1249 5541 1434 5598 fuisse
1465 5543 1792 5598 concedere
1821 5561 2038 5614 possu-

382 5646 518 5686 mus
545 5647 557 5697 ;
593 5629 666 5685 de
697 5631 973 5687 omnibus
1001 5647 1285 5703 negamus
1308 5631 1505 5703 plane.
1538 5633 1660 5689 Cat.
1683 5635 1738 5697 4,
1772 5649 1831 5689 n.
1865 5636 1954 5701 24,
1981 5637 2040 5688 et

385 5728 500 5782 cat.
531 5726 618 5794 12,
649 5742 710 5782 ιι.
743 5725 832 5792 33,
864 5723 939 5780 ad
989 5726 1419 5781 monachorum
1450 5731 1510 5781 et
1536 5725 1830 5800 virginum
1874 5726 2036 5784 ordi-

2153 4733 2220 4798 ἠν
2271 4729 2396 4800 παρ’
2440 4729 2601 4798 ἡμῶν
2658 4721 3034 4790 διδασκαλίαν,
3097 4722 3470 4788 ὑπολύσαντες
3528 4724 3665 4795 ὑμᾶς
3717 4709 3799 4800 καί

2152 4799 2540 4886 ἀποδύάαντες,
2589 4816 2824 4889 γυμνοὺς
2851 4814 2939 4868 καὶ
3003 4811 3370 4879 ἀνυποδέτους
3423 4812 3560 4887 μετᾶ
3589 4811 3680 4863 τοῦ
3711 4799 3790 4878 χιέ

2148 4909 2416 4964 τωνίσκου
2451 4905 2617 4978 μόνου
2671 4909 2808 4979 πρὸς
2863 4903 2958 4965 τὰς
3007 4907 3116 4958 τῶν
3179 4903 3569 4978 ἐξορκιζόντων
3623 4911 3789 4966 παρα·

2151 4998 2429 5071 πέμπουσι
2443 5017 2554 5074 φων
2564 5000 2679 5056 ἀς.‹‹
2695 4998 2835 5051 Post
2846 4995 3110 5051 auditam
3125 5012 3155 5050 a
3170 4995 3342 5052 nobis
3357 4991 3790 5052 institutionem,

2156 5111 2183 5143 α
2199 5089 2587 5145 discalceatos
2608 5105 2710 5142 vos
2733 5092 2791 5141 et
2805 5085 3082 5153 nudatos,
3105 5086 3284 5140 nudis
3299 5086 3551 5157 pedibus
3566 5087 3788 5147 unaque

2152 5184 2424 5251 «opertos
2438 5179 2641 5233 tunica
2653 5177 2726 5231 ad
2740 5177 3198 5232 exorcizantium
3213 5194 3383 5231 voces
3398 5166 3794 5230 transmittunt

2149 5270 2388 5326 «Patres
2406 5267 3263 5325 nostri.»ContrariaRomanae
3281 5263 3592 5339 [CVXVIII]
3606 5254 3791 5314 Eccle-

2150 5360 2252 5414 siae
2275 5358 2665 5419 consuetudo,
2689 5374 2805 5427 quo
2839 5356 3174 5427 symbolum
3198 5362 3498 5428 postremo
3523 5352 3647 5405 loco
3673 5342 3793 5416 post

2149 5449 2504 5504 scrutinium
2539 5446 2688 5501 tradi
2713 5445 2983 5517 jubebat.
3018 5446 3328 5500 Contraria
3364 5443 3648 5498 Africanas
3686 5433 3779 5486 EG-

2149 5538 2385 5604 clesiaa;
2439 5554 2510 5592 ex
2541 5553 2661 5607 qua
2708 5541 2914 5592 auctor
2959 5535 3061 5591 lib.
3095 5551 3132 5590 ιι
3173 5537 3246 5590 De
3272 5534 3511 5607 symbolo
3542 5526 3611 5583 ad
3653 5527 3784 5578 cate-

2145 5631 2462 5693 chumenos,
2495 5643 2555 5681 ιι.
2589 5630 2642 5681 2:
2675 5628 2800 5682 haec
2832 5627 2950 5679 ait:
2987 5627 3232 5694 Purgato
3262 5643 3368 5698 per
3405 5618 3780 5678 exorcismum

2145 5718 2371 5793 familia
2401 5717 2790 5789 Redemptoris,
2838 5722 3196 5789 posteaquam
3223 5713 3462 5771 cantavit
3509 5703 3778 5764 canticum
