2026 3184
103 176 156 210 161.

802 171 1061 205 DISSERTATIO
1082 175 1122 206 ll.

1762 189 1821 220 162

103 245 195 279 saluti,
209 244 309 280 accipit
329 244 457 280 sgmboli
478 244 639 273 remedium.
663 244 743 272 Nihil
766 241 938 276 Hierosoly-

1008 242 1060 270 Iid.
1072 245 1129 272 cat.
1142 245 1168 278 ϐ,
1185 253 1214 273 ιι.
1233 245 1265 273 13
1281 249 1311 275 et
1325 247 1379 282 34;
1394 250 1451 277 cat.
1473 249 1501 285 7,
1518 259 1550 279 n.
1567 253 1599 286 1;
1616 256 1672 282 cat.
1687 254 1731 289 16,
1748 264 1778 283 n.
1793 259 1820 285 5.

104 291 159 319 mis
174 291 203 318 in
218 290 394 318 exorcismis
412 291 577 326 peculiare.
598 290 780 318 Velabantur
795 288 938 317 exorciza—

109 340 201 365 torum
215 336 315 363 vultus
330 339 449 372 procat.
467 345 498 364 n.
515 338 539 364 9.
557 336 634 363 Nihil
643 335 769 371 Cyrillus
782 335 818 362 de
841 334 938 362 diluis-

111 383 153 410 sis
163 382 342 410 vestimentis
359 385 413 409 aut
426 382 547 415 calceis,
564 382 639 409 nihil
653 382 688 409 de
704 381 852 409 substrato
878 380 940 407 cili-

115 428 167 455 cio.
183 428 251 454 Cum
267 427 357 463 longa
373 430 456 455 esset
467 427 622 455 exorcismi
634 425 939 462 caaremonia,singuli

113 473 251 500 nimirum
263 481 344 500 unus
355 475 422 508 post
430 472 524 500 alium
533 472 569 499 ad
582 472 810 499 exorcizantium
816 480 940 500 manum

112 517 329 549 succedebant;
353 517 490 552 praecipit
505 517 642 552 Cyrillus,
663 519 774 552 procat.
796 525 826 545 ιι.
847 518 889 550 14,
907 518 941 544 ut

106 562 252 598 separatis
268 562 399 589 virorum
409 565 439 588 et
449 562 609 589 mulierum
628 561 788 595 subselliis,
806 561 940 597 quandiu

104 607 152 635 alii
171 608 388 640 exorcizantur,
404 607 504 635 caeteri
517 606 654 634 sedentes
669 607 753 642 pium
768 607 898 642 aliquem
907 606 941 634 li-

104 652 195 679 brum
211 660 274 687 prae
286 651 427 679 manibus
439 651 577 684 habeant,
589 651 634 678 vel
646 651 703 679 alio
712 651 852 679 audiente
863 651 940 679 alius

105 697 202 733 legat;
220 699 274 724 aut
289 697 314 724 si
331 696 408 724 desit
423 696 509 730 liber,
525 696 601 724 alius
617 699 690 730 oret,
707 696 784 724 alius
797 696 869 724 utile
885 696 940 723 ali-

105 742 177 777 quid
193 742 357 777 loquatur;
374 742 519 777 virginum
535 750 602 769 vero
619 744 783 769 conventus
797 741 843 768 vel
863 741 942 777 legat

108 788 154 814 vel
162 786 332 822 psallat,ita
347 789 405 813 tam
412 795 447 813 en
458 789 490 813 ut
500 786 583 814 nulla
594 795 648 814 vox
659 786 843 814 exaudiatur:
862 785 941 821 quod

110 835 139 859 et
155 831 190 859 de
207 832 314 867 nuptis
330 832 472 867 praecipit.
485 831 671 859 Exorcismos
682 830 943 866 consequebantur

107 876 184 904 forte
200 876 247 903 vel
265 884 380 912 preces,
396 876 553 903 velcantus
569 876 688 911 aliquis.
701 877 773 903 Tum
789 876 943 912 legebatur

110 930 143 949 ex
160 921 238 949 libro
257 921 417 956 Scriptura:
432 921 469 949 ad
484 920 641 948 arbitrium
663 921 868 948 concionantis
893 928 942 947 ac-

110 966 302 994 commodata
319 965 357 993 ad
372 966 477 993 futura)
493 966 656 993 catechesis
673 968 880 1002 argumentum
904 965 945 992 le-

113 1011 182 1044 ctio,
193 1019 285 1046 quam
298 1010 658 1046 sequebaturcatechesis.
670 1011 736 1038 Haac
746 1019 763 1039 a
771 1009 944 1038 sedentibus

111 1056 302 1084 audiebatur.
317 1056 379 1083 Cat.
390 1058 433 1089 11,
444 1064 474 1083 ιι.
488 1056 532 1090 22,
544 1056 585 1083 ait
595 1056 722 1092 Cyrillus
735 1064 741 1083 :
759 1056 864 1091 Cogita,
881 1061 946 1092 quot

112 1110 188 1129 nunc
204 1100 343 1134 assiduis,
356 1105 419 1136 quo!
433 1102 537 1129 animae
551 1101 692 1129 adsumus.
715 1101 944 1129 Acclamationi-

115 1146 173 1173 bus
190 1145 354 1181 aliquando
368 1146 642 1182 interrumpebatur
657 1149 765 1180 orator,
780 1149 814 1174 ut
828 1150 883 1175 cat.
900 1148 945 1179 13,

117 1199 204 1218 num.
219 1192 264 1217 23.
281 1190 335 1223 Qui
350 1190 507 1218 familiaris
523 1190 554 1218 in
568 1191 687 1219 Oriente
703 1200 786 1226 usus,
808 1195 841 1219 ut
852 1193 947 1220 multa

121 1236 320 1271 Chrysostomi
330 1236 395 1263 loca
404 1235 492 1263 ﬁdem
503 1235 635 1269 faciunt;
652 1237 683 1263 in
702 1236 801 1264 Africa
817 1246 946 1272 quoque,

126 1283 162 1307 ut
177 1288 211 1306 ex
228 1281 383 1315 Augustino
399 1283 489 1316 patet,
512 1280 649 1309 usitatus.
672 1282 857 1309 Catechesim
884 1282 948 1309 sine

128 1324 219 1352 dubio
234 1325 465 1360 consequebatur
486 1326 646 1362 gratiarum
669 1327 745 1354 actio
770 1335 822 1362 pro
838 1326 948 1354 auditis

123 1370 321 1397 doeumentis.
335 1370 381 1398 Sic
389 1370 515 1398 Casilius
530 1371 611 1398 hom.
628 1373 643 1397 7
657 1372 687 1398 in
698 1372 841 1406 Herclem,
858 1381 886 1407 p.
904 1372 948 1406 82,

119 1415 259 1442 hortatur
283 1415 458 1444 auditorem:
471 1415 646 1447 Ἀναστάντες
660 1414 689 1443 δὲ
705 1415 948 1454 εὐχαριστῆσωμεν

118 1459 186 1496 ὑπὲρ
201 1462 256 1486 τῶν
268 1459 430 1497 εἰρημένων.
452 1461 600 1497 Surgenle:
621 1470 685 1490 vero
694 1471 750 1497 pro
766 1462 802 1490 iis
826 1471 885 1498 quw
910 1463 952 1490 di-

122 1510 166 1533 cm
180 1511 247 1533 sunt
263 1507 371 1540 gratias
385 1508 584 1542 persolvamus.

443 1572 558 1600 CAPUT
577 1573 612 1600 VI
619 1592 625 1600 .

214 1625 254 1651 De
267 1624 428 1660 Cyrillirma
442 1625 555 1654 docendi
569 1628 595 1654 et
608 1625 719 1654 dicendi
733 1627 852 1654 ratione.

155 1689 201 1714 26.
219 1688 261 1715 Ea
275 1687 333 1714 fuit
347 1688 447 1724 Cyrilli
474 1691 504 1716 et
524 1688 649 1717 docendi
675 1692 704 1716 et
725 1689 836 1717 dicenti
862 1689 950 1722 ratio,

122 1741 186 1767 qua:
203 1733 359 1768 proposito
375 1732 430 1760 sibi
447 1733 619 1762 candidatos
635 1734 774 1762 Ecclesiae
795 1733 951 1762 erudiendi

126 1785 215 1813 scopo
232 1785 295 1804 una
310 1777 437 1805 maxime
454 1780 634 1806 conveniret.
653 1780 799 1807 Accurata
808 1779 952 1807 nimirum

127 1826 153 1849 et
169 1822 352 1850 necessariis
365 1823 511 1858 praesidiis
527 1824 643 1851 munita
658 1824 809 1858 doctrina;
827 1824 953 1860 simplex

127 1871 155 1894 et
169 1867 290 1895 alienus
306 1867 343 1895 ab
359 1869 438 1895 omni
454 1868 521 1896 fuco
536 1872 772 1905 ornamentoque
788 1870 893 1906 stylus,
904 1870 955 1904 qui

128 1913 239 1940 nudam
256 1916 386 1949 exponat
403 1914 566 1948 veritatem,
589 1914 739 1950 rudesque
765 1915 882 1942 animos
898 1914 957 1942 alia

129 1966 182 1993 pro
198 1958 267 1985 aliis
280 1959 445 1995 intelligere
457 1968 516 1987 non
532 1960 670 1995 patiatur.
688 1960 829 1994 Primum,
859 1959 956 1995 qualis

132 2004 162 2030 in
172 2004 368 2039 exponendis,
382 2005 620 2041 comprobandis,
633 2008 662 2033 et
672 2006 708 2033 ab
719 2006 849 2033 hostium
860 2006 959 2035 Eccle-

133 2048 183 2075 sia:
192 2049 308 2085 impetu
317 2049 502 2078 vindicandis
513 2051 622 2079 nostris
634 2051 820 2087 dogmatibus
832 2051 958 2087 Cyrillus

131 2092 223 2121 fuerit
239 2103 404 2130 exponam;
422 2099 483 2123 tum
500 2096 535 2123 de
551 2096 626 2131 stylo
651 2100 679 2123 et
704 2096 791 2124 modo
817 2097 958 2124 orationis

133 2138 198 2174 ejus
214 2138 331 2174 loquar.
348 2141 381 2167 In
392 2141 566 2176 exponenda
579 2141 635 2168 ﬁde
652 2141 714 2168 1132c
726 2141 790 2177 ejus
802 2141 959 2168 methodus

133 2191 199 2211 esse
215 2184 312 2218 solet;
329 2187 361 2212 ut
373 2185 470 2220 primo
482 2186 647 2221 oppositam
660 2186 825 2213 doctrinam
841 2186 959 2218 referat;

133 2232 197 2257 tum
212 2229 389 2258 catholicam
406 2230 448 2257 illi
461 2231 611 2258 veritatem
625 2231 754 2267 objiciat,
773 2239 897 2266 eamque
910 2240 961 2258 ne-

134 2274 275 2302 cessariis
291 2275 506 2310 Scripturarum
529 2276 692 2303 aliorumve
717 2280 960 2312 argumentorum

134 2318 285 2355 prasidiis
296 2319 420 2353 muniat,
429 2320 535 2347 deinde
542 2320 761 2348 adversantium
772 2321 887 2357 objecta
896 2330 962 2348 con-

134 2363 222 2392 futet.
239 2364 378 2392 Ordinem
391 2365 470 2392 hunc
485 2365 644 2401 aliquando
657 2365 810 2401 perturbat
821 2366 855 2393 ab
867 2366 963 2402 objec-

136 2409 254 2437 tionum
281 2409 476 2437 dissolutione
506 2410 664 2446 incipiens,
697 2410 747 2437 sed
773 2411 835 2438 haec
864 2411 965 2438 omnia

137 2457 281 2490 praestare
297 2462 450 2490 nunquam
465 2455 582 2482 omittit.
595 2456 800 2483 Necessarium
818 2456 965 2483 existima-

136 2499 179 2526 vit
194 2507 258 2526 una
273 2507 340 2527 cum
356 2499 501 2527 catholico
517 2500 652 2536 dogmate
681 2503 846 2528 contrarios
862 2509 965 2528 omnes

137 2545 306 2581 gentilium,
322 2545 491 2573 Judaaorum
506 2549 534 2573 et
543 2546 670 2573 maxime
680 2546 888 2573 lirereticorum
898 2555 965 2574 sen-

139 2598 189 2618 sus
203 2591 330 2626 eperire,
346 2593 378 2618 ut
390 2599 423 2618 eo
436 2591 613 2619 documento
622 2592 792 2627 prmmuniti
804 2592 965 2623 auditores,

139 2644 295 2672 nunquam
311 2636 343 2664 in
359 2645 411 2663 eos
427 2644 461 2663 ex
478 2636 643 2672 ignorantia
657 2637 836 2672 praecipitari
849 2646 878 2664 se
889 2640 966 2672 pate-

138 2686 250 2709 rentur.
267 2682 300 2709 ld
312 2682 478 2718 smpissime
494 2682 619 2718 repetit;
640 2682 779 2718 quodque
790 2691 907 2710 omnum
928 2686 968 2710 at-

139 2726 239 2764 tingat,
254 2735 420 2763 rerumque
431 2726 476 2754 vel
485 2727 564 2755 dictu
576 2727 773 2755 nefandarum
785 2737 968 2756 commemo-

139 2773 252 2801 ratione
268 2773 408 2810 [CXXIXJ
424 2780 508 2800 suam
525 2773 588 2808 ipse
604 2772 736 2809 linguam
752 2776 780 2801 et
800 2782 887 2801 aures
915 2782 968 2801 au—

138 2817 283 2847 dientium
290 2817 514 2847 commaculare
523 2817 724 2846 videatur.hac
733 2818 972 2854 praemunienda-

135 2872 197 2893 rum
212 2865 355 2901 ipsorum
372 2862 551 2891 necessitate
573 2871 638 2890 sese
664 2862 796 2891 defendit
809 2871 841 2891 ac
855 2868 970 2900 purgat.

994 288 1107 335 Duplex
1122 290 1166 317 illi
1179 290 1220 319 ita
1228 293 1336 328 agendi
1345 302 1435 322 causa
1449 295 1514 324 fuit.
1525 298 1634 333 Prima,
1650 300 1730 335 quod
1741 304 1822 330 certa

994 333 1168 368 opinionum
1200 340 1333 366 monstra
1360 341 1542 375 exposuisse,
1569 333 1738 373 confutasse
1766 349 1821 375 est.

994 378 1155 414 Propterea
1170 382 1318 410 catechesi
1333 385 1359 418 6,
1381 389 1519 422 excerpta
1542 395 1577 415 ex
1593 389 1822 419 Manichmorum

995 422 1080 451 libris
1097 424 1204 454 horum
1217 428 1344 456 vesania:
1360 430 1467 465 capita,
1481 440 1535 467 per
1548 441 1613 461 sese
1628 435 1748 463 cordato
1764 436 1824 463 cui.

995 468 1038 495 vis
1049 469 1203 498 horrorem
1219 472 1396 502 incutientia
1410 475 1522 511 absque
1538 477 1599 506 ulla
1614 479 1673 507 alia
1693 480 1825 509 confuta-

998 513 1077 541 tione
1093 519 1239 552 recenset,
1256 526 1339 546 num.
1351 520 1383 546 33
1396 523 1425 547 et
1440 522 1484 555 34,
1497 523 1628 558 satisque
1643 528 1746 553 censet
1756 533 1825 553 cum

996 558 1043 585 his
1059 560 1289 590 Manichazorum
1305 564 1423 599 probris
1437 566 1576 595 Ecclesiaa
1592 570 1781 597 sanctitatem
1791 578 1825 598 ac

996 604 1163 651 castitatem
1179 615 1363 643 comparare,
1379 612 1413 637 ut
1428 611 1500 647 quid
1513 612 1683 648 eligendum
1705 615 1743 642 sit
1756 623 1826 651 per—

997 648 1103 684 spiciat
1127 651 1254 680 auditor.
1281 653 1381 682 Altera
1397 659 1469 689 erat,
1486 657 1625 686 Ecclesia)
1637 648 1779 693 hostium,
1797 662 1826 687 et

997 693 1207 723 haereticorum
1222 697 1254 724 in
1269 698 1384 733 primis,
1402 708 1436 728 ac
1449 702 1578 730 maxime
1594 704 1825 732 Manichznorum

996 738 1028 766 in
1043 740 1196 775 provincia
1211 750 1271 778 prie
1288 744 1403 772 caateris
1419 747 1663 783 grassantium,in
1673 749 1826 777 occultan-

998 783 1043 811 dis
1060 787 1147 812 secta;
1164 794 1225 814 suae
1241 788 1318 816 vitiis
1330 788 1414 817 fraus
1430 792 1460 817 et
1473 790 1570 826 dolus,
1584 796 1641 821 cat.
1657 794 1685 827 4,
1701 802 1784 821 num.
1796 796 1823 827 2,

998 828 1048 863 qui
1065 838 1102 857 ne
1119 830 1264 866 imperitis
1278 832 1539 870 blandiloquentia
1554 846 1607 865 sua
1626 838 1826 874 imponerent,

997 874 1101 909 quales
1117 879 1219 903 essent
1233 879 1385 912 retegendi
1403 884 1497 909 erant.
1523 882 1596 910 Cum
1621 886 1720 911 autem
1737 883 1827 911 ﬁdem

958 927 983 961 Β
997 919 1128 954 exponit,
1145 920 1175 948 id
1190 922 1291 950 electis
1307 926 1336 951 et
1351 932 1386 951 ex
1396 933 1452 953 usu
1462 928 1614 955 communi
1630 929 1758 965 sumptis
1768 937 1829 956 ver-

998 963 1044 991 bis
1059 963 1138 993 facit.
1156 966 1258 994 Nullas
1283 967 1463 1005 theologicas
1488 979 1574 1000 voces
1596 963 1752 1007 admiscet,
1778 981 1828 1001 eas

999 1008 1030 1036 in
1045 1009 1150 1044 primis
1164 1019 1230 1045 quas
1239 1011 1294 1039 hoc
1303 1016 1435 1049 tempore
1449 1016 1566 1051 magnis
1574 1016 1604 1044 in
1620 1018 1752 1046 Ecclesia
1762 1027 1830 1046 cou-

999 1054 1184 1083 tentionibus
1200 1055 1298 1084 locum
1320 1057 1441 1093 dabant,
1470 1060 1602 1089 studiose
1622 1062 1712 1096 vitat;
1728 1063 1830 1098 qualia

1000 1101 1094 1133 erant,
1112 1100 1259 1134 essentia),
1276 1101 1454 1137 hypostasis,
1471 1113 1618 1140 personas,
1633 1109 1662 1134 et
1676 1107 1735 1135 alia
1750 1108 1830 1143 ejus-

1001 1143 1069 1170 dem
1091 1145 1210 1180 generis
1224 1146 1376 1175 vocabula.
1402 1148 1578 1185 Religiosior
1600 1152 1690 1179 etiam
1708 1152 1775 1187 iuit,
1791 1160 1830 1179 ne

1002 1188 1070 1215 ﬁdei
1087 1189 1215 1224 privatas
1236 1191 1394 1226 opiniones
1419 1193 1607 1223 admisceret.
1633 1197 1783 1232 Quidquid
1798 1198 1829 1226 in

1001 1232 1161 1269 Scripturis
1171 1235 1344 1270 revelatum,
1357 1237 1485 1265 ﬁdenter
1493 1240 1643 1276 proponit:
1655 1241 1734 1276 quod
1746 1242 1776 1269 in
1787 1243 1830 1270 eis

1003 1279 1119 1314 aperire
1135 1280 1233 1308 noluit
1247 1282 1334 1315 Deus,
1351 1283 1496 1320 attingere
1507 1287 1624 1313 veretur
1639 1287 1829 1321 omnintha,

1004 1326 1162 1359 postquam
1178 1325 1207 1352 id
1222 1326 1302 1361 quod
1326 1327 1362 1355 de
1377 1327 1476 1357 divina
1497 1330 1690 1366 generatione
1706 1331 1832 1360 creden-

1004 1368 1074 1396 dum
1090 1370 1231 1405 proponit
1252 1372 1394 1406 Ecclesia,
1416 1374 1591 1409 explicavit:
1609 1375 1699 1412 hujus
1723 1376 1832 1405 nativi-

1005 1413 1074 1441 tatis
1088 1422 1231 1443 arcanum
1247 1424 1264 1443 a
1278 1417 1400 1445 nemine
1415 1418 1549 1455 indagari
1561 1420 1682 1455 patitur.
1696 1421 1759 1449 Vid.
1774 1424 1831 1450 cat.

1004 1460 1048 1492 11,
1065 1467 1095 1486 ιι.
1114 1461 1146 1486 10
1162 1462 1191 1486 et
1204 1461 1247 1488 11.
1263 1462 1374 1490 Eodem
1389 1463 1479 1491 modo
1495 1463 1637 1492 intactam
1649 1464 1685 1493 de
1696 1465 1762 1502 ipsa
1771 1466 1834 1502 S‘pi-

1005 1503 1081 1531 ritus
1091 1505 1185 1532 sancti
1198 1505 1364 1534 substantia
1379 1508 1575 1543 qumstionem
1587 1510 1678 1545 cupit.
1695 1511 1759 1538 Vid.
1776 1513 1832 1539 cat.

1008 1549 1051 1581 15,
1067 1557 1097 1577 n.
1116 1551 1142 1583 1,
1156 1551 1171 1577 5
1188 1553 1217 1578 et
1231 1551 1285 1585 24;
1301 1555 1358 1580 cat.
1375 1553 1418 1587 t7,
1435 1562 1466 1581 ιι.
1484 1555 1494 1581 1
1513 1556 1542 1581 et
1558 1556 1600 1582 17.
1627 1555 1702 1583 Dum
1724 1555 1833 1583 Christi

965 1615 985 1648 Ο
1005 1599 1148 1648 mysteria
1162 1601 1293 1648 exponit,
1309 1602 1426 1639 singula
1441 1603 1582 1639 adjuncta
1601 1605 1792 1641 persequitur
1806 1608 1836 1633 et

1007 1642 1164 1678 explanat;
1181 1644 1253 1672 dum
1268 1654 1336 1674 vero
1360 1651 1616 1677 sacramentorum
1640 1650 1835 1678 caeremonias

1006 1687 1152 1722 edisserit,
1171 1689 1355 1725 singularum
1371 1692 1430 1719 vim
1446 1695 1476 1720 et
1487 1696 1666 1729 potestatem
1687 1694 1831 1723 declarat.

1041 1733 1085 1760 37.
1103 1733 1186 1765 Quod
1201 1734 1238 1762 ad
1254 1735 1477 1771 probandorum
1503 1738 1573 1766 ﬁdei
1586 1741 1696 1767 nostra
1720 1739 1837 1776 dogma-

1007 1779 1070 1804 tum
1086 1778 1253 1807 institutam
1269 1788 1286 1808 a
1300 1781 1409 1816 Cyrillo
1420 1783 1567 1811 rationem
1581 1784 1836 1821 attinet,religioni

1008 1821 1112 1849 habuit
1128 1823 1291 1859 quidquam
1303 1833 1446 1861 asserere,
1457 1827 1536 1862 quod
1551 1836 1567 1855 e
1582 1828 1741 1864 Scripturis
1752 1830 1836 1857 Vete-

1008 1869 1050 1897 ris
1062 1871 1091 1895 et
1100 1868 1170 1896 Novi
1181 1870 1295 1897 Testam
1301 1870 1428 1898 entinon
1444 1872 1639 1907 approbaret;
1656 1873 1729 1901 adeo
1739 1876 1772 1901 ut
1780 1874 1836 1901 sibi

1009 1913 1099 1941 ﬁdem
1115 1913 1229 1941 nullam
1246 1914 1348 1942 haberi
1364 1916 1542 1950 consentiat,
1567 1917 1626 1945 nisi
1651 1918 1836 1954 singularum

1010 1967 1110 1986 rerum
1118 1967 1153 1986 ex
1160 1959 1319 1995 Scripturis
1329 1961 1518 1996 perspicuam
1526 1962 1647 1991 atl‘errat
1653 1963 1841 1992 demonstra-

1012 2004 1135 2035 tionem,
1151 2006 1207 2031 cat.
1224 2005 1250 2037 4,
1267 2013 1297 2033 n.
1316 2006 1358 2032 17.
1375 2006 1409 2033 In
1422 2006 1631 2035 dissertatione
1649 2008 1737 2036 tertia
1746 2008 1840 2044 probo

1013 2049 1090 2077 nihil
1104 2058 1139 2077 ex
1154 2049 1210 2077 hoc
1225 2050 1372 2086 principio
1388 2051 1526 2079 concludi
1540 2052 1576 2080 ab
1588 2052 1736 2081 haereticis
1743 2062 1841 2089 posse,

1014 2103 1066 2130 pro
1083 2095 1197 2128 integra
1207 2097 1235 2121 et
1250 2095 1385 2123 absoluta
1396 2096 1488 2123 solius
1500 2097 1657 2132 Scripturae
1665 2098 1841 2125 necessitate

1015 2143 1043 2166 et
1059 2139 1247 2172 sufﬁcientia,
1266 2141 1381 2168 seclusa
1396 2141 1538 2168 nimirum
1556 2143 1724 2170 traditionis
1745 2146 1773 2169 et
1791 2144 1842 2170 Ec~

1015 2184 1112 2211 clesizn
1124 2185 1298 2212 auctoritate
1314 2194 1319 2215 ς
1333 2185 1452 2213 interim
1465 2190 1564 2214 autem
1575 2188 1779 2215 animadverto
1792 2188 1843 2214 tri-

1016 2229 1122 2264 plicem
1131 2229 1171 2256 ita
1183 2229 1323 2264 loquendi
1335 2233 1363 2257 et
1372 2231 1477 2264 agendi
1487 2232 1596 2267 Cyrillo
1611 2241 1731 2260 causam
1740 2233 1841 2260 fuisse.

1016 2274 1115 2301 Prima
1131 2277 1175 2301 est
1191 2274 1269 2309 quod
1286 2275 1357 2302 solis
1368 2276 1532 2304 ratiociniis
1543 2279 1573 2304 et
1588 2278 1845 2312 probabilitatibus

1018 2318 1236 2353 Scripturarum
1261 2320 1436 2348 auctoritate
1466 2321 1625 2355 destitutis,
1652 2322 1846 2350 inefﬁcaciter

1019 2372 1140 2399 prorsus
1149 2363 1303 2399 theologia
1311 2364 1429 2392 decreta
1437 2366 1754 2401 persuadeantur;cum
1762 2367 1848 2393 nimi-

1019 2417 1084 2435 rum
1098 2408 1374 2436 ratiocinationibus
1386 2410 1537 2445 quibusvis
1547 2411 1788 2439 ratiocinationes
1800 2419 1848 2446 op-

1020 2453 1122 2489 positm
1131 2462 1190 2480 non
1199 2453 1281 2480 desin
1288 2454 1419 2489 t,quibus
1426 2455 1625 2482 contentionis
1632 2456 1711 2482 funis
1718 2456 1781 2482 sine
1789 2456 1848 2482 ﬁne

1021 2498 1211 2534 producatur.
1228 2500 1263 2525 At
1278 2498 1397 2526 disertis
1414 2500 1463 2526 Dei
1477 2500 1594 2527 vocibus
1612 2509 1626 2527 e
1638 2501 1789 2535 Scriptura
1801 2500 1849 2527 de-

1022 2545 1167 2580 promptis
1176 2553 1295 2571 omnem
1303 2545 1456 2572 verborum
1467 2548 1495 2572 et
1502 2546 1716 2573 sententiarum
1728 2555 1850 2582 appara-

1023 2593 1085 2617 tum
1102 2589 1264 2616 concedere
1282 2598 1403 2617 necesse
1420 2593 1473 2617 est.
1491 2591 1533 2617 lla
1549 2594 1603 2618 cat.
1624 2593 1666 2624 13,
1684 2600 1713 2618 ιι.
1731 2593 1849 2619 8.1‘rze-

1025 2639 1102 2662 terea
1114 2635 1304 2670 sophismatis
1315 2635 1414 2662 deludi
1425 2636 1520 2663 facilis
1532 2645 1579 2664 res
1591 2640 1644 2670 est,
1658 2639 1714 2664 cat.
1728 2638 1798 2670 12,11
1822 2639 1849 2671 5,

1024 2680 1246 2715 cavendumque
1261 2680 1290 2707 in
1308 2680 1414 2707 divinis
1430 2680 1529 2714 rebus,
1543 2690 1579 2709 ne
1592 2681 1850 2716 probabilitatibus

1024 2727 1135 2751 temere
1152 2724 1344 2757 abducamur,
1363 2727 1418 2751 cat.
1435 2726 1462 2757 4,
1480 2734 1562 2752 num.
1581 2728 1622 2752 17.
1637 2726 1718 2758 Quod
1730 2726 1852 2761 quidem

1026 2769 1181 2801 Gnosticis,
1193 2769 1371 2801 Manichaeis,
1381 2769 1506 2805 aliisque
1519 2771 1666 2799 hmreticis
1677 2772 1851 2805 contigerat,

1026 2814 1076 2849 qui
1086 2822 1193 2849 magno
1209 2813 1365 2841 verborum
1380 2817 1409 2842 et
1422 2815 1618 2843 subtilitatum
1633 2820 1775 2852 apparatu
1786 2815 1855 2843 divi-

1026 2870 1096 2891 nam
1118 2859 1342 2896 generationem
1365 2868 1398 2887 ac
1414 2860 1518 2888 mundi
1541 2861 1660 2898 [CXXX]
1673 2861 1855 2890 creationem
