4052 6368
383 392 497 454 163

1466 379 1572 438 DE
1615 369 2200 435 CATECHESIBUS
2242 373 2307 431 S.
2355 371 2697 434 CYRILLI.

3682 375 3785 438 164

381 522 936 600 pessumdederant.
954 517 1224 576 Secunda
1246 534 1258 571 :
1277 529 1625 589 persuasum
1645 508 2043 600 eratillisym-
2073 510 2125 575 Α
2229 510 2315 565 38.
2351 509 2532 600 Venio
2565 510 2807 567 tandem
2837 509 2910 567 ad
2940 510 3323 585 Cyrillianam
3345 510 3678 583 dogmatum
3694 529 3788 569 no-

382 599 591 673 bolum
615 613 772 686 quod
796 613 933 667 totis
957 610 1162 666 decem
1178 614 1235 663 et
1256 613 1386 662 octo
1410 601 1823 660 catechesibus
1839 599 2044 672 expla-

383 713 506 773 nat,
541 705 689 760 nihil
713 703 875 759 aliud
898 718 1026 756 esse
1059 705 1275 771 prater
1298 696 1516 751 selecta
1541 693 1812 765 quadam
1829 709 1899 745 ex
1914 707 2042 745 om-

382 797 558 852 nibus
581 794 808 852 Veteris
842 799 899 847 et
930 791 1066 846 Novi
1099 787 1457 843 Testamenti
1484 783 1802 856 Scripturis
1825 779 2042 836 doctri-

383 904 474 942 na
503 886 695 957 capita
720 902 732 950 ;
767 900 897 954 qua
922 879 1165 953 proinde
1200 896 1269 932 ex
1302 876 1515 931 iisdem
1541 872 1856 945 Scripturis
1880 886 2043 925 asse-

382 975 570 1031 renda
602 978 820 1038 essent,
855 978 966 1027 cat.
1013 973 1064 1036 5,
1099 987 1158 1024 n.
1209 971 1293 1022 12.
1346 965 1540 1021 Tertia
1587 962 1867 1017 tandem:
1915 976 2041 1013 cer-

387 1071 513 1121 tum
545 1064 630 1118 illi
660 1069 786 1118 erat
808 1062 1003 1116 nullas
1023 1059 1324 1115 actionum
1346 1073 1412 1111 ac
1437 1053 1856 1124 mysteriorum
1876 1049 2044 1104 Chri-

386 1155 460 1209 sti
493 1160 690 1225 partes
717 1169 868 1218 esse,
903 1167 1036 1221 qua
1070 1165 1188 1202 non
1223 1147 1395 1218 longe
1427 1150 1562 1200 ante
1615 1147 1814 1196 essent
1844 1157 1877 1196 a
1909 1155 2042 1210 pro-

385 1244 581 1316 phetis
613 1241 1032 1315 pranuntiato,
1069 1243 1178 1293 cat.
1217 1239 1300 1305 13,
1334 1253 1391 1290 ιι.
1427 1238 1458 1288 8
1491 1239 1550 1288 et
1582 1236 1665 1286 13.
1702 1230 1856 1287 Nihil
1909 1246 2044 1301 ergo

388 1333 628 1399 mirum,
663 1332 710 1386 si
744 1329 893 1384 nihil
925 1328 1040 1383 dici
1075 1345 1141 1383 ac
1165 1326 1325 1381 credi
1360 1324 1433 1379 de
1458 1324 1691 1378 Christo
1715 1321 1861 1384 vult,
1887 1318 2044 1391 quod

387 1427 653 1477 veterum
668 1421 1107 1491 Scripturarum
1123 1415 1481 1471 testimoniis
1514 1429 1633 1468 non
1649 1411 1885 1466 studeat
1901 1427 2046 1465 con-

391 1513 650 1576 ﬁrmare,
683 1515 795 1564 cat.
830 1513 921 1576 21,
974 1525 1034 1565 ιι.
1068 1511 1119 1562 5.
1154 1506 1444 1561 Caterum
1491 1499 2048 1558 ratiocinationibus

390 1618 510 1656 non
543 1600 690 1655 adeo
721 1599 1004 1654 inimicus
1033 1597 1165 1660 fuit,
1197 1601 1265 1650 ut
1296 1595 1414 1648 illis
1445 1593 1570 1666 ipse
1606 1609 1726 1647 non
1757 1597 2044 1646 uteretur.

390 1693 534 1746 Nam
569 1696 626 1745 et
657 1690 948 1744 unitatem
977 1687 1078 1742 Dei
1105 1686 1417 1740 adversum
1442 1683 1816 1748 Manichaos,
1849 1687 1960 1736 cat.
1990 1682 2045 1747 6,

393 1797 560 1836 num.
597 1783 660 1832 12
691 1796 755 1833 es
790 1781 875 1844 13,
911 1782 968 1831 et
989 1777 1186 1832 carnis
1211 1775 1712 1830 resurrectionem
1734 1772 2045 1828 adversum

2153 606 2410 656 strorum
2424 599 3208 673 defendendi,Ecclesiaque
3224 601 3428 656 hostes
3451 617 3787 674 oppugnan-

2151 689 2208 744 di
2225 691 2541 746 rationem.
2567 693 2647 746 Ea
2661 709 2765 763 pro
2781 690 3120 747 diversitate
3137 692 3400 747 hostium
3425 691 3580 746 varia
3601 691 3792 747 uteba-

2155 785 2268 835 tur.
2285 781 2521 852 Triplex
2537 780 2627 835 vel
2641 780 3009 853 quadruplex
3024 781 3281 836 hostium
3294 797 3487 853 genus
3501 785 3618 835 toto
3632 795 3790 852 opere

2153 871 2542 926 catecheseon
2559 871 2668 927 sibi
2686 871 3668 944 confutandum[CXXXI]proponit
3681 888 3793 942 pro-

2154 966 2264 1016 cat.
2290 978 2349 1016 n.
2376 965 2459 1015 10:
2481 961 3164 1033 gentiles,Samaritanos
3180 961 3791 1032 etJudaos,atqueha-

2153 1053 2390 1108 reticos:
2412 1070 2665 1125 quorum
2684 1053 2899 1126 singuli
2915 1054 3145 1109 diverso
3161 1070 3468 1109 armorum
3482 1068 3688 1125 genere
3701 1051 3792 1107 de-

2156 1143 2439 1198 bellandi.
2462 1143 2784 1200 Adversum
2800 1144 3050 1216 gentiles
3065 1145 3163 1215 qui
3190 1143 3526 1216 Scripturas
3539 1159 3645 1197 nec
3660 1141 3792 1196 reci-

2156 1234 2464 1306 piunt,nec
2479 1241 2817 1302 norunt,om
2829 1234 2962 1289 issis
2980 1232 3474 1306 Scripturis,solis
3488 1232 3791 1288 ratiocina-

2159 1323 2419 1379 tionibus
2433 1324 2722 1380 utendum
2737 1325 3243 1391 monet,cat.18,n.
3258 1326 3340 1392 10,
3353 1323 3436 1379 sic
3456 1327 3514 1378 et
3527 1338 3796 1377 resurrec-

2159 1415 2381 1469 tionem
2397 1415 2734 1488 generalem
2751 1415 2872 1470 illis
2890 1432 2958 1470 eo
2976 1415 3087 1470 loci
3105 1419 3162 1468 et
3175 1413 3526 1486 possibilem
3547 1418 3603 1468 et
3615 1428 3793 1467 neces-

2160 1506 2378 1560 sariam
2412 1505 2918 1577 eomprobaverat.
2952 1505 3101 1577 Ipsis
3134 1521 3372 1576 quoque
3410 1503 3623 1575 impias
3645 1507 3699 1558 et
3723 1501 3793 1556 ri-

2159 1592 2406 1648 duculas
2425 1595 2640 1665 inepta
2659 1610 2864 1648 eorum
2887 1593 3198 1664 theologia
3216 1591 3452 1648 fabulas
3473 1589 3646 1663 objici
3663 1606 3796 1662 pra-

2159 1683 2324 1756 cipit,
2358 1688 2468 1738 cat.
2507 1687 2592 1748 12,
2626 1700 2686 1739 n.
2722 1686 2812 1751 27,
2846 1687 2904 1737 et
2935 1689 3047 1738 cat.
3076 1685 3160 1748 13,
3196 1698 3254 1736 ιι.
3290 1683 3381 1749 37,
3408 1681 3622 1752 quibus
3645 1679 3792 1743 locis,

2162 1779 2219 1827 et
2250 1773 2594 1846 possibilem
2629 1773 2880 1844 Virginis
2917 1778 3151 1844 partum
3192 1771 3389 1839 fateri,
3442 1776 3500 1825 et
3545 1767 3794 1824 Crucitlxi

393 1869 648 1942 gentiles
675 1873 787 1923 cat.
823 1869 908 1933 18,
943 1883 1001 1920 ιι.
1037 1868 1104 1919 3-4
1135 1871 1192 1919 et
1231 1881 1421 1934 seqq.,
1455 1862 1840 1918 validissimis
1865 1861 2048 1915 ratio-
2078 1886 2126 1953 Β
2162 1863 2571 1920 adorationem
2604 1881 2722 1919 non
2751 1864 3146 1937 illegitimam,
3181 1862 3227 1917 si
3264 1878 3405 1918 suas
3436 1860 3548 1934 ipsi
3587 1857 3794 1914 fabulas

397 1960 575 2015 nibus
610 1975 639 2013 e
671 1958 973 2029 Scriptura
995 1974 1112 2011 non
1147 1955 1512 2028 depromptis
1535 1954 1850 2009 convincit.
1885 1951 2049 2006 Veri—

397 2056 576 2105 tatem
609 2049 1061 2115 incarnationis,
1095 2047 1308 2113 crucis,
1333 2046 1790 2101 resurrectionis
1811 2045 2049 2112 Christi,

396 2140 720 2195 domestico
737 2144 1256 2193 monumentorum
1275 2137 1700 2209 Hierosolymis
1715 2139 2056 2206 conspecto-

395 2247 527 2286 rum
557 2229 902 2285 testimonio
935 2228 1214 2283 roborare
1248 2244 1368 2282 non
1410 2227 1649 2282 omittit.
1701 2228 1839 2290 Qua
1873 2225 2052 2279 etiam

395 2335 466 2374 ex
499 2319 800 2390 Scriptura
833 2317 1150 2390 approbari
1175 2333 1295 2371 non
1318 2320 1612 2388 poterant,
1631 2314 1971 2386 apostolica
1998 2318 2057 2369 et

399 2407 818 2463 ecclesiastica
870 2407 1209 2462 traditionis
1261 2407 1611 2462 auctoritate
1657 2404 1944 2471 defendit,
1993 2409 2059 2459 ut

402 2498 841 2569 Scripturarum
869 2498 1132 2569 ipsarum
1155 2513 1470 2563 canonem,
1491 2501 1603 2551 cat.
1629 2499 1682 2560 4,
1711 2513 1770 2550 ιι.
1800 2497 1864 2550 33
1886 2500 1944 2549 et
1965 2497 2052 2550 35.

403 2587 798 2643 Caremonias
831 2592 890 2642 et
917 2589 1066 2642 ritus
1095 2587 1373 2642 Ecclesia
1406 2587 1466 2642 in
1499 2585 1908 2641 catechesibus
1931 2602 2056 2657 my-

406 2677 716 2749 stagogicis
740 2682 1068 2743 contentas,
1094 2694 1227 2732 cum
1250 2677 1389 2731 licet
1419 2693 1488 2732 ex
1521 2675 1879 2731 testimoniis
1907 2675 2059 2729 Scri-

406 2773 596 2840 ptura
622 2773 722 2822 aut
753 2766 1151 2822 allusionibus
1178 2767 1407 2838 probat.
1432 2767 1576 2821 Cum
1600 2766 1672 2821 iis
1695 2765 2060 2837 argumentis

403 2857 700 2925 deficitur,
737 2857 1011 2912 sufﬁcere
1033 2861 1201 2928 putat
1219 2857 1632 2912 auctoritatem
1652 2855 1932 2911 Ecclesia
1958 2872 1971 2922 ;
2000 2855 2062 2909 in

405 2965 523 3020 qua
553 2947 1043 3003 universaliteret
1074 2947 1200 3001 sine
1222 2946 1456 3001 defectu
1474 2947 1670 3001 doceri
1703 2951 2060 3012 censet,om-

408 3040 508 3094 nia
536 3055 666 3108 qua
700 3039 760 3092 in
807 3038 1119 3092 hominum
1152 3039 1427 3094 notitiam
1475 3039 1674 3094 venire
1707 3037 1927 3094 debent
1956 3037 2064 3093 do-

408 3133 623 3201 gmata,
660 3131 771 3181 cat.
807 3129 894 3190 18,
929 3143 1092 3181 num.
1115 3129 1201 3182 23.
1241 3129 1386 3183 Dum
1421 3134 1619 3183 autem
1641 3128 1974 3199 Scripturas
1992 3127 2065 3182 ad

408 3216 928 3272 conﬁrmationem
961 3216 1302 3288 dogmatum
1325 3225 1666 3274 nostrorum
1699 3218 2065 3286 adducit,eas

411 3324 483 3362 ex
515 3307 804 3378 inspirata
834 3306 1116 3362 divinitus
1147 3313 1212 3362 ut
1241 3308 1506 3379 putabat,
1548 3313 1659 3362 cat.
1693 3309 1747 3372 4,
1773 3323 1936 3362 num.
1977 3309 2065 3375 34,

414 3397 799 3470 Septuaginta
829 3397 1141 3452 Seniorum
1175 3398 1666 3468 interpretatione
1689 3397 1922 3468 allegat:
1957 3412 2068 3450 nec

415 3483 489 3539 ad
515 3484 631 3539 vim
666 3483 936 3539 Hebraici
970 3489 1162 3540 textus
1196 3485 1512 3556 expendit:
1547 3502 1663 3556 quo
1712 3485 1955 3550 factum,
2005 3490 2071 3540 ut

415 3590 552 3628 cum
579 3573 752 3644 plura
782 3573 854 3628 ad
872 3592 993 3629 rem
1015 3574 1746 3646 pertinentia,optimeque
1771 3574 1927 3646 quod
1943 3591 2074 3647 pro-

414 3659 673 3715 bandam
705 3667 1047 3733 susceperat
1077 3661 1497 3717 concludentia
1542 3663 1836 3734 proferat;
1882 3662 2072 3719 multa

415 3768 678 3822 quoque,
710 3768 841 3821 qua
873 3752 988 3806 vim
1039 3751 1310 3807 eamdem
1345 3769 1465 3808 non
1523 3752 1801 3818 habeant,
1833 3752 2068 3825 alleget.

413 3840 525 3895 Sed
556 3842 668 3896 hoc
704 3841 791 3895 illi
815 3857 1132 3896 commune
1155 3859 1287 3897 cum
1312 3843 1542 3898 cateris
1565 3843 1838 3898 Patribus
1856 3843 2072 3899 Gracis

415 3936 475 3983 et
502 3931 723 3984 Latinis
755 3931 960 3985 vitium
989 3947 1001 3985 :
1035 3948 1144 3986 nec
1175 3932 1347 3988 facile
1378 3933 1641 4005 reperias
1663 3933 2072 3988 testimonium

417 4035 452 4072 a
482 4019 699 4088 Cyrillo
732 4019 804 4073 ad
832 4021 1204 4090 probandum
1227 4022 1471 4092 aliquod
1495 4023 1708 4094 dogma
1728 4023 2072 4093 allegatum,

416 4124 534 4179 quo
557 4123 678 4163 non
702 4108 980 4162 similiter
1000 4111 1089 4163 usi
1109 4109 1332 4165 fuerint
1351 4111 1442 4165 vel
1461 4112 1792 4166 anteriores
1822 4112 1912 4166 vel
1935 4113 2076 4168 sub-

421 4198 607 4254 secuti
639 4212 837 4252 rerum
870 4198 1409 4254 ecclesiasticarum
1433 4200 1883 4272 disceptatores.
1923 4203 2076 4257 Sen-

415 4304 547 4343 sum
579 4303 714 4342 vero
749 4287 1066 4343 litteralem
1083 4289 1157 4344 ad
1188 4289 1520 4345 faciendam
1538 4291 1717 4346 fidem
1741 4291 2077 4348 divinorum

417 4376 762 4448 dogmatum
794 4377 987 4432 solum
1021 4379 1188 4450 sequi
1222 4396 1284 4434 se
1316 4380 1648 4451 proﬁtetur,
1679 4386 1790 4437 cat.
1820 4383 1980 4449 13,n.
2006 4386 2076 4456 9;

419 4470 483 4525 in
513 4468 899 4540 allegoricum
935 4474 1133 4526 tamen
1167 4478 1224 4527 et
1253 4473 1572 4543 mysticum
1596 4473 1732 4530 data
1763 4475 2077 4531 occasione

417 4574 539 4614 non
572 4558 788 4613 invitus
812 4561 1090 4614 excurrit.
1126 4562 1268 4617 Vide
1296 4563 1452 4617 inter
1473 4562 1602 4620 loca
1625 4564 1942 4621 innumera
1963 4571 2074 4621 cat.

2164 1961 2512 2026 sequantur,
2535 1955 2861 2011 concedere
2881 1972 2979 2011 eos
2993 1959 3265 2027 oportere
3281 1952 3793 2016 convincit.Quam-

2162 2045 2367 2101 obrem
2401 2045 2474 2100 ad
2500 2045 2895 2101 refellendum
2928 2044 3224 2100 idolorum
3256 2043 3487 2100 cultum
3519 2047 3628 2097 cat.
3659 2043 3709 2106 6,
3743 2053 3795 2092 ιι.

2165 2140 2230 2192 10
2264 2142 2323 2191 et
2352 2139 2436 2203 11,
2487 2136 2631 2190 satis
2681 2135 2859 2190 habet
2907 2150 3113 2190 eorum
3163 2133 3520 2200 cultoribus,
3571 2129 3792 2185 deorum

2164 2244 2314 2298 quos
2345 2226 2671 2282 adorabant
2701 2225 2917 2298 probra
2945 2230 3003 2280 et
3031 2224 3174 2280 vitia
3203 2238 3540 2279 recensere.
3573 2215 3793 2285 Quando

2165 2323 2363 2374 autem
2389 2316 2725 2372 Christiano
2756 2315 2828 2370 de
2859 2330 3032 2369 cruce
3064 2318 3272 2369 contra
3311 2310 3586 2368 inﬁdeles
3617 2307 3794 2378 dispu-

2169 2415 2292 2464 tare
2323 2407 2656 2478 contigerit,
2687 2411 2893 2461 monet
2920 2409 2985 2460 ut
3014 2403 3180 2476 prius
3211 2419 3400 2459 manu
3431 2402 3657 2474 signum
3679 2411 3792 2452 cru-

2169 2500 2252 2554 cis
2285 2499 2524 2564 efﬁciat,
2560 2503 2617 2551 et
2645 2512 2781 2551 eum
2813 2495 2915 2567 qui
2946 2499 3154 2549 contra
3175 2493 3391 2548 nititur
3419 2491 3491 2548 ad
3525 2486 3799 2544 silentium

2170 2589 2475 2644 redactum
2501 2586 2572 2641 iri
2603 2586 2939 2658 pollicetur,
2975 2589 3090 2640 cat.
3120 2583 3210 2652 13,
3238 2599 3299 2638 ιι.
3336 2585 3424 2637 22.
3459 2577 3619 2647 Quod
3649 2576 3692 2632 si
3720 2589 3802 2629 ar-

2170 2684 2451 2752 gumenta
2482 2675 2758 2748 imperito
2785 2674 3104 2742 defuerint,
3137 2689 3211 2728 ne
3244 2678 3562 2745 propterea
3591 2670 3802 2723 contur-

2172 2767 2367 2830 betur,
2400 2764 2500 2820 sed
2535 2764 2845 2819 immotam
2898 2762 3075 2818 fidem
3108 2766 3438 2817 conservet.
3483 2757 3626 2814 lbld.
3658 2767 3799 2809 num.

2173 2859 2262 2924 37,
2294 2853 2704 2921 Samaritanis,
2738 2852 2837 2924 qui
2867 2851 3056 2907 solam
3088 2852 3261 2906 Mosis
3292 2851 3487 2924 legem
3519 2843 3804 2916 recipiunt,

2174 2946 2396 3001 librum
2427 2945 2587 2999 hunc
2617 2959 2804 2999 unum
2837 2940 3240 3014 objiciendum
3265 2945 3476 2996 monet
3502 2942 3609 2994 cat.
3645 2936 3725 2994 18,
3753 2946 3802 2984 ιι.

2178 3039 2276 3104 11;
2322 3035 2555 3092 Judaos
2586 3050 2724 3088 vero
2757 3032 2857 3103 qui
2905 3048 3080 3088 omne
3125 3032 3598 3087 Instrumentum
3653 3024 3805 3076 Vetus

2175 3133 2525 3203 agnoscunt,
2556 3144 2625 3183 ex
2669 3125 2948 3182 omnibus
2979 3126 3109 3198 ejus
3140 3123 3310 3179 libris
3362 3121 3672 3195 oppugnat.
3701 3109 3805 3167 Illis

2179 3219 2537 3292 quandoque
2555 3218 2804 3290 opponit
2823 3215 3227 3288 apostolorum
3245 3213 3562 3284 gentilium
3589 3215 3802 3263 suorum

2179 3310 2591 3366 testimonium
2606 3307 2909 3380 etlongam
2927 3297 3807 3378 quindecimHierosolymitano-

2179 3417 2312 3455 rum
2343 3399 2760 3471 episcoporum
2794 3414 2864 3451 ex
2896 3394 3158 3450 Hebrais
3199 3400 3578 3467 sumptorum
3600 3385 3805 3471 seriem.

2181 3494 2292 3546 cat.
2332 3465 2416 3556 11,
2445 3505 2506 3543 ιι.
2544 3465 2627 3544 15.
2651 3486 2818 3542 Pauli
2843 3486 2907 3540 in
2929 3485 3137 3557 primis
3168 3483 3311 3539 olim
3341 3465 3807 3557 persecutoris,ab

2180 3581 2310 3652 ipsa
2339 3577 2586 3634 veritate
2617 3593 2748 3632 sero
2780 3574 2980 3645 agnita
3029 3589 3384 3647 expressum
3435 3562 3809 3652 testimonium

2181 3647 2371 3739 urget,
2401 3672 2514 3722 cat.
2551 3669 2636 3734 10,
2671 3682 2730 3720 ιι.
2781 3665 2867 3732 17,
2904 3665 2990 3733 18,
3024 3666 3110 3730 19,
3143 3667 3203 3718 et
3247 3666 3370 3720 cat.
3420 3661 3505 3715 14.
3550 3674 3607 3712 ιι.
3632 3655 3713 3706 21.
3737 3647 3813 3742 Ja-

2183 3757 2314 3813 cobi
2346 3772 2583 3828 quoque
2615 3753 2793 3827 primi
2824 3752 3379 3825 Hierosolymorum
3404 3743 3655 3822 episcopi
3679 3740 3813 3794 testi-

2181 3848 2445 3904 monium
2457 3844 2753 3918 pracipue
2769 3859 2905 3915 erga
2918 3837 3684 3912 ﬂdelesllierosolymitauos
3695 3838 3822 3883 com-

2186 3937 2448 4000 mendat,
2483 3941 2593 3992 cat.
2628 3937 2682 4002 4,
2716 3951 2774 3988 ιι.
2797 3935 2884 3999 28,
2919 3933 3137 4001 cat.14,
3171 3948 3231 3986 ιι.
3265 3926 3816 3993 21.1udaisql10‘lue

2186 4025 2615 4098 deplorabilem
2636 4022 2843 4096 objicit
2865 4039 2986 4078 sua
3009 4020 3357 4093 reipublica
3382 4003 3812 4099 statum,cat.1?,

2188 4096 2373 4179 n._1'7,
2398 4131 2464 4170 ac
2498 4113 2712 4170 veteris
2743 4113 2833 4167 sui
2867 4110 3073 4183 templi
3102 4111 3430 4166 secundum
3455 4099 3659 4163 Christi
3689 4096 3813 4188 vati-

2187 4206 2414 4262 cinium
2441 4203 2701 4268 ruinam,
2759 4207 2871 4258 cat.
2916 4202 3006 4270 10,
3039 4217 3098 4255 ιι.
3134 4201 3221 4254 11.
3271 4201 3413 4256 Tam
3445 4211 3577 4251 vero
3623 4184 3814 4245 Judwis

2189 4312 2368 4368 quam
2399 4293 2722 4367 gentilibus
2752 4291 3104 4346 Christiana
3135 4289 3445 4363 religionis
3479 4270 3816 4341 demonstrat

2189 4387 2517 4453 veritatem,
2552 4401 2621 4441 ex
2653 4383 2868 4440 Christi
2900 4383 3064 4440 cultu
3094 4389 3154 4438 et
3181 4383 3426 4438 nomine
3459 4383 3643 4435 totum
3671 4369 3726 4462 in
3745 4376 3819 4462 (ξτ-

2188 4478 2325 4533 hem
2357 4480 2702 4550 propagato,
2730 4479 2843 4530 cat.
2880 4478 2967 4545 10,
3001 4491 3061 4530 ιι.
3115 4476 3203 4541 16,
3236 4489 3307 4528 ex
3356 4467 3626 4545 gentibus
3670 4456 3816 4512 feris-

2191 4569 2359 4625 simis
2387 4568 2517 4641 ejus
2548 4566 2837 4639 religione
2870 4564 3315 4632 mansuefactis,
3360 4568 3420 4619 et
3444 4574 3558 4633 quo
3589 4569 3653 4610 eo
3682 4556 3818 4641 molj'

423 4651 512 4719 13,
546 4666 604 4704 ιι.
642 4650 708 4704 18
739 4654 798 4703 et
825 4652 887 4703 21
919 4667 931 4717 ;
967 4655 1077 4706 cat.
1117 4652 1204 4720 14,
1237 4670 1296 4708 ιι.
1331 4655 1362 4706 8
1395 4659 1452 4708 et
1486 4655 1544 4708 11
1580 4673 1592 4721 ;
1626 4661 1740 4711 cat.
1778 4659 1866 4726 17,
1897 4672 1958 4712 ιι.
1994 4656 2060 4710 10

2194 4664 2313 4715 tem
2336 4634 2616 4732 oppetere
2647 4634 2768 4713 non
2789 4654 3220 4722 dubitantibus,
3255 4659 3368 4710 cat.
3405 4654 3493 4715 10,
3524 4665 3580 4702 ιι.
3612 4643 3691 4732 19,
3721 4634 3817 4728 σεξ·

419 4738 532 4793 Sed
566 4738 625 4793 id
657 4739 902 4811 majoris
933 4740 1379 4811 declarationis,
1415 4761 1537 4799 non
1571 4746 1904 4818 argumenti
1938 4763 2078 4818 pro-

417 4828 598 4884 bandi
620 4830 827 4902 gratia.
862 4830 1259 4904 Allegoricum
1279 4839 1336 4888 ct
1366 4833 1654 4889 moralem
1679 4835 2081 4891 sensumlibe-

417 4919 544 4974 rius
574 4919 820 4974 adhibet
847 4920 908 4975 in
938 4921 1187 4977 homilia
1236 4922 1298 4977 in
1343 4924 1738 4995 paralyticum,
1796 4941 1973 4996 quam
2005 4925 2078 4980 ab

421 5009 549 5079 ipso
573 5009 818 5080 juniore
853 5011 1071 5066 dictam
1103 5017 1268 5083 puto,
1304 5028 1366 5066 se
1418 5029 1655 5083 quoque
1703 5015 1765 5069 in
1816 5015 2080 5071 homiliis

425 5097 538 5152 hoc
567 5099 880 5169 Scriptura
911 5101 1237 5173 alleganda
1269 5118 1483 5174 genere
1514 5103 1890 5160 familiariter
1905 5122 2081 5162 usum

424 5186 652 5241 indicat
681 5194 794 5246 cat.
835 5191 916 5255 13,
953 5207 1010 5246 ιι.
1041 5195 1095 5259 9,
1131 5208 1247 5262 quo
1280 5192 1338 5246 in
1372 5192 1502 5247 loco
1535 5193 1712 5249 aliam
1758 5195 2081 5251 tractanda

425 5275 745 5348 Scriptura
778 5278 1071 5333 rationem
1093 5283 1372 5351 praesenti
1396 5289 1744 5356 argumento
1766 5285 2083 5341 convenire

425 5365 616 5421 docet.
650 5366 1096 5423 Condonabitur
1116 5369 1204 5424 illi
1225 5371 1420 5440 facile,
1451 5373 1508 5428 id
1529 5375 1686 5444 quod
1708 5391 1915 5431 eorum
1935 5381 2086 5430 tem-

424 5471 635 5526 porum
667 5457 1036 5512 consuetudo
1069 5476 1189 5515 non
1223 5461 1490 5518 solemne
1524 5462 1888 5520 duntaxat-et
1909 5465 2090 5520 usita-

423 5548 575 5614 tum,
611 5547 714 5602 sed
746 5552 805 5603 et
835 5547 1136 5604 laudabile
1167 5549 1485 5607 efficiebat.

2195 4752 2282 4816 13,
2315 4729 2500 4818 11:40,
2533 4765 2602 4804 ex
2632 4746 2848 4802 Christi
2885 4741 3273 4801 invocationis
3305 4746 3365 4798 et
3395 4736 3584 4796 crucis
3613 4729 3731 4818 eius
3752 4735 3818 4818 εξ·

2189 4807 2289 4912 8ηαί
2316 4807 2529 4894 virtute
2557 4839 2616 4893 in
2643 4835 2974 4910 effugandis
3007 4807 3824 4912 damonibus,morbisdeI{ﬁl:

2189 4898 2404 4996 lendis,
2441 4898 2797 4982 evertendisv
2823 4924 3029 4997 magia
3069 4921 3399 4989 fraudibus,
3449 4912 3589 4971 ibid.
3623 4910 3676 4962 et
3705 4898 3820 5002 ξιίίξ

2191 5019 2416 5092 passim
2464 5017 2524 5072 in
2573 5016 2742 5072 locis.
2795 5015 3114 5070 Hareticos
3164 5011 3404 5068 tandem
3447 5023 3515 5062 ex
3569 4989 3820 5092 omnibps

2191 5088 2505 5178 utriusque
2517 5107 2827 5161 Testamen
2837 5105 2878 5159 ti
2893 5103 3209 5177 Scripturis
3233 5090 3678 5178 diligentissimi?
3695 5088 3817 5178 αξη·

2193 5199 2344 5253 futat
2368 5214 2382 5263 ;
2409 5169 2742 5266 aliquando
2773 5211 2844 5249 ex
2875 5193 3003 5266 ipso
3020 5169 3328 5249 naturalis
3348 5169 3608 5272 luminis

2196 5293 2254 5343 et
2281 5285 2492 5343 validis
2516 5283 3073 5340 ratiocinationibus
3097 5301 3110 5350 ;
3153 5279 3453 5336 interdum
3481 5269 3603 5328 sola
3622 5258 3820 5318 ridicu-

2195 5376 2389 5431 lorum
2421 5380 2480 5430 et
2509 5373 2830 5446 impiorum
2862 5373 3204 5445 dogmatum
3231 5363 3594 5442 expositione
3615 5369 3630 5446 ξ
3645 5353 3820 5446 ξιιιαξ·

2197 5429 2390 5538 doque
2415 5429 2486 5520 ab
2511 5429 2640 5536 ipsa
2662 5479 2866 5519 eorum
2889 5429 3168 5529 novitate,
3192 5465 3258 5514 ut
3289 5429 3403 5514 cat.
3441 5455 3494 5517 6,
3517 5465 3574 5539 lt-
3607 5441 3690 5539 29v
3720 5429 3820 5539 cf}:

2199 5517 2386 5625 {El—1:
2777 5517 2990 5610 hac
3020 5551 3110 5608 vel
3141 5517 3260 5607 una
3289 5545 3517 5604 ratione
3537 5517 3823 5605 fugiendos
