4052 6424
246 367 345 430 165

1691 369 2213 436 DISSERTATIO
2251 379 2329 440 II.

3604 391 3720 454 166

237 500 647 566 demonstrat,
684 501 876 573 quod
911 503 1200 559 Ecclesiae
1232 504 1494 577 quamvis
1526 520 1747 561 nomen
1787 522 1956 562 usur-

2079 511 2322 569 absolvit
2348 517 2542 574 verbis
2572 519 2634 575 in
2667 521 2787 577 ﬁne
2815 523 3052 579 numeri
3083 523 3378 596 ascriptis,
3409 526 3570 578 τοῦτο
3623 524 3718 597 μὲν

243 598 388 666 pent,
420 591 933 649 Catholicorum
959 594 1164 650 lamen
1189 596 1426 651 nomine
1456 597 1558 651 uni
1580 613 1731 652 verm
1755 597 1958 652 Eccle-

247 684 339 738 siae
366 681 630 754 proprio
667 680 1136 753 destituantur,
1183 691 1293 740 cat.
1342 688 1426 754 18,
1461 703 1521 740 n.
1570 687 1660 742 26.
1706 686 1851 742 Cum
1885 687 1958 740 de

257 771 504 828 moribus
539 772 683 844 agit
713 773 1026 845 Cyrillus,
1061 781 1130 830 ut
1174 776 1234 831 in
1265 777 1669 847 procatechesi
1720 781 1778 832 et
1806 782 1961 832 cate-

261 862 406 916 chesi
438 861 672 932 prima,
711 862 980 918 nullum
1009 881 1162 936 pene
1206 871 1431 920 certum
1481 866 1756 921 ordinem
1788 866 1956 938 sequi

260 952 506 1017 videtur;
539 951 661 1006 sed
693 953 893 1008 utilia
911 955 990 1009 ad
1023 955 1275 1010 salutem
1298 957 1543 1024 monita,
1567 961 1740 1028 prout
1755 957 1957 1012 animo

251 1048 592 1110 occurrunt,
631 1042 1309 1117 andientibusingerit.
1343 1047 1559 1117 Fugam
1592 1062 1957 1118 paganarum

253 1138 306 1187 et
327 1131 744 1188 Judaicarum
804 1135 1327 1206 superstitionum,
1382 1137 1858 1208 spectaculorum
1901 1141 1959 1191 et

252 1221 535 1278 ludorum
569 1223 963 1295 gravissime
995 1225 1288 1292 inculcat;
1322 1226 1560 1282 vitanda
1576 1243 1711 1281 cum
1727 1227 1960 1281 haereti-

246 1314 376 1368 ticis
435 1314 849 1370 commercia
909 1315 1277 1386 praescribit;
1339 1317 1626 1372 orationis
1666 1316 1953 1384 studium,

244 1404 518 1476 corporis
552 1405 1066 1478 castigationem,
1098 1405 1335 1460 utilium
1358 1406 1643 1477 [CXXXII]
1665 1406 1956 1461 librorum

243 1511 310 1550 ac
341 1494 624 1550 maxime
662 1512 872 1550 sacrae
887 1495 1201 1567 Scripturae
1224 1496 1562 1568 lectionem,
1588 1513 1952 1566 successum,

246 1586 466 1641 Christi
503 1591 1059 1641 sacramentorum
1091 1587 1503 1654 reverentiam,
1547 1604 1762 1660 magno
1803 1605 1958 1644 com-

243 1675 495 1730 mendat
529 1677 804 1730 affectu.
829 1676 1196 1749 Virginitatis
1213 1683 1271 1731 et
1286 1679 1629 1733 monasticae
1662 1679 1799 1733 vitae
1825 1695 1958 1750 pro-

243 1766 521 1836 positum
550 1767 841 1821 summis
874 1766 1152 1822 laudibus
1185 1767 1451 1835 extollit;
1485 1773 1662 1839 atque
1685 1769 1810 1824 haec
1832 1785 1955 1823 om-

2069 599 2160 653 οὖν
2195 601 2298 660 σοί.
2332 608 2799 667 Parenthesibus
2829 614 3054 669 crebris
3083 614 3318 687 gaudet,
3367 615 3559 686 iisque
3608 615 3721 670 alio

2069 694 2307 762 quando
2336 699 2602 767 prolixis.
2635 702 2973 774 Digreditur
2993 721 3113 759 nou
3139 722 3291 773 raro,
3323 705 3426 760 sed
3457 705 3722 777 legitima

2068 779 2422 854 plerumque
2445 786 2645 844 oblata
2661 793 2991 848 occasione.
3018 792 3279 847 Habetur
3307 793 3370 847 in
3393 794 3522 865 ejus
3539 794 3610 848 ad
3629 810 3723 864 pa-

2070 871 2372 942 rulyticum
2404 876 2652 935 homilia
2683 880 2968 953 digressio
3000 884 3305 954 prolixior,
3331 883 3393 938 in
3424 900 3542 954 qua
3569 899 3720 955 pene

2070 960 2288 1018 oblitus
2321 969 2612 1038 propositi
2644 971 2731 1026 sui
2784 972 3067 1028 videatur.
3111 973 3624 1028 Translationibus
3663 980 3724 1028 et

2069 1054 2616 1121 comparationibus
2664 1059 2854 1113 utitur
2894 1061 3266 1131 parcissime,
3300 1066 3364 1114 ut
3412 1060 3623 1131 Syrum
3654 1076 3721 1116 ac

2067 1139 2454 1200 Palzestinum
2485 1147 2578 1202 vix
2607 1164 2912 1219 agnoscas.

2137 1232 2226 1284 40.
2250 1233 2389 1297 Quae
2412 1235 2472 1290 in
2494 1238 2712 1308 Cyrillo
2737 1240 3034 1295 sermonis
3056 1240 3196 1296 vitia
3241 1241 3437 1296 notavi
3478 1257 3720 1296 causam

2065 1317 2218 1375 hanc
2250 1323 2470 1379 habere
2500 1334 2770 1398 possunt,
2805 1330 2964 1400 quod
2986 1346 3107 1385 non
3137 1336 3274 1386 ante
3297 1331 3515 1402 scripto
3535 1331 3723 1403 diges-

2067 1411 2228 1477 serit,
2255 1413 2358 1468 sed
2381 1430 2450 1470 ex
2471 1420 2740 1489 tempore
2759 1419 2980 1474 fuderit
3007 1421 3368 1476 catecheses.
3408 1422 3595 1493 Hujus
3633 1421 3721 1475 rei

2067 1499 2246 1556 ﬁdem
2276 1502 2420 1559 facit
2448 1522 2569 1560 non
2602 1507 2797 1564 solum
2818 1515 3024 1565 auctor
3043 1510 3446 1566 adnotationis
3467 1511 3721 1566 chrono-

2065 1588 2272 1662 logicae
2305 1597 2698 1653 catecheseon
2731 1599 2996 1655 indiculo
3031 1600 3334 1672 subjectae,
3369 1601 3470 1671 qui
3499 1615 3598 1656 eas
3648 1598 3720 1654 ab

2066 1697 2167 1737 ore
2200 1683 2455 1740 dicentis
2487 1693 2761 1759 exceptas
2805 1705 2840 1742 a
2888 1688 3171 1744 studiosis
3215 1689 3357 1743 viris
3382 1689 3482 1756 ait,
3517 1703 3723 1742 verum

2065 1772 2244 1828 etiam
2273 1774 2401 1845 ipse
2429 1777 2616 1832 multo
2649 1777 3020 1849 antiquiores
3051 1795 3119 1833 ac
3141 1779 3386 1849 majoris
3407 1777 3724 1834 auctorita-

242 1857 349 1910 nia
369 1862 546 1912 tanto
579 1857 867 1928 Spiritus
897 1857 1124 1912 fervore
1150 1858 1287 1930 agit,
1319 1864 1382 1913 ut
1413 1859 1614 1914 calens
1635 1859 1871 1915 virtutis
1897 1864 1956 1914 et
1984 1885 2032 1952 Β
2064 1861 2140 1916 tis
2161 1866 2550 1922 catecheseon
2571 1868 3016 1938 inscriptiones,
3043 1886 3174 1940 quaa
3195 1868 3512 1940 [CXXXIII]
3548 1867 3719 1922 initio

252 1946 610 2002 divinarum
644 1964 872 2002 rerum
905 1963 1105 2002 amore
1135 1953 1340 2020 pectus
1373 1950 1567 2021 possis
1612 1967 1952 2022 agnoscere.

253 2037 346 2092 En
373 2038 578 2109 qualis
614 2035 742 2092 fuit
776 2037 841 2091 in
873 2037 1139 2092 docendo
1170 2038 1442 2109 Cyrinus.

333 2129 422 2181 39.
458 2129 544 2182 De
579 2126 754 2198 stylo
790 2127 922 2198 ejus
958 2143 1025 2183 ac
1051 2127 1290 2183 dicendi
1320 2129 1551 2184 ratione
1592 2135 1862 2203 superest
1893 2134 1960 2185 ut

268 2215 490 2272 dicam.
521 2217 830 2273 Oratorite
865 2218 1008 2272 artis
1041 2218 1305 2294 magistri
1339 2219 1633 2291 triplicem
1671 2221 1958 2276 orationis

276 2307 536 2378 ﬁguram
555 2307 902 2380 assignant,
925 2324 1179 2380 gravem,
1205 2309 1586 2378 mediocrem,
1607 2315 1664 2364 et
1685 2317 1962 2366 extenua-

280 2403 434 2460 tam,
467 2415 598 2470 qua:
630 2399 930 2453 nimirum
956 2397 1203 2455 dimissa
1224 2405 1314 2455 est
1332 2418 1523 2472 usque
1555 2401 1628 2457 ad
1651 2401 1963 2458 usitatissi-

293 2503 461 2541 mam
483 2490 616 2558 puri
640 2489 1142 2545 consuetudinem
1164 2493 1476 2559 sermonis;
1501 2492 1562 2546 in
1593 2492 1707 2547 hoc
1741 2497 1964 2563 postre-

307 2593 412 2631 mo
446 2593 654 2648 genere
686 2579 886 2651 Cyrilli
919 2585 1191 2636 versatur
1219 2582 1428 2651 oratio,
1464 2599 1582 2653 qua
1621 2582 1856 2637 nullum
1889 2581 1962 2638 ad

311 2667 704 2724 instituendos
717 2669 900 2725 rudes
923 2671 1154 2726 animos
1173 2672 1694 2728 accommodatius.
1728 2675 1853 2727 Non
1867 2673 1963 2727 hic

311 2775 518 2830 graves
538 2761 850 2816 sententiae
870 2761 1078 2832 quales
1093 2762 1153 2816 in
1166 2778 1513 2835 magnarum
1537 2780 1736 2818 rerum
1759 2763 1967 2835 ampli-

301 2848 584 2904 ﬁcatione
608 2850 881 2906 adhiberi
907 2852 1120 2918 solent;
1150 2869 1270 2907 non
1294 2854 1708 2908 exornationes
1732 2859 1967 2908 senten-

291 2937 515 2994 tiarum
541 2941 805 3012 copiosae
829 2958 897 2996 ac
919 2941 1123 3016 ﬁguris
1146 2943 1416 3009 variataa;
1449 2960 1568 2998 non
1593 2943 1966 2998 exclamatio—

292 3045 427 3096 nes,
457 3031 838 3103 apostropha)
872 3037 1202 3103 caeteraque
1234 3033 1520 3089 orationis
1561 3034 1824 3089 lumina:
1860 3032 1966 3088 sed

300 3119 557 3191 simplex
592 3137 659 3176 ac
704 3120 1014 3177 familiaris
1064 3139 1281 3192 sermo,
1331 3123 1543 3190 facilis,
1591 3124 1964 3196 perspicuus,

303 3225 426 3263 non
459 3209 779 3266 obvolutus
809 3229 822 3278 ;
857 3212 958 3267 sed
989 3212 1073 3266 uti
1105 3213 1289 3284 patris
1321 3228 1388 3268 ac
1411 3214 1676 3285 magistri
1711 3213 1868 3268 ﬁlios
1897 3230 1965 3268 ac

297 3298 632 3371 discipulos
658 3300 1004 3369 erudientis;
1030 3308 1095 3357 ut
1112 3308 1310 3358 tamen
1333 3303 1394 3357 in
1417 3303 1650 3358 aridum
1676 3309 1733 3358 et
1754 3320 1968 3358 exsan-

300 3405 415 3460 gue
452 3391 746 3446 orationis
775 3408 959 3464 genus
1011 3409 1317 3464 nunquam
1364 3393 1683 3449 dilabatur.
1736 3396 1880 3449 Nam
1910 3398 1968 3448 et

294 3497 801 3553 unumquemque
833 3482 1030 3538 locum
1061 3500 1166 3555 pro
1199 3485 1284 3539 rei
1327 3484 1611 3556 dignitate
1644 3489 1876 3552 tractat,
1911 3489 1970 3539 et

297 3571 588 3626 varietate
604 3572 901 3627 sermonis
918 3573 1216 3629 interdum
1232 3574 1427 3629 utitur
1442 3591 1562 3629 non
1586 3574 1967 3644 inconcinna,

313 3669 379 3715 ut
410 3662 620 3731 etiam,
647 3662 694 3716 si
728 3661 964 3732 quando
993 3663 1157 3719 locus
1186 3663 1469 3736 postulat,
1493 3664 1701 3737 grandi
1735 3670 1792 3719 et
1813 3664 1968 3720 elato

307 3767 528 3822 genere
563 3753 860 3808 sermonis
889 3759 1110 3810 utatur.
1146 3755 1288 3809 Vide
1330 3772 1460 3825 quae
1510 3755 1572 3809 in
1617 3755 1971 3810 Manichaaos

311 3840 584 3908 detonat,
610 3848 720 3896 cat.
750 3844 800 3911 6,
831 3859 889 3898 n.
915 3844 982 3898 33
1009 3849 1066 3898 et
1087 3847 1172 3899 35.
1199 3844 1479 3900 Brevibus
1529 3845 1699 3918 vulgo
1731 3850 1971 3900 senten-

306 3933 407 3988 tiis
432 3939 706 3988 mentem
739 3951 903 3989 suam
936 3935 1206 4002 includit,
1231 3941 1411 4007 atque
1435 3937 1494 3991 in
1529 3936 1972 4008 compendiario

305 4037 517 4075 rerum
541 4021 909 4092 expositione
929 4023 1183 4078 excellit.
1206 4025 1332 4080 Una
1355 4023 1648 4079 catechesi
1667 4030 1878 4094 quarta
1902 4023 1974 4078 de

307 4110 600 4166 omnibus
636 4110 770 4166 ﬁdei
801 4118 1017 4168 nostraa
1050 4114 1424 4187 dogmatibus
1455 4115 1537 4169 ita
1577 4114 1879 4181 disseruit,
1911 4119 1977 4168 ut

304 4200 376 4255 in
412 4201 524 4255 illa
553 4201 715 4255 brevi
740 4201 1135 4259 declaratione
1167 4205 1620 4276 praetermiserit
1644 4203 1977 4271 nihil,nihil

308 4291 561 4345 obscuri
613 4291 941 4363 reliquerit.
997 4294 1347 4350 Adhortatio
1383 4295 1510 4366 ejus
1569 4293 1703 4366 plus
1763 4293 1967 4349 lenita-

307 4383 387 4437 tis
421 4399 608 4454 qnam
643 4383 1028 4440 vehementiaa
1058 4385 1276 4440 habere
1301 4385 1485 4440 solet:
1519 4384 1700 4440 dictio
1730 4402 1850 4440 non
1881 4401 1974 4441 ve-

306 4480 497 4529 nusta
526 4480 709 4544 atque
741 4474 1180 4549 elegans,atque
1207 4476 1279 4532 ad
1304 4476 1480 4531 Attici
1503 4475 1799 4531 sermonis
1818 4476 1976 4529 nito-

301 4581 432 4620 rem
462 4563 753 4636 expolita:
783 4563 975 4620 facilis
1005 4565 1109 4620 illa
1140 4566 1382 4637 quidem
1413 4582 1480 4621 ac
1510 4566 1825 4638 perspicua
1853 4563 1975 4619 vul-

2064 1954 2362 2026 uujusque
2394 1959 2724 2013 catechesis
2745 1959 2946 2014 ferunt
2966 1955 3371 2032 σχεδιασθεῖσα,
3397 1976 3468 2015 ex
3485 1964 3728 2030 tempore

2058 2048 2821 2118 pronuntiata,quamquam
2845 2048 2905 2102 id
2919 2049 3163 2103 verbum
3177 2049 3239 2103 in
3257 2048 3566 2104 nonnullis
3579 2064 3722 2102 mss.

2065 2131 2250 2192 deest.
2287 2136 2433 2190 Atin
2452 2136 2597 2208 ipsis
2610 2138 3022 2193 catechesibus
3045 2155 3164 2193 non
3187 2155 3375 2210 pauca
3394 2138 3724 2210 deprehen-

2068 2224 2173 2280 das
2222 2229 2642 2299 extemporalis
2688 2230 2977 2284 orationis
3023 2229 3263 2285 indicia.
3317 2229 3582 2284 Primum
3615 2234 3724 2296 est,

2068 2317 2451 2387 perturbatus
2470 2319 2823 2390 plerumque
2845 2319 2990 2374 ordo
3014 2319 3276 2375 dicendi.
3300 2321 3449 2374 Dum
3472 2317 3726 2390 symboli

2068 2406 2382 2463 verborum
2405 2413 2505 2463 aut
2519 2408 2862 2481 dogmatum
2877 2409 2966 2464 vel
2985 2415 3319 2482 temporum
3335 2409 3725 2475 continuatio,

2068 2496 2159 2550 vel
2192 2496 2628 2568 Scripturarum
2663 2516 2810 2570 quas
2835 2514 3128 2566 recenset,
3157 2504 3259 2555 aut
3293 2498 3728 2554 ecclesiastica-

2068 2602 2202 2640 rum
2229 2588 2721 2643 caeremoniarum
2744 2589 3233 2660 explicandarum
3253 2585 3729 2656 series,orationi

2071 2673 2390 2742 quemdam
2423 2675 2667 2730 modum
2699 2681 2758 2731 et
2806 2677 3079 2732 ordinem
3125 2676 3552 2748 praeﬁgebant;
3587 2674 3730 2729 satis

2072 2762 2353 2818 distincta
2375 2769 2433 2819 et
2452 2765 2727 2820 ordinata
2757 2767 2944 2822 oratio
2966 2772 3074 2822 est.
3110 2769 3186 2821 At
3216 2766 3316 2821 ubi
3340 2766 3452 2820 hoc
3472 2765 3731 2836 dirigen-

2073 2852 2162 2907 dae
2181 2853 2468 2908 orationis
2483 2854 2748 2909 subsidio
2771 2855 3543 2928 deﬁciebatur,plerumque
3566 2853 3731 2908 nullo

2073 2949 2302 2998 servato
2333 2943 2545 3000 ordine
2574 2947 2855 3016 excurrit,
2888 2951 3067 3018 prout
3086 2946 3274 3001 menti
3311 2963 3373 3000 se
3405 2944 3736 2999 offerebant

2073 3035 2501 3105 praemeditata
2533 3052 2650 3103 res,
2684 3053 3176 3108 unamquamque
3220 3034 3638 3108 pronuntians.
3671 3033 3736 3087 Id

2074 3125 2334 3180 maxime
2386 3125 2649 3197 reperias
2707 3126 2768 3181 in
2829 3127 3145 3195 catechesi,
3206 3124 3734 3195 catechesibusque

2076 3217 2290 3288 prima,
2323 3217 2517 3283 tertia,
2553 3217 2779 3288 quinta.
2814 3217 2976 3273 Idem
3009 3233 3246 3289 quoque
3277 3217 3340 3272 in
3365 3213 3736 3288 singularum

2079 3305 2368 3360 orationis
2401 3307 2732 3361 sectionum
2796 3308 3147 3362 tractatione
3197 3307 3509 3362 observare
3553 3304 3734 3370 licet;

2077 3394 2368 3450 ordinatae
2410 3395 2570 3449 enim
2609 3412 2678 3449 ex
2730 3396 2920 3451 verbis
2953 3395 3208 3467 symboli
3233 3396 3562 3460 sectiones;
3593 3397 3653 3448 at
3682 3391 3745 3447 in

2081 3486 2210 3556 ipsa
2241 3485 2504 3540 sectione
2535 3485 2739 3540 nullus
2768 3486 2892 3541 fere
2924 3486 3227 3542 interdum
3250 3486 3416 3541 ordo.
3456 3484 3603 3538 Hinc
3625 3497 3748 3537 cre-

2080 3575 2200 3629 bra)
2232 3592 2353 3630 non
2389 3581 2618 3630 tantum
2648 3576 2710 3630 in
2743 3576 2992 3632 diversis
3024 3575 3456 3643 catechesibus,
3477 3573 3580 3630 sed
3604 3577 3662 3627 et
3682 3571 3743 3626 in

2079 3679 2200 3718 una
2230 3669 2289 3719 et
2319 3663 2551 3732 eadem,
2585 3664 2856 3735 ejusdem
2887 3666 2973 3719 rei
3007 3665 3343 3736 iisdemque
3376 3679 3534 3733 saepe
3549 3659 3743 3716 verbis

2081 3753 2470 3824 repetitiones
2497 3771 2510 3818 ;
2545 3754 2764 3809 multas
2787 3755 2860 3809 ad
2891 3755 3222 3827 marginem
3247 3759 3438 3808 textus
3461 3748 3738 3804 indicavi.

2084 3841 2226 3896 Vide
2252 3843 2584 3913 praesertim
2604 3859 2781 3912 quam
2806 3860 2962 3914 saepe
2983 3843 3054 3897 ad
3084 3843 3242 3897 idem
3261 3841 3742 3910 reditargumen-

2082 3936 2210 3986 tum
2233 3938 2346 3987 cat.
2372 3933 2458 4000 11,
2487 3931 2559 3986 de
2590 3932 2720 3987 Filii
2755 3938 2997 4000 interna,
3032 3927 3646 4003 incomprehensibili,
3683 3931 3744 3981 et

2085 4022 2268 4077 nullis
2289 4022 2568 4077 humana:
2595 4023 2996 4094 generationis
3018 4021 3346 4078 defectibus
3368 4017 3747 4075 obnoxiana-

2089 4112 2341 4177 tivitate;
2367 4117 2426 4166 et
2450 4116 2563 4167 cat.
2591 4115 2676 4181 16,
2700 4117 2758 4167 et
2782 4115 2868 4178 17,
2903 4112 2975 4167 de
2997 4129 3116 4168 uno
3139 4117 3198 4167 et
3219 4110 3468 4166 indiviso
3502 4105 3744 4178 Spiritu,

2087 4201 2418 4272 eodemque
2438 4203 2757 4273 separatim
2773 4201 3156 4258 subsistente.
3179 4200 3449 4257 Secundo
3462 4215 3551 4267 ,ea
3567 4213 3753 4268 quan-

2087 4292 2280 4362 doque
2315 4309 2374 4346 se
2408 4291 2628 4347 dixisse
2662 4292 2724 4346 in
2775 4293 3187 4348 catechesibus
3218 4293 3320 4360 ait,
3372 4307 3504 4362 quae
3547 4293 3747 4343 tamen

2086 4383 2149 4437 in
2172 4382 2648 4454 praecedentibus
2678 4381 2901 4438 frustra
2930 4382 3260 4454 quaesieris,
3295 4381 3388 4435 Sic
3419 4383 3531 4435 cat.
3562 4379 3647 4445 14,
3682 4392 3742 4430 n.

2087 4477 2139 4540 3,
2183 4491 2245 4528 se
2293 4474 2355 4528 in
2410 4474 2705 4545 superiori
2760 4490 3034 4529 sermone
3092 4473 3363 4530 attulisse
3420 4470 3504 4526 ait
3546 4469 3744 4524 locum

2087 4563 2253 4618 Isaiae
2284 4580 2297 4629 ;
2330 4563 2449 4616 Erit
2483 4561 2543 4617 in
2589 4578 2722 4634 pace
2760 4564 3047 4635 sepultura
3096 4565 3237 4636 ejus,
3286 4561 3387 4633 qui
3436 4566 3634 4614 tamen
3685 4557 3747 4611 in

300 4670 414 4726 go;
451 4654 561 4710 sed
593 4653 727 4709 sine
759 4655 944 4710 multo
977 4655 1291 4711 verborum
1340 4655 1597 4724 delectu,
1648 4661 1749 4710 aut
1775 4655 1976 4726 exqui-
2009 4645 2058 4711 D
2088 4657 2199 4708 cat.
2234 4652 2298 4706 13
2330 4668 2450 4706 non
2499 4653 2778 4708 occurrit.
2826 4655 2973 4709 Item
3027 4659 3141 4710 cat.
3176 4657 3263 4718 17,
3296 4669 3357 4707 n.
3411 4654 3462 4718 5,
3497 4653 3751 4704 testatur

301 4745 419 4800 sito
452 4745 934 4802 constructionis
956 4763 1116 4809 cura,
1141 4747 1224 4801 ita
1245 4752 1310 4802 ut
1333 4746 1690 4818 improprias
1710 4745 1978 4816 quando-

303 4854 444 4909 que,
479 4842 589 4892 aut
621 4835 836 4891 saltem
864 4835 1186 4909 improprie
1217 4841 1589 4893 constructas
1623 4853 1790 4891 voces
1812 4837 1980 4892 adhi-

303 4926 461 4983 beat.
497 4926 734 4984 Eodem
783 4925 959 4980 verbo
1009 4943 1164 4998 saepe
1204 4926 1435 4982 diverso
1489 4943 1667 4981 sensu
1703 4926 1890 4981 utitur
1919 4927 1982 4982 in

307 5019 481 5074 variis
516 5017 674 5074 locis
732 5016 960 5088 Longas
993 5033 1113 5070 non
1145 5033 1276 5071 raro
1304 5022 1481 5088 atque
1515 5015 1835 5087 implicitas
1874 5033 1981 5089 pe-

305 5109 503 5166 riodos
538 5108 772 5174 habet;
809 5123 920 5162 nec
953 5106 1088 5162 aliis
1136 5107 1257 5162 fere
1306 5112 1538 5162 constat
1568 5107 1696 5178 ejus
1736 5107 1810 5162 ad
1841 5107 1984 5163 Con-

303 5202 588 5257 stantium
620 5196 911 5271 epistola.
953 5195 1178 5252 Pendet
1225 5196 1546 5268 aliquando
1592 5197 1978 5265 constructio,

301 5290 573 5350 inchoata
607 5307 733 5348 nec
759 5286 1041 5345 absoluta
1088 5288 1354 5359 periodo,
1406 5287 1566 5343 verbi
1611 5287 1818 5360 gratia,
1853 5293 1970 5344 cat.

295 5382 373 5454 20,
396 5404 457 5442 n.
476 5388 534 5457 6,
565 5381 781 5440 verbis
807 5370 1049 5452 ἆκριϐῶς
1078 5373 1300 5430 εἷ’δότων
1334 5378 1492 5449 ἡμῶν
1546 5377 1817 5432 absoluto
1840 5393 1980 5434 casu

290 5479 492 5549 positis
521 5474 694 5534 nihil
728 5474 954 5545 postea
987 5467 1326 5540 respondet.
1359 5467 1523 5522 Idem
1549 5467 1673 5522 fere
1706 5466 1980 5523 observes

285 5570 444 5642 epist.
497 5568 582 5627 ad
619 5561 960 5622 Constant.
1020 5573 1078 5611 n.
1123 5560 1174 5626 5,
1221 5556 1415 5612 simile
1457 5555 1764 5629 quidpiam
1796 5557 1980 5613 habes

274 5670 377 5720 cat.
411 5666 467 5731 δ’
504 5675 697 5717 num,
746 5654 810 5721 9,
848 5647 954 5703 ubi
1000 5647 1192 5720 posito
1237 5643 1354 5700 ἐπεὶ
1401 5645 1492 5700 οὗν
1542 5647 1712 5703 initio
1745 5649 1980 5704 numeri

268 5756 452 5814 multa
488 5742 846 5810 discurrit,
885 5737 1124 5793 tandem
1146 5737 1252 5794 diu
1273 5755 1625 5810 suspensam
1647 5737 1981 5797 orationem

2093 4759 2154 4797 se
2187 4743 2247 4796 in
2280 4741 2641 4812 praecedenti
2673 4744 2968 4800 catechesi
3000 4744 3200 4799 locum
3231 4741 3376 4812 psal.
3414 4758 3446 4794 L
3487 4739 3748 4809 allegas-

2093 4848 2175 4899 se,
2208 4831 2432 4900 Spiritu
2473 4833 2779 4903 principali
2824 4835 3088 4903 couﬁrma
3145 4848 3249 4899 me,
3310 4829 3412 4900 qui
3447 4841 3748 4896 nusquam

2090 4921 2214 4976 illic
2246 4921 2560 4992 reperitur.
2596 4923 2729 4977 Haec
2761 4923 3048 4978 nimirum
3080 4922 3277 4977 dicere
3301 4915 3748 4990 praemeditatus

2092 5016 2237 5078 erat,
2271 5029 2402 5082 qum
2434 5011 2639 5067 dicens
2680 5029 2749 5067 ex
2781 5018 3046 5084 tempore
3094 5007 3495 5083 praetermisit,
3544 5021 3655 5060 nec
3689 5019 3752 5059 se

2093 5101 2346 5156 oblitum
2379 5107 2589 5172 postea
2620 5102 2995 5158 existimavit.
3027 5101 3286 5156 Tertium
3327 5093 3751 5169 extemporalis

2091 5191 2378 5247 orationis
2410 5197 2820 5264 argumentum
2859 5197 2969 5258 est,
3001 5190 3277 5263 allegatio
3311 5188 3751 5260 Scripturarum

2092 5282 2435 5354 indiligens,
2459 5283 2757 5353 uniusque
2773 5289 2831 5338 et
2848 5283 3117 5354 ejusdem
3137 5280 3464 5338 testimonii
3482 5279 3545 5334 in
3565 5277 3756 5333 diver-

2092 5374 2172 5430 sis
2203 5373 2352 5428 locis
2401 5374 2671 5428 recitatio
2726 5374 2976 5429 diversa.
3030 5373 3123 5429 Sic
3168 5378 3280 5430 cat.
3315 5373 3368 5440 1,
3413 5389 3473 5427 n.
3520 5373 3573 5436 2,
3608 5367 3756 5439 legit

2092 5464 2249 5537 apud
2279 5465 2534 5520 Paulum
2573 5465 2892 5536 Ephes.1v,
2942 5468 3031 5535 22,
3077 5462 3434 5543 φθειρόμενον
3474 5457 3611 5515 κατὰ
3652 5462 3749 5519 τᾶς

2095 5553 2410 5627 ἐπιθυμίας,
2454 5560 2512 5611 et
2543 5560 2654 5612 cat.
2712 5556 2801 5625 20,
2844 5573 3010 5614 num.
3062 5559 3116 5624 2,
3168 5554 3218 5609 ἐν
3250 5557 3369 5615 ταῖς
3415 5546 3752 5622 ἐπιθυμίαις.

2093 5646 2402 5705 Danielem
2433 5645 2608 5702 aliter
2634 5646 2778 5703 citat
2799 5652 2911 5704 cat.
2938 5650 2990 5715 4,
3021 5665 3080 5704 n.
3114 5648 3202 5716 31,
3227 5662 3294 5703 ac
3324 5648 3437 5700 cat.
3465 5643 3549 5709 18,
3584 5655 3751 5706 num,

2097 5743 2182 5796 15.
2216 5736 2408 5794 Verba
2439 5736 2681 5810 Christi,
2732 5738 2852 5795 Nisi
2894 5740 3018 5810 quis
3051 5743 3276 5796 renatus
3316 5734 3488 5806 fuerit
3514 5747 3584 5787 ea:
3612 5743 3758 5799 aqua
