4052 6410
454 375 570 437 167

1631 372 1736 432 DE
1780 365 2186 430 DOCTRINA
2227 368 2294 427 S.
2339 366 2683 431 CYRILLI.

3717 375 3813 438 168

447 510 502 564 ct
532 505 743 576 Spiritu
770 509 959 562 sancto
987 506 1176 578 (Joan.
1205 522 1288 573 ιιι,
1328 505 1403 575 6),
1441 511 1578 571 etc.,
1613 505 1789 560 aliter
1807 509 1920 560 cat.
1945 505 1999 571 3,
2031 519 2091 558 n.
2128 498 2180 565 Α
2211 506 2331 558 tem
2363 501 2761 562 emendasset.
2786 504 2902 560 Nec
2932 508 3267 577 propterea,
3289 502 3586 577 quidpiam
3605 504 3670 562 de
3687 511 3816 563 cate-

443 597 501 666 4,
523 596 696 652 aliter
711 601 823 651 cat.
852 599 937 662 t7,
961 613 1020 653 n.
1049 600 1106 651 11
1131 594 1812 668 ;Scripturasinterdum
1827 594 1976 650 alias
2002 609 2106 666 pro

445 683 578 741 aliis
593 686 794 742 sumit.
811 686 903 741 Sic
916 687 1024 741 sub
1047 688 1291 741 nomine
1313 686 1532 742 Christi
1556 687 1718 741 citat.
1743 691 1839 740 cat
1855 687 1906 753 '2,
1938 700 2102 739 num.

445 777 500 844 4,
534 776 942 831 testimonium
975 775 1131 847 quod
1164 781 1254 830 est
1284 794 1352 832 ex
1381 776 1624 832 Joannis
1667 775 1920 846 epistola
1949 775 1992 828 Ι.
2026 773 2107 828 si-

446 865 591 921 mile
623 865 907 936 quiddam
931 881 1134 920 revera
1163 867 1421 921 occurrit
1451 867 1511 920 in
1545 865 1814 937 ejusdem
1846 867 2102 936 Evange-

444 953 547 1025 lio,
581 971 706 1026 cap.
743 971 864 1020 vm,
897 956 929 1022 ᾗ
959 956 1047 1009 4-4.
1078 955 1190 1009 Sed
1221 962 1501 1010 neutrum
1534 955 1730 1010 locum
1771 971 1841 1009 ex
1873 954 1988 1009 ﬁde
2019 970 2108 1008 re-

446 1051 792 1118 prasentat.
827 1046 973 1100 Item
1004 1051 1116 1100 cat.
1167 1048 1221 1110 6,
1272 1062 1434 1099 num.
1490 1049 1541 1107 5,
1577 1045 1685 1100 sub
1719 1044 1961 1099 nomine
1988 1045 2100 1099 Do-

440 1136 592 1192 mini
638 1137 777 1192 .lesu
804 1135 1008 1190 laudat
1041 1136 1222 1191 verba
1271 1138 1436 1191 Deum
1467 1153 1624 1192 nemo
1657 1138 1796 1191 vidit
1819 1153 2100 1208 unquam:

445 1242 578 1297 qua
599 1226 661 1280 in
677 1225 992 1297 Evangelio
1013 1225 1255 1280 Joannis
1269 1226 1356 1280 vel
1377 1226 1624 1280 Joannis
1643 1227 1917 1297 Baptista
1941 1231 2100 1292 sunt,

442 1319 536 1374 vel
567 1319 615 1373 si
650 1318 734 1372 vis
773 1317 961 1388 ipsius
1011 1318 1408 1390 evangelista,
1440 1318 1655 1373 Christi
1686 1324 1886 1374 autem
1934 1317 2101 1373 nullo

445 1408 644 1474 modo,
675 1412 786 1462 cat.
815 1409 901 1475 16,
934 1423 993 1462 n.
1030 1407 1115 1461 18.
1149 1408 1316 1462 Isaia
1339 1408 1580 1463 nomine
1612 1407 1729 1463 duo
1759 1408 2103 1462 testimonia

439 1496 734 1568 producit,
769 1511 1027 1566 quorum
1076 1497 1242 1568 prius
1279 1497 1580 1552 Malachia
1627 1502 1736 1564 est,
1771 1496 2102 1552 secundum

441 1591 673 1640 tantum
693 1585 882 1639 Isaia.
917 1585 1095 1640 Plura
1115 1585 1440 1655 aliquando
1464 1585 1827 1641 similialoca
1845 1585 2098 1641 confun-

441 1674 548 1741 dit,
583 1679 642 1728 et
671 1674 733 1728 in
765 1689 950 1728 unum
983 1675 1322 1744 permiscet.
1352 1677 1513 1730 Inter
1543 1675 1730 1730 multa
1773 1675 2100 1747 insigniora

445 1769 583 1822 sunt
604 1765 731 1820 hac
755 1765 1118 1832 testimonia,
1153 1765 1312 1820 istud
1342 1772 1454 1821 cat.
1490 1767 1576 1834 14,
1611 1783 1670 1822 n.
1706 1769 1796 1834 20,
1827 1766 1933 1834 Qui
1962 1767 2097 1822 edu-

2215 594 2474 649 cheseon
2506 592 2681 648 laude
2702 610 2770 650 ac
2798 595 2986 666 pretio
3018 595 3266 667 deperit.
3297 595 3368 651 Ut
3387 595 3540 651 enim
3563 595 3810 665 omittam,

2213 688 2518 739 auctorem
2550 685 2792 756 optimis
2819 684 3030 740 studiis
3053 684 3370 753 imbutum,
3392 700 3457 740 ac
3479 685 3716 757 plurium
3729 702 3809 741 an-

2213 789 2425 828 norum
2457 774 2888 830 consuetudine
2942 775 3005 830 in
3039 773 3380 830 erudiendis
3417 775 3811 830 catechumenis

2213 864 2599 919 exercitatum
2619 881 2687 920 ac
2711 864 3046 932 subactum,
3068 864 3216 919 nihil
3232 864 3346 919 nisi
3370 864 3570 936 optimi
3584 864 3814 935 quamvis

2212 969 2282 1006 ex
2313 957 2577 1024 tempore
2597 954 2808 1009 eﬂ‘erre
2830 954 3116 1025 potuisse;
3141 953 3300 1010 haud
3327 953 3642 1026 putandum
3663 953 3813 1024 Cyril-

2210 1041 2334 1097 lum
2353 1043 2708 1115 imparatum
2728 1061 2972 1116 prorsus
2987 1061 3056 1100 ac
3086 1043 3814 1116 imprameditatum,maxi-

2213 1133 2328 1188 mis
2351 1133 2422 1188 de
2455 1133 2633 1189 rebus
2655 1133 2954 1189 dicturum
2977 1141 3198 1190 temere
3221 1135 3282 1189 in
3307 1138 3814 1208 suggestumascen-

2207 1220 2387 1287 disse,
2408 1223 2692 1294 juvenem
2714 1223 3068 1294 prasertim.
3095 1226 3211 1279 Nec
3231 1224 3391 1279 enim
3415 1229 3572 1278 tanta
3591 1221 3810 1292 Scriptu-

2207 1329 2287 1366 ra
2319 1313 2802 1368 testimoniorum
2832 1313 3025 1384 copia,
3067 1319 3233 1368 tanta
3281 1318 3740 1386 argumentorum
3765 1326 3816 1364 ac

2207 1400 2628 1473 probationum
2652 1402 2860 1470 moles,
2885 1402 3016 1458 sine
3039 1402 3162 1458 ulla
3175 1402 3598 1474 praparatione
3620 1416 3681 1456 ac
3693 1415 3812 1471 pra-

2204 1491 2593 1548 meditatione
2630 1492 2934 1548 memoria
2976 1509 3324 1548 succurrere
3355 1491 3691 1564 potuit;nec
3717 1494 3813 1543 tam

2205 1587 2478 1636 accurate
2499 1598 2568 1636 ac
2589 1581 3036 1653 circumscripte
3079 1581 3150 1637 de
3172 1581 3470 1654 theologia
3490 1579 3693 1644 dicere,
3715 1584 3808 1632 tam

2206 1668 2522 1742 diligenter
2555 1673 2876 1744 pracipere
2910 1672 2984 1728 de
3037 1672 3327 1740 moribus,
3380 1677 3500 1726 tam
3532 1667 3740 1726 erudite
3762 1682 3812 1720 ac

2206 1761 2568 1832 quandoque
2600 1761 2899 1818 subtiliter
2928 1761 3000 1817 de
3031 1762 3207 1818 variis
3239 1761 3550 1833 Scriptura
3583 1756 3815 1814 sensibus

441 1857 529 1910 xit
559 1855 624 1909 de
655 1864 814 1909 terra
842 1859 1115 1924 pastorem
1160 1872 1432 1923 magnum
1481 1858 1691 1922 ouium,
1734 1873 1803 1910 ex
1835 1856 2102 1911 confusis
2138 1860 2182 1926 Β
2214 1851 2530 1916 disserere,
2565 1851 2693 1906 sine
2723 1851 3083 1923 pracedenti
3131 1851 3517 1907 dicendarum
3565 1862 3744 1904 rerum
3770 1845 3816 1899 in

441 1945 609 2000 Isaia
623 1943 958 2015 etApostoli
983 1944 1056 1998 ad
1081 1944 1357 2000 Hebraos
1380 1945 1696 2001 scribentis
1709 1945 2098 2001 verbisinfor-

442 2038 704 2099 matum;
738 2031 902 2088 aliud
931 2038 1043 2088 cat.
1082 2036 1170 2100 18,
1216 2051 1275 2088 n.
1312 2037 1398 2100 18,
1435 2035 1534 2090 ubi
1587 2035 1769 2090 verba
1792 2036 2098 2106 [CXXXIV]

442 2121 725 2186 Danielis,
761 2127 820 2176 et
843 2121 1058 2176 Christi
1091 2123 1152 2176 in
1185 2123 1518 2196 Evangelio,
1545 2124 1855 2180 nonnullis
1886 2124 1958 2180 de
1991 2141 2097 2179 suo

435 2211 772 2268 intersertis
796 2209 1321 2280 permiscet.Aliud
1346 2211 1616 2266 eamdem
1634 2211 2095 2282 cat.34,quoloci

435 2301 552 2358 duo
583 2299 751 2356 Pauli
800 2316 871 2354 ex
917 2299 1125 2355 eadem
1171 2300 1244 2355 ad
1289 2299 1705 2372 Philippenses
1756 2301 2096 2356 testimonia

435 2389 762 2461 conjungit.
799 2387 924 2442 Vid.
950 2393 1009 2441 et
1039 2393 1150 2441 cat.
1182 2390 1234 2452 5,
1285 2405 1345 2441 n.
1378 2389 1433 2455 2,
1467 2389 1583 2443 duo
1617 2389 1797 2444 etiam
1831 2405 1902 2444 ex
1953 2389 2094 2461 Epi-

439 2475 607 2530 stolis
639 2475 711 2531 ad
740 2476 1112 2531 Timotheum
1143 2477 1448 2547 permista.
1483 2478 1722 2544 Quarto,
1756 2477 1965 2532 eodem
1997 2495 2093 2534 re-

437 2562 578 2618 ferri
609 2569 860 2635 possunt
886 2569 1128 2634 peccata
1153 2564 1213 2618 in
1233 2564 1481 2620 historia
1510 2565 1925 2621 hareticorum
1944 2585 2092 2638 quos

438 2656 552 2706 cat.
582 2654 613 2704 6
646 2657 961 2713 memorat,
992 2651 1276 2719 admissa,
1327 2659 1502 2723 atque
1552 2655 1615 2708 in
1646 2654 1857 2726 primis
1886 2656 2091 2711 multis

434 2740 729 2812 capitibus
760 2739 1045 2796 deficiens
1079 2742 1506 2797 Valentiniana
1538 2743 1822 2800 doctrina
1855 2747 2088 2817 exposi-

435 2831 538 2886 tio.
576 2831 708 2885 Hac
740 2836 799 2885 et
828 2830 1002 2901 plura
1032 2830 1149 2885 alia
1180 2848 1312 2901 qua
1360 2834 1644 2904 reperias,
1679 2833 2093 2890 demonstrant

433 2919 721 2992 Cyrillum
753 2936 957 2975 revera
987 2921 1328 2975 catecheses
1369 2938 1441 2976 ex
1489 2929 1754 2994 tempore
1787 2924 2088 2980 effudisse.

435 3008 657 3065 Eodem
687 3008 864 3064 modo
898 3010 1127 3065 videtur
1155 3009 1377 3066 dixisse
1409 3011 1686 3068 homilias
1716 3012 1776 3068 in
1807 3016 2090 3085 paralyti-

434 3115 582 3165 cum,
613 3099 1106 3170 digressionibus,
1130 3101 1604 3171 parenthesibus,
1637 3102 1978 3174 impropriis
2003 3104 2088 3159 lo-

2211 1940 2412 1994 animo
2436 1941 2868 2012 praparatione
2892 1957 2960 1996 ac
2981 1939 3374 2012 dispositione
3387 1932 3818 2012 potuissetCyril-

2209 2030 2322 2084 lus.
2347 2029 2583 2085 Rivetus
2618 2030 2678 2084 in
2698 2031 2785 2085 eis
2806 2029 3221 2086 catechesibus
3253 2030 3509 2085 multum
3537 2023 3816 2098 diligentia

2208 2118 2524 2186 desiderat;
2558 2119 2717 2176 haud
2744 2119 2866 2175 scio
2897 2136 2973 2175 an
3003 2119 3181 2190 paulo
3203 2119 3342 2191 plus
3366 2125 3567 2175 auctor
3585 2112 3815 2172 addidis-

2208 2215 2317 2276 set,
2343 2211 2392 2264 si
2433 2210 2494 2264 in
2515 2211 2637 2265 otio
2677 2210 3033 2281 scripsisset.
3059 2210 3197 2275 Qua
3229 2209 3538 2266 attulimus
3568 2200 3817 2261 sermonis

2205 2299 2345 2354 vitia
2374 2299 2436 2354 in
2466 2304 2884 2371 argumentum
2916 2299 3331 2372 extemporalis
3361 2296 3652 2362 orationis,
3683 2292 3725 2347 si
3755 2287 3811 2345 ad

2204 2389 2674 2461 magnitudinem
2689 2395 2748 2444 et
2758 2390 3164 2460 prastantiam
3185 2389 3370 2445 totius
3385 2386 3577 2460 aperis
3595 2388 3808 2456 spectes,

2202 2481 2351 2535 navi
2370 2486 2506 2536 sunt
2526 2481 2586 2535 in
2613 2479 3017 2552 pulcherrimo
3044 2479 3269 2551 alioqui
3297 2471 3814 2552 corpore.Quereba~

2201 2576 2297 2625 tur
2327 2570 2650 2642 aliquando
2699 2569 2954 2641 Cyrillus
3004 2569 3448 2626 Alexandrinus
3495 2567 3592 2622 lib.
3644 2579 3722 2618 vui
3759 2560 3815 2615 De

2199 2659 2471 2726 oratione,
2497 2666 2633 2726 etc.,
2659 2677 2714 2731 p.
2752 2661 2875 2728 267,
2903 2659 3062 2730 quod
3092 2660 3283 2731 aliqui
3328 2658 3536 2716 ﬁdeles
3559 2660 3816 2722 extempo-

2201 2749 2358 2804 rales
2389 2749 2699 2804 doctorum
2731 2749 3050 2805 conciones
3081 2749 3302 2806 litteris
3351 2746 3690 2806 mandarent
3721 2754 3817 2794 non

2201 2840 2329 2895 sine
2359 2855 2574 2911 magno
2605 2838 3062 2894 existimationis
3109 2838 3356 2896 illorum
3405 2855 3472 2894 ac
3498 2836 3660 2892 fama
3704 2827 3818 2902 peri:

2201 2929 2375 2995 culo;
2407 2945 2544 2984 cum
2575 2927 2754 2985 veluti
2793 2928 3097 2984 elaborata
3141 2929 3341 2984 studio
3393 2927 3745 2983 traderentur
3767 2919 3814 2971 in

2197 3018 2507 3090 publicum
2539 3018 2846 3091 opuscula,
2881 3018 3100 3090 quibus
3130 3017 3391 3091 diligens
3439 3013 3712 3072 industria
3736 3007 3819 3063 de-

2199 3108 2428 3165 fuisset.
2446 3110 2571 3164 Non
2590 3115 2680 3164 est
2698 3108 2858 3179 quod
2890 3108 2962 3164 de
2987 3108 3454 3180 Cyrillianarum
3472 3103 3817 3162 catecheseon

433 3187 776 3296 cutionibus
791 3193 848 3242 et
867 3189 1416 3244 constructiouibus
1435 3190 1948 3258 abundantem;ac
1973 3194 2093 3265 epi-
2119 3228 2164 3296 α
2203 3199 2594 3270 scriptoribus
2625 3198 2903 3254 similiter
2923 3197 3398 3270 expostulemus:
3421 3196 3532 3269 ipsi
3563 3187 3815 3263 siquidem

435 3276 650 3332 stolam
683 3277 757 3332 ad
787 3279 1199 3333 Constantium
1223 3279 1555 3352 scripsisse,
1581 3298 1759 3352 quam
1782 3284 2000 3355 raptim
2023 3301 2092 3340 ac

429 3367 785 3422 festinanter
816 3372 1118 3424 exaratam
1161 3386 1297 3424 cum
1347 3370 1472 3440 ipse
1507 3371 1672 3426 testis
1705 3378 1796 3427 est
1834 3389 1999 3428 num.
2035 3377 2088 3442 5,

434 3461 562 3512 tum
591 3457 783 3530 longa
817 3463 874 3512 et
902 3459 1194 3515 intricata
1227 3460 1456 3531 periodi
1489 3462 1670 3518 ﬁdem
1700 3463 1946 3520 faciunt.

509 3548 598 3602 41.
632 3548 850 3603 Iisdem
881 3550 1248 3621 argumentis
1279 3549 1424 3605 mihi
1456 3568 1808 3622 persuasum
1840 3561 1948 3624 est,
1985 3557 2093 3628 Cy-

437 3635 643 3691 rillum
690 3637 853 3693 fusas
879 3655 949 3693 ex
982 3644 1246 3711 tempore
1287 3642 1588 3697 orationes
1637 3644 1856 3716 scripto
1888 3651 2095 3717 postea

434 3741 556 3781 non
579 3727 917 3799 digessisse,
945 3728 1147 3799 quode
1166 3730 1437 3785 Patribus
1459 3733 1741 3802 permulti
1764 3733 1980 3802 fecere,
2002 3735 2094 3790 vel

435 3831 470 3870 a
502 3815 767 3872 librariis
797 3824 1073 3890 exceptas
1105 3835 1226 3873 non
1272 3821 1705 3893 recognovisse.
1758 3825 1898 3889 Qua
1931 3825 2093 3880 enim

430 3902 867 3970 adnotavimus,
900 3906 964 3960 in
994 3907 1115 3962 otio
1148 3907 1329 3963 dubio
1361 3911 1570 3980 procul
1601 3911 1924 3969 maximam
1955 3931 2091 3985 par-

2203 3288 2632 3360 extemporales
2665 3304 2794 3344 esse
2824 3287 3274 3344 adnotaverunt.
3313 3287 3480 3354 Quod
3511 3285 3559 3340 si
3593 3279 3816 3338 indicare

2202 3377 2567 3442 omisissent,
2600 3377 2692 3430 vix
2723 3376 3164 3449 deprehensum
3195 3392 3230 3432 a
3258 3376 3438 3433 nobis
3477 3373 3703 3434 fuisset;
3729 3378 3818 3421 nec

2204 3467 2336 3539 ejus
2365 3466 2452 3522 rei
2484 3466 2774 3539 ignoratio
2820 3466 3010 3522 ullum
3059 3465 3406 3539 Cyrilliana
3438 3451 3821 3521 existimationi

2204 3556 2504 3612 attulisset
2523 3555 3128 3622 detrimentum.Quid
3151 3560 3359 3611 autem
3381 3554 3576 3626 quiete
3598 3546 3818 3606 etotiose

2204 3645 2520 3701 scribendo
2553 3649 2775 3717 posset,
2816 3643 3238 3716 extemporalis
3290 3661 3405 3700 nos
3436 3643 3561 3715 ejus
3614 3632 3826 3717 facultas

2203 3735 2396 3791 docet.
2419 3716 2729 3790 Maximam
2762 3751 2904 3792 sane
2925 3733 3046 3789 illis
3074 3733 3333 3806 gratiam
3364 3732 3665 3794 habemus,
3693 3716 3826 3795 quod

2203 3841 2310 3880 suo
2342 3841 2519 3896 opere
2550 3841 2618 3880 ac
2647 3823 2872 3880 labore.
2906 3821 3417 3895 pretiosissimum
3448 3820 3650 3890 suique
3677 3825 3827 3887 gene-

2201 3915 2284 3970 ris
2301 3915 2544 3971 unicum
2558 3913 2836 3971 Ecclesia
2859 3917 3324 3970 monumentum
3347 3904 3824 3971 conservaverunt.

435 4169 3825 4205 Ἦ

1340 4371 1634 4448 [CXXXV]
1694 4350 2439 4442 DISSEBTA'HO
2499 4357 2939 4442 TERTIA.

1424 4557 1519 4619 De
1555 4558 1748 4618 variis
1782 4559 2152 4642 Cyrilliana
2181 4562 2480 4624 doctrina
2508 4563 2848 4642 capitibus.

500 4872 550 4924 1.
582 4866 912 4924 Studiosius
952 4870 1048 4926 hic
1093 4871 1469 4944 aggredimur
1517 4875 1571 4930 S.
1628 4877 1831 4949 Cyrilli
1862 4877 2084 4936 doctri-
2114 4883 2161 4948 D
2193 4881 2491 4952 invadere,
2524 4882 2842 4954 possessio.
2876 4881 3080 4954 Cyrilli
3113 4887 3313 4939 autem
3345 4882 3674 4940 doctrinam
3707 4883 3828 4942 0P°°

422 4974 514 5012 na
549 4974 836 5014 examen:
873 4977 1053 5030 quam
1085 4961 1185 5015 alii
1221 4961 1509 5019 malevolo
1562 4966 1783 5036 animo,
1835 4967 1909 5023 ad
1940 4986 2080 5025 con-

425 5045 688 5101 ﬂandam
721 5049 951 5104 nomini
985 5050 1116 5122 ejus
1158 5051 1462 5121 invidiam,
1514 5054 1574 5108 in
1609 5053 1869 5113 deterius
1919 5075 2082 5116 acce-

424 5151 603 5205 pere:
653 5136 756 5191 alii
817 5143 990 5194 secta
1051 5158 1173 5196 sua
1231 5143 1634 5214 prajudicatis
1700 5148 2084 5218 opinionibus

425 5225 717 5295 occupati,
746 5243 822 5281 ne
851 5234 1081 5284 tantum
1105 5231 1413 5288 catholica
1444 5235 1719 5291 Ecclesia
1741 5239 2084 5308 prasidium

422 5313 859 5385 relinquerent,
883 5318 1078 5387 pravis
1110 5319 1660 5393 interpretamentis
1681 5343 2082 5400 corrumpere,

426 5407 483 5456 et
512 5402 587 5457 ad
618 5420 753 5459 suas
777 5406 1154 5476 opinationes
1186 5411 1492 5470 inﬂectere
1517 5415 1743 5487 magnis
1772 5418 2085 5474 conatibus

424 5489 866 5549 laboraverunt.
900 5497 1265 5556 Vindicanda
1296 5502 1609 5559 adversum
1641 5505 1866 5576 priores
1894 5508 2085 5562 sancti

422 5579 702 5650 prasulis
733 5582 919 5639 ﬁdes:
968 5585 1284 5645 retinenda
1332 5592 1611 5649 Ecclesia
1663 5593 1994 5661 catholica,
2028 5600 2088 5650 et

423 5666 732 5738 eripienda
763 5672 888 5744 ejus
915 5674 1207 5747 hostibus,
1229 5680 1292 5735 in
1318 5699 1499 5753 quam
1529 5687 1756 5739 temere
1785 5681 1918 5740 ausi
1946 5687 2088 5741 sunt

2192 4971 2389 5027 rosius
2420 4972 2748 5044 inquirere,
2795 4973 3000 5028 multis
3031 4973 3103 5029 de
3135 4973 3332 5029 causis
3381 4974 3635 5028 interest
3662 4958 3830 5037 pluri-

2193 5077 2381 5116 mum.
2415 5061 2704 5128 Primum,
2750 5063 2908 5133 quod
2957 5063 3019 5117 in
3070 5079 3247 5134 opere
3298 5059 3680 5125 catechetico,
3726 5059 3830 5134 Ποιξ

2193 5151 2451 5222 privatas
2475 5151 2938 5222 opiniones,non
2961 5152 3302 5208 subtiliores
3324 5151 3721 5223 quastiones;
3743 5131 3832 5193 Sed

2193 5239 2416 5296 nudam
2451 5245 2508 5296 et
2538 5257 2919 5299 communem
2940 5241 3217 5298 Ecclesia
3251 5237 3667 5312 fidem,qualis
3696 5226 3835 5287 esset

2194 5329 2266 5386 ab
2291 5329 2572 5384 omnibus
2593 5331 2910 5404 credenda,
2945 5332 3254 5404 proposuit
3276 5336 3336 5387 et
3380 5325 3728 5402 explicavit:
3757 5318 3836 5371 at-

2166 5418 2312 5487 'que
2344 5417 2484 5472 inde
2516 5417 2843 5490 legitimam
2875 5420 3282 5492 conjecturam
3326 5417 3654 5474 informare
3693 5405 3836 5492 licet,

2195 5505 2338 5577 quid
2371 5510 2494 5561 toto
2527 5488 2752 5579 pariter
2781 5509 2923 5566 orbe
2955 5488 3248 5565 catholico
3280 5507 3618 5563 doceretur.
3648 5488 3839 5588 Neci!-

2195 5595 2300 5652 lud
2321 5598 2828 5668 pratereundum,
2843 5599 3131 5672 Cyrillum
3151 5615 3220 5655 eo
3243 5603 3516 5671 tempore
3541 5586 3841 5680 abArjanfs

2197 5683 2441 5759 quidem
2471 5685 2933 5760 alienissimum,
2963 5687 3036 5746 ab
3066 5686 3378 5747 Athanasii
3409 5701 3550 5744 vero
3581 5685 3640 5739 et
3682 5676 3842 5734 fervi-
