4052 6370
224 385 321 445 169
1638 385 1918 450 DISSEB

2035 382 2155 444 I‘IO
2202 387 2312 447 III.

3579 404 3698 464 170

222 520 440 575 diomm
464 518 762 577 Nicanm
791 523 944 579 ﬁdei
964 523 1342 580 defensorum
1365 539 1544 579 causa
1566 522 1927 596 sejunctum,
1961 519 2012 585 Α
2045 516 2180 573 dem
2211 537 2346 577 cum
2369 524 2441 579 iis
2464 526 2566 596 qui
2590 528 2967 584 semi—Ariani
2990 530 3131 586 dicti
3156 539 3297 589 sunt
3316 538 3695 593 commercia.

225 609 437 665 evitatis
452 626 605 680 quae
622 614 1131 670 controversiam
1146 619 1265 670 tum
1279 614 1592 670 movebant
1604 612 1924 679 vocabulis,

234 699 665 756 communibus
703 708 774 756 et
807 704 1055 761 usitatis
1087 722 1214 776 qum
1264 705 1470 761 eodem
1515 704 1771 759 redeunt
1797 720 1924 756 ver-

236 790 428 845 borum
456 788 778 846 formulis
804 793 1149 850 doctrinam
1179 811 1345 851 suam
1369 792 1926 867 expressisse,utin-

242 880 569 952 telligamus
605 898 923 952 quasnam
975 885 1373 940 communiter
1414 884 1486 940 ab
1529 884 1807 940 omnibus
1830 899 1930 938 ec-

235 971 542 1027 clesiarum
578 972 942 1044 magistris,
983 973 1119 1031 ﬁdei
1150 980 1368 1031 nostra)
1400 974 1733 1031 candidatis
1764 972 1929 1028 insti-

232 1062 364 1116 tutio
388 1061 796 1131 traderetur;
820 1080 907 1119 ne
934 1064 1170 1120 Arianis
1200 1064 1440 1137 quidem
1473 1066 1754 1137 exceptis,
1788 1079 1932 1135 quo-

226 1169 351 1208 rum
383 1153 584 1207 etiam
621 1153 897 1224 plurimi
948 1155 1233 1211 usitatum
1281 1155 1559 1212 Ecclesiae
1590 1171 1928 1211 sermonem

224 1248 610 1299 commutare
648 1260 789 1298 non
824 1244 979 1314 ausi,
1015 1245 1330 1301 subtilibus
1381 1244 1928 1317 interpretamentis

222 1335 465 1391 eludere
502 1334 936 1403 nitebantur;
971 1335 1211 1408 quidem
1241 1337 1409 1392 rudis
1438 1338 1642 1409 populi
1689 1342 1927 1408 captum

221 1442 356 1481 cum
391 1431 813 1497 superarent,
845 1432 948 1482 aut
995 1426 1047 1481 ei
1098 1427 1463 1493 celabantur,
1511 1427 1928 1499 episcOporum

220 1533 289 1571 ac
318 1516 666 1572 doctorum
698 1516 1213 1589 disputationibus
1266 1523 1602 1587 reservata;
1658 1523 1761 1572 aut
1790 1517 1837 1572 si
1874 1518 1926 1573 ei

226 1612 767 1678 proponerentur,
805 1606 911 1662 ille
961 1606 1312 1679 plerumque
1345 1608 1407 1662 in
1438 1607 1606 1662 obvio
1657 1623 1726 1662 ac
1755 1612 1928 1662 natu-

222 1695 334 1751 rali
368 1695 702 1768 simplicis
728 1696 1144 1751 instructionis
1168 1713 1367 1761 sensu,
1393 1696 1631 1752 omissis
1653 1713 1785 1768 qum
1807 1712 1929 1751 non

220 1787 617 1859 intelligeret
649 1786 1102 1858 acquiescebat.
1136 1788 1337 1842 Altera
1369 1787 1695 1843 studiosius
1727 1786 1928 1859 explo-

2039 610 2176 674 Quaa
2200 610 2275 666 ad
2300 618 2622 687 utrumque
2644 625 2822 690 caput
2842 621 3164 692 pertinent,
3198 624 3262 679 in
3279 626 3456 681 variis
3476 632 3697 683 nostrae

2036 699 2109 756 de
2142 702 2270 773 ejus
2316 703 2433 760 vita
2479 705 2917 765 dissertationis
2972 710 3121 767 locis
3164 713 3401 772 abunde
3446 716 3695 773 diluisse

2039 808 2369 862 speramus.
2404 797 2542 861 Qua)
2574 804 2773 854 autem
2804 817 2873 855 ex
2906 802 3142 873 scriptis
3174 803 3303 875 ejus
3336 805 3698 862 defendendi

2039 888 2141 938 aut
2169 887 2490 942 accusandi
2517 904 2698 943 causa
2744 889 2995 960 proferri
3047 899 3319 965 possunt,
3356 911 3423 950 ea
3464 900 3697 952 tantum

2037 973 2135 1028 hic
2157 974 2434 1047 inquiro;
2468 993 2535 1032 ac
2564 978 2827 1049 primum
2860 980 3240 1052 integerrime
3268 983 3340 1039 de
3374 986 3467 1040 SS.
3510 986 3699 1041 Trini-

2040 1068 2158 1119 tate
2210 1064 2565 1121 disseruisse
2626 1068 2847 1138 probo;
2910 1074 3033 1124 tum
3094 1071 3167 1125 de
3215 1072 3347 1127 Filii
3398 1079 3457 1129 et
3513 1076 3702 1146 Spiri-

2039 1158 2135 1209 tus
2188 1156 2376 1210 sancti
2460 1156 2790 1224 divinitate,
2850 1158 3010 1214 idem
3092 1162 3410 1232 specialius
3498 1170 3699 1221 osten-

2038 1243 2194 1300 dam.

2109 1338 2160 1392 3.
2196 1338 2273 1392 Ac
2330 1339 2524 1409 primo
2565 1337 2830 1409 quidem,
2886 1340 3055 1409 duos,
3116 1358 3251 1398 cum
3312 1344 3382 1399 de
3415 1346 3699 1403 Trinitate

2037 1427 2249 1500 agitur,
2285 1429 2590 1500 oppositos
2623 1446 2856 1485 errores
2886 1431 3156 1487 vitandos
3180 1440 3403 1489 monet.
3438 1438 3697 1505 Primus,

2038 1534 2114 1573 ne
2173 1518 2514 1574 Sabelliana
2566 1536 2956 1591 personarum
3016 1521 3286 1577 confusio
3340 1524 3695 1582 inducatur:

2038 1607 2209 1673 alter,
2246 1624 2323 1662 ne
2356 1607 2484 1680 ipsa
2512 1608 2770 1665 Trinitas
2821 1615 3131 1682 separetur
3180 1628 3249 1667 ac
3291 1612 3697 1684 distrahatur;

2039 1715 2107 1755 ac
2137 1700 2225 1754 vel
2277 1700 2359 1755 dii
2410 1701 2633 1772 plures,
2680 1703 2772 1757 vel
2821 1703 3107 1776 sejunctae
3155 1710 3373 1761 natura
3423 1724 3695 1778 personae

2038 1789 2452 1857 admittuntur,
2505 1797 2617 1847 cat.
2656 1795 2741 1861 16,
2791 1809 2851 1847 n.
2886 1796 2940 1862 4,
2971 1814 2999 1844 ‹‹
3049 1795 3192 1866 Spes
3242 1801 3448 1852 nostra
3495 1797 3557 1852 in
3588 1799 3699 1853 Pa-

220 1878 431 1934 raudae
466 1878 699 1949 Cyrilli
737 1877 1028 1933 doctrinm
1050 1879 1198 1934 ratio
1232 1879 1635 1947 est,Ecclesi€e
1659 1879 1927 1934 Hieroso-
1960 1889 2007 1955 B
2038 1902 2068 1930 ‹‹
2098 1885 2249 1935 trem
2283 1885 2342 1936 et
2382 1882 2595 1937 Filium
2650 1888 2708 1937 et
2752 1884 3032 1954 Spiritum
3096 1892 3365 1942 sanctum
3429 1894 3536 1944 est.
3571 1891 3698 1944 Non

225 1969 548 2041 lymitanae
584 1969 778 2041 cujus
811 1968 989 2024 ﬁdem
1022 1969 1356 2040 exponebat
1384 1975 1727 2025 auctoritas.
1779 1968 1924 2023 Inde

230 2063 407 2115 exivit
442 2060 563 2127 lex,
598 2066 657 2113 et
691 2058 925 2114 verbum
973 2059 1209 2125 Domini,
1263 2060 1407 2131 quot
1438 2062 1594 2117 illinc
1616 2063 1824 2132 pluvia:
1864 2063 1925 2115 in

234 2168 441 2206 morem
474 2153 815 2205 universum
848 2150 1029 2205 orbem
1069 2153 1346 2221 irrigavit,
1398 2158 1463 2207 ut
1515 2152 1782 2224 loquitur
1811 2155 1924 2224 Cy-

236 2241 418 2296 rillus
446 2242 582 2313 ipse
618 2246 742 2296 cat.
775 2241 862 2309 18,
892 2256 952 2293 Π.
987 2242 1073 2305 34ς
1103 2241 1227 2295 haec
1248 2241 1516 2296 omnium
1536 2241 1924 2298 ecclesiarum

242 2337 441 2386 mater
461 2373 475 2399 ,
504 2330 593 2385 ibi
625 2330 769 2385 fons
803 2328 1222 2384 ecclesiasticae
1253 2330 1622 2385 traditionis:
1647 2331 1802 2386 hanc
1824 2332 1922 2386 ubi

258 2431 481 2484 melius
509 2447 691 2501 quam
724 2429 789 2483 in
822 2428 957 2500 ipsa
1000 2429 1226 2502 origine
1278 2430 1587 2501 quaesieris
1609 2430 1637 2486 ?
1684 2430 1927 2486 Accedit

274 2519 601 2589 antiquitas
625 2517 855 2589 Cyrilli,
886 2524 947 2573 et
993 2520 1265 2589 proxima
1316 2520 1590 2574 felicibus
1644 2521 1923 2575 Ecclesiae

278 2608 511 2662 saeculis
540 2613 689 2662 artas.
714 2610 843 2673 Quo
873 2607 1025 2663 fonti
1054 2609 1342 2680 proprior,
1371 2609 1482 2664 hoc
1513 2610 1721 2681 purior
1737 2615 1794 2665 et
1818 2610 1926 2665 mi-

269 2714 386 2752 nus
400 2714 701 2769 pravarum
717 2697 1073 2769 opinionum
1102 2715 1266 2754 cceno
1290 2700 1561 2756 turbatus
1585 2700 1924 2756 traditionis

258 2788 440 2843 rivus.
493 2788 680 2859 Hujus
738 2788 985 2860 puritati
1033 2788 1489 2861 diligentissime
1540 2791 1925 2863 invigilarant

254 2894 469 2934 omnes
499 2894 653 2950 pene
685 2878 761 2933 ad
795 2877 960 2934 illam
993 2895 1182 2950 usque
1225 2885 1457 2936 (etatem
1508 2881 1821 2937 sanctitate
1853 2898 1921 2937 ac

256 2968 535 3023 doctrina
565 2968 837 3023 celebres
887 2968 1067 3041 hujus
1098 2968 1263 3024 urbis
1313 2971 1599 3042 episcopi.
1647 2971 1923 3027 Florebat

252 3058 522 3113 Ecclesia
550 3057 662 3112 illa
693 3062 818 3112 tum
852 3058 1202 3114 castissimis
1232 3060 1522 3128 moribus,
1557 3065 1918 3117 ascetarum-

257 3164 372 3219 que
400 3164 469 3203 ac
500 3149 937 3203 monachorum
988 3165 1058 3204 ac
1107 3149 1400 3221 virginum
1442 3150 1756 3223 gregibus;
1791 3157 1917 3206 tum

2040 1992 2068 2022 α
2093 1975 2211 2026 tres
2230 1970 2372 2026 deos
2395 1973 3264 2038 annuntiamus,conticescant
3279 1977 3438 2032 enim
3452 1979 3698 2033 Marcio-

2036 2084 2064 2111 α
2089 2061 2251 2115 nitas.
2278 2063 2494 2116 Verum
2508 2078 2643 2117 cum
2660 2068 2864 2118 sancto
2879 2064 3121 2134 Spiritu,
3137 2082 3244 2137 per
3258 2083 3443 2121 unum
3458 2068 3697 2136 Filium,

2037 2174 2064 2202 ‹‹
2078 2168 2266 2206 unum
2282 2151 2467 2206 Deum
2482 2150 2895 2223 praedicamus.
2918 2153 3173 2209 Indivisa
3184 2160 3274 2210 est
3296 2156 3446 2211 ﬁdes
3468 2158 3700 2228 insepa-

2035 2264 2063 2292 «
2092 2241 2297 2297 rabilis
2312 2241 2520 2312 pietas,
2554 2258 2748 2312 neque
2771 2258 3116 2313 separamus
3143 2249 3411 2300 sanctam
3442 2246 3694 2303 Trinita-

2035 2330 2665 2395 «tem,velutnonnulli
2679 2331 3127 2403 faciuntmeque
3144 2334 3586 2407 confusionemj
3598 2354 3698 2392 ux-

2038 2420 2459 2477 utaSabellium
2472 2420 2780 2476 facimus.»
2802 2421 3171 2494 Docetigitur
3183 2423 3399 2494 primo,
3424 2442 3572 2496 spem
3596 2444 3692 2481 no-

2032 2519 2205 2567 stram
2242 2513 2302 2566 in
2327 2512 2443 2566 solo
2483 2512 2588 2566 Deo
2619 2511 2888 2567 coIlocari
2920 2528 3117 2582 posse:
3150 2513 3311 2568 hom.
3345 2516 3400 2569 in
3432 2516 3684 2587 Paralyt.

2034 2619 2198 2657 num.
2219 2605 2273 2670 9,
2295 2601 2451 2657 hanc
2474 2601 2534 2655 in
2557 2601 2746 2656 tribus
2768 2601 3040 2673 personis
3071 2602 3212 2674 poni
3246 2603 3452 2675 jubet;
3476 2622 3688 2662 unam-

2033 2709 2334 2764 quamque
2373 2691 2554 2765 igitur
2584 2693 2769 2747 Deum
2801 2709 2930 2748 esse
2971 2698 3193 2750 censet.
3231 2694 3524 2761 Secundo,
3551 2695 3692 2753 dum

2033 2787 2153 2837 tres
2183 2782 2327 2837 deos
2356 2786 2554 2854 negat,
2591 2780 2682 2835 vel
2719 2781 2956 2849 Filium,
3003 2787 3062 2837 et
3088 2783 3372 2854 Spiritum
3419 2790 3691 2841 sanctum

2032 2871 2136 2926 Dei
2159 2870 2331 2926 titulo
2345 2872 2554 2943 privat,
2577 2870 2668 2926 vel
2687 2869 3026 2944 {CXXXVII}
3051 2889 3152 2928 eos
3164 2890 3352 2929 unum
3373 2892 3509 2930 cum
3522 2881 3689 2947 patre

2032 2964 2219 3019 Deum
2232 2963 2473 3019 efﬁcere
2490 2970 2713 3019 censet.
2730 2964 2871 3020 Illos
2889 2964 3197 3021 divinitate
3210 2967 3461 3038 privare,
3486 2969 3687 3024 Trini-

2030 3060 2213 3110 tatem
2253 3072 2529 3127 separare
2571 3059 2681 3125 est,
2706 3056 2864 3126 quod
2896 3057 3267 3131 severissime
3303 3064 3505 3116 cavet:
3539 3061 3688 3118 alias

2030 3146 2245 3202 Filium
2260 3145 2472 3201 saltem
2504 3163 2574 3201 ex
2600 3144 2794 3201 verbis
2822 3146 3074 3218 symboli
3108 3165 3313 3203 verum
3346 3150 3531 3205 Deum
3552 3168 3691 3223 pro-

253 3238 589 3294 abundanti
608 3237 959 3310 specialium
978 3239 1164 3294 sancti
1187 3239 1440 3313 Spiritus
1451 3240 1765 3297 domorum
1787 3258 1922 3313 par—
1956 3267 2000 3335 α
2038 3236 2293 3291 nuntiat.
2311 3236 2504 3335 Unum
2527 3251 2664 3305 ergo
2679 3252 2816 3335 cuni
2837 3237 3008 3335 Eatre
3027 3239 3214 3293 Deum
3227 3238 3437 3295 ambos
3453 3240 3692 3297 efﬁcere

255 3327 634 3399 ticipatione,
671 3344 801 3398 qua}
831 3328 1117 3383 nimirum
1149 3344 1257 3384 sua
1288 3334 1458 3385 aetate
1491 3332 1833 3387 communia
1864 3337 1922 3388 et

247 3418 607 3491 pervulgata
664 3417 871 3482 fuisse,
926 3418 1096 3474 testis
1155 3424 1245 3475 est
1298 3420 1555 3491 Cyrillus
1605 3421 1920 3493 [CXXXVI]

254 3509 559 3564 sexcentis
590 3508 761 3563 locis.
798 3509 895 3563 Has
927 3509 1155 3565 ratione
1188 3512 1437 3566 effecere
1488 3516 1554 3566 ut
1605 3511 1666 3568 in
1715 3512 1918 3583 Cyrilli

255 3597 599 3654 doctrinam
630 3614 811 3669 quam
842 3598 1099 3654 maximo
1124 3598 1319 3655 studio
1342 3600 1922 3672 inquirereni.Multa

253 3687 314 3741 in
340 3687 510 3742 Notis
560 3686 755 3758 capita
786 3686 1089 3757 explicavi.
1115 3688 1219 3743 Hic
1251 3704 1321 3744 ea
1348 3686 1685 3763 indaganda
1714 3708 1919 3763 super-

251 3782 417 3843 sunt,
479 3793 615 3848 quze
695 3775 1133 3848 diligentiorem
1201 3794 1442 3849 operam
1513 3780 1917 3851 postulabant,

251 3884 438 3938 quam
463 3872 535 3921 ut
568 3867 849 3921 Natarum
896 3865 1180 3922 brevitate
1230 3867 1705 3924 includerentur.
1748 3870 1919 3926 Ordi-

247 3974 394 4012 nem
456 3971 679 4027 sequor
756 3955 1119 4028 dogmatum,
1189 3973 1367 4028 quem
1438 3959 1564 4030 ipse
1622 3960 1918 4017 catechesi

248 4052 471 4119 quarta
498 4046 754 4118 praeﬁxit
782 4045 1056 4116 Cyrillus.

800 4136 1032 4191 CAPUT
1077 4138 1379 4194 PRIMUM.

418 4246 555 4310 Once
577 4247 755 4300 sancti
785 4244 983 4315 Cyrilli
1011 4246 1077 4300 de
1105 4249 1452 4303 sanctissima
1485 4250 1757 4304 Trinitate

851 4321 1122 4374 sententia
1148 4321 1344 4388 fuerit.

315 4411 371 4461 2.
406 4406 611 4461 Sancti
642 4405 845 4477 Cyrilli
878 4405 1026 4462 ﬁdes
1056 4408 1215 4464 circa
1245 4409 1683 4466 sanctissimam
1724 4411 1915 4466 Trini-

245 4504 436 4552 tatem
468 4496 599 4550 vivo
660 4495 787 4566 ipso
845 4502 1140 4553 accusata.
1203 4500 1350 4554 Eum
1396 4499 1794 4573 Hieronymus
1854 4502 1915 4557 in

242 4589 525 4643 Chronico
559 4586 916 4642 Arianorum
938 4589 1098 4661 gregi
1130 4589 1385 4645 ﬁdenter
1405 4590 1778 4647 adnumerat.
1804 4594 1917 4648 Ru-

244 4679 405 4734 ﬁnus
439 4678 502 4733 in
531 4676 650 4732 ﬁde
683 4676 1027 4748 aliquando,
1052 4679 1271 4750 saepius
1293 4679 1354 4734 in
1376 4682 1803 4737 communione
1820 4698 1917 4738 va-

242 4771 435 4825 riasse
496 4767 733 4823 scribit.
794 4768 1065 4824 Socrates
1141 4775 1201 4824 et
1256 4770 1614 4826 Sozomenus
1681 4772 1920 4828 concilii

239 4860 506 4917 Constan
518 4858 559 4913 ti
569 4856 905 4929 nopolitani
927 4863 1193 4931 tempore
1226 4861 1300 4915 ad
1318 4860 1497 4916 ﬁdem
1515 4860 1919 4919 consubstan-

240 4950 516 5006 tialitatis
546 4964 621 5003 ex
641 4948 1314 5019 pmnitentiareversum
1330 4951 1516 5006 aiunt.
1545 4953 1723 5007 Erant
1742 4954 1924 5009 Theo-

238 5043 454 5113 phanis
484 5048 796 5113 tempore,
830 5039 933 5110 qui
958 5041 1190 5096 Arianae
1224 5042 1530 5114 opinionis
1555 5050 1921 5115 suspectum,

238 5132 605 5209 Ἀρειόφρονα
623 5129 1170 5200 calumniarentur,
1189 5137 1433 5203 prepter
1446 5134 1922 5203 piissiminomen

236 5220 631 5279 εὐσεϐέστατον
674 5220 1032 5276 Constantio
1067 5221 1129 5276 in
1153 5221 1406 5292 epistola
1428 5221 1500 5277 de
1522 5224 1717 5279 crucis
1742 5242 1918 5297 appa-

232 5316 442 5374 ritione
475 5315 818 5377 tributum,
846 5313 905 5364 et
924 5308 1453 5366 consubstantialis
1468 5329 1671 5369 vocem
1690 5314 1752 5369 in
1765 5320 1927 5371 cate-

228 5408 506 5465 chesibus
555 5398 1073 5479 praetermissam.
1125 5402 1554 5473 Metaphrastes
1601 5404 1663 5458 in
1716 5405 1837 5460 Vita
1864 5407 1921 5463 S.

221 5501 549 5567 Athanasii,
576 5500 647 5551 et
708 5490 873 5547 alius
910 5489 1050 5547 Vitae
1107 5491 1378 5563 ejusdem
1425 5494 1615 5549 sancti
1649 5495 1923 5567 scriptor,

212 5609 338 5649 eum
372 5591 671 5651 maximo
702 5579 1044 5652 impietatis
1060 5581 1273 5637 ardore
1298 5582 1610 5639 incensum
1636 5585 1922 5642 scribunt.

205 5685 299 5744 His
324 5680 691 5745 calumniis
720 5674 937 5729 locum
956 5672 1195 5741 dedere,
1224 5675 1317 5730 vel
1347 5692 1567 5748 sparsa)
1601 5676 1743 5733 dum
1772 5679 1927 5734 vive-

197 5781 368 5836 retin
399 5778 550 5851 ejus
581 5761 1063 5827 ordinationem
1095 5764 1436 5835 calumniae,
1460 5766 1549 5822 vel
1582 5767 1703 5823 fota
1732 5768 1805 5824 ab
1828 5786 1927 5825 eo-

541 5895 856 5954 Parnm.
901 5882 1015 5943 Gs.
1058 5883 1333 5945 XXXIII.

1948 4632 1995 4699 D

2039 3324 2814 3396 existimavit.Tertio,quod
2836 3326 2907 3380 de
2931 3326 3029 3382 hic
3042 3328 3090 3381 vi
3102 3328 3282 3385 tanda
3294 3328 3475 3385 trium
3491 3332 3693 3387 confu-

2012 3416 2196 3477 sione
2212 3420 2315 3470 aut
2335 3414 2711 3487 separatione
2730 3421 2953 3483 monet,
2980 3415 3139 3472 idem
3162 3418 3234 3474 de
3256 3421 3428 3475 Patre
3453 3425 3511 3475 et
3544 3421 3690 3477 Filio

2031 3504 2365 3560 innumeris
2386 3521 2538 3576 pene
2561 3503 2710 3560 locis
2734 3506 2972 3576 repetit:
3002 3507 3063 3561 in
3092 3507 3303 3578 primis
3325 3514 3434 3564 cat.
3457 3512 3512 3580 ἀρ,
3531 3528 3591 3566 n.
3619 3513 3688 3578 8;

2031 3598 2248 3659 cat“,
2278 3596 2451 3658 n.16,
2488 3596 2953 3661 l7et18;cat.15
2990 3613 3087 3663 ;n,
3113 3599 3166 3662 9;
3202 3598 3418 3668 quibus
3450 3600 3510 3654 in
3542 3600 3690 3656 locis

2028 3684 2187 3740 idem
2219 3684 2290 3739 de
2323 3683 2545 3754 Spiritu
2575 3700 2811 3753 quoque
2842 3690 3048 3740 sancto
3083 3687 3540 3757 supponendum
3559 3705 3689 3745 esse

2030 3776 2260 3847 probat,
2297 3773 2533 3845 quodin
2552 3774 2729 3828 citato
2743 3774 3072 3829 catechesis
3089 3777 3152 3829 16
3170 3778 3507 3833 testimonio
3525 3795 3688 3834 eam-

2030 3864 2166 3921 dem
2187 3864 2273 3918 illi
2299 3863 2659 3919 sententiam
2683 3862 3021 3935 applicavit.
3046 3865 3198 3929 Quid
3217 3882 3353 3921 vero
3380 3867 3691 3941 sit,Cyrilli

2030 3953 2706 4021 sententia,Trinitatem
2730 3952 2822 4008 vel
2853 3969 3142 4024 personas
3165 3959 3694 4032 separare,perspi-

2028 4063 2135 4102 cue
2153 4045 2409 4117 explicat
2423 4048 2534 4111 cat,
2547 4047 2568 4097 1
2582 4047 2601 4096 1
2617 4060 2676 4109 ,n
2693 4043 3071 4110 l7;nimirum
3090 4061 3408 4117 personam
3422 4047 3690 4120 aliquam

2028 4137 2090 4191 in
2109 4141 2445 4192 creaturam
2485 4151 2803 4189 numerum
2835 4134 3123 4209 relegare.
3168 4137 3274 4193 Hic
3306 4139 3491 4207 enim,
3527 4140 3687 4211 quod

2027 4225 2100 4281 de
2114 4225 2402 4297 oppositis
2416 4223 2720 4280 erroribus
2733 4224 2965 4281 dixerat
2982 4225 3524 4297 explanans,ait:«N
3532 4245 3686 4300 eque

2032 4337 2053 4365 ι
2083 4316 2230 4371 Filio
2244 4316 2475 4371 deferre
2499 4314 2790 4369 honorem
2814 4316 2951 4382 rati,
2971 4317 3208 4371 Patrem
3231 4333 3366 4373 eum
3382 4335 3689 4392 nuncupe~

2028 4428 2055 4457 ‹‹
2079 4423 2235 4476 mus;
2258 4421 2454 4476 neque
2476 4404 2619 4459 dum
2633 4406 2871 4459 Patrem
2892 4405 3188 4462 honorare
3208 4407 3691 4478 arbitramur,Fi-

2027 4519 2056 4547 ‹‹
2082 4496 2230 4550 lium
2246 4510 2433 4550 unum
2451 4510 2520 4548 ex
2534 4493 2713 4548 rebus
2726 4493 2984 4549 conditis
3003 4496 3395 4568 suspicemur.
3409 4522 3436 4550 ››
3458 4500 3523 4555 Id
3535 4501 3688 4557 alio-

2029 4585 2130 4657 qui
2150 4602 2247 4641 res
2272 4584 2403 4655 ipsa
2425 4582 2661 4638 clamat.
2680 4582 3047 4639 Sabellianos
3067 4602 3133 4640 ex
3156 4604 3326 4658 aequo
3340 4588 3688 4662 refutat,qui

2028 4682 2150 4731 tres
2176 4675 2240 4729 in
2267 4689 2447 4729 unam
2482 4689 2769 4745 personas
2801 4673 3287 4743 confundebant;
3320 4682 3377 4732 et
3407 4679 3686 4750 Arianos,

2031 4765 2133 4840 qui
2163 4763 2378 4820 Filium
2406 4768 2464 4816 et
2489 4761 2772 4833 Spiritum
2831 4768 3105 4819 sanctum
3164 4765 3227 4820 in
3274 4772 3685 4826 creaturarum

2032 4869 2351 4912 numerum
2377 4851 2747 4907 referebant:
2782 4857 2995 4909 neutra
3020 4852 3108 4907 illi
3140 4854 3337 4925 placet
3365 4860 3685 4926 sententia;

2031 4950 2247 5008 Filium
2280 4964 2416 5021 ergo
2448 4952 2508 5003 et
2537 4947 2822 5020 Spiritum
2853 4955 3122 5005 sanctum
3157 4951 3365 5005 eximit
3392 4968 3427 5008 a
3455 4959 3692 5011 creatu-

2032 5042 2136 5096 ris.
2170 5041 2310 5095 Tres
2341 5038 2425 5094 ita
2452 5037 2780 5111 conjungit,
2812 5043 2881 5093 ut
2925 5038 3227 5095 vitandam
3275 5046 3688 5103 tantummodo

2031 5133 2213 5188 unius
2234 5145 2507 5202 personae
2538 5128 2602 5182 in
2633 5132 2753 5183 tres
2776 5128 3097 5200 aliquando
3128 5135 3371 5189 mutatas
3402 5135 3694 5194 confusio-

2033 5238 2173 5280 nem
2218 5224 2480 5276 moneat.
2530 5217 2690 5272 Nihil
2739 5215 2903 5272 aliud
2949 5219 3252 5291 reliquum
3305 5228 3415 5293 est,
3469 5225 3585 5282 nisi
3629 5232 3697 5283 ut

2035 5320 2157 5371 tres
2186 5324 2475 5383 personas
2508 5308 2570 5362 in
2604 5323 2727 5361 una
2758 5312 2973 5363 natura
3001 5310 3356 5383 conjunctas
3394 5314 3691 5374 admittat.

2105 5408 2158 5459 4.
2193 5398 2487 5465 Secundo,
2518 5412 2702 5452 unam
2728 5397 2916 5453 tribus
2932 5401 3205 5470 personis
3232 5402 3597 5462 divinitatem
3625 5423 3696 5463 ex

2037 5509 2207 5566 sequo
2231 5502 2615 5547 communem
2634 5485 2796 5543 facit.
2830 5488 2952 5543 Cat.
2979 5491 3032 5560 6,
3064 5507 3230 5547 num.
3255 5496 3308 5561 5,
3339 5493 3411 5549 de
3440 5494 3588 5550 Filio
3604 5495 3692 5552 lo.

2038 5597 2262 5658 quens:
2330 5582 2585 5634 Paterna:
2643 5576 2982 5648 divinitatis,
3040 5596 3163 5636 cum
3229 5584 3448 5654 Spiritu
3501 5593 3691 5641 sancto

2030 5675 2312 5749 particeps
2342 5675 2422 5724 est
2467 5666 2787 5738 unigenitus
2830 5669 3025 5728 Filius.
3071 5669 3340 5742 Θεότητος
3366 5680 3465 5743 τῆς
3498 5695 3693 5749 πατρι-

2036 5767 2139 5829 κῆς
2168 5759 2283 5817 ἐστὶ
2316 5756 2408 5812 σὺν
2432 5760 2513 5829 τῷ
2575 5761 2847 5831 Πνεῦματι
2899 5763 2979 5832 τῷ
3007 5758 3145 5833 ἀγίω
3197 5763 3461 5824 κοινωνὸς
3508 5764 3537 5818 ὁ
3566 5763 3693 5825 Υἱὸς

3324 5881 3366 5941 6
