4052 6418
237 403 310 466 1⁸13

1677 421 2204 485 DISSERTATIO
2248 425 2360 487 III.

3631 437 3750 497 174

235 540 489 635 admonui.
531 550 682 607 Sed
728 558 981 613 totam
1015 558 1146 613 vim
1178 558 1303 631 ejus
1332 555 1595 612 vocabuli
1628 559 1687 611 et
1727 560 1979 611 senten-
2009 555 2063 623 Α
2096 572 2228 627 quae
2262 563 2382 614 tam
2412 560 2728 634 magnifice
2757 563 3015 635 Cyrillus
3047 561 3119 617 de
3145 565 3265 619 Deo
3297 566 3468 619 Patre
3490 568 3749 623 omnium

239 633 302 689 tia
323 635 365 692 in
389 637 738 699 adductis
786 663 1026 720 supra.
1058 649 1445 705 catecheseon
1477 645 1790 703 sententiis
1830 662 1971 701 con-

250 727 389 796 tinui,
412 746 631 787 nemo
674 736 811 805 qui
850 739 1044 809 aequi
1074 737 1289 811 judicii
1320 737 1415 805 sit,
1449 736 1692 793 difﬁteri
1716 734 1889 790 valet.

305 821 565 877 tlinum
606 829 751 893 est,
793 828 999 898 quod
1035 828 1318 883 adversus
1359 826 1687 898 expositam
1732 825 1804 879 de
1835 824 1969 878 Tri-

265 912 395 968 nitate
414 912 815 971 doctrinam
845 934 937 973 ex
966 917 1200 990 Cyrillo
1222 917 1435 990 opponi
1458 916 1665 988 possit;
1683 915 1967 970 nimirum

265 1004 392 1061 illum
416 1010 735 1062 externas
770 1008 1128 1064 Trinitatis
1159 1008 1420 1064 actiones
1448 1022 1776 1078 separasse,
1810 1003 1968 1059 unde

266 1098 407 1152 etiam
437 1102 761 1168 sequatur
796 1103 1065 1153 naturai
1089 1098 1400 1170 separatio.
1429 1096 1761 1152 Creationis
1783 1094 1965 1150 actio-

266 1186 571 1253 nem,verhi
589 1188 964 1261 gratia,uni
990 1188 1145 1244 Filio
1171 1187 1393 1243 tribuit:
1427 1188 1585 1243 Patri
1618 1186 1965 1242 mandatum

270 1284 478 1335 tantum
505 1278 806 1342 creandi,
848 1285 915 1333 et
946 1277 1572 1334 subministrationem
1609 1275 1964 1348 exemplaris

270 1386 453 1425 rerum
483 1368 991 1424 efﬁciendarum
1019 1386 1031 1423 :
1058 1368 1301 1440 Spiritui
1328 1374 1532 1423 sancto
1555 1372 1744 1423 solam
1762 1381 1964 1421 rerum

266 1466 401 1515 nutu
436 1459 638 1514 Patris
672 1474 797 1529 per
825 1457 1141 1513 Christum
1174 1458 1517 1513 effectarum
1549 1450 1965 1513 sanctiﬁcatio-

268 1566 400 1604 nem
432 1548 716 1603 tribuere
738 1548 1011 1603 videtur.
1036 1549 1115 1602 De
1146 1548 1316 1602 Patre
1336 1547 1656 1603 mandante
1678 1552 1737 1601 et
1766 1563 1962 1602 exem-

270 1640 394 1713 plar
422 1656 633 1695 rerum
668 1638 1145 1694 condendarum
1176 1638 1322 1693 Filio
1356 1637 1872 1705 subministrante,
1895 1654 1963 1694 ac

262 1729 411 1784 Filio
441 1729 792 1797 condente,
830 1733 1028 1784 exstat
1060 1728 1189 1799 ejus
1222 1726 1492 1783 doctrina
1521 1734 1632 1783 cat.
1672 1731 1757 1795 11,
1809 1745 1868 1782 n.
1894 1731 1961 1781 22

262 1826 321 1874 et
349 1822 441 1886 23,
471 1836 665 1890 quam
702 1818 984 1874 declarat
1013 1817 1284 1889 exemplo
1316 1818 1469 1890 regis
1510 1817 1610 1888 qui
1659 1817 1960 1873 civitatem

2092 654 2360 706 creatore
2391 654 2740 723 pronuntiat
2770 655 2977 710 multis
3007 655 3174 710 locis.
3211 655 3273 710 in
3305 656 3515 728 primis
3545 664 3657 713 cat.
3692 662 3746 727 4,

2085 753 2251 793 num.
2286 742 2339 809 4,
2377 743 2440 796 18
2474 748 2533 797 et
2556 746 2662 811 22;
2698 749 2811 800 cat.
2848 748 2902 809 6,
2935 762 2995 801 n.
3031 748 3063 799 9
3109 751 3167 801 et
3200 749 3301 813 12;
3352 752 3464 802 cat.
3510 750 3561 818 7,
3596 766 3656 817 n,
3691 753 3742 818 6,

2084 831 2142 891 et
2168 833 2289 885 tota
2318 832 2612 888 catechesi
2645 835 2852 890 nona?
2883 835 3098 907 quibus
3132 834 3194 890 in
3226 836 3374 892 locis
3428 838 3745 894 Marcioni-

2086 922 2191 987 tas,
2227 921 2605 988 Manichaaos,
2636 924 2905 996 aliosque
2936 926 3251 981 haereticos
3283 927 3740 999 diligentissime

2080 1007 2318 1079 refellit,
2353 1012 2453 1082 qui
2487 1013 2779 1069 mundum
2804 1015 2960 1070 hunc
2988 1015 3497 1088 negabantPatris
3521 1017 3737 1074 Christi

2075 1097 2379 1168 opificium
2413 1119 2562 1158 esse.
2606 1104 2934 1160 Adversum
2967 1121 3068 1160 eos
3113 1106 3324 1177 probat
3349 1112 3462 1163 cat.
3498 1112 3553 1173 7,
3587 1126 3644 1164 n.
3681 1112 3733 1178 6,

2076 1188 2352 1245 eumdem
2376 1208 2505 1247 esse
2537 1194 2771 1249 Patrem
2794 1193 3007 1248 Christi
3032 1212 3167 1250 cum
3192 1196 3399 1251 mundi
3424 1197 3732 1254 conditore

2075 1282 2131 1333 et
2162 1285 2401 1335 auctore
2426 1283 2647 1338 Veteris
2669 1285 3051 1339 Testamenti.
3085 1286 3261 1355 Atqui
3288 1286 3375 1340 illi
3412 1288 3595 1342 Deum
3628 1287 3736 1343 Ve-

2076 1369 2217 1424 teris
2236 1372 2593 1428 Testamenti
2618 1373 2856 1445 proprie
2888 1391 2955 1429 ac
2972 1391 3103 1429 vere
3131 1375 3338 1430 mundi
3366 1376 3735 1434 conditorem

2074 1459 2491 1516 aestimabant:
2525 1480 2647 1517 non
2677 1463 2735 1517 id
2764 1463 3003 1521 refellit.
3051 1465 3154 1520 sed
3186 1471 3251 1520 ut
3280 1466 3557 1522 eumdem
3589 1486 3736 1539 quo-

2073 1564 2186 1619 que
2209 1549 2423 1605 Christi
2450 1553 2684 1608 Patrem
2708 1559 3053 1626 agnoscant,
3082 1554 3349 1610 obtinere
3372 1556 3603 1613 nititur.
3633 1558 3731 1613 Se-

2075 1638 2290 1709 cundo,
2324 1640 2473 1696 duos
2506 1641 2568 1696 in
2599 1644 2770 1697 Patre
2795 1643 3000 1699 titulos
3032 1649 3090 1698 et
3113 1645 3378 1699 actiones
3401 1646 3733 1719 distinguit,

2070 1744 2252 1785 unam
2278 1732 2490 1803 Patris,
2524 1733 2774 1789 alteram
2796 1735 3107 1805 Createris,
3136 1743 3246 1791 cat.
3269 1738 3321 1804 4,
3348 1754 3406 1791 Π.
3437 1740 3488 1793 4.
3516 1760 3543 1787 ‹‹
3571 1739 3734 1795 Unus

2072 1841 2099 1868 «
2133 1820 2286 1875 Deus
2318 1821 2481 1879 solus
2512 1823 2613 1894 qui
2646 1828 2704 1878 et
2734 1825 3071 1880 animarum
3113 1830 3171 1880 et
3201 1843 3518 1898 corporum
3547 1827 3735 1883 factor

250 1916 492 1965 struere
526 1909 783 1975 volens,
818 1907 969 1963 Filio
1002 1924 1107 1962 suo
1141 1908 1363 1979 pariter
1390 1924 1592 1962 secum
1623 1907 1747 1979 regi
1780 1923 1954 1962 man-
1994 1936 2035 2002 Β
2072 1930 2099 1960 ‹‹
2126 1917 2245 1979 est;
2272 1929 2429 1968 unus
2459 1919 2548 1968 est
2586 1914 2782 1985 cpifex
2812 1915 2941 1970 cmli
2976 1920 3033 1971 et
3066 1922 3259 1985 terr-te,
3294 1918 3642 1991 angelorum
3675 1925 3734 1975 et

251 1999 471 2055 datum
502 2005 565 2055 et
597 1998 929 2069 exemplar
950 1997 1115 2053 urbis
1145 1995 1468 2053 condendae
1501 1996 1741 2065 tribuat;
1774 2014 1954 2068 quam

243 2090 485 2146 deinde
514 2091 690 2145 ﬁlius
725 2106 804 2144 ex
834 2088 1116 2144 mandato
1147 2089 1333 2161 patris
1384 2088 1459 2143 ad
1509 2088 1812 2160 exemplar
1841 2088 1954 2142 sibi

241 2180 737 2253 suppeditatum
773 2179 1067 2235 aediﬁcet:
1104 2195 1221 2250 quo
1255 2178 1524 2250 exemplo
1568 2178 1955 2235 concludatur

243 2269 489 2325 mundi
520 2270 916 2325 (affectionem
946 2268 1132 2323 solius
1161 2268 1295 2335 Eilii
1345 2284 1494 2323 esse.
1542 2269 1681 2333 Qum
1712 2267 1954 2339 quidem

248 2361 646 2416 Arianorum
660 2359 967 2415 sententia
980 2363 1435 2427 erat,creaturas
1449 2357 1745 2414 actionem
1764 2359 1953 2414 Patris

248 2454 523 2522 portare
554 2469 681 2507 non
701 2451 975 2523 potuisse
1001 2450 1819 2520 aientium,intermediaaque
1846 2467 1951 2505 na-

264 2547 441 2596 tura:
464 2543 933 2615 attemperatiori
961 2560 1145 2598 manu
1166 2560 1311 2615 opus
1334 2543 1537 2598 fuisse.
1563 2543 1721 2597 Hanc
1735 2542 1953 2597 doctri-

271 2648 443 2688 nam
478 2633 609 2688 fuse
639 2634 877 2706 exponit
905 2633 1195 2689 Eusebius
1224 2634 1439 2689 Casar.
1473 2638 1621 2688 orat.
1665 2634 1741 2687 De
1772 2632 1955 2687 laudi-

273 2722 389 2778 bus
418 2724 703 2789 Constant,
744 2740 798 2778 c.
830 2726 886 2790 9,
919 2740 987 2778 ac
1039 2723 1257 2779 refutat
1300 2722 1661 2778 Athanasius
1714 2727 1862 2778 orat.
1899 2725 1953 2790 2,

252 2820 424 2880 cont,
462 2815 699 2879 Arian.,
731 2830 793 2868 n.
842 2814 936 2879 24,
970 2817 1028 2867 et
1078 2814 1149 2869 De
1178 2813 1318 2868 decr.
1376 2816 1604 2879 Nzczen.,
1641 2829 1699 2868 η.
1735 2816 1765 2865 7
1798 2817 1857 2867 et
1886 2814 1942 2869 8.

247 2906 350 2960 De
367 2904 605 2976 Spiritu
656 2909 857 2959 autem
898 2908 1104 2959 sancto
1118 2920 1212 2959 res
1228 2908 1456 2959 creatas
1484 2908 1711 2958 tantum
1728 2902 1950 2958 sancti-

248 2996 500 3051 ﬁcante
528 2999 649 3050 cat.
682 2997 772 3060 16,
796 3010 854 3048 n.
878 2994 928 3047 3.
956 3016 983 3044 ‹‹
1012 2995 1134 3061 Est,
1167 2994 1380 3064 inquit,
1412 2994 1662 3066 Spiritus
1688 3000 1949 3062 sanctus,

253 3109 286 3136 κ
318 3085 755 3141 sanctiticator
776 3099 974 3138 rerum
1010 3084 1280 3139 omnium
1312 3101 1345 3139 a
1376 3085 1494 3138 Deo
1516 3101 1623 3155 per
1650 3084 1951 3139 Christum

258 3198 293 3225 ει
322 3177 717 3240 effectarum;
741 3178 853 3228 cat.
878 3177 961 3239 l7,
986 3191 1043 3228 n.
1068 3175 1122 3230 2.
1146 3176 1248 3229 Est
1266 3190 1465 3229 rerum
1488 3175 1756 3229 omnium
1772 3175 1954 3230 ratio-

262 3291 295 3317 ε
319 3286 399 3323 ne
416 3268 613 3341 praedi
625 3273 984 3337 tarum,qute
999 3284 1033 3323 a
1048 3268 1164 3322 Deo
1179 3284 1284 3339 per
1296 3268 1594 3323 Christum
1609 3268 1777 3324 facta)
1793 3274 1952 3337 sunt,

252 3384 285 3409 er
306 3361 758 3416 sanctificator.
774 3360 967 3425 nQuod
980 3360 1025 3414 si
1048 3361 1200 3415 hanc
1215 3376 1349 3414 vere
1364 3360 1567 3430 Cyrilli
1579 3361 1939 3417 sententiam

248 3452 454 3507 fuisse
486 3448 923 3516 concesserim,
939 3450 1082 3521 quid
1096 3466 1270 3521 porro
1285 3448 1423 3505 inde
1441 3452 1766 3521 sequatur?
1786 3451 1940 3507 Illud

256 3542 340 3595 ad
373 3554 734 3596 summum:
782 3539 1067 3609 Cyrillum
1115 3555 1300 3594 unum
1349 3539 1594 3611 aliquod
1633 3541 1940 3597 catholica;

261 3630 564 3687 doctrinae
579 3632 1023 3687 consectarium
1046 3649 1165 3687 non
1185 3632 1402 3688 vidisse
1428 3650 1440 3700 ;
1468 3632 1776 3700 nimirum,
1801 3651 1939 3705 quo-

256 3738 403 3777 rum
434 3740 562 3778 una
594 3727 693 3777 est
720 3727 934 3777 natura
959 3727 1017 3777 et
1038 3722 1337 3789 divinitas,
1362 3724 1711 3779 earumdem
1732 3740 1939 3780 neces-

265 3814 638 3869 sariounam
663 3829 797 3868 esse
822 3829 952 3884 qua)
970 3819 1130 3869 extra
1149 3814 1397 3886 prodeat
1417 3815 1709 3871 actionem
1730 3833 1743 3883 ;
1767 3816 1940 3871 illum

256 3902 319 3956 in
354 3902 763 3958 distinctione
795 3918 1203 3973 personarum,
1236 3902 1491 3961 indivisa
1521 3907 1790 3976 quamvis
1833 3924 1939 3962 na-

252 3998 428 4059 tura,
454 3992 605 4047 satis
630 3990 831 4046 inesse
852 3991 1225 4047 fundamenti
1245 3993 1622 4061 arbitratum,
1648 4001 1714 4051 ut
1731 4012 1942 4069 opera-

254 4081 472 4137 tiones
520 4081 744 4153 cuique
788 4089 1074 4153 separata:
1106 4083 1395 4157 assignari
1440 4085 1620 4157 [CXL]
1674 4092 1939 4158 possent.

255 4172 435 4239 Haec,
470 4173 748 4243 inquam,
784 4172 909 4227 sola
941 4173 1295 4230 concludere
1327 4174 1554 4241 liceret,
1587 4192 1710 4231 non
1742 4182 1943 4232 autem

259 4260 505 4317 diserte
531 4261 926 4317 constitutam
949 4262 1022 4317 ab
1046 4280 1113 4318 eo
1144 4263 1216 4319 de
1248 4264 1634 4336 inseparabili
1659 4266 1944 4322 Trinitate

256 4350 619 4406 doctrinam
649 4356 933 4417 evertere,
970 4353 1017 4407 si
1049 4353 1513 4410 concederemus
1535 4361 1810 4412 externas
1823 4358 1944 4412 Tri-

260 4442 485 4496 nitatis
507 4441 889 4513 operationes
908 4444 1645 4517 separavisse,quanquam
1657 4447 1774 4503 alia
1787 4464 1951 4519 pror-

266 4547 375 4586 sus
406 4532 649 4587 ratione
684 4537 744 4586 et
772 4548 952 4588 causa
985 4551 1162 4604 quam
1196 4536 1399 4591 Ariani
1423 4541 1602 4607 atque
1633 4537 1943 4607 Eusebius,

262 4623 651 4678 creationem
666 4623 812 4678 Filio
828 4623 1051 4679 tribuit.
1068 4625 1160 4679 Illi
1172 4632 1415 4699 propter
1434 4632 1696 4698 paternze
1714 4634 1941 4684 natura;

266 4714 689 4784 majestatem,
725 4730 903 4784 quam
934 4730 1043 4771 nec
1073 4716 1147 4772 ad
1174 4717 1499 4773 creandum
1531 4717 1842 4775 demittere
1884 4735 1944 4773 se

263 4819 481 4873 posse,
514 4819 629 4858 nec
655 4820 691 4857 a
718 4805 1005 4860 creaturis
1027 4807 1309 4862 sustineri
1338 4808 1604 4879 potuisse
1633 4807 1943 4865 dicebant:

266 4892 543 4963 Cyrinus
576 4909 713 4948 vero
744 4894 901 4949 hanc
930 4912 1110 4951 unam
1159 4913 1400 4953 causam
1439 4897 1676 4970 allegat,
1709 4904 1820 4954 cat.
1856 4902 1942 4966 11,

264 4997 448 5050 num,
501 4985 594 5050 22,
627 4984 786 5054 quod
834 4986 1007 5041 Pater
1040 4987 1253 5058 aequali
1287 4987 1400 5043 sibi
1433 4987 1580 5042 Filio
1611 4992 1946 5043 creatarum

258 5087 485 5127 rerum
518 5076 877 5144 potestatem
904 5090 970 5129 ac
1003 5074 1332 5132 dominium
1370 5078 1812 5134 communicare
1837 5096 1945 5133 vo-

265 5160 438 5229 lens,
476 5180 631 5236 opus
687 5163 800 5236 ipsi
832 5165 1152 5221 creationis
1209 5168 1596 5224 commiserit.
1629 5170 1845 5224 Verum
1878 5185 1948 5225 ea

254 5251 636 5309 defensione
655 5254 742 5309 uti
773 5254 929 5309 nihil
956 5271 1065 5310 nos
1087 5256 1244 5329 cogit
1267 5274 1280 5323 ;
1304 5257 1799 5330 probandumque
1823 5277 1946 5316 sus-

252 5342 537 5414 cipimus
564 5360 636 5399 ex
666 5343 908 5417 Cyrillo,
940 5350 1062 5401 tam
1088 5348 1327 5403 Patrem
1357 5352 1416 5403 et
1453 5348 1735 5420 Spiritum
1769 5367 1943 5407 sanc-

254 5438 390 5489 tum
430 5452 575 5491 cum
604 5435 754 5491 Filio
804 5436 1118 5507 creavisse,
1170 5453 1350 5509 quam
1381 5438 1659 5495 eumdem
1708 5442 1944 5497 Patrem

250 5529 313 5578 et
342 5526 583 5582 Filium
614 5541 755 5582 cum
788 5529 996 5582 sancto
1027 5525 1249 5599 Spiritu
1281 5528 1771 5586 sanctificationis
1803 5548 1940 5588 auc-

248 5618 423 5672 tores
458 5634 616 5674 esse.

317 5707 379 5764 8.
416 5708 505 5765 Ac
532 5708 736 5782 primo
769 5703 1042 5779 quidem,
1073 5705 1208 5779 quis
1240 5707 1443 5765 credat
1481 5709 1555 5766 ad
1604 5710 1938 5784 simplicem

242 5803 476 5856 nutum
510 5803 701 5872 atque
747 5793 1105 5854 mandatum
1154 5797 1418 5872 creandi,
1448 5801 1783 5859 revocanda
1806 5803 1947 5860 esse

2066 2022 2093 2050 «
2128 2001 2619 2075 archangelorum
2643 2002 2849 2058 factor.
2885 2005 2992 2070 Qui
3027 2005 3350 2062 multarum
3375 2007 3618 2079 quidem
3634 2027 3728 2066 re-

2066 2112 2089 2145 α
2110 2109 2241 2147 rum
2256 2094 2451 2165 opifex
2466 2095 2759 2162 est,unius
2774 2112 2908 2150 vero
2924 2096 3130 2164 solius,
3142 2098 3375 2153 Domini
3391 2100 3576 2154 nostri
3591 2102 3730 2157 Jesu

2069 2201 2090 2230 ι
2126 2182 2343 2238 Christi
2375 2186 2549 2239 Pater
2572 2189 2710 2239 ante
2728 2186 2947 2240 smcula
2981 2208 3028 2240 ».
3065 2188 3210 2242 Nota
3241 2189 3503 2244 Graecam
3526 2207 3729 2247 vocem

2060 2288 2239 2342 quam
2256 2290 2360 2345 per
2372 2275 2564 2344 opifer
2579 2274 2970 2343 reddidi,esse
2990 2270 3054 2343 δη
3068 2274 3488 2350 μιουργός,(ιι]ω
3510 2281 3729 2344 artifici

2060 2363 2401 2433 etoperario
2417 2363 2694 2419 manibus
2708 2363 2830 2417 suis
2853 2382 3003 2435 opus
3025 2366 3413 2437 attingentiet
3448 2368 3729 2427 formanti

2061 2454 2303 2525 propria
2331 2459 2576 2521 est;cat.
2609 2459 2661 2521 7,
2697 2472 2757 2510 n.
2865 2478 2891 2505 α
2920 2458 3026 2510 Est
3057 2457 3210 2511 Deus
3242 2456 3569 2514 multorum
3594 2461 3730 2531 qui-

2064 2565 2090 2593 ‹‹
2106 2543 2239 2598 dem
2256 2544 2497 2599 abusive
2511 2544 2891 2611 Pater,unius
2904 2561 3038 2600 vero
3055 2544 3240 2600 solius
3256 2546 3383 2601 Filii
3407 2548 3543 2603 Jesu
3562 2550 3726 2605 Chri-

2065 2654 2085 2681 ι
2125 2633 2195 2687 sti
2213 2638 2427 2689 natura
2448 2638 2506 2689 et
2528 2634 2770 2689 veritate
2802 2636 2995 2690 Pater.
3029 2636 3336 2701 Quomodo
3354 2643 3553 2692 autem
3577 2638 3727 2695 abu-

2061 2723 2179 2778 sive
2211 2730 2617 2780 creaturarum
2637 2724 2713 2779 sit
2738 2726 2931 2791 Pater,
2957 2741 3171 2798 nempe
3197 2734 3440 2800 propter
3471 2728 3725 2787 creatio-

2060 2829 2219 2881 nem,
2238 2813 2491 2885 explicat
2513 2832 2550 2869 n
2596 2817 2650 2881 8,
2679 2814 2911 2870 duobus
2932 2816 3156 2871 Veteris
3170 2817 3531 2873 Testamenti
3551 2819 3719 2891 locis,

2060 2902 2247 2957 altero
2274 2904 2488 2976 Moysis
2516 2905 2678 2959 Deut.
2704 2921 2878 2971 xxxn,
2907 2907 2958 2961 6:
2986 2928 3012 2955 ‹‹
3043 2908 3249 2962 Nonne
3274 2908 3374 2962 ille
3397 2909 3524 2979 ipse
3547 2910 3723 2966 Pater

2061 3011 2088 3039 «
2117 2996 2252 3046 tuus
2276 2992 2541 3063 possedit
2572 2998 2648 3056 te,
2676 2999 2734 3047 et
2753 2992 2911 3061 fecit,
2940 3000 2998 3048 et
3023 2995 3242 3050 creavit
3274 3001 3327 3051 te
3349 2998 3374 3051 ‘I
3398 3019 3424 3044 »
3452 3002 3509 3051 et
3530 2998 3715 3054 altero

2058 3080 2245 3135 Isaiae:
2270 3104 2296 3131 «
2323 3081 2592 3149 Domine,
2618 3085 2793 3137 Pater
2810 3090 3013 3139 noster
3039 3090 3118 3151 tu,
3155 3102 3266 3141 nos
3289 3088 3716 3157 autemlutum;

2061 3188 2284 3243 «opera
2301 3190 2585 3229 manuum
2605 3180 2838 3230 tuarum
2852 3192 3081 3230 omnes.
3112 3199 3137 3224 ››
3161 3178 3508 3239 Tertio.suis
3523 3181 3720 3236 mani-

1988 3304 2031 3371 C
2067 3260 2177 3316 bus
2204 3267 2428 3318 Patrem
2444 3263 2762 3319 creationis
2777 3282 2925 3336 opus
2939 3265 3201 3337 attigisse
3225 3268 3430 3323 multis
3448 3269 3594 3326 locis
3614 3271 3713 3327 do-

2067 3357 2282 3420 cet;cat
2315 3355 2635 3419 4,num.5:«
2657 3357 2847 3426 Opera
2863 3355 3177 3428 digitorum
3192 3358 3320 3429 ejus
3336 3366 3476 3415 sunt
3492 3361 3642 3427 cmli,
3662 3373 3722 3424 et

2051 3463 2079 3492 ‹‹
2104 3442 2385 3497 universa
2409 3449 2566 3499 terra
2587 3445 2648 3499 in
2672 3461 2866 3518 pugno
2891 3446 3019 3517 ejus
3036 3447 3555 3507 contineturmcat.
3576 3453 3656 3509 9.i
3674 3469 3714 3507 n

2053 3550 2170 3604 qua
2189 3532 2259 3588 de
2275 3535 2445 3588 Patre
2464 3539 2619 3590 totus
2643 3552 2840 3591 sermo
2864 3543 2951 3591 est
2969 3540 3269 3601 n.lt,eum
3289 3558 3417 3597 esse
3441 3541 3715 3615 dicit.qui

2059 3644 2084 3677 ι
2106 3625 2304 3679 nervis
2326 3630 2384 3679 et
2405 3625 2640 3681 ossibus
2663 3643 2771 3681 nos
2790 3629 3477 3702 connexuit,pellemque
3501 3638 3559 3688 et
3590 3651 3713 3690 car-

2054 3735 2081 3763 ‹‹
2104 3731 2244 3770 nem
2260 3715 2686 3782 circumduxit;
2707 3716 3188 3787 quiindeficienti
3212 3722 3708 3792 coragitatmotu,

2052 3829 2079 3857 «
2106 3806 2206 3877 qui
2221 3805 2527 3861 oculorum
2544 3806 3010 3861 teneritudinem
3030 3808 3452 3878 palpebrarum
3475 3813 3704 3883 ample-

2051 3916 2161 3953 «xu
2178 3897 2450 3962 munivit,
2464 3920 2482 3944 ι
2495 3902 2604 3951 etc.
2618 3901 2781 3963 ;cat.l
2796 3899 3043 3967 2,n.26,«
3060 3899 3214 3953 Deus
3229 3900 3441 3971 est,qui
3458 3901 3519 3955 in
3536 3907 3703 3959 utero

2051 4012 2079 4041 «
2106 3989 2461 4044 hodiernum
2476 4003 2666 4057 usque
2680 3986 2836 4041 diem
2853 3987 3164 4043 hominum
3182 3988 3333 4044 fetus
3352 3992 3662 4047 construit.
3684 4014 3711 4044 ››

2052 4082 2291 4148 Quarto,
2315 4082 2428 4132 cat.
2470 4078 2550 4145 l8,
2581 4092 2745 4133 num.
2778 4080 2831 4144 6,
2865 4077 3135 4147 ejusdem
3179 4079 3279 4150 qui
3306 4097 3414 4135 nos
3437 4081 3598 4149 fecit,
3633 4084 3716 4138 ait

2054 4185 2183 4225 esse
2215 4172 2281 4223 ut
2310 4184 2418 4222 nos
2451 4166 2743 4238 collapsos
2778 4172 2835 4221 et
2862 4173 3127 4223 mortuos
3147 4171 3481 4239 resuscitet;
3503 4189 3714 4243 quem-

2053 4258 2378 4317 admodum
2405 4258 2697 4323 statuarii,
2730 4263 2796 4312 ut
2827 4257 3149 4330 collapsam
3183 4265 3443 4317 statuam
3474 4262 3534 4317 in
3556 4280 3717 4320 eam-

2056 4353 2192 4408 dem
2214 4367 2421 4406 rursus
2441 4351 2696 4405 formam
2712 4349 2950 4406 conflet.
2976 4351 3040 4406 Id
3053 4358 3252 4408 autem
3278 4354 3349 4408 de
3367 4355 3484 4409 Deo
3509 4356 3719 4411 condio

2058 4448 2204 4510 tore,
2238 4440 2381 4495 ibid.
2419 4445 2477 4497 et
2505 4456 2671 4495 num.
2705 4443 2758 4507 3,
2802 4440 2970 4496 nulla
3000 4441 3217 4498 Christi
3248 4443 3554 4501 mentione
3602 4451 3724 4501 tota

2057 4529 2353 4591 catechesi
2385 4529 2547 4586 dicit.
2593 4529 2833 4599 Quinto,
2890 4531 3122 4587 Patrem
3172 4549 3409 4606 semper
3462 4537 3718 4607 operari,

2056 4621 2269 4693 [CXLI]
2283 4618 2567 4675 etFilium
2581 4635 2716 4674 cum
2732 4621 2905 4675 Patre
2927 4620 3159 4692 operari
3186 4622 3359 4678 docet
3381 4623 3588 4680 homil.
3605 4648 3633 4676 ‹‹
3655 4626 3719 4680 in

2057 4710 2341 4784 «paralyt.
2366 4711 2507 4764 n5:
2538 4710 2713 4764 Pater
2743 4709 2873 4782 ejus
2905 4726 3142 4782 semper
3174 4718 3472 4783 operatur,
3506 4720 3566 4770 et
3590 4714 3717 4786 ipse

2063 4825 2090 4854 α
2112 4818 2249 4859 cum
2272 4804 2444 4856 Patre
2457 4806 2888 4871 unaoperatur,
2922 4800 3319 4875 συνεργάζεται,
3346 4808 3403 4857 et
3423 4804 3715 4870 omnium,

2060 4917 2087 4946 «
2104 4899 2253 4949 nutu
2267 4891 2682 4958 Patris,factor
2697 4898 2843 4948 erat.
2864 4891 3027 4947 ldem
3044 4893 3251 4949 aitcat.
3283 4898 3336 4961 7,
3360 4908 3525 4949 num.
3543 4898 3596 4949 6.
3620 4893 3720 4948 Ait

2059 5000 2295 5056 quoque
2326 4980 2553 5037 catech.
2587 4984 2640 5047 6,
2673 4998 2733 5037 n.
2767 4984 2822 5047 7,
2872 4983 3108 5037 Patrem
3157 4999 3277 5038 cum
3308 4999 3449 5039 unus
3493 4989 3543 5038 et
3572 4983 3718 5039 idem

2054 5073 2405 5137 sit,diversis
2426 5070 2920 5127 licetnominibus
2935 5071 3292 5143 appellatus,
3323 5092 3344 5121 α
3372 5072 3719 5129 innumera-

2064 5160 2976 5232 cbilesdivinitatisoperationes
3001 5161 3332 5232 emittere,»
3350 5160 3543 5237 μυρίας
3559 5160 3722 5217 ἐκπέ-

2060 5272 2191 5327 μπει
2218 5250 2315 5313 τὰς
2344 5256 2442 5319 τῆς
2459 5244 2720 5318 θεότητος
2754 5247 3038 5324 ἐνεργείας.
3067 5251 3218 5317 Quid
3253 5252 3496 5309 tandem
3529 5254 3720 5311 multa

2057 5341 2428 5417 quaarimus?
2459 5342 2544 5395 En
2576 5340 2866 5394 disertum
2897 5341 3255 5398 consociata:
3289 5342 3423 5397 Filii
3445 5348 3505 5399 et
3525 5342 3718 5398 Patris

2054 5432 2418 5508 operationis
2438 5430 2847 5487 testimonium
2869 5436 2981 5487 cat.
3018 5436 3107 5501 10,
3134 5450 3193 5489 n.
3224 5436 3277 5501 6,
3310 5456 3338 5485 «
3365 5436 3437 5489 Ut
3457 5434 3720 5491 declara-

2059 5552 2080 5581 ι
2107 5534 2274 5585 retur
2296 5524 2603 5581 hominem
2626 5538 2748 5577 non
2771 5523 2958 5580 solius
2983 5525 3087 5580 Dei
3113 5541 3260 5599 opus
3292 5542 3444 5594 esse,
3479 5526 3581 5583 sed
3603 5528 3718 5583 Do-

2057 5643 2081 5674 «ι
2113 5618 2262 5676 mini
2295 5630 2531 5688 quoque
2562 5615 2751 5669 nostri
2776 5616 2914 5671 Jesu
2944 5616 3184 5672 Christi.
3207 5635 3236 5669 ιο
3276 5617 3411 5673 Haec
3460 5635 3531 5674 ex
3560 5617 3719 5673 mul-

2066 5715 2143 5770 tis
2174 5707 2496 5774 sufticiant,
2522 5709 2589 5760 ut
2636 5720 2712 5761 ne
2743 5709 2981 5764 Patrem
3030 5724 3064 5764 a
3110 5707 3330 5781 Cyrillo
3373 5709 3628 5781 propria
3658 5707 3720 5761 in

2060 5799 2317 5863 creando
2349 5795 2716 5870 operationis
2747 5804 3053 5872 expertem
3081 5799 3359 5856 relictum
3381 5798 3718 5856 credamus.
