  <div class='ocr_page' id='page_1' title='image "/cluster/home/n/w/nwhite01/storage/ocr_20150623/33/coo.31924054869304/095.png"; bbox 0 0 4024 6392; ppageno 0'>
   <div class='ocr_carea' id='block_1_1' title="bbox 423 415 538 476">
    <p class='ocr_par' dir='ltr' id='par_1_1' title="bbox 423 415 538 476">
     <span class='ocr_line' id='line_1_1' title="bbox 423 415 538 476; baseline 0 -1"><span class='ocrx_word' id='word_1_1' title='bbox 423 415 538 476; x_wconf 75' lang='grc'>175</span> 
     </span>
    </p>
   </div>
   <div class='ocr_carea' id='block_1_2' title="bbox 1721 405 2554 474">
    <p class='ocr_par' dir='ltr' id='par_1_2' title="bbox 1721 405 2554 474">
     <span class='ocr_line' id='line_1_2' title="bbox 1721 405 2554 474; baseline -0.008 0"><span class='ocrx_word' id='word_1_2' title='bbox 1721 414 1824 474; x_wconf 85' lang='lat' dir='ltr'><strong>DE</strong></span> <span class='ocrx_word' id='word_1_3' title='bbox 1868 410 2052 473; x_wconf 81' lang='lat' dir='ltr'>VITA</span> <span class='ocrx_word' id='word_1_4' title='bbox 2101 410 2166 469; x_wconf 94' lang='lat' dir='ltr'>S.</span> <span class='ocrx_word' id='word_1_5' title='bbox 2212 405 2554 469; x_wconf 79' lang='lat' dir='ltr'>CYBILLI.</span> 
     </span>
    </p>
   </div>
   <div class='ocr_carea' id='block_1_3' title="bbox 3693 412 3787 473">
    <p class='ocr_par' dir='ltr' id='par_1_3' title="bbox 3693 412 3787 473">
     <span class='ocr_line' id='line_1_3' title="bbox 3693 412 3787 473; baseline 0.011 -2"><span class='ocrx_word' id='word_1_6' title='bbox 3693 412 3787 473; x_wconf 78' lang='grc'>176</span> 
     </span>
    </p>
   </div>
   <div class='ocr_carea' id='block_1_4' title="bbox 487 539 3792 619">
    <p class='ocr_par' dir='ltr' id='par_1_4' title="bbox 487 539 3792 619">
     <span class='ocr_line' id='line_1_4' title="bbox 487 539 3792 619; baseline -0.001 -17"><span class='ocrx_word' id='word_1_7' title='bbox 487 549 540 602; x_wconf 84' lang='lat'>0.</span> <span class='ocrx_word' id='word_1_8' title='bbox 562 545 728 612; x_wconf 87' lang='lat' dir='ltr'>Quod</span> <span class='ocrx_word' id='word_1_9' title='bbox 749 547 1073 619; x_wconf 89' lang='lat' dir='ltr'>opponitur</span> <span class='ocrx_word' id='word_1_10' title='bbox 1093 547 1166 602; x_wconf 90' lang='lat' dir='ltr'>ab</span> <span class='ocrx_word' id='word_1_11' title='bbox 1191 547 1482 618; x_wconf 92' lang='lat' dir='ltr'>exemplo,</span> <span class='ocrx_word' id='word_1_12' title='bbox 1519 563 1633 618; x_wconf 90' lang='lat' dir='ltr'>quo</span> <span class='ocrx_word' id='word_1_13' title='bbox 1675 544 1929 618; x_wconf 79' lang='lat' dir='ltr'>Cyrillus</span> <span class='ocrx_word' id='word_1_14' title='bbox 1959 543 2080 599; x_wconf 88' lang='lat' dir='ltr'>uti-</span> <span class='ocrx_word' id='word_1_15' title='bbox 2109 543 2161 610; x_wconf 78' lang='grc' dir='ltr'>Α</span> <span class='ocrx_word' id='word_1_16' title='bbox 2192 556 2298 598; x_wconf 77' lang='lat' dir='ltr'>ma:</span> <span class='ocrx_word' id='word_1_17' title='bbox 2327 541 2623 611; x_wconf 65' lang='lat' dir='ltr'>cujus&#39;lam</span> <span class='ocrx_word' id='word_1_18' title='bbox 2671 541 3080 610; x_wconf 80' lang='lat' dir='ltr'>impressionem</span> <span class='ocrx_word' id='word_1_19' title='bbox 3127 541 3188 594; x_wconf 89' lang='lat' dir='ltr'>in</span> <span class='ocrx_word' id='word_1_20' title='bbox 3233 539 3447 610; x_wconf 82' lang='lat' dir='ltr'>speculo</span> <span class='ocrx_word' id='word_1_21' title='bbox 3503 557 3534 595; x_wconf 93' lang='lat' dir='ltr'>a</span> <span class='ocrx_word' id='word_1_22' title='bbox 3578 543 3722 598; x_wconf 83' lang='lat' dir='ltr'><strong><em>Patre</em></strong></span> <span class='ocrx_word' id='word_1_23' title='bbox 3746 546 3792 598; x_wconf 85' lang='lat' dir='ltr'>in</span> 
     </span>
    </p>
   </div>
   <div class='ocr_carea' id='block_1_5' title="bbox 425 635 2085 708">
    <p class='ocr_par' dir='ltr' id='par_1_5' title="bbox 425 635 2085 708">
     <span class='ocr_line' id='line_1_5' title="bbox 425 635 2085 708; baseline -0.003 -17"><span class='ocrx_word' id='word_1_24' title='bbox 425 643 544 706; x_wconf 91' lang='lat' dir='ltr'>tur,</span> <span class='ocrx_word' id='word_1_25' title='bbox 575 635 729 708; x_wconf 88' lang='lat' dir='ltr'>regis</span> <span class='ocrx_word' id='word_1_26' title='bbox 759 635 1055 691; x_wconf 89' lang='lat' dir='ltr'>civitatem</span> <span class='ocrx_word' id='word_1_27' title='bbox 1089 642 1436 692; x_wconf 78' lang='lat' dir='ltr'>construere</span> <span class='ocrx_word' id='word_1_28' title='bbox 1469 636 1740 700; x_wconf 81' lang='lat' dir='ltr'>volentis,</span> <span class='ocrx_word' id='word_1_29' title='bbox 1775 641 2085 704; x_wconf 76' lang='lat' dir='ltr'>totamque</span> 
     </span>
    </p>
   </div>
   <div class='ocr_carea' id='block_1_6' title="bbox 421 725 2088 798">
    <p class='ocr_par' dir='ltr' id='par_1_6' title="bbox 421 725 2088 798">
     <span class='ocr_line' id='line_1_6' title="bbox 421 725 2088 798; baseline -0.002 -18"><span class='ocrx_word' id='word_1_30' title='bbox 421 725 639 781; x_wconf 90' lang='lat' dir='ltr'>tradito</span> <span class='ocrx_word' id='word_1_31' title='bbox 663 725 986 797; x_wconf 85' lang='lat' dir='ltr'>exemplari</span> <span class='ocrx_word' id='word_1_32' title='bbox 1002 728 1200 798; x_wconf 91' lang='lat' dir='ltr'>operis</span> <span class='ocrx_word' id='word_1_33' title='bbox 1224 743 1428 782; x_wconf 89' lang='lat' dir='ltr'>curam</span> <span class='ocrx_word' id='word_1_34' title='bbox 1453 727 1513 781; x_wconf 91' lang='lat' dir='ltr'>in</span> <span class='ocrx_word' id='word_1_35' title='bbox 1538 727 1752 781; x_wconf 78' lang='lat' dir='ltr'>Filium</span> <span class='ocrx_word' id='word_1_36' title='bbox 1788 725 2088 796; x_wconf 71' lang='lat' dir='ltr'>deponen~</span> 
     </span>
    </p>
   </div>
   <div class='ocr_carea' id='block_1_7' title="bbox 425 813 2085 888">
    <p class='ocr_par' dir='ltr' id='par_1_7' title="bbox 425 813 2085 888">
     <span class='ocr_line' id='line_1_7' title="bbox 425 813 2085 888; baseline -0.002 -18"><span class='ocrx_word' id='word_1_37' title='bbox 425 816 523 883; x_wconf 91' lang='lat' dir='ltr'>tis,</span> <span class='ocrx_word' id='word_1_38' title='bbox 553 815 859 872; x_wconf 80' lang='lat' dir='ltr'>infirmum</span> <span class='ocrx_word' id='word_1_39' title='bbox 891 822 1000 884; x_wconf 89' lang='lat' dir='ltr'>est,</span> <span class='ocrx_word' id='word_1_40' title='bbox 1036 833 1169 871; x_wconf 90' lang='lat' dir='ltr'>cum</span> <span class='ocrx_word' id='word_1_41' title='bbox 1225 817 1481 888; x_wconf 81' lang='lat' dir='ltr'>Cyrillus</span> <span class='ocrx_word' id='word_1_42' title='bbox 1535 817 1661 888; x_wconf 90' lang='lat' dir='ltr'>ipse</span> <span class='ocrx_word' id='word_1_43' title='bbox 1715 813 2085 870; x_wconf 89' lang='lat' dir='ltr'>imbecillum</span> 
     </span>
    </p>
   </div>
   <div class='ocr_carea' id='block_1_8' title="bbox 421 905 2085 978">
    <p class='ocr_par' dir='ltr' id='par_1_8' title="bbox 421 905 2085 978">
     <span class='ocr_line' id='line_1_8' title="bbox 421 905 2085 978; baseline -0.002 -19"><span class='ocrx_word' id='word_1_44' title='bbox 421 923 686 978; x_wconf 81' lang='lat' dir='ltr'>prorsus,</span> <span class='ocrx_word' id='word_1_45' title='bbox 699 923 809 961; x_wconf 93' lang='lat' dir='ltr'>nec</span> <span class='ocrx_word' id='word_1_46' title='bbox 821 905 896 961; x_wconf 89' lang='lat' dir='ltr'>ad</span> <span class='ocrx_word' id='word_1_47' title='bbox 909 906 1276 962; x_wconf 87' lang='lat' dir='ltr'>divinitatem</span> <span class='ocrx_word' id='word_1_48' title='bbox 1292 913 1569 962; x_wconf 73' lang='lat' dir='ltr'>accurate</span> <span class='ocrx_word' id='word_1_49' title='bbox 1583 905 1802 961; x_wconf 79' lang='lat' dir='ltr'>transfe</span> <span class='ocrx_word' id='word_1_50' title='bbox 1814 905 1890 958; x_wconf 89' lang='lat' dir='ltr'>rri</span> <span class='ocrx_word' id='word_1_51' title='bbox 1913 919 2085 975; x_wconf 80' lang='lat' dir='ltr'>posse</span> 
     </span>
    </p>
   </div>
   <div class='ocr_carea' id='block_1_9' title="bbox 425 995 2084 1071">
    <p class='ocr_par' dir='ltr' id='par_1_9' title="bbox 425 995 2084 1071">
     <span class='ocr_line' id='line_1_9' title="bbox 425 995 2084 1071; baseline -0.002 -19"><span class='ocrx_word' id='word_1_52' title='bbox 425 998 766 1070; x_wconf 89' lang='lat' dir='ltr'>exemplum</span> <span class='ocrx_word' id='word_1_53' title='bbox 794 998 1084 1065; x_wconf 74' lang='lat' dir='ltr'>fateatur;</span> <span class='ocrx_word' id='word_1_54' title='bbox 1118 1000 1276 1071; x_wconf 87' lang='lat' dir='ltr'>quod</span> <span class='ocrx_word' id='word_1_55' title='bbox 1309 1005 1531 1066; x_wconf 89' lang='lat' dir='ltr'>tamen,</span> <span class='ocrx_word' id='word_1_56' title='bbox 1567 999 1612 1052; x_wconf 90' lang='lat' dir='ltr'>si</span> <span class='ocrx_word' id='word_1_57' title='bbox 1648 1001 1821 1053; x_wconf 80' lang='lat' dir='ltr'>Pater</span> <span class='ocrx_word' id='word_1_58' title='bbox 1843 995 1995 1051; x_wconf 87' lang='lat' dir='ltr'>nihil</span> <span class='ocrx_word' id='word_1_59' title='bbox 2025 995 2084 1049; x_wconf 90' lang='lat' dir='ltr'>in</span> 
     </span>
    </p>
   </div>
   <div class='ocr_carea' id='block_1_10' title="bbox 427 1087 2087 1160">
    <p class='ocr_par' dir='ltr' id='par_1_10' title="bbox 427 1087 2087 1160">
     <span class='ocr_line' id='line_1_10' title="bbox 427 1087 2087 1160; baseline -0.002 -18"><span class='ocrx_word' id='word_1_60' title='bbox 427 1089 726 1143; x_wconf 86' lang='lat' dir='ltr'>creatione</span> <span class='ocrx_word' id='word_1_61' title='bbox 747 1095 964 1160; x_wconf 64' lang='lat' dir='ltr'>praeter</span> <span class='ocrx_word' id='word_1_62' title='bbox 981 1089 1327 1144; x_wconf 89' lang='lat' dir='ltr'>mandatum</span> <span class='ocrx_word' id='word_1_63' title='bbox 1345 1095 1522 1160; x_wconf 87' lang='lat' dir='ltr'>atque</span> <span class='ocrx_word' id='word_1_64' title='bbox 1543 1087 1849 1158; x_wconf 79' lang='lat' dir='ltr'>exemplar</span> <span class='ocrx_word' id='word_1_65' title='bbox 1875 1091 2087 1141; x_wconf 90' lang='lat' dir='ltr'>contu—</span> 
     </span>
    </p>
   </div>
   <div class='ocr_carea' id='block_1_11' title="bbox 426 1177 2086 1249">
    <p class='ocr_par' dir='ltr' id='par_1_11' title="bbox 426 1177 2086 1249">
     <span class='ocr_line' id='line_1_11' title="bbox 426 1177 2086 1249; baseline -0.002 -17"><span class='ocrx_word' id='word_1_66' title='bbox 426 1177 758 1249; x_wconf 67' lang='lat' dir='ltr'>lit,asquum</span> <span class='ocrx_word' id='word_1_67' title='bbox 779 1183 838 1233; x_wconf 89' lang='lat' dir='ltr'>et</span> <span class='ocrx_word' id='word_1_68' title='bbox 857 1177 932 1233; x_wconf 89' lang='lat' dir='ltr'>ad</span> <span class='ocrx_word' id='word_1_69' title='bbox 950 1179 1256 1233; x_wconf 83' lang='lat' dir='ltr'>veritatem</span> <span class='ocrx_word' id='word_1_70' title='bbox 1281 1184 1550 1233; x_wconf 86' lang='lat' dir='ltr'>exactum</span> <span class='ocrx_word' id='word_1_71' title='bbox 1577 1178 1822 1232; x_wconf 90' lang='lat' dir='ltr'>omnino</span> <span class='ocrx_word' id='word_1_72' title='bbox 1846 1182 1905 1230; x_wconf 88' lang='lat' dir='ltr'>et</span> <span class='ocrx_word' id='word_1_73' title='bbox 1951 1191 2086 1246; x_wconf 84' lang='lat' dir='ltr'>per-</span> 
     </span>
    </p>
   </div>
   <div class='ocr_carea' id='block_1_12' title="bbox 419 1260 2087 1338">
    <p class='ocr_par' dir='ltr' id='par_1_12' title="bbox 419 1260 2087 1338">
     <span class='ocr_line' id='line_1_12' title="bbox 419 1260 2087 1338; baseline -0.002 -17"><span class='ocrx_word' id='word_1_74' title='bbox 419 1260 575 1321; x_wconf 82' lang='lat' dir='ltr'>fecte</span> <span class='ocrx_word' id='word_1_75' title='bbox 589 1269 892 1322; x_wconf 90' lang='lat' dir='ltr'>est.Eccur</span> <span class='ocrx_word' id='word_1_76' title='bbox 904 1267 1522 1338; x_wconf 76' lang='lat' dir='ltr'>autemCyrillusPatri</span> <span class='ocrx_word' id='word_1_77' title='bbox 1538 1285 1604 1322; x_wconf 82' lang='lat' dir='ltr'>ex</span> <span class='ocrx_word' id='word_1_78' title='bbox 1615 1267 1938 1337; x_wconf 79' lang='lat' dir='ltr'>emplarem</span> <span class='ocrx_word' id='word_1_79' title='bbox 1955 1280 2087 1319; x_wconf 86' lang='lat' dir='ltr'>cau-</span> 
     </span>
    </p>
   </div>
   <div class='ocr_carea' id='block_1_13' title="bbox 420 1354 2085 1429">
    <p class='ocr_par' dir='ltr' id='par_1_13' title="bbox 420 1354 2085 1429">
     <span class='ocr_line' id='line_1_13' title="bbox 420 1354 2085 1429; baseline -0.002 -18"><span class='ocrx_word' id='word_1_80' title='bbox 420 1373 569 1423; x_wconf 89' lang='lat' dir='ltr'>sam,</span> <span class='ocrx_word' id='word_1_81' title='bbox 595 1357 743 1412; x_wconf 83' lang='lat' dir='ltr'>Filio</span> <span class='ocrx_word' id='word_1_82' title='bbox 757 1359 995 1429; x_wconf 89' lang='lat' dir='ltr'>proprie</span> <span class='ocrx_word' id='word_1_83' title='bbox 1020 1357 1380 1413; x_wconf 86' lang='lat' dir='ltr'>efﬁcientem</span> <span class='ocrx_word' id='word_1_84' title='bbox 1418 1357 1711 1424; x_wconf 86' lang='lat' dir='ltr'>tribuerit,</span> <span class='ocrx_word' id='word_1_85' title='bbox 1741 1354 2085 1428; x_wconf 83' lang='lat' dir='ltr'>diligentius</span> 
     </span>
    </p>
   </div>
   <div class='ocr_carea' id='block_1_14' title="bbox 421 1445 2081 1520">
    <p class='ocr_par' dir='ltr' id='par_1_14' title="bbox 421 1445 2081 1520">
     <span class='ocr_line' id='line_1_14' title="bbox 421 1445 2081 1520; baseline -0.001 -21"><span class='ocrx_word' id='word_1_86' title='bbox 421 1445 726 1518; x_wconf 81' lang='lat' dir='ltr'>indaganti</span> <span class='ocrx_word' id='word_1_87' title='bbox 743 1446 866 1502; x_wconf 68' lang='lat' dir='ltr'>hare</span> <span class='ocrx_word' id='word_1_88' title='bbox 881 1448 1284 1520; x_wconf 85' lang='lat' dir='ltr'>occurritconj</span> <span class='ocrx_word' id='word_1_89' title='bbox 1297 1454 1494 1502; x_wconf 78' lang='lat' dir='ltr'>ertura</span> <span class='ocrx_word' id='word_1_90' title='bbox 1507 1490 1520 1513; x_wconf 90' lang='lat'>,</span> <span class='ocrx_word' id='word_1_91' title='bbox 1542 1464 1716 1518; x_wconf 84' lang='lat' dir='ltr'>quam</span> <span class='ocrx_word' id='word_1_92' title='bbox 1734 1445 2081 1515; x_wconf 88' lang='lat' dir='ltr'>lcctorisju-</span> 
     </span>
    </p>
   </div>
   <div class='ocr_carea' id='block_1_15' title="bbox 420 1534 2085 1608">
    <p class='ocr_par' dir='ltr' id='par_1_15' title="bbox 420 1534 2085 1608">
     <span class='ocr_line' id='line_1_15' title="bbox 420 1534 2085 1608; baseline -0.001 -19"><span class='ocrx_word' id='word_1_93' title='bbox 420 1534 787 1590; x_wconf 89' lang='lat' dir='ltr'>diciolibens</span> <span class='ocrx_word' id='word_1_94' title='bbox 813 1537 1120 1591; x_wconf 90' lang='lat' dir='ltr'>submitto.</span> <span class='ocrx_word' id='word_1_95' title='bbox 1148 1537 1458 1592; x_wconf 87' lang='lat' dir='ltr'>Marcellus</span> <span class='ocrx_word' id='word_1_96' title='bbox 1491 1539 1775 1608; x_wconf 77' lang='lat' dir='ltr'>Ancyras,</span> <span class='ocrx_word' id='word_1_97' title='bbox 1797 1541 1994 1589; x_wconf 74' lang='lat' dir='ltr'>certus</span> <span class='ocrx_word' id='word_1_98' title='bbox 2026 1538 2085 1588; x_wconf 91' lang='lat' dir='ltr'>et</span> 
     </span>
    </p>
   </div>
   <div class='ocr_carea' id='block_1_16' title="bbox 421 1623 2086 1696">
    <p class='ocr_par' dir='ltr' id='par_1_16' title="bbox 421 1623 2086 1696">
     <span class='ocr_line' id='line_1_16' title="bbox 421 1623 2086 1696; baseline 0 -18"><span class='ocrx_word' id='word_1_99' title='bbox 421 1623 796 1680; x_wconf 90' lang='lat' dir='ltr'>indubitatus</span> <span class='ocrx_word' id='word_1_100' title='bbox 810 1625 1025 1696; x_wconf 82' lang='lat' dir='ltr'>Cyrillo</span> <span class='ocrx_word' id='word_1_101' title='bbox 1051 1626 1388 1694; x_wconf 72' lang='lat' dir='ltr'>hmreticus,</span> <span class='ocrx_word' id='word_1_102' title='bbox 1414 1644 1581 1682; x_wconf 90' lang='lat' dir='ltr'>suam</span> <span class='ocrx_word' id='word_1_103' title='bbox 1606 1627 1677 1681; x_wconf 92' lang='lat' dir='ltr'>de</span> <span class='ocrx_word' id='word_1_104' title='bbox 1701 1623 1903 1680; x_wconf 90' lang='lat' dir='ltr'>mundi</span> <span class='ocrx_word' id='word_1_105' title='bbox 1920 1640 2086 1679; x_wconf 83' lang='lat' dir='ltr'>crea-</span> 
     </span>
    </p>
   </div>
   <div class='ocr_carea' id='block_1_17' title="bbox 421 1713 2080 1786">
    <p class='ocr_par' dir='ltr' id='par_1_17' title="bbox 421 1713 2080 1786">
     <span class='ocr_line' id='line_1_17' title="bbox 421 1713 2080 1786; baseline 0.001 -20"><span class='ocrx_word' id='word_1_106' title='bbox 421 1713 586 1768; x_wconf 90' lang='lat' dir='ltr'>tione</span> <span class='ocrx_word' id='word_1_107' title='bbox 619 1715 978 1770; x_wconf 91' lang='lat' dir='ltr'>sententiam</span> <span class='ocrx_word' id='word_1_108' title='bbox 1011 1715 1168 1786; x_wconf 90' lang='lat' dir='ltr'>apud</span> <span class='ocrx_word' id='word_1_109' title='bbox 1211 1715 1422 1770; x_wconf 76' lang='lat' dir='ltr'>Euseb.</span> <span class='ocrx_word' id='word_1_110' title='bbox 1457 1718 1671 1770; x_wconf 73' lang='lat' dir='ltr'>Cmsar.</span> <span class='ocrx_word' id='word_1_111' title='bbox 1705 1715 1809 1768; x_wconf 89' lang='lat' dir='ltr'>lib.</span> <span class='ocrx_word' id='word_1_112' title='bbox 1861 1730 1902 1768; x_wconf 85' lang='grc' dir='ltr'>ιι</span> <span class='ocrx_word' id='word_1_113' title='bbox 1933 1719 2080 1768; x_wconf 89' lang='lat' dir='ltr'>cont.</span> 
     </span>
    </p>
   </div>
   <div class='ocr_carea' id='block_1_18' title="bbox 419 1803 2085 1877">
    <p class='ocr_par' dir='ltr' id='par_1_18' title="bbox 419 1803 2085 1877">
     <span class='ocr_line' id='line_1_18' title="bbox 419 1803 2085 1877; baseline -0.001 -19"><span class='ocrx_word' id='word_1_114' title='bbox 419 1803 799 1870; x_wconf 81' lang='lat' dir='ltr'>Marcelt.,sic</span> <span class='ocrx_word' id='word_1_115' title='bbox 817 1804 1062 1876; x_wconf 85' lang='lat' dir='ltr'>exponit</span> <span class='ocrx_word' id='word_1_116' title='bbox 1095 1821 1226 1877; x_wconf 88' lang='lat' dir='ltr'>pag.</span> <span class='ocrx_word' id='word_1_117' title='bbox 1280 1808 1369 1858; x_wconf 64' lang='lat' dir='ltr'>tt:</span> <span class='ocrx_word' id='word_1_118' title='bbox 1403 1806 1586 1860; x_wconf 89' lang='lat' dir='ltr'>Deum</span> <span class='ocrx_word' id='word_1_119' title='bbox 1641 1804 1845 1859; x_wconf 87' lang='lat' dir='ltr'>orbem</span> <span class='ocrx_word' id='word_1_120' title='bbox 1878 1803 2085 1858; x_wconf 92' lang='lat' dir='ltr'>condi-</span> 
     </span>
    </p>
   </div>
   <div class='ocr_carea' id='block_1_19' title="bbox 2192 630 3792 703">
    <p class='ocr_par' dir='ltr' id='par_1_19' title="bbox 2192 630 3792 703">
     <span class='ocr_line' id='line_1_19' title="bbox 2192 630 3792 703; baseline -0.001 -17"><span class='ocrx_word' id='word_1_121' title='bbox 2192 631 2397 686; x_wconf 87' lang='lat' dir='ltr'>Filium</span> <span class='ocrx_word' id='word_1_122' title='bbox 2447 633 2564 685; x_wconf 82' lang='lat' dir='ltr'>sine</span> <span class='ocrx_word' id='word_1_123' title='bbox 2622 637 2865 700; x_wconf 78' lang='lat' dir='ltr'>tempore</span> <span class='ocrx_word' id='word_1_124' title='bbox 2905 630 3301 685; x_wconf 87' lang='lat' dir='ltr'>dimanantem.</span> <span class='ocrx_word' id='word_1_125' title='bbox 3331 632 3635 703; x_wconf 78' lang='grc' dir='ltr'>Θεοπρεπὼς</span> <span class='ocrx_word' id='word_1_126' title='bbox 3675 635 3792 685; x_wconf 79' lang='grc' dir='ltr'>νοῶ-</span> 
     </span>
    </p>
   </div>
   <div class='ocr_carea' id='block_1_20' title="bbox 2196 714 3794 794">
    <p class='ocr_par' dir='ltr' id='par_1_20' title="bbox 2196 714 3794 794">
     <span class='ocr_line' id='line_1_20' title="bbox 2196 714 3794 794; baseline -0.001 -20"><span class='ocrx_word' id='word_1_127' title='bbox 2196 740 2290 791; x_wconf 86' lang='grc' dir='ltr'>μεν</span> <span class='ocrx_word' id='word_1_128' title='bbox 2325 718 2638 790; x_wconf 59' lang='grc' dir='ltr'>(θελήματος</span> <span class='ocrx_word' id='word_1_129' title='bbox 2672 714 2937 783; x_wconf 76' lang='grc' dir='ltr'>διάδοσιν,</span> <span class='ocrx_word' id='word_1_130' title='bbox 2987 717 3101 771; x_wconf 85' lang='grc' dir='ltr'>οἷόν</span> <span class='ocrx_word' id='word_1_131' title='bbox 3148 737 3294 777; x_wconf 79' lang='grc' dir='ltr'>τινος</span> <span class='ocrx_word' id='word_1_132' title='bbox 3349 720 3555 792; x_wconf 58' lang='grc' dir='ltr'>μορφῆς</span> <span class='ocrx_word' id='word_1_133' title='bbox 3601 714 3794 794; x_wconf 57' lang='grc' dir='ltr'>ἔμφασιν</span> 
     </span>
    </p>
   </div>
   <div class='ocr_carea' id='block_1_21' title="bbox 2192 804 3793 882">
    <p class='ocr_par' dir='ltr' id='par_1_21' title="bbox 2192 804 3793 882">
     <span class='ocr_line' id='line_1_21' title="bbox 2192 804 3793 882; baseline 0 -20"><span class='ocrx_word' id='word_1_134' title='bbox 2192 808 2244 864; x_wconf 69' lang='grc' dir='ltr'>ἐν</span> <span class='ocrx_word' id='word_1_135' title='bbox 2275 807 2568 882; x_wconf 72' lang='grc' dir='ltr'>κατόπτρῳ</span> <span class='ocrx_word' id='word_1_136' title='bbox 2616 807 2676 862; x_wconf 80' lang='grc' dir='ltr'>ὲκ</span> <span class='ocrx_word' id='word_1_137' title='bbox 2737 807 2947 881; x_wconf 71' lang='grc' dir='ltr'>[ἰατρὸς</span> <span class='ocrx_word' id='word_1_138' title='bbox 3006 806 3084 869; x_wconf 72' lang='grc' dir='ltr'>εἷς</span> <span class='ocrx_word' id='word_1_139' title='bbox 3114 804 3240 860; x_wconf 78' lang='grc' dir='ltr'>Υἷδν</span> <span class='ocrx_word' id='word_1_140' title='bbox 3297 805 3544 880; x_wconf 77' lang='grc' dir='ltr'>ἀχρόνως</span> <span class='ocrx_word' id='word_1_141' title='bbox 3594 805 3793 862; x_wconf 72' lang='grc' dir='ltr'>διικνου-</span> 
     </span>
    </p>
   </div>
   <div class='ocr_carea' id='block_1_22' title="bbox 2196 897 3796 971">
    <p class='ocr_par' dir='ltr' id='par_1_22' title="bbox 2196 897 3796 971">
     <span class='ocr_line' id='line_1_22' title="bbox 2196 897 3796 971; baseline 0.001 -19"><span class='ocrx_word' id='word_1_142' title='bbox 2196 899 2385 971; x_wconf 76' lang='grc' dir='ltr'>μένην.</span> <span class='ocrx_word' id='word_1_143' title='bbox 2413 899 2632 954; x_wconf 86' lang='lat' dir='ltr'>Eadem</span> <span class='ocrx_word' id='word_1_144' title='bbox 2666 899 2794 953; x_wconf 86' lang='lat' dir='ltr'>sine</span> <span class='ocrx_word' id='word_1_145' title='bbox 2825 897 3006 953; x_wconf 89' lang='lat' dir='ltr'>dubio</span> <span class='ocrx_word' id='word_1_146' title='bbox 3037 898 3242 968; x_wconf 87' lang='lat' dir='ltr'>Cyrilli</span> <span class='ocrx_word' id='word_1_147' title='bbox 3275 898 3540 953; x_wconf 88' lang='lat' dir='ltr'>doctrina</span> <span class='ocrx_word' id='word_1_148' title='bbox 3563 897 3685 966; x_wconf 82' lang='lat' dir='ltr'>fuit;</span> <span class='ocrx_word' id='word_1_149' title='bbox 3715 916 3796 953; x_wconf 86' lang='lat' dir='ltr'>cu-</span> 
     </span>
    </p>
   </div>
   <div class='ocr_carea' id='block_1_23' title="bbox 2185 988 3792 1062">
    <p class='ocr_par' dir='ltr' id='par_1_23' title="bbox 2185 988 3792 1062">
     <span class='ocr_line' id='line_1_23' title="bbox 2185 988 3792 1062; baseline -0.001 -18"><span class='ocrx_word' id='word_1_150' title='bbox 2185 990 2286 1062; x_wconf 83' lang='lat' dir='ltr'>jus</span> <span class='ocrx_word' id='word_1_151' title='bbox 2317 990 2678 1061; x_wconf 87' lang='lat' dir='ltr'>principium</span> <span class='ocrx_word' id='word_1_152' title='bbox 2703 988 3021 1055; x_wconf 85' lang='lat' dir='ltr'>est,omnia</span> <span class='ocrx_word' id='word_1_153' title='bbox 3040 988 3188 1044; x_wconf 89' lang='lat' dir='ltr'>Filio</span> <span class='ocrx_word' id='word_1_154' title='bbox 3215 1005 3251 1044; x_wconf 88' lang='lat' dir='ltr'>a</span> <span class='ocrx_word' id='word_1_155' title='bbox 3279 989 3446 1044; x_wconf 88' lang='lat' dir='ltr'>Patre</span> <span class='ocrx_word' id='word_1_156' title='bbox 3465 994 3724 1044; x_wconf 67' lang='lat' dir='ltr'>internum</span> <span class='ocrx_word' id='word_1_157' title='bbox 3744 989 3792 1042; x_wconf 90' lang='lat' dir='ltr'>in</span> 
     </span>
    </p>
   </div>
   <div class='ocr_carea' id='block_1_24' title="bbox 2190 1078 3794 1151">
    <p class='ocr_par' dir='ltr' id='par_1_24' title="bbox 2190 1078 3794 1151">
     <span class='ocr_line' id='line_1_24' title="bbox 2190 1078 3794 1151; baseline -0.002 -17"><span class='ocrx_word' id='word_1_158' title='bbox 2190 1079 2572 1151; x_wconf 82' lang='lat' dir='ltr'>generatione</span> <span class='ocrx_word' id='word_1_159' title='bbox 2599 1078 2815 1134; x_wconf 89' lang='lat' dir='ltr'>tradita</span> <span class='ocrx_word' id='word_1_160' title='bbox 2844 1094 2996 1146; x_wconf 81' lang='lat' dir='ltr'>esse,</span> <span class='ocrx_word' id='word_1_161' title='bbox 3037 1084 3150 1132; x_wconf 88' lang='lat' dir='ltr'>cat.</span> <span class='ocrx_word' id='word_1_162' title='bbox 3187 1081 3272 1145; x_wconf 86' lang='lat' dir='ltr'>t0,</span> <span class='ocrx_word' id='word_1_163' title='bbox 3305 1093 3365 1132; x_wconf 95' lang='lat' dir='ltr'>n.</span> <span class='ocrx_word' id='word_1_164' title='bbox 3418 1081 3469 1132; x_wconf 82' lang='lat'>9.</span> <span class='ocrx_word' id='word_1_165' title='bbox 3519 1078 3652 1132; x_wconf 74' lang='lat' dir='ltr'>Nam</span> <span class='ocrx_word' id='word_1_166' title='bbox 3687 1093 3794 1131; x_wconf 87' lang='lat' dir='ltr'>cum</span> 
     </span>
    </p>
   </div>
   <div class='ocr_carea' id='block_1_25' title="bbox 2191 1168 3796 1239">
    <p class='ocr_par' dir='ltr' id='par_1_25' title="bbox 2191 1168 3796 1239">
     <span class='ocr_line' id='line_1_25' title="bbox 2191 1168 3796 1239; baseline -0.002 -15"><span class='ocrx_word' id='word_1_167' title='bbox 2191 1169 2427 1225; x_wconf 89' lang='lat' dir='ltr'>Domini</span> <span class='ocrx_word' id='word_1_168' title='bbox 2457 1169 2698 1224; x_wconf 86' lang='lat' dir='ltr'>titulum</span> <span class='ocrx_word' id='word_1_169' title='bbox 2730 1175 2787 1224; x_wconf 84' lang='lat' dir='ltr'>et</span> <span class='ocrx_word' id='word_1_170' title='bbox 2811 1169 3222 1224; x_wconf 88' lang='lat' dir='ltr'>auctoritatem</span> <span class='ocrx_word' id='word_1_171' title='bbox 3265 1169 3326 1223; x_wconf 90' lang='lat' dir='ltr'>in</span> <span class='ocrx_word' id='word_1_172' title='bbox 3357 1168 3578 1223; x_wconf 87' lang='lat' dir='ltr'>Christo</span> <span class='ocrx_word' id='word_1_173' title='bbox 3607 1172 3796 1239; x_wconf 82' lang='lat' dir='ltr'>repetat</span> 
     </span>
    </p>
   </div>
   <div class='ocr_carea' id='block_1_26' title="bbox 2190 1256 3797 1330">
    <p class='ocr_par' dir='ltr' id='par_1_26' title="bbox 2190 1256 3797 1330">
     <span class='ocr_line' id='line_1_26' title="bbox 2190 1256 3797 1330; baseline -0.004 -15"><span class='ocrx_word' id='word_1_174' title='bbox 2190 1258 2264 1315; x_wconf 87' lang='lat' dir='ltr'>ab</span> <span class='ocrx_word' id='word_1_175' title='bbox 2290 1259 2462 1313; x_wconf 88' lang='lat' dir='ltr'>titulo</span> <span class='ocrx_word' id='word_1_176' title='bbox 2480 1259 2786 1323; x_wconf 89' lang='lat' dir='ltr'>creatoris,</span> <span class='ocrx_word' id='word_1_177' title='bbox 2821 1258 3152 1314; x_wconf 86' lang='lat' dir='ltr'>dominium</span> <span class='ocrx_word' id='word_1_178' title='bbox 3175 1259 3285 1313; x_wconf 87' lang='lat' dir='ltr'>hoc</span> <span class='ocrx_word' id='word_1_179' title='bbox 3318 1258 3510 1330; x_wconf 89' lang='lat' dir='ltr'>ipsum</span> <span class='ocrx_word' id='word_1_180' title='bbox 3538 1256 3797 1327; x_wconf 87' lang='lat' dir='ltr'>accepisse</span> 
     </span>
    </p>
   </div>
   <div class='ocr_carea' id='block_1_27' title="bbox 2191 1343 3797 1415">
    <p class='ocr_par' dir='ltr' id='par_1_27' title="bbox 2191 1343 3797 1415">
     <span class='ocr_line' id='line_1_27' title="bbox 2191 1343 3797 1415; baseline -0.004 -12"><span class='ocrx_word' id='word_1_181' title='bbox 2191 1348 2334 1403; x_wconf 91' lang='lat' dir='ltr'>dicit</span> <span class='ocrx_word' id='word_1_182' title='bbox 2362 1349 2429 1402; x_wconf 84' lang='lat' dir='ltr'>ab</span> <span class='ocrx_word' id='word_1_183' title='bbox 2455 1355 2666 1405; x_wconf 68' lang='lat' dir='ltr'>.z’terna</span> <span class='ocrx_word' id='word_1_184' title='bbox 2695 1349 3045 1415; x_wconf 78' lang='lat' dir='ltr'>naturaliter,</span> <span class='ocrx_word' id='word_1_185' title='bbox 3081 1347 3223 1401; x_wconf 89' lang='lat' dir='ltr'>ibid.</span> <span class='ocrx_word' id='word_1_186' title='bbox 3259 1353 3317 1402; x_wconf 88' lang='lat' dir='ltr'>et</span> <span class='ocrx_word' id='word_1_187' title='bbox 3347 1365 3407 1403; x_wconf 86' lang='grc' dir='ltr'>ιι.</span> <span class='ocrx_word' id='word_1_188' title='bbox 3439 1349 3470 1400; x_wconf 73' lang='grc'><strong>4</strong></span> <span class='ocrx_word' id='word_1_189' title='bbox 3501 1353 3557 1401; x_wconf 91' lang='lat' dir='ltr'>et</span> <span class='ocrx_word' id='word_1_190' title='bbox 3683 1343 3797 1400; x_wconf 83' lang='lat' dir='ltr'>Nul-</span> 
     </span>
    </p>
   </div>
   <div class='ocr_carea' id='block_1_28' title="bbox 2188 1434 3802 1510">
    <p class='ocr_par' dir='ltr' id='par_1_28' title="bbox 2188 1434 3802 1510">
     <span class='ocr_line' id='line_1_28' title="bbox 2188 1434 3802 1510; baseline -0.003 -16"><span class='ocrx_word' id='word_1_191' title='bbox 2188 1439 2307 1495; x_wconf 88' lang='lat' dir='ltr'>lam</span> <span class='ocrx_word' id='word_1_192' title='bbox 2337 1440 2514 1510; x_wconf 78' lang='lat' dir='ltr'>igitur</span> <span class='ocrx_word' id='word_1_193' title='bbox 2543 1439 2699 1510; x_wconf 90' lang='lat' dir='ltr'>apud</span> <span class='ocrx_word' id='word_1_194' title='bbox 2721 1440 3007 1510; x_wconf 79' lang='lat' dir='ltr'>Cyrillum</span> <span class='ocrx_word' id='word_1_195' title='bbox 3035 1438 3464 1493; x_wconf 89' lang='lat' dir='ltr'>demonstratio</span> <span class='ocrx_word' id='word_1_196' title='bbox 3488 1452 3715 1508; x_wconf 89' lang='lat' dir='ltr'>operum</span> <span class='ocrx_word' id='word_1_197' title='bbox 3741 1434 3802 1488; x_wconf 80' lang='lat' dir='ltr'>ta-</span> 
     </span>
    </p>
   </div>
   <div class='ocr_carea' id='block_1_29' title="bbox 2189 1526 3800 1600">
    <p class='ocr_par' dir='ltr' id='par_1_29' title="bbox 2189 1526 3800 1600">
     <span class='ocr_line' id='line_1_29' title="bbox 2189 1526 3800 1600; baseline -0.004 -17"><span class='ocrx_word' id='word_1_198' title='bbox 2189 1529 2532 1584; x_wconf 88' lang='lat' dir='ltr'>ciendorum</span> <span class='ocrx_word' id='word_1_199' title='bbox 2551 1529 2986 1600; x_wconf 75' lang='lat' dir='ltr'>Separationem</span> <span class='ocrx_word' id='word_1_200' title='bbox 3009 1528 3139 1583; x_wconf 86' lang='lat' dir='ltr'>Filii</span> <span class='ocrx_word' id='word_1_201' title='bbox 3157 1545 3192 1583; x_wconf 88' lang='lat' dir='ltr'>a</span> <span class='ocrx_word' id='word_1_202' title='bbox 3207 1530 3398 1596; x_wconf 88' lang='lat' dir='ltr'>Patre,</span> <span class='ocrx_word' id='word_1_203' title='bbox 3431 1529 3546 1582; x_wconf 91' lang='lat' dir='ltr'>imo</span> <span class='ocrx_word' id='word_1_204' title='bbox 3571 1526 3800 1580; x_wconf 90' lang='lat' dir='ltr'>intimam</span> 
     </span>
    </p>
   </div>
   <div class='ocr_carea' id='block_1_30' title="bbox 2189 1614 3800 1690">
    <p class='ocr_par' dir='ltr' id='par_1_30' title="bbox 2189 1614 3800 1690">
     <span class='ocr_line' id='line_1_30' title="bbox 2189 1614 3800 1690; baseline -0.003 -17"><span class='ocrx_word' id='word_1_205' title='bbox 2189 1624 2249 1673; x_wconf 89' lang='lat' dir='ltr'>et</span> <span class='ocrx_word' id='word_1_206' title='bbox 2277 1624 2560 1673; x_wconf 76' lang='lat' dir='ltr'>mternam</span> <span class='ocrx_word' id='word_1_207' title='bbox 2595 1619 2654 1673; x_wconf 91' lang='lat' dir='ltr'>in</span> <span class='ocrx_word' id='word_1_208' title='bbox 2687 1634 2807 1673; x_wconf 89' lang='lat' dir='ltr'>una</span> <span class='ocrx_word' id='word_1_209' title='bbox 2839 1624 3052 1673; x_wconf 89' lang='lat' dir='ltr'>natura</span> <span class='ocrx_word' id='word_1_210' title='bbox 3096 1617 3583 1690; x_wconf 87' lang='lat' dir='ltr'>conjunctionem</span> <span class='ocrx_word' id='word_1_211' title='bbox 3623 1614 3800 1686; x_wconf 82' lang='lat' dir='ltr'>arguit.</span> 
     </span>
    </p>
   </div>
   <div class='ocr_carea' id='block_1_31' title="bbox 2263 1705 3800 1780">
    <p class='ocr_par' dir='ltr' id='par_1_31' title="bbox 2263 1705 3800 1780">
     <span class='ocr_line' id='line_1_31' title="bbox 2263 1705 3800 1780; baseline -0.004 -18"><span class='ocrx_word' id='word_1_212' title='bbox 2263 1712 2348 1765; x_wconf 92' lang='grc'>10.</span> <span class='ocrx_word' id='word_1_213' title='bbox 2367 1708 2517 1774; x_wconf 88' lang='lat' dir='ltr'>Quid</span> <span class='ocrx_word' id='word_1_214' title='bbox 2542 1714 2741 1763; x_wconf 84' lang='lat' dir='ltr'>autem</span> <span class='ocrx_word' id='word_1_215' title='bbox 2761 1707 3066 1780; x_wconf 88' lang='lat' dir='ltr'>propriam</span> <span class='ocrx_word' id='word_1_216' title='bbox 3090 1709 3235 1763; x_wconf 91' lang='lat' dir='ltr'>Filio</span> <span class='ocrx_word' id='word_1_217' title='bbox 3261 1725 3457 1763; x_wconf 90' lang='lat' dir='ltr'>rerum</span> <span class='ocrx_word' id='word_1_218' title='bbox 3483 1705 3800 1761; x_wconf 86' lang='lat' dir='ltr'>creationem</span> 
     </span>
    </p>
   </div>
   <div class='ocr_carea' id='block_1_32' title="bbox 2189 1795 3802 1865">
    <p class='ocr_par' dir='ltr' id='par_1_32' title="bbox 2189 1795 3802 1865">
     <span class='ocr_line' id='line_1_32' title="bbox 2189 1795 3802 1865; baseline -0.003 -14"><span class='ocrx_word' id='word_1_219' title='bbox 2189 1814 2259 1851; x_wconf 85' lang='lat' dir='ltr'>ex</span> <span class='ocrx_word' id='word_1_220' title='bbox 2291 1797 2573 1852; x_wconf 89' lang='lat' dir='ltr'>mandato</span> <span class='ocrx_word' id='word_1_221' title='bbox 2593 1799 2782 1853; x_wconf 85' lang='lat' dir='ltr'>Patris</span> <span class='ocrx_word' id='word_1_222' title='bbox 2803 1798 2998 1852; x_wconf 84' lang='lat' dir='ltr'>facere</span> <span class='ocrx_word' id='word_1_223' title='bbox 3019 1797 3309 1865; x_wconf 86' lang='lat' dir='ltr'>videatur,</span> <span class='ocrx_word' id='word_1_224' title='bbox 3336 1796 3526 1852; x_wconf 83' lang='lat' dir='ltr'>Patris</span> <span class='ocrx_word' id='word_1_225' title='bbox 3547 1795 3802 1851; x_wconf 89' lang='lat' dir='ltr'>actionem</span> 
     </span>
    </p>
   </div>
   <div class='ocr_carea' id='block_1_33' title="bbox 420 1885 3802 1973">
    <p class='ocr_par' dir='ltr' id='par_1_33' title="bbox 420 1885 3802 1973">
     <span class='ocr_line' id='line_1_33' title="bbox 420 1885 3802 1973; baseline 0.001 -26"><span class='ocrx_word' id='word_1_226' title='bbox 420 1897 622 1947; x_wconf 89' lang='lat' dir='ltr'>turum</span> <span class='ocrx_word' id='word_1_227' title='bbox 635 1897 1239 1966; x_wconf 87' lang='lat' dir='ltr'>comparatstatuario</span> <span class='ocrx_word' id='word_1_228' title='bbox 1255 1895 1489 1967; x_wconf 82' lang='lat' dir='ltr'>signum</span> <span class='ocrx_word' id='word_1_229' title='bbox 1505 1894 1908 1964; x_wconf 80' lang='lat' dir='ltr'>et‘tingendum</span> <span class='ocrx_word' id='word_1_230' title='bbox 1923 1891 2080 1966; x_wconf 91' lang='lat' dir='ltr'>apud</span> <span class='ocrx_word' id='word_1_231' title='bbox 2114 1908 2158 1973; x_wconf 78' lang='grc' dir='ltr'><strong>Β</strong></span> <span class='ocrx_word' id='word_1_232' title='bbox 2190 1902 2309 1941; x_wconf 88' lang='lat' dir='ltr'>non</span> <span class='ocrx_word' id='word_1_233' title='bbox 2330 1885 3041 1958; x_wconf 64' lang='lat' dir='ltr'>excludendomtprobavi</span> <span class='ocrx_word' id='word_1_234' title='bbox 3057 1903 3236 1957; x_wconf 85' lang='lat' dir='ltr'>supra</span> <span class='ocrx_word' id='word_1_235' title='bbox 3253 1903 3416 1941; x_wconf 82' lang='lat' dir='ltr'>num-</span> <span class='ocrx_word' id='word_1_236' title='bbox 3445 1887 3497 1952; x_wconf 73' lang='grc'>8,</span> <span class='ocrx_word' id='word_1_237' title='bbox 3519 1901 3584 1940; x_wconf 74' lang='grc' dir='ltr'>θο</span> <span class='ocrx_word' id='word_1_238' title='bbox 3599 1889 3802 1939; x_wconf 64' lang='lat' dir='ltr'>Palmm</span> 
     </span>
    </p>
   </div>
   <div class='ocr_carea' id='block_1_34' title="bbox 423 1981 2081 2056">
    <p class='ocr_par' dir='ltr' id='par_1_34' title="bbox 423 1981 2081 2056">
     <span class='ocr_line' id='line_1_34' title="bbox 423 1981 2081 2056; baseline 0.001 -20"><span class='ocrx_word' id='word_1_239' title='bbox 423 1997 484 2036; x_wconf 91' lang='lat' dir='ltr'>se</span> <span class='ocrx_word' id='word_1_240' title='bbox 503 1981 852 2051; x_wconf 89' lang='lat' dir='ltr'>delineanti,</span> <span class='ocrx_word' id='word_1_241' title='bbox 877 1983 977 2055; x_wconf 92' lang='lat' dir='ltr'>qui</span> <span class='ocrx_word' id='word_1_242' title='bbox 997 2001 1130 2039; x_wconf 91' lang='lat' dir='ltr'>cum</span> <span class='ocrx_word' id='word_1_243' title='bbox 1158 2001 1440 2040; x_wconf 91' lang='lat' dir='ltr'>manuum</span> <span class='ocrx_word' id='word_1_244' title='bbox 1465 1985 1628 2056; x_wconf 80' lang='lat' dir='ltr'>operi</span> <span class='ocrx_word' id='word_1_245' title='bbox 1656 1985 1967 2040; x_wconf 84' lang='lat' dir='ltr'>admovere</span> <span class='ocrx_word' id='word_1_246' title='bbox 1989 1983 2081 2038; x_wconf 87' lang='lat' dir='ltr'>in-</span> 
     </span>
    </p>
   </div>
   <div class='ocr_carea' id='block_1_35' title="bbox 420 2070 2082 2146">
    <p class='ocr_par' dir='ltr' id='par_1_35' title="bbox 420 2070 2082 2146">
     <span class='ocr_line' id='line_1_35' title="bbox 420 2070 2082 2146; baseline 0.001 -20"><span class='ocrx_word' id='word_1_247' title='bbox 420 2070 584 2143; x_wconf 88' lang='lat' dir='ltr'>cipit,</span> <span class='ocrx_word' id='word_1_248' title='bbox 613 2072 909 2128; x_wconf 86' lang='lat' dir='ltr'>rationem</span> <span class='ocrx_word' id='word_1_249' title='bbox 924 2089 1092 2129; x_wconf 89' lang='lat' dir='ltr'>suam</span> <span class='ocrx_word' id='word_1_250' title='bbox 1111 2091 1228 2145; x_wconf 88' lang='lat' dir='ltr'>qua</span> <span class='ocrx_word' id='word_1_251' title='bbox 1245 2074 1447 2129; x_wconf 91' lang='lat' dir='ltr'>omnia</span> <span class='ocrx_word' id='word_1_252' title='bbox 1469 2074 1775 2146; x_wconf 86' lang='lat' dir='ltr'>componit</span> <span class='ocrx_word' id='word_1_253' title='bbox 1797 2079 2082 2144; x_wconf 87' lang='lat' dir='ltr'>tanquam</span> 
     </span>
    </p>
   </div>
   <div class='ocr_carea' id='block_1_36' title="bbox 420 2160 2082 2234">
    <p class='ocr_par' dir='ltr' id='par_1_36' title="bbox 420 2160 2082 2234">
     <span class='ocr_line' id='line_1_36' title="bbox 420 2160 2082 2234; baseline 0 -18"><span class='ocrx_word' id='word_1_254' title='bbox 420 2160 668 2218; x_wconf 87' lang='lat' dir='ltr'>alteram</span> <span class='ocrx_word' id='word_1_255' title='bbox 700 2179 1017 2234; x_wconf 89' lang='lat' dir='ltr'>personam</span> <span class='ocrx_word' id='word_1_256' title='bbox 1049 2163 1130 2220; x_wconf 90' lang='lat' dir='ltr'>ita</span> <span class='ocrx_word' id='word_1_257' title='bbox 1160 2165 1412 2231; x_wconf 84' lang='lat' dir='ltr'>atl&#39;atur;</span> <span class='ocrx_word' id='word_1_258' title='bbox 1447 2166 1586 2234; x_wconf 83' lang='lat' dir='ltr'>Age,</span> <span class='ocrx_word' id='word_1_259' title='bbox 1612 2167 1943 2234; x_wconf 77' lang='lat' dir='ltr'>efﬁngamus</span> <span class='ocrx_word' id='word_1_260' title='bbox 1972 2169 2082 2217; x_wconf 87' lang='lat' dir='ltr'>sta-</span> 
     </span>
    </p>
   </div>
   <div class='ocr_carea' id='block_1_37' title="bbox 425 2252 2080 2325">
    <p class='ocr_par' dir='ltr' id='par_1_37' title="bbox 425 2252 2080 2325">
     <span class='ocr_line' id='line_1_37' title="bbox 425 2252 2080 2325; baseline 0.001 -19"><span class='ocrx_word' id='word_1_261' title='bbox 425 2257 598 2307; x_wconf 83' lang='lat' dir='ltr'>tuam.</span> <span class='ocrx_word' id='word_1_262' title='bbox 634 2253 759 2317; x_wconf 85' lang='lat' dir='ltr'>Qua</span> <span class='ocrx_word' id='word_1_263' title='bbox 808 2252 1047 2324; x_wconf 89' lang='lat' dir='ltr'>quidem</span> <span class='ocrx_word' id='word_1_264' title='bbox 1081 2255 1526 2325; x_wconf 86' lang='lat' dir='ltr'>comparatione</span> <span class='ocrx_word' id='word_1_265' title='bbox 1577 2254 1778 2307; x_wconf 83' lang='lat' dir='ltr'>stricte</span> <span class='ocrx_word' id='word_1_266' title='bbox 1819 2259 2080 2323; x_wconf 88' lang='lat' dir='ltr'>accepta,</span> 
     </span>
    </p>
   </div>
   <div class='ocr_carea' id='block_1_38' title="bbox 425 2341 2082 2414">
    <p class='ocr_par' dir='ltr' id='par_1_38' title="bbox 425 2341 2082 2414">
     <span class='ocr_line' id='line_1_38' title="bbox 425 2341 2082 2414; baseline 0.001 -20"><span class='ocrx_word' id='word_1_267' title='bbox 425 2341 685 2396; x_wconf 85' lang='lat' dir='ltr'>Verbum</span> <span class='ocrx_word' id='word_1_268' title='bbox 717 2358 848 2412; x_wconf 67' lang='lat' dir='ltr'>quae</span> <span class='ocrx_word' id='word_1_269' title='bbox 881 2347 1104 2397; x_wconf 65' lang='lat' dir='ltr'>aeterna</span> <span class='ocrx_word' id='word_1_270' title='bbox 1137 2342 1326 2397; x_wconf 85' lang='lat' dir='ltr'>Patris</span> <span class='ocrx_word' id='word_1_271' title='bbox 1357 2343 1508 2397; x_wconf 88' lang='lat' dir='ltr'>ratio</span> <span class='ocrx_word' id='word_1_272' title='bbox 1541 2348 1651 2411; x_wconf 87' lang='lat' dir='ltr'>est,</span> <span class='ocrx_word' id='word_1_273' title='bbox 1683 2359 1806 2396; x_wconf 88' lang='lat' dir='ltr'>non</span> <span class='ocrx_word' id='word_1_274' title='bbox 1841 2342 2025 2414; x_wconf 84' lang='lat' dir='ltr'>magis</span> <span class='ocrx_word' id='word_1_275' title='bbox 2048 2358 2082 2396; x_wconf 77' lang='grc' dir='ltr'>ο,</span> 
     </span>
    </p>
   </div>
   <div class='ocr_carea' id='block_1_39' title="bbox 423 2429 2082 2503">
    <p class='ocr_par' dir='ltr' id='par_1_39' title="bbox 423 2429 2082 2503">
     <span class='ocr_line' id='line_1_39' title="bbox 423 2429 2082 2503; baseline 0.001 -18"><span class='ocrx_word' id='word_1_276' title='bbox 423 2431 596 2485; x_wconf 86' lang='lat' dir='ltr'>Patre</span> <span class='ocrx_word' id='word_1_277' title='bbox 627 2429 1095 2502; x_wconf 78' lang='lat' dir='ltr'>distingueretur</span> <span class='ocrx_word' id='word_1_278' title='bbox 1115 2448 1292 2503; x_wconf 90' lang='lat' dir='ltr'>quam</span> <span class='ocrx_word' id='word_1_279' title='bbox 1316 2431 1388 2486; x_wconf 88' lang='lat' dir='ltr'>ab</span> <span class='ocrx_word' id='word_1_280' title='bbox 1412 2431 1696 2486; x_wconf 88' lang='lat' dir='ltr'>statuario</span> <span class='ocrx_word' id='word_1_281' title='bbox 1725 2448 1893 2486; x_wconf 84' lang='lat' dir='ltr'>mens</span> <span class='ocrx_word' id='word_1_282' title='bbox 1917 2437 1973 2485; x_wconf 91' lang='lat' dir='ltr'>et</span> <span class='ocrx_word' id='word_1_283' title='bbox 1994 2448 2082 2487; x_wconf 87' lang='lat' dir='ltr'>ra-</span> 
     </span>
    </p>
   </div>
   <div class='ocr_carea' id='block_1_40' title="bbox 421 2517 2078 2592">
    <p class='ocr_par' dir='ltr' id='par_1_40' title="bbox 421 2517 2078 2592">
     <span class='ocr_line' id='line_1_40' title="bbox 421 2517 2078 2592; baseline 0.002 -20"><span class='ocrx_word' id='word_1_284' title='bbox 421 2517 503 2572; x_wconf 91' lang='lat' dir='ltr'>tio</span> <span class='ocrx_word' id='word_1_285' title='bbox 537 2518 746 2590; x_wconf 87' lang='lat' dir='ltr'>ipsius,</span> <span class='ocrx_word' id='word_1_286' title='bbox 775 2519 1042 2590; x_wconf 90' lang='lat' dir='ltr'>illudque</span> <span class='ocrx_word' id='word_1_287' title='bbox 1074 2521 1133 2574; x_wconf 93' lang='lat' dir='ltr'>in</span> <span class='ocrx_word' id='word_1_288' title='bbox 1167 2523 1336 2575; x_wconf 85' lang='lat' dir='ltr'>Patre</span> <span class='ocrx_word' id='word_1_289' title='bbox 1377 2521 1680 2574; x_wconf 85' lang='lat' dir='ltr'>conditum</span> <span class='ocrx_word' id='word_1_290' title='bbox 1715 2521 2078 2592; x_wconf 71' lang='lat' dir='ltr'>operationis</span> 
     </span>
    </p>
   </div>
   <div class='ocr_carea' id='block_1_41' title="bbox 419 2609 2072 2681">
    <p class='ocr_par' dir='ltr' id='par_1_41' title="bbox 419 2609 2072 2681">
     <span class='ocr_line' id='line_1_41' title="bbox 419 2609 2072 2681; baseline 0.001 -18"><span class='ocrx_word' id='word_1_291' title='bbox 419 2623 630 2680; x_wconf 84' lang='lat' dir='ltr'>expers</span> <span class='ocrx_word' id='word_1_292' title='bbox 659 2614 1013 2664; x_wconf 87' lang='lat' dir='ltr'>remaneret.</span> <span class='ocrx_word' id='word_1_293' title='bbox 1049 2609 1193 2664; x_wconf 83' lang='lat' dir='ltr'>Huic</span> <span class='ocrx_word' id='word_1_294' title='bbox 1227 2610 1377 2665; x_wconf 84' lang='lat' dir='ltr'>forte</span> <span class='ocrx_word' id='word_1_295' title='bbox 1416 2610 1702 2665; x_wconf 83' lang='lat' dir='ltr'>doctrinm</span> <span class='ocrx_word' id='word_1_296' title='bbox 1735 2610 2072 2681; x_wconf 79' lang='lat' dir='ltr'>exemplum</span> 
     </span>
    </p>
   </div>
   <div class='ocr_carea' id='block_1_42' title="bbox 415 2697 2074 2771">
    <p class='ocr_par' dir='ltr' id='par_1_42' title="bbox 415 2697 2074 2771">
     <span class='ocr_line' id='line_1_42' title="bbox 415 2697 2074 2771; baseline 0.002 -20"><span class='ocrx_word' id='word_1_297' title='bbox 415 2713 590 2751; x_wconf 90' lang='lat' dir='ltr'>suum</span> <span class='ocrx_word' id='word_1_298' title='bbox 622 2697 877 2769; x_wconf 87' lang='lat' dir='ltr'>Cyrillus</span> <span class='ocrx_word' id='word_1_299' title='bbox 909 2699 1175 2770; x_wconf 87' lang='lat' dir='ltr'>opponit,</span> <span class='ocrx_word' id='word_1_300' title='bbox 1209 2717 1326 2771; x_wconf 88' lang='lat' dir='ltr'>quo</span> <span class='ocrx_word' id='word_1_301' title='bbox 1347 2699 1530 2754; x_wconf 86' lang='lat' dir='ltr'>Filius</span> <span class='ocrx_word' id='word_1_302' title='bbox 1561 2699 1824 2754; x_wconf 83' lang='lat' dir='ltr'>studiose</span> <span class='ocrx_word' id='word_1_303' title='bbox 1847 2716 1881 2755; x_wconf 89' lang='lat' dir='ltr'>a</span> <span class='ocrx_word' id='word_1_304' title='bbox 1903 2701 2074 2754; x_wconf 85' lang='lat' dir='ltr'>Patre</span> 
     </span>
    </p>
   </div>
   <div class='ocr_carea' id='block_1_43' title="bbox 415 2787 2072 2860">
    <p class='ocr_par' dir='ltr' id='par_1_43' title="bbox 415 2787 2072 2860">
     <span class='ocr_line' id='line_1_43' title="bbox 415 2787 2072 2860; baseline 0.002 -19"><span class='ocrx_word' id='word_1_305' title='bbox 415 2787 770 2856; x_wconf 86' lang='lat' dir='ltr'>secernitur,</span> <span class='ocrx_word' id='word_1_306' title='bbox 803 2788 1163 2860; x_wconf 89' lang='lat' dir='ltr'>propriaque</span> <span class='ocrx_word' id='word_1_307' title='bbox 1206 2789 1590 2844; x_wconf 86' lang='lat' dir='ltr'>subsistentia</span> <span class='ocrx_word' id='word_1_308' title='bbox 1640 2795 1698 2843; x_wconf 90' lang='lat' dir='ltr'>et</span> <span class='ocrx_word' id='word_1_309' title='bbox 1727 2790 2072 2860; x_wconf 79' lang='lat' dir='ltr'>Operatione</span> 
     </span>
    </p>
   </div>
   <div class='ocr_carea' id='block_1_44' title="bbox 409 2876 2072 2950">
    <p class='ocr_par' dir='ltr' id='par_1_44' title="bbox 409 2876 2072 2950">
     <span class='ocr_line' id='line_1_44' title="bbox 409 2876 2072 2950; baseline 0.003 -20"><span class='ocrx_word' id='word_1_310' title='bbox 409 2876 696 2948; x_wconf 64' lang='lat' dir='ltr'>praeditus</span> <span class='ocrx_word' id='word_1_311' title='bbox 719 2877 1184 2933; x_wconf 90' lang='lat' dir='ltr'>demonstratur.</span> <span class='ocrx_word' id='word_1_312' title='bbox 1211 2879 1372 2934; x_wconf 85' lang='lat' dir='ltr'>Hanc</span> <span class='ocrx_word' id='word_1_313' title='bbox 1395 2895 1529 2932; x_wconf 88' lang='lat' dir='ltr'>vero</span> <span class='ocrx_word' id='word_1_314' title='bbox 1553 2878 1804 2950; x_wconf 84' lang='lat' dir='ltr'>Cyrillus</span> <span class='ocrx_word' id='word_1_315' title='bbox 1827 2879 2072 2935; x_wconf 86' lang='lat' dir='ltr'>demon-</span> 
     </span>
    </p>
   </div>
   <div class='ocr_carea' id='block_1_45' title="bbox 411 2966 2068 3040">
    <p class='ocr_par' dir='ltr' id='par_1_45' title="bbox 411 2966 2068 3040">
     <span class='ocr_line' id='line_1_45' title="bbox 411 2966 2068 3040; baseline 0.001 -18"><span class='ocrx_word' id='word_1_316' title='bbox 411 2967 578 3022; x_wconf 84' lang='lat' dir='ltr'>strati</span> <span class='ocrx_word' id='word_1_317' title='bbox 631 2966 777 3022; x_wconf 90' lang='lat' dir='ltr'>Filio</span> <span class='ocrx_word' id='word_1_318' title='bbox 827 2968 1185 3040; x_wconf 80' lang='lat' dir='ltr'>exemplaris</span> <span class='ocrx_word' id='word_1_319' title='bbox 1233 2968 1586 3035; x_wconf 91' lang='lat' dir='ltr'>doctrinam,</span> <span class='ocrx_word' id='word_1_320' title='bbox 1634 2985 1765 3040; x_wconf 77' lang='lat' dir='ltr'>qum</span> <span class='ocrx_word' id='word_1_321' title='bbox 1814 2969 1900 3024; x_wconf 91' lang='lat' dir='ltr'>illi</span> <span class='ocrx_word' id='word_1_322' title='bbox 1934 2987 2068 3024; x_wconf 90' lang='lat' dir='ltr'>cum</span> 
     </span>
    </p>
   </div>
   <div class='ocr_carea' id='block_1_46' title="bbox 411 3056 2068 3128">
    <p class='ocr_par' dir='ltr' id='par_1_46' title="bbox 411 3056 2068 3128">
     <span class='ocr_line' id='line_1_46' title="bbox 411 3056 2068 3128; baseline 0.002 -17"><span class='ocrx_word' id='word_1_323' title='bbox 411 3056 621 3111; x_wconf 89' lang='lat' dir='ltr'>multis</span> <span class='ocrx_word' id='word_1_324' title='bbox 649 3057 778 3128; x_wconf 87' lang='lat' dir='ltr'>ejus</span> <span class='ocrx_word' id='word_1_325' title='bbox 811 3056 915 3111; x_wconf 76' lang='lat' dir='ltr'>mvi</span> <span class='ocrx_word' id='word_1_326' title='bbox 961 3056 1234 3112; x_wconf 88' lang='lat' dir='ltr'>Patribus</span> <span class='ocrx_word' id='word_1_327' title='bbox 1265 3058 1602 3113; x_wconf 90' lang='lat' dir='ltr'>communis</span> <span class='ocrx_word' id='word_1_328' title='bbox 1647 3063 1755 3127; x_wconf 91' lang='lat' dir='ltr'>est,</span> <span class='ocrx_word' id='word_1_329' title='bbox 1789 3059 2068 3115; x_wconf 88' lang='lat' dir='ltr'>hauserat</span> 
     </span>
    </p>
   </div>
   <div class='ocr_carea' id='block_1_47' title="bbox 413 3141 2066 3219">
    <p class='ocr_par' dir='ltr' id='par_1_47' title="bbox 413 3141 2066 3219">
     <span class='ocr_line' id='line_1_47' title="bbox 413 3141 2066 3219; baseline 0.004 -24"><span class='ocrx_word' id='word_1_330' title='bbox 413 3141 541 3196; x_wconf 89' lang='lat' dir='ltr'>sine</span> <span class='ocrx_word' id='word_1_331' title='bbox 572 3141 752 3197; x_wconf 91' lang='lat' dir='ltr'>dubio</span> <span class='ocrx_word' id='word_1_332' title='bbox 784 3159 854 3197; x_wconf 91' lang='lat' dir='ltr'>ex</span> <span class='ocrx_word' id='word_1_333' title='bbox 886 3142 1102 3198; x_wconf 86' lang='lat' dir='ltr'>divinis</span> <span class='ocrx_word' id='word_1_334' title='bbox 1152 3145 1494 3216; x_wconf 89' lang='lat' dir='ltr'>Scripturis,</span> <span class='ocrx_word' id='word_1_335' title='bbox 1537 3151 1595 3201; x_wconf 91' lang='lat' dir='ltr'>et</span> <span class='ocrx_word' id='word_1_336' title='bbox 1627 3145 1730 3201; x_wconf 90' lang='lat' dir='ltr'>illo</span> <span class='ocrx_word' id='word_1_337' title='bbox 1763 3146 1825 3202; x_wconf 91' lang='lat' dir='ltr'>in</span> <span class='ocrx_word' id='word_1_338' title='bbox 1855 3147 2066 3219; x_wconf 87' lang='lat' dir='ltr'>primis</span> 
     </span>
    </p>
   </div>
   <div class='ocr_carea' id='block_1_48' title="bbox 409 3230 2064 3307">
    <p class='ocr_par' dir='ltr' id='par_1_48' title="bbox 409 3230 2064 3307">
     <span class='ocr_line' id='line_1_48' title="bbox 409 3230 2064 3307; baseline 0.004 -21"><span class='ocrx_word' id='word_1_339' title='bbox 409 3230 624 3286; x_wconf 88' lang='lat' dir='ltr'>Christi</span> <span class='ocrx_word' id='word_1_340' title='bbox 645 3231 822 3302; x_wconf 90' lang='lat' dir='ltr'>dicto,</span> <span class='ocrx_word' id='word_1_341' title='bbox 846 3233 1012 3288; x_wconf 84' lang='lat' dir='ltr'>Joan.</span> <span class='ocrx_word' id='word_1_342' title='bbox 1039 3251 1090 3302; x_wconf 93' lang='lat' dir='ltr'>v,</span> <span class='ocrx_word' id='word_1_343' title='bbox 1115 3237 1176 3289; x_wconf 85' lang='grc'><strong>19</strong></span> <span class='ocrx_word' id='word_1_344' title='bbox 1195 3251 1206 3288; x_wconf 91' lang='lat'>:</span> <span class='ocrx_word' id='word_1_345' title='bbox 1229 3257 1255 3285; x_wconf 83' lang='grc'>‹‹</span> <span class='ocrx_word' id='word_1_346' title='bbox 1284 3237 1408 3291; x_wconf 86' lang='lat' dir='ltr'>Non</span> <span class='ocrx_word' id='word_1_347' title='bbox 1425 3240 1620 3307; x_wconf 88' lang='lat' dir='ltr'>potest</span> <span class='ocrx_word' id='word_1_348' title='bbox 1639 3236 1822 3291; x_wconf 89' lang='lat' dir='ltr'>Filius</span> <span class='ocrx_word' id='word_1_349' title='bbox 1841 3253 1875 3292; x_wconf 91' lang='lat' dir='ltr'>a</span> <span class='ocrx_word' id='word_1_350' title='bbox 1895 3254 1956 3292; x_wconf 92' lang='lat' dir='ltr'>se</span> <span class='ocrx_word' id='word_1_351' title='bbox 1979 3236 2064 3291; x_wconf 83' lang='lat' dir='ltr'>fa-</span> 
     </span>
    </p>
   </div>
   <div class='ocr_carea' id='block_1_49' title="bbox 413 3322 2072 3395">
    <p class='ocr_par' dir='ltr' id='par_1_49' title="bbox 413 3322 2072 3395">
     <span class='ocr_line' id='line_1_49' title="bbox 413 3322 2072 3395; baseline 0.005 -22"><span class='ocrx_word' id='word_1_352' title='bbox 413 3336 576 3377; x_wconf 43' lang='lat' dir='ltr'>scere</span> <span class='ocrx_word' id='word_1_353' title='bbox 593 3322 914 3394; x_wconf 87' lang='lat' dir='ltr'>quidquam</span> <span class='ocrx_word' id='word_1_354' title='bbox 931 3324 1042 3379; x_wconf 89' lang='lat' dir='ltr'>nisi</span> <span class='ocrx_word' id='word_1_355' title='bbox 1061 3323 1214 3395; x_wconf 90' lang='lat' dir='ltr'>quod</span> <span class='ocrx_word' id='word_1_356' title='bbox 1233 3323 1686 3382; x_wconf 82' lang='lat' dir='ltr'>videritPatrem</span> <span class='ocrx_word' id='word_1_357' title='bbox 1701 3327 2072 3382; x_wconf 79' lang='lat' dir='ltr'>facientem.»</span> 
     </span>
    </p>
   </div>
   <div class='ocr_carea' id='block_1_50' title="bbox 409 3411 2078 3488">
    <p class='ocr_par' dir='ltr' id='par_1_50' title="bbox 409 3411 2078 3488">
     <span class='ocr_line' id='line_1_50' title="bbox 409 3411 2078 3488; baseline 0.005 -24"><span class='ocrx_word' id='word_1_358' title='bbox 409 3411 549 3476; x_wconf 69' lang='lat' dir='ltr'>Quae</span> <span class='ocrx_word' id='word_1_359' title='bbox 592 3411 768 3467; x_wconf 89' lang='lat' dir='ltr'>verba</span> <span class='ocrx_word' id='word_1_360' title='bbox 827 3413 1256 3484; x_wconf 89' lang='lat' dir='ltr'>interpretatur</span> <span class='ocrx_word' id='word_1_361' title='bbox 1312 3416 1625 3488; x_wconf 75' lang='lat' dir='ltr'>Gregorius</span> <span class='ocrx_word' id='word_1_362' title='bbox 1684 3418 2078 3473; x_wconf 70' lang='lat' dir='ltr'>Nazianzenus</span> 
     </span>
    </p>
   </div>
   <div class='ocr_carea' id='block_1_51' title="bbox 402 3502 2075 3576">
    <p class='ocr_par' dir='ltr' id='par_1_51' title="bbox 402 3502 2075 3576">
     <span class='ocr_line' id='line_1_51' title="bbox 402 3502 2075 3576; baseline 0.005 -22"><span class='ocrx_word' id='word_1_363' title='bbox 402 3517 651 3572; x_wconf 90' lang='lat' dir='ltr'>prorsus</span> <span class='ocrx_word' id='word_1_364' title='bbox 683 3502 755 3558; x_wconf 89' lang='lat' dir='ltr'>ad</span> <span class='ocrx_word' id='word_1_365' title='bbox 812 3503 1172 3560; x_wconf 88' lang='lat' dir='ltr'>sententiam</span> <span class='ocrx_word' id='word_1_366' title='bbox 1232 3505 1460 3576; x_wconf 86' lang='lat' dir='ltr'>Cyrilli,</span> <span class='ocrx_word' id='word_1_367' title='bbox 1503 3513 1650 3562; x_wconf 91' lang='lat' dir='ltr'>orat.</span> <span class='ocrx_word' id='word_1_368' title='bbox 1680 3510 1784 3574; x_wconf 86' lang='lat'>36;</span> <span class='ocrx_word' id='word_1_369' title='bbox 1833 3508 2075 3564; x_wconf 81' lang='lat' dir='ltr'>exclusa</span> 
     </span>
    </p>
   </div>
   <div class='ocr_carea' id='block_1_52' title="bbox 403 3589 2074 3665">
    <p class='ocr_par' dir='ltr' id='par_1_52' title="bbox 403 3589 2074 3665">
     <span class='ocr_line' id='line_1_52' title="bbox 403 3589 2074 3665; baseline 0.006 -22"><span class='ocrx_word' id='word_1_370' title='bbox 403 3589 560 3644; x_wconf 91' lang='lat' dir='ltr'>enim</span> <span class='ocrx_word' id='word_1_371' title='bbox 593 3591 758 3662; x_wconf 89' lang='lat' dir='ltr'>prius</span> <span class='ocrx_word' id='word_1_372' title='bbox 783 3591 890 3647; x_wconf 90' lang='lat' dir='ltr'>illa</span> <span class='ocrx_word' id='word_1_373' title='bbox 911 3593 1215 3664; x_wconf 85' lang='lat' dir='ltr'>opinione,</span> <span class='ocrx_word' id='word_1_374' title='bbox 1242 3595 1402 3665; x_wconf 91' lang='lat' dir='ltr'>quod</span> <span class='ocrx_word' id='word_1_375' title='bbox 1427 3595 1606 3650; x_wconf 89' lang='lat' dir='ltr'>Filius</span> <span class='ocrx_word' id='word_1_376' title='bbox 1631 3614 1699 3651; x_wconf 76' lang='lat' dir='ltr'>ea</span> <span class='ocrx_word' id='word_1_377' title='bbox 1733 3603 1961 3652; x_wconf 84' lang='lat' dir='ltr'>tantum</span> <span class='ocrx_word' id='word_1_378' title='bbox 1985 3598 2074 3653; x_wconf 86' lang='lat' dir='ltr'>fa-</span> 
     </span>
    </p>
   </div>
   <div class='ocr_carea' id='block_1_53' title="bbox 398 3678 2066 3758">
    <p class='ocr_par' dir='ltr' id='par_1_53' title="bbox 398 3678 2066 3758">
     <span class='ocr_line' id='line_1_53' title="bbox 398 3678 2066 3758; baseline 0.005 -25"><span class='ocrx_word' id='word_1_379' title='bbox 398 3678 517 3735; x_wconf 90' lang='lat' dir='ltr'>ciat</span> <span class='ocrx_word' id='word_1_380' title='bbox 546 3697 676 3751; x_wconf 70' lang='lat' dir='ltr'>qua:</span> <span class='ocrx_word' id='word_1_381' title='bbox 710 3697 744 3736; x_wconf 90' lang='lat' dir='ltr'>a</span> <span class='ocrx_word' id='word_1_382' title='bbox 775 3683 948 3738; x_wconf 89' lang='lat' dir='ltr'>Patre</span> <span class='ocrx_word' id='word_1_383' title='bbox 969 3683 1092 3754; x_wconf 88' lang='lat' dir='ltr'>jam</span> <span class='ocrx_word' id='word_1_384' title='bbox 1123 3683 1277 3739; x_wconf 88' lang='lat' dir='ltr'>facta</span> <span class='ocrx_word' id='word_1_385' title='bbox 1311 3684 1540 3752; x_wconf 78' lang='lat' dir='ltr'>viderit,</span> <span class='ocrx_word' id='word_1_386' title='bbox 1592 3687 1675 3741; x_wconf 89' lang='lat' dir='ltr'>sic</span> <span class='ocrx_word' id='word_1_387' title='bbox 1723 3687 1849 3758; x_wconf 90' lang='lat' dir='ltr'>ipse</span> <span class='ocrx_word' id='word_1_388' title='bbox 1898 3703 2066 3742; x_wconf 89' lang='lat' dir='ltr'>suam</span> 
     </span>
    </p>
   </div>
   <div class='ocr_carea' id='block_1_54' title="bbox 394 3770 2068 3850">
    <p class='ocr_par' dir='ltr' id='par_1_54' title="bbox 394 3770 2068 3850">
     <span class='ocr_line' id='line_1_54' title="bbox 394 3770 2068 3850; baseline 0.003 -25"><span class='ocrx_word' id='word_1_389' title='bbox 394 3770 606 3842; x_wconf 89' lang='lat' dir='ltr'>aperit,</span> <span class='ocrx_word' id='word_1_390' title='bbox 639 3787 767 3845; x_wconf 83' lang='lat' dir='ltr'>pag.</span> <span class='ocrx_word' id='word_1_391' title='bbox 805 3775 909 3827; x_wconf 69' lang='grc'>584</span> <span class='ocrx_word' id='word_1_392' title='bbox 937 3790 952 3828; x_wconf 89' lang='lat'><strong><em>:</em></strong></span> <span class='ocrx_word' id='word_1_393' title='bbox 981 3777 1046 3826; x_wconf 86' lang='grc' dir='ltr'>Ἢ</span> <span class='ocrx_word' id='word_1_394' title='bbox 1075 3770 1248 3842; x_wconf 80' lang='grc' dir='ltr'>δῆλον</span> <span class='ocrx_word' id='word_1_395' title='bbox 1284 3773 1370 3828; x_wconf 84' lang='grc' dir='ltr'>’ὁτι</span> <span class='ocrx_word' id='word_1_396' title='bbox 1423 3779 1532 3829; x_wconf 80' lang='grc' dir='ltr'>τῶν</span> <span class='ocrx_word' id='word_1_397' title='bbox 1586 3775 1762 3829; x_wconf 81' lang='grc' dir='ltr'>αὐτῶν</span> <span class='ocrx_word' id='word_1_398' title='bbox 1815 3778 2068 3850; x_wconf 67' lang='grc' dir='ltr'>πραγμάο</span> 
     </span>
    </p>
   </div>
   <div class='ocr_carea' id='block_1_55' title="bbox 391 3858 2069 3939">
    <p class='ocr_par' dir='ltr' id='par_1_55' title="bbox 391 3858 2069 3939">
     <span class='ocr_line' id='line_1_55' title="bbox 391 3858 2069 3939; baseline 0.005 -28"><span class='ocrx_word' id='word_1_399' title='bbox 391 3878 500 3916; x_wconf 86' lang='grc' dir='ltr'>των</span> <span class='ocrx_word' id='word_1_400' title='bbox 531 3858 659 3922; x_wconf 81' lang='grc' dir='ltr'>τοὺς</span> <span class='ocrx_word' id='word_1_401' title='bbox 703 3858 916 3922; x_wconf 64' lang='grc' dir='ltr'>τόπους</span> <span class='ocrx_word' id='word_1_402' title='bbox 974 3860 1362 3936; x_wconf 71' lang='grc' dir='ltr'>ἐνσημαίνεται</span> <span class='ocrx_word' id='word_1_403' title='bbox 1425 3864 1522 3936; x_wconf 65' lang='grc' dir='ltr'>μὲν</span> <span class='ocrx_word' id='word_1_404' title='bbox 1565 3865 1592 3918; x_wconf 86' lang='grc' dir='ltr'><strong>ὁ</strong></span> <span class='ocrx_word' id='word_1_405' title='bbox 1628 3865 1834 3939; x_wconf 70' lang='grc' dir='ltr'>[Ι;·.τήρ,</span> <span class='ocrx_word' id='word_1_406' title='bbox 1888 3865 2069 3920; x_wconf 80' lang='grc' dir='ltr'>ἐπιτε-</span> 
     </span>
    </p>
   </div>
   <div class='ocr_carea' id='block_1_56' title="bbox 395 3941 2068 4024">
    <p class='ocr_par' dir='ltr' id='par_1_56' title="bbox 395 3941 2068 4024">
     <span class='ocr_line' id='line_1_56' title="bbox 395 3941 2068 4024; baseline 0.005 -25"><span class='ocrx_word' id='word_1_407' title='bbox 395 3942 484 3999; x_wconf 82' lang='grc' dir='ltr'>λεῖ</span> <span class='ocrx_word' id='word_1_408' title='bbox 513 3941 572 3999; x_wconf 73' lang='grc' dir='ltr'>δὲ</span> <span class='ocrx_word' id='word_1_409' title='bbox 599 3947 808 4020; x_wconf 80' lang='grc' dir='ltr'>Λόγος·</span> <span class='ocrx_word' id='word_1_410' title='bbox 845 3947 910 4002; x_wconf 80' lang='grc' dir='ltr'>οὐ</span> <span class='ocrx_word' id='word_1_411' title='bbox 943 3946 1220 4012; x_wconf 80' lang='grc' dir='ltr'>δουλικῶς</span> <span class='ocrx_word' id='word_1_412' title='bbox 1250 3949 1375 4006; x_wconf 76' lang='grc' dir='ltr'>οὐδὲ</span> <span class='ocrx_word' id='word_1_413' title='bbox 1408 3953 1652 4024; x_wconf 76' lang='grc' dir='ltr'><strong>ἀμαθῶς,</strong></span> <span class='ocrx_word' id='word_1_414' title='bbox 1677 3951 1805 4006; x_wconf 82' lang='grc' dir='ltr'>ἀλΛ¹</span> <span class='ocrx_word' id='word_1_415' title='bbox 1838 3951 2068 4024; x_wconf 64' lang='grc' dir='ltr'>ἐπιστη-</span> 
     </span>
    </p>
   </div>
   <div class='ocr_carea' id='block_1_57' title="bbox 403 4035 2062 4118">
    <p class='ocr_par' dir='ltr' id='par_1_57' title="bbox 403 4035 2062 4118">
     <span class='ocr_line' id='line_1_57' title="bbox 403 4035 2062 4118; baseline 0.005 -32"><span class='ocrx_word' id='word_1_416' title='bbox 403 4038 648 4106; x_wconf 82' lang='grc' dir='ltr'>μονικῶς</span> <span class='ocrx_word' id='word_1_417' title='bbox 693 4055 753 4090; x_wconf 82' lang='grc' dir='ltr'>τε</span> <span class='ocrx_word' id='word_1_418' title='bbox 799 4037 892 4092; x_wconf 74' lang='grc' dir='ltr'>καὶ</span> <span class='ocrx_word' id='word_1_419' title='bbox 925 4035 1284 4110; x_wconf 79' lang='grc' dir='ltr'>δεσποτικῶς,</span> <span class='ocrx_word' id='word_1_420' title='bbox 1316 4040 1428 4112; x_wconf 76' lang='grc' dir='ltr'>καὶ,</span> <span class='ocrx_word' id='word_1_421' title='bbox 1489 4041 1819 4118; x_wconf 72' lang='grc' dir='ltr'>οἰκειότερον</span> <span class='ocrx_word' id='word_1_422' title='bbox 1865 4042 2062 4112; x_wconf 72' lang='grc' dir='ltr'>εἷπεῖν,</span> 
     </span>
    </p>
   </div>
   <div class='ocr_carea' id='block_1_58' title="bbox 395 4127 2057 4200">
    <p class='ocr_par' dir='ltr' id='par_1_58' title="bbox 395 4127 2057 4200">
     <span class='ocr_line' id='line_1_58' title="bbox 395 4127 2057 4200; baseline 0.009 -25"><span class='ocrx_word' id='word_1_423' title='bbox 395 4127 698 4199; x_wconf 54' lang='grc' dir='ltr'>πατρικῶς</span> <span class='ocrx_word' id='word_1_424' title='bbox 731 4147 762 4176; x_wconf 90' lang='grc'>‹‹</span> <span class='ocrx_word' id='word_1_425' title='bbox 796 4128 1004 4182; x_wconf 86' lang='lat' dir='ltr'>Nonne</span> <span class='ocrx_word' id='word_1_426' title='bbox 1040 4131 1424 4200; x_wconf 86' lang='lat' dir='ltr'>perspicuum</span> <span class='ocrx_word' id='word_1_427' title='bbox 1461 4137 1550 4187; x_wconf 88' lang='lat' dir='ltr'>est</span> <span class='ocrx_word' id='word_1_428' title='bbox 1579 4133 1923 4188; x_wconf 88' lang='lat' dir='ltr'>earumdem</span> <span class='ocrx_word' id='word_1_429' title='bbox 1956 4151 2057 4189; x_wconf 89' lang='lat' dir='ltr'>re-</span> 
     </span>
    </p>
   </div>
   <div class='ocr_carea' id='block_1_59' title="bbox 399 4213 2059 4293">
    <p class='ocr_par' dir='ltr' id='par_1_59' title="bbox 399 4213 2059 4293">
     <span class='ocr_line' id='line_1_59' title="bbox 399 4213 2059 4293; baseline 0.01 -29"><span class='ocrx_word' id='word_1_430' title='bbox 399 4229 571 4268; x_wconf 85' lang='lat' dir='ltr'>«rnm</span> <span class='ocrx_word' id='word_1_431' title='bbox 585 4213 856 4272; x_wconf 85' lang='lat' dir='ltr'>formasa</span> <span class='ocrx_word' id='word_1_432' title='bbox 874 4217 1045 4272; x_wconf 86' lang='lat' dir='ltr'>Patre</span> <span class='ocrx_word' id='word_1_433' title='bbox 1059 4218 1301 4288; x_wconf 89' lang='lat' dir='ltr'>quidem</span> <span class='ocrx_word' id='word_1_434' title='bbox 1317 4219 1632 4293; x_wconf 36' lang='lat' dir='ltr'>designari.</span> <span class='ocrx_word' id='word_1_435' title='bbox 1647 4238 1679 4277; x_wconf 91' lang='lat' dir='ltr'>a</span> <span class='ocrx_word' id='word_1_436' title='bbox 1697 4222 1842 4276; x_wconf 88' lang='lat' dir='ltr'>Filio</span> <span class='ocrx_word' id='word_1_437' title='bbox 1860 4230 2059 4280; x_wconf 90' lang='lat' dir='ltr'>autem</span> 
     </span>
    </p>
   </div>
   <div class='ocr_carea' id='block_1_60' title="bbox 391 4303 2056 4382">
    <p class='ocr_par' dir='ltr' id='par_1_60' title="bbox 391 4303 2056 4382">
     <span class='ocr_line' id='line_1_60' title="bbox 391 4303 2056 4382; baseline 0.007 -25"><span class='ocrx_word' id='word_1_438' title='bbox 391 4303 652 4377; x_wconf 82' lang='lat' dir='ltr'>«peragi;</span> <span class='ocrx_word' id='word_1_439' title='bbox 669 4321 788 4361; x_wconf 91' lang='lat' dir='ltr'>non</span> <span class='ocrx_word' id='word_1_440' title='bbox 809 4306 1106 4362; x_wconf 82' lang='lat' dir='ltr'>serviliter</span> <span class='ocrx_word' id='word_1_441' title='bbox 1119 4313 1176 4363; x_wconf 92' lang='lat' dir='ltr'>et</span> <span class='ocrx_word' id='word_1_442' title='bbox 1189 4307 1558 4378; x_wconf 79' lang='lat' dir='ltr'>indocte,sed</span> <span class='ocrx_word' id='word_1_443' title='bbox 1576 4311 1763 4382; x_wconf 88' lang='lat' dir='ltr'>perite</span> <span class='ocrx_word' id='word_1_444' title='bbox 1777 4317 1836 4366; x_wconf 87' lang='lat' dir='ltr'>et</span> <span class='ocrx_word' id='word_1_445' title='bbox 1852 4313 2056 4368; x_wconf 75' lang='lat' dir='ltr'>herili-</span> 
     </span>
    </p>
   </div>
   <div class='ocr_carea' id='block_1_61' title="bbox 389 4397 2060 4474">
    <p class='ocr_par' dir='ltr' id='par_1_61' title="bbox 389 4397 2060 4474">
     <span class='ocr_line' id='line_1_61' title="bbox 389 4397 2060 4474; baseline 0.008 -28"><span class='ocrx_word' id='word_1_446' title='bbox 389 4397 1751 4470; x_wconf 79' lang='lat' dir='ltr'>«ter,atque,utaptiusloquar,paterne?»Hanc</span> <span class='ocrx_word' id='word_1_447' title='bbox 1765 4403 2060 4474; x_wconf 88' lang='lat' dir='ltr'>exempla-</span> 
     </span>
    </p>
   </div>
   <div class='ocr_carea' id='block_1_62' title="bbox 386 4481 2052 4561">
    <p class='ocr_par' dir='ltr' id='par_1_62' title="bbox 386 4481 2052 4561">
     <span class='ocr_line' id='line_1_62' title="bbox 386 4481 2052 4561; baseline 0.007 -25"><span class='ocrx_word' id='word_1_448' title='bbox 386 4481 470 4536; x_wconf 87' lang='lat' dir='ltr'>ris</span> <span class='ocrx_word' id='word_1_449' title='bbox 485 4481 1060 4542; x_wconf 88' lang='lat' dir='ltr'>demonstrationem</span> <span class='ocrx_word' id='word_1_450' title='bbox 1078 4486 1359 4543; x_wconf 89' lang='lat' dir='ltr'>similiter</span> <span class='ocrx_word' id='word_1_451' title='bbox 1373 4489 1629 4561; x_wconf 84' lang='lat' dir='ltr'>explicat</span> <span class='ocrx_word' id='word_1_452' title='bbox 1652 4490 1910 4546; x_wconf 88' lang='lat' dir='ltr'>Hilarius</span> <span class='ocrx_word' id='word_1_453' title='bbox 1933 4510 2052 4548; x_wconf 91' lang='lat' dir='ltr'>non</span> 
     </span>
    </p>
   </div>
   <div class='ocr_carea' id='block_1_63' title="bbox 385 4570 2049 4647">
    <p class='ocr_par' dir='ltr' id='par_1_63' title="bbox 385 4570 2049 4647">
     <span class='ocr_line' id='line_1_63' title="bbox 385 4570 2049 4647; baseline 0.008 -21"><span class='ocrx_word' id='word_1_454' title='bbox 385 4570 459 4626; x_wconf 90' lang='lat' dir='ltr'>de</span> <span class='ocrx_word' id='word_1_455' title='bbox 473 4572 743 4644; x_wconf 86' lang='lat' dir='ltr'>exemplo</span> <span class='ocrx_word' id='word_1_456' title='bbox 759 4575 955 4647; x_wconf 92' lang='lat' dir='ltr'>operis</span> <span class='ocrx_word' id='word_1_457' title='bbox 967 4583 1106 4632; x_wconf 90' lang='lat' dir='ltr'>ante</span> <span class='ocrx_word' id='word_1_458' title='bbox 1119 4575 1282 4646; x_wconf 81' lang='lat' dir='ltr'>facti,</span> <span class='ocrx_word' id='word_1_459' title='bbox 1303 4579 1404 4634; x_wconf 89' lang='lat' dir='ltr'>sed</span> <span class='ocrx_word' id='word_1_460' title='bbox 1419 4579 1491 4634; x_wconf 92' lang='lat' dir='ltr'>de</span> <span class='ocrx_word' id='word_1_461' title='bbox 1507 4581 2049 4639; x_wconf 86' lang='lat' dir='ltr'>communicatione</span> 
     </span>
    </p>
   </div>
   <div class='ocr_carea' id='block_1_64' title="bbox 382 4663 2054 4740">
    <p class='ocr_par' dir='ltr' id='par_1_64' title="bbox 382 4663 2054 4740">
     <span class='ocr_line' id='line_1_64' title="bbox 382 4663 2054 4740; baseline 0.008 -25"><span class='ocrx_word' id='word_1_462' title='bbox 382 4665 650 4732; x_wconf 63' lang='lat' dir='ltr'>paternas</span> <span class='ocrx_word' id='word_1_463' title='bbox 667 4663 1172 4737; x_wconf 85' lang='lat' dir='ltr'>voluntatis,quia,</span> <span class='ocrx_word' id='word_1_464' title='bbox 1194 4667 1552 4740; x_wconf 87' lang='lat' dir='ltr'>inquit,0pus</span> <span class='ocrx_word' id='word_1_465' title='bbox 1577 4673 1758 4726; x_wconf 81' lang='lat' dir='ltr'>Patris</span> <span class='ocrx_word' id='word_1_466' title='bbox 1777 4671 1837 4726; x_wconf 81' lang='lat' dir='ltr'>in</span> <span class='ocrx_word' id='word_1_467' title='bbox 1858 4674 2054 4728; x_wconf 80' lang='lat' dir='ltr'>volun-</span> 
     </span>
    </p>
   </div>
   <div class='ocr_carea' id='block_1_65' title="bbox 385 4741 2052 4832">
    <p class='ocr_par' dir='ltr' id='par_1_65' title="bbox 385 4741 2052 4832">
     <span class='ocr_line' id='line_1_65' title="bbox 385 4741 2052 4832; baseline 0.008 -27"><span class='ocrx_word' id='word_1_468' title='bbox 385 4741 499 4806; x_wconf 65' lang='lat' dir='ltr'>tate</span> <span class='ocrx_word' id='word_1_469' title='bbox 511 4752 678 4820; x_wconf 89' lang='lat' dir='ltr'>est,in</span> <span class='ocrx_word' id='word_1_470' title='bbox 693 4769 782 4826; x_wconf 92' lang='lat' dir='ltr'>ps.</span> <span class='ocrx_word' id='word_1_471' title='bbox 807 4770 922 4826; x_wconf 65' lang='grc' dir='ltr'>ποι,</span> <span class='ocrx_word' id='word_1_472' title='bbox 947 4771 1007 4811; x_wconf 91' lang='lat' dir='ltr'>n.</span> <span class='ocrx_word' id='word_1_473' title='bbox 1029 4758 1082 4812; x_wconf 89' lang='lat'>6.</span> <span class='ocrx_word' id='word_1_474' title='bbox 1109 4757 1332 4812; x_wconf 90' lang='lat' dir='ltr'>Deinde</span> <span class='ocrx_word' id='word_1_475' title='bbox 1349 4758 1600 4814; x_wconf 66' lang='lat' dir='ltr'>subditm</span> <span class='ocrx_word' id='word_1_476' title='bbox 1623 4762 1769 4832; x_wconf 87' lang='lat' dir='ltr'>Ergo</span> <span class='ocrx_word' id='word_1_477' title='bbox 1781 4761 2052 4819; x_wconf 84' lang='lat' dir='ltr'>volunta-</span> 
     </span>
    </p>
   </div>
   <div class='ocr_carea' id='block_1_66' title="bbox 379 4843 2047 4924">
    <p class='ocr_par' dir='ltr' id='par_1_66' title="bbox 379 4843 2047 4924">
     <span class='ocr_line' id='line_1_66' title="bbox 379 4843 2047 4924; baseline 0.007 -27"><span class='ocrx_word' id='word_1_478' title='bbox 379 4843 1821 4922; x_wconf 62' lang='lat' dir='ltr'>«temPatrisF&#39;iliustamquam(CXLII,exemplum</span> <span class='ocrx_word' id='word_1_479' title='bbox 1841 4868 2047 4924; x_wconf 89' lang='lat' dir='ltr'>opera-</span> 
     </span>
    </p>
   </div>
   <div class='ocr_carea' id='block_1_67' title="bbox 379 4932 2046 5014">
    <p class='ocr_par' dir='ltr' id='par_1_67' title="bbox 379 4932 2046 5014">
     <span class='ocr_line' id='line_1_67' title="bbox 379 4932 2046 5014; baseline 0.01 -33"><span class='ocrx_word' id='word_1_480' title='bbox 379 4932 596 4988; x_wconf 82' lang='lat' dir='ltr'>«tionis</span> <span class='ocrx_word' id='word_1_481' title='bbox 612 4933 970 5007; x_wconf 88' lang='lat' dir='ltr'>introspicit;</span> <span class='ocrx_word' id='word_1_482' title='bbox 996 4936 1138 5008; x_wconf 87' lang='lat' dir='ltr'>quia</span> <span class='ocrx_word' id='word_1_483' title='bbox 1155 4936 1312 4992; x_wconf 90' lang='lat' dir='ltr'>intra</span> <span class='ocrx_word' id='word_1_484' title='bbox 1332 4944 1716 5010; x_wconf 89' lang='lat' dir='ltr'>paternarum</span> <span class='ocrx_word' id='word_1_485' title='bbox 1738 4942 2016 5014; x_wconf 81' lang='lat' dir='ltr'>cogitatio</span> <span class='ocrx_word' id='word_1_486' title='bbox 2030 4975 2046 4985; x_wconf 89' lang='lat'><em>-</em></span> 
     </span>
    </p>
   </div>
   <div class='ocr_carea' id='block_1_68' title="bbox 378 5024 2043 5103">
    <p class='ocr_par' dir='ltr' id='par_1_68' title="bbox 378 5024 2043 5103">
     <span class='ocr_line' id='line_1_68' title="bbox 378 5024 2043 5103; baseline 0.008 -29"><span class='ocrx_word' id='word_1_487' title='bbox 378 5036 559 5076; x_wconf 82' lang='lat' dir='ltr'>«num</span> <span class='ocrx_word' id='word_1_488' title='bbox 573 5024 1034 5094; x_wconf 84' lang='lat' dir='ltr'>providentiam,</span> <span class='ocrx_word' id='word_1_489' title='bbox 1049 5025 1308 5097; x_wconf 87' lang='lat' dir='ltr'>quadam</span> <span class='ocrx_word' id='word_1_490' title='bbox 1323 5027 1656 5084; x_wconf 82' lang='lat' dir='ltr'>futurarum</span> <span class='ocrx_word' id='word_1_491' title='bbox 1675 5047 1874 5086; x_wconf 90' lang='lat' dir='ltr'>rerum</span> <span class='ocrx_word' id='word_1_492' title='bbox 1889 5049 2010 5103; x_wconf 67' lang='grc' dir='ltr'>[ιι-ω</span> <span class='ocrx_word' id='word_1_493' title='bbox 2026 5064 2043 5074; x_wconf 72' lang='grc' dir='ltr'><strong>ο</strong></span> 
     </span>
    </p>
   </div>
   <div class='ocr_carea' id='block_1_69' title="bbox 374 5107 2047 5188">
    <p class='ocr_par' dir='ltr' id='par_1_69' title="bbox 374 5107 2047 5188">
     <span class='ocr_line' id='line_1_69' title="bbox 374 5107 2047 5188; baseline 0.013 -32"><span class='ocrx_word' id='word_1_494' title='bbox 374 5107 811 5167; x_wconf 85' lang='lat' dir='ltr'>«destinatione</span> <span class='ocrx_word' id='word_1_495' title='bbox 824 5113 1208 5170; x_wconf 68' lang='lat' dir='ltr'>formantur.»</span> <span class='ocrx_word' id='word_1_496' title='bbox 1220 5116 1348 5171; x_wconf 77' lang='lat' dir='ltr'>Hzec</span> <span class='ocrx_word' id='word_1_497' title='bbox 1363 5117 1435 5172; x_wconf 88' lang='lat' dir='ltr'>ad</span> <span class='ocrx_word' id='word_1_498' title='bbox 1449 5119 1988 5188; x_wconf 88' lang='lat' dir='ltr'>supradictumChri</span> <span class='ocrx_word' id='word_1_499' title='bbox 1997 5139 2047 5177; x_wconf 82' lang='lat' dir='ltr'>s-</span> 
     </span>
    </p>
   </div>
   <div class='ocr_carea' id='block_1_70' title="bbox 375 5197 2044 5278">
    <p class='ocr_par' dir='ltr' id='par_1_70' title="bbox 375 5197 2044 5278">
     <span class='ocr_line' id='line_1_70' title="bbox 375 5197 2044 5278; baseline 0.01 -28"><span class='ocrx_word' id='word_1_500' title='bbox 375 5197 418 5250; x_wconf 92' lang='lat' dir='ltr'>ti</span> <span class='ocrx_word' id='word_1_501' title='bbox 433 5197 1032 5272; x_wconf 89' lang='lat' dir='ltr'>testimonium;quod</span> <span class='ocrx_word' id='word_1_502' title='bbox 1051 5206 1363 5274; x_wconf 90' lang='lat' dir='ltr'>operosius</span> <span class='ocrx_word' id='word_1_503' title='bbox 1383 5207 1843 5278; x_wconf 87' lang='lat' dir='ltr'>expendenslib.</span> <span class='ocrx_word' id='word_1_504' title='bbox 1869 5227 1943 5266; x_wconf 89' lang='lat' dir='ltr'>vn</span> <span class='ocrx_word' id='word_1_505' title='bbox 1969 5213 2044 5266; x_wconf 87' lang='lat' dir='ltr'>De</span> 
     </span>
    </p>
   </div>
   <div class='ocr_carea' id='block_1_71' title="bbox 372 5287 2041 5370">
    <p class='ocr_par' dir='ltr' id='par_1_71' title="bbox 372 5287 2041 5370">
     <span class='ocr_line' id='line_1_71' title="bbox 372 5287 2041 5370; baseline 0.01 -31"><span class='ocrx_word' id='word_1_506' title='bbox 372 5287 1510 5358; x_wconf 69' lang='lat' dir='ltr'>Trinitate,aitn.19,demonstrationem</span> <span class='ocrx_word' id='word_1_507' title='bbox 1531 5297 1680 5352; x_wconf 88' lang='lat' dir='ltr'>hanc</span> <span class='ocrx_word' id='word_1_508' title='bbox 1697 5315 1945 5370; x_wconf 90' lang='lat' dir='ltr'>operum</span> <span class='ocrx_word' id='word_1_509' title='bbox 1961 5299 2041 5355; x_wconf 83' lang='lat' dir='ltr'>fa-</span> 
     </span>
    </p>
   </div>
   <div class='ocr_carea' id='block_1_72' title="bbox 368 5375 2038 5450">
    <p class='ocr_par' dir='ltr' id='par_1_72' title="bbox 368 5375 2038 5450">
     <span class='ocr_line' id='line_1_72' title="bbox 368 5375 2038 5450; baseline 0.008 -20"><span class='ocrx_word' id='word_1_510' title='bbox 368 5375 719 5433; x_wconf 89' lang='lat' dir='ltr'>ciendorum</span> <span class='ocrx_word' id='word_1_511' title='bbox 739 5394 870 5434; x_wconf 86' lang='lat' dir='ltr'>esse</span> <span class='ocrx_word' id='word_1_512' title='bbox 883 5381 2038 5450; x_wconf 79' lang='lat' dir='ltr'>ipsamnativitatissubstantiam.Prorsus</span> 
     </span>
    </p>
   </div>
   <div class='ocr_carea' id='block_1_73' title="bbox 367 5465 2026 5549">
    <p class='ocr_par' dir='ltr' id='par_1_73' title="bbox 367 5465 2026 5549">
     <span class='ocr_line' id='line_1_73' title="bbox 367 5465 2026 5549; baseline 0.008 -30"><span class='ocrx_word' id='word_1_513' title='bbox 367 5465 440 5519; x_wconf 90' lang='lat' dir='ltr'>ad</span> <span class='ocrx_word' id='word_1_514' title='bbox 459 5466 740 5523; x_wconf 90' lang='lat' dir='ltr'>eumdem</span> <span class='ocrx_word' id='word_1_515' title='bbox 755 5468 1000 5524; x_wconf 89' lang='lat' dir='ltr'>modum</span> <span class='ocrx_word' id='word_1_516' title='bbox 1016 5471 1383 5531; x_wconf 88' lang='lat' dir='ltr'>Basiliuslib.</span> <span class='ocrx_word' id='word_1_517' title='bbox 1395 5477 1686 5548; x_wconf 84' lang='lat' dir='ltr'>DeSpiritu</span> <span class='ocrx_word' id='word_1_518' title='bbox 1698 5484 1889 5534; x_wconf 86' lang='lat' dir='ltr'>sancto</span> <span class='ocrx_word' id='word_1_519' title='bbox 1903 5495 2026 5549; x_wconf 87' lang='lat' dir='ltr'>cap.</span> 
     </span>
    </p>
   </div>
   <div class='ocr_carea' id='block_1_74' title="bbox 362 5553 2033 5639">
    <p class='ocr_par' dir='ltr' id='par_1_74' title="bbox 362 5553 2033 5639">
     <span class='ocr_line' id='line_1_74' title="bbox 362 5553 2033 5639; baseline 0.009 -32"><span class='ocrx_word' id='word_1_520' title='bbox 362 5553 418 5622; x_wconf 92' lang='grc' dir='ltr'>Ο,</span> <span class='ocrx_word' id='word_1_521' title='bbox 443 5571 576 5628; x_wconf 89' lang='lat' dir='ltr'>pag.</span> <span class='ocrx_word' id='word_1_522' title='bbox 613 5559 738 5626; x_wconf 89' lang='grc'>309,</span> <span class='ocrx_word' id='word_1_523' title='bbox 772 5558 1037 5615; x_wconf 83' lang='lat' dir='ltr'>mandati</span> <span class='ocrx_word' id='word_1_524' title='bbox 1071 5566 1130 5616; x_wconf 90' lang='lat' dir='ltr'>et</span> <span class='ocrx_word' id='word_1_525' title='bbox 1148 5564 1449 5622; x_wconf 76' lang='lat' dir='ltr'>roluntatis</span> <span class='ocrx_word' id='word_1_526' title='bbox 1473 5571 1734 5639; x_wconf 66' lang='lat' dir='ltr'>paternae</span> <span class='ocrx_word' id='word_1_527' title='bbox 1761 5567 1832 5622; x_wconf 89' lang='lat' dir='ltr'>de</span> <span class='ocrx_word' id='word_1_528' title='bbox 1853 5569 2033 5622; x_wconf 89' lang='lat' dir='ltr'>rebus</span> 
     </span>
    </p>
   </div>
   <div class='ocr_carea' id='block_1_75' title="bbox 364 5645 2032 5727">
    <p class='ocr_par' dir='ltr' id='par_1_75' title="bbox 364 5645 2032 5727">
     <span class='ocr_line' id='line_1_75' title="bbox 364 5645 2032 5727; baseline 0.009 -30"><span class='ocrx_word' id='word_1_529' title='bbox 364 5645 641 5702; x_wconf 87' lang='lat' dir='ltr'>creandis</span> <span class='ocrx_word' id='word_1_530' title='bbox 683 5651 1232 5709; x_wconf 79' lang='lat' dir='ltr'>communicationem</span> <span class='ocrx_word' id='word_1_531' title='bbox 1277 5655 1424 5711; x_wconf 91' lang='lat' dir='ltr'>Filio</span> <span class='ocrx_word' id='word_1_532' title='bbox 1471 5656 1710 5723; x_wconf 86' lang='lat' dir='ltr'>factam,</span> <span class='ocrx_word' id='word_1_533' title='bbox 1760 5657 2032 5727; x_wconf 85' lang='lat' dir='ltr'>quomodo</span> 
     </span>
    </p>
   </div>
   <div class='ocr_carea' id='block_1_76' title="bbox 365 5733 2032 5817">
    <p class='ocr_par' dir='ltr' id='par_1_76' title="bbox 365 5733 2032 5817">
     <span class='ocr_line' id='line_1_76' title="bbox 365 5733 2032 5817; baseline 0.008 -27"><span class='ocrx_word' id='word_1_534' title='bbox 365 5733 536 5792; x_wconf 85' lang='lat' dir='ltr'>Deum</span> <span class='ocrx_word' id='word_1_535' title='bbox 565 5736 718 5793; x_wconf 82' lang='lat' dir='ltr'>decet</span> <span class='ocrx_word' id='word_1_536' title='bbox 762 5739 1078 5812; x_wconf 78' lang='lat' dir='ltr'>intelligere</span> <span class='ocrx_word' id='word_1_537' title='bbox 1123 5759 1222 5800; x_wconf 86' lang='lat' dir='ltr'>nos</span> <span class='ocrx_word' id='word_1_538' title='bbox 1240 5744 1418 5817; x_wconf 85' lang='lat' dir='ltr'>jubet</span> <span class='ocrx_word' id='word_1_539' title='bbox 1437 5763 1457 5801; x_wconf 91' lang='lat'><strong><em>:</em></strong></span> <span class='ocrx_word' id='word_1_540' title='bbox 1484 5745 1776 5801; x_wconf 88' lang='lat' dir='ltr'>nimirum</span> <span class='ocrx_word' id='word_1_541' title='bbox 1805 5749 1890 5803; x_wconf 85' lang='lat' dir='ltr'>uti</span> <span class='ocrx_word' id='word_1_542' title='bbox 1915 5750 2032 5816; x_wconf 82' lang='lat' dir='ltr'>for-</span> 
     </span>
    </p>
   </div>
   <div class='ocr_carea' id='block_1_77' title="bbox 2191 1975 3804 2047">
    <p class='ocr_par' dir='ltr' id='par_1_77' title="bbox 2191 1975 3804 2047">
     <span class='ocr_line' id='line_1_77' title="bbox 2191 1975 3804 2047; baseline -0.002 -18"><span class='ocrx_word' id='word_1_543' title='bbox 2191 1976 2461 2031; x_wconf 89' lang='lat' dir='ltr'>omnium</span> <span class='ocrx_word' id='word_1_544' title='bbox 2493 1992 2601 2030; x_wconf 85' lang='lat' dir='ltr'>vox</span> <span class='ocrx_word' id='word_1_545' title='bbox 2632 1981 2721 2030; x_wconf 91' lang='lat' dir='ltr'>est</span> <span class='ocrx_word' id='word_1_546' title='bbox 2749 1976 3066 2047; x_wconf 73' lang='lat' dir='ltr'>Scripturm</span> <span class='ocrx_word' id='word_1_547' title='bbox 3098 1976 3478 2042; x_wconf 89' lang='lat' dir='ltr'>testimoniis,</span> <span class='ocrx_word' id='word_1_548' title='bbox 3519 1975 3702 2032; x_wconf 82' lang='lat' dir='ltr'>Omnia</span> <span class='ocrx_word' id='word_1_549' title='bbox 3721 1986 3804 2042; x_wconf 85' lang='lat' dir='ltr'>per</span> 
     </span>
    </p>
   </div>
   <div class='ocr_carea' id='block_1_78' title="bbox 2193 2060 3804 2134">
    <p class='ocr_par' dir='ltr' id='par_1_78' title="bbox 2193 2060 3804 2134">
     <span class='ocr_line' id='line_1_78' title="bbox 2193 2060 3804 2134; baseline -0.003 -15"><span class='ocrx_word' id='word_1_550' title='bbox 2193 2067 2232 2132; x_wconf 78' lang='lat' dir='ltr'>i;</span> <span class='ocrx_word' id='word_1_551' title='bbox 2253 2081 2370 2119; x_wconf 83' lang='lat' dir='ltr'>sum</span> <span class='ocrx_word' id='word_1_552' title='bbox 2398 2068 2551 2134; x_wconf 84' lang='lat' dir='ltr'>facta</span> <span class='ocrx_word' id='word_1_553' title='bbox 2580 2071 2728 2132; x_wconf 89' lang='lat' dir='ltr'>sunt,</span> <span class='ocrx_word' id='word_1_554' title='bbox 2763 2071 2821 2119; x_wconf 91' lang='lat' dir='ltr'>et</span> <span class='ocrx_word' id='word_1_555' title='bbox 2851 2065 3152 2121; x_wconf 88' lang='lat' dir='ltr'>similibus</span> <span class='ocrx_word' id='word_1_556' title='bbox 3182 2067 3555 2132; x_wconf 79' lang='lat' dir='ltr'>conﬁrmata,</span> <span class='ocrx_word' id='word_1_557' title='bbox 3581 2060 3804 2134; x_wconf 87' lang='lat' dir='ltr'>atquein</span> 
     </span>
    </p>
   </div>
   <div class='ocr_carea' id='block_1_79' title="bbox 2193 2155 3808 2228">
    <p class='ocr_par' dir='ltr' id='par_1_79' title="bbox 2193 2155 3808 2228">
     <span class='ocr_line' id='line_1_79' title="bbox 2193 2155 3808 2228; baseline -0.002 -20"><span class='ocrx_word' id='word_1_558' title='bbox 2193 2155 2478 2226; x_wconf 81' lang='lat' dir='ltr'>symbolis</span> <span class='ocrx_word' id='word_1_559' title='bbox 2506 2172 2657 2227; x_wconf 80' lang='lat' dir='ltr'>pene</span> <span class='ocrx_word' id='word_1_560' title='bbox 2676 2155 2954 2210; x_wconf 89' lang='lat' dir='ltr'>omnibus</span> <span class='ocrx_word' id='word_1_561' title='bbox 2973 2157 3344 2228; x_wconf 82' lang='lat' dir='ltr'>consignata,</span> <span class='ocrx_word' id='word_1_562' title='bbox 3369 2156 3508 2211; x_wconf 89' lang='lat' dir='ltr'>dum</span> <span class='ocrx_word' id='word_1_563' title='bbox 3536 2155 3808 2222; x_wconf 82' lang='lat' dir='ltr'>feruntper</span> 
     </span>
    </p>
   </div>
   <div class='ocr_carea' id='block_1_80' title="bbox 2191 2245 3807 2314">
    <p class='ocr_par' dir='ltr' id='par_1_80' title="bbox 2191 2245 3807 2314">
     <span class='ocr_line' id='line_1_80' title="bbox 2191 2245 3807 2314; baseline -0.001 -17"><span class='ocrx_word' id='word_1_564' title='bbox 2191 2261 2348 2314; x_wconf 85' lang='lat' dir='ltr'>quem</span> <span class='ocrx_word' id='word_1_565' title='bbox 2379 2248 2563 2299; x_wconf 82' lang='lat' dir='ltr'>omnia</span> <span class='ocrx_word' id='word_1_566' title='bbox 2591 2248 2746 2314; x_wconf 77' lang='lat' dir='ltr'>facta</span> <span class='ocrx_word' id='word_1_567' title='bbox 2774 2250 2924 2300; x_wconf 88' lang='lat' dir='ltr'>sunt.</span> <span class='ocrx_word' id='word_1_568' title='bbox 2976 2247 3128 2299; x_wconf 82' lang='lat' dir='ltr'>Ante</span> <span class='ocrx_word' id='word_1_569' title='bbox 3161 2247 3534 2302; x_wconf 72' lang='lat' dir='ltr'>Nicmnorum</span> <span class='ocrx_word' id='word_1_570' title='bbox 3581 2245 3807 2303; x_wconf 88' lang='lat' dir='ltr'>Patrum.</span> 
     </span>
    </p>
   </div>
   <div class='ocr_carea' id='block_1_81' title="bbox 2191 2330 3810 2406">
    <p class='ocr_par' dir='ltr' id='par_1_81' title="bbox 2191 2330 3810 2406">
     <span class='ocr_line' id='line_1_81' title="bbox 2191 2330 3810 2406; baseline -0.004 -17"><span class='ocrx_word' id='word_1_571' title='bbox 2191 2351 2443 2404; x_wconf 88' lang='lat' dir='ltr'>quorum</span> <span class='ocrx_word' id='word_1_572' title='bbox 2477 2334 2800 2406; x_wconf 89' lang='lat' dir='ltr'>aliquando</span> <span class='ocrx_word' id='word_1_573' title='bbox 2831 2334 3032 2389; x_wconf 86' lang='lat' dir='ltr'>minus</span> <span class='ocrx_word' id='word_1_574' title='bbox 3063 2341 3357 2392; x_wconf 62' lang='lat' dir='ltr'>accuratas</span> <span class='ocrx_word' id='word_1_575' title='bbox 3403 2333 3582 2389; x_wconf 82' lang='lat' dir='ltr'>videri</span> <span class='ocrx_word' id='word_1_576' title='bbox 3613 2330 3810 2405; x_wconf 88' lang='lat' dir='ltr'>possint</span> 
     </span>
    </p>
   </div>
   <div class='ocr_carea' id='block_1_82' title="bbox 2189 2421 3811 2492">
    <p class='ocr_par' dir='ltr' id='par_1_82' title="bbox 2189 2421 3811 2492">
     <span class='ocr_line' id='line_1_82' title="bbox 2189 2421 3811 2492; baseline -0.004 -14"><span class='ocrx_word' id='word_1_577' title='bbox 2189 2423 2425 2479; x_wconf 90' lang='lat' dir='ltr'>dicendi</span> <span class='ocrx_word' id='word_1_578' title='bbox 2444 2424 2942 2492; x_wconf 68' lang='lat' dir='ltr'>formulmmullos</span> <span class='ocrx_word' id='word_1_579' title='bbox 2961 2424 3155 2480; x_wconf 91' lang='lat' dir='ltr'>citabo</span> <span class='ocrx_word' id='word_1_580' title='bbox 3179 2430 3247 2480; x_wconf 89' lang='lat' dir='ltr'>ut</span> <span class='ocrx_word' id='word_1_581' title='bbox 3265 2442 3476 2481; x_wconf 88' lang='lat' dir='ltr'>eorum</span> <span class='ocrx_word' id='word_1_582' title='bbox 3500 2421 3811 2480; x_wconf 83' lang='lat' dir='ltr'>auctoritate</span> 
     </span>
    </p>
   </div>
   <div class='ocr_carea' id='block_1_83' title="bbox 2186 2509 3808 2587">
    <p class='ocr_par' dir='ltr' id='par_1_83' title="bbox 2186 2509 3808 2587">
     <span class='ocr_line' id='line_1_83' title="bbox 2186 2509 3808 2587; baseline -0.003 -20"><span class='ocrx_word' id='word_1_583' title='bbox 2186 2513 2472 2585; x_wconf 82' lang='lat' dir='ltr'>Cyrillum</span> <span class='ocrx_word' id='word_1_584' title='bbox 2501 2521 2822 2587; x_wconf 83' lang='lat' dir='ltr'>protegam.</span> <span class='ocrx_word' id='word_1_585' title='bbox 2851 2515 3216 2586; x_wconf 86' lang='lat' dir='ltr'>Insigniores</span> <span class='ocrx_word' id='word_1_586' title='bbox 3239 2521 3474 2571; x_wconf 89' lang='lat' dir='ltr'>tantum</span> <span class='ocrx_word' id='word_1_587' title='bbox 3498 2519 3554 2569; x_wconf 88' lang='lat' dir='ltr'>et</span> <span class='ocrx_word' id='word_1_588' title='bbox 3572 2509 3808 2568; x_wconf 84' lang='lat' dir='ltr'>fervidio-</span> 
     </span>
    </p>
   </div>
   <div class='ocr_carea' id='block_1_84' title="bbox 2185 2602 3811 2662">
    <p class='ocr_par' dir='ltr' id='par_1_84' title="bbox 2185 2602 3811 2662">
     <span class='ocr_line' id='line_1_84' title="bbox 2185 2602 3811 2662; baseline -0.002 -6"><span class='ocrx_word' id='word_1_589' title='bbox 2185 2620 2280 2657; x_wconf 90' lang='lat' dir='ltr'>res</span> <span class='ocrx_word' id='word_1_590' title='bbox 2312 2603 2620 2659; x_wconf 75' lang='lat' dir='ltr'>catholicae</span> <span class='ocrx_word' id='word_1_591' title='bbox 2655 2603 2790 2658; x_wconf 83' lang='lat' dir='ltr'>ﬁdei</span> <span class='ocrx_word' id='word_1_592' title='bbox 2834 2604 3148 2660; x_wconf 88' lang='lat' dir='ltr'>adversum</span> <span class='ocrx_word' id='word_1_593' title='bbox 3198 2606 3457 2662; x_wconf 81' lang='lat' dir='ltr'>Arianos</span> <span class='ocrx_word' id='word_1_594' title='bbox 3507 2602 3811 2659; x_wconf 85' lang='lat' dir='ltr'>defensores</span> 
     </span>
    </p>
   </div>
   <div class='ocr_carea' id='block_1_85' title="bbox 2183 2692 3810 2764">
    <p class='ocr_par' dir='ltr' id='par_1_85' title="bbox 2183 2692 3810 2764">
     <span class='ocr_line' id='line_1_85' title="bbox 2183 2692 3810 2764; baseline -0.002 -18"><span class='ocrx_word' id='word_1_595' title='bbox 2183 2692 2582 2764; x_wconf 89' lang='lat' dir='ltr'>producturus</span> <span class='ocrx_word' id='word_1_596' title='bbox 2596 2710 2748 2748; x_wconf 89' lang='lat' dir='ltr'>sum.</span> <span class='ocrx_word' id='word_1_597' title='bbox 2765 2694 2908 2749; x_wconf 89' lang='lat' dir='ltr'>Cum</span> <span class='ocrx_word' id='word_1_598' title='bbox 2926 2693 3129 2748; x_wconf 84' lang='lat' dir='ltr'>Ariani</span> <span class='ocrx_word' id='word_1_599' title='bbox 3149 2693 3426 2750; x_wconf 90' lang='lat' dir='ltr'>dicerent</span> <span class='ocrx_word' id='word_1_600' title='bbox 3445 2693 3650 2750; x_wconf 89' lang='lat' dir='ltr'>Filium</span> <span class='ocrx_word' id='word_1_601' title='bbox 3669 2705 3810 2745; x_wconf 89' lang='lat' dir='ltr'>man-</span> 
     </span>
    </p>
   </div>
   <div class='ocr_carea' id='block_1_86' title="bbox 2181 2781 3810 2857">
    <p class='ocr_par' dir='ltr' id='par_1_86' title="bbox 2181 2781 3810 2857">
     <span class='ocr_line' id='line_1_86' title="bbox 2181 2781 3810 2857; baseline -0.003 -21"><span class='ocrx_word' id='word_1_602' title='bbox 2181 2781 2318 2837; x_wconf 89' lang='lat' dir='ltr'>dato</span> <span class='ocrx_word' id='word_1_603' title='bbox 2346 2782 2536 2837; x_wconf 89' lang='lat' dir='ltr'>Patris</span> <span class='ocrx_word' id='word_1_604' title='bbox 2550 2783 2751 2838; x_wconf 91' lang='lat' dir='ltr'>omnia</span> <span class='ocrx_word' id='word_1_605' title='bbox 2771 2783 3084 2848; x_wconf 88' lang='lat' dir='ltr'>creavisse,</span> <span class='ocrx_word' id='word_1_606' title='bbox 3100 2800 3220 2839; x_wconf 91' lang='lat' dir='ltr'>non</span> <span class='ocrx_word' id='word_1_607' title='bbox 3235 2784 3298 2839; x_wconf 91' lang='lat' dir='ltr'>id</span> <span class='ocrx_word' id='word_1_608' title='bbox 3313 2789 3606 2857; x_wconf 89' lang='lat' dir='ltr'>negarunt</span> <span class='ocrx_word' id='word_1_609' title='bbox 3617 2784 3810 2842; x_wconf 82' lang='lat' dir='ltr'>Patres;</span> 
     </span>
    </p>
   </div>
   <div class='ocr_carea' id='block_1_87' title="bbox 2182 2872 3812 2946">
    <p class='ocr_par' dir='ltr' id='par_1_87' title="bbox 2182 2872 3812 2946">
     <span class='ocr_line' id='line_1_87' title="bbox 2182 2872 3812 2946; baseline -0.003 -20"><span class='ocrx_word' id='word_1_610' title='bbox 2182 2872 2286 2927; x_wconf 82' lang='lat' dir='ltr'>sed</span> <span class='ocrx_word' id='word_1_611' title='bbox 2316 2888 2495 2944; x_wconf 90' lang='lat' dir='ltr'>prava</span> <span class='ocrx_word' id='word_1_612' title='bbox 2523 2878 2752 2927; x_wconf 88' lang='lat' dir='ltr'>tantum</span> <span class='ocrx_word' id='word_1_613' title='bbox 2783 2873 3159 2929; x_wconf 89' lang='lat' dir='ltr'>consectaria</span> <span class='ocrx_word' id='word_1_614' title='bbox 3201 2875 3578 2946; x_wconf 89' lang='lat' dir='ltr'>repulerunt,</span> <span class='ocrx_word' id='word_1_615' title='bbox 3610 2887 3728 2943; x_wconf 66' lang='lat' dir='ltr'>quas</span> <span class='ocrx_word' id='word_1_616' title='bbox 3753 2883 3812 2923; x_wconf 81' lang='lat' dir='ltr'>ex</span> 
     </span>
    </p>
   </div>
   <div class='ocr_carea' id='block_1_88' title="bbox 2179 2961 3812 3034">
    <p class='ocr_par' dir='ltr' id='par_1_88' title="bbox 2179 2961 3812 3034">
     <span class='ocr_line' id='line_1_88' title="bbox 2179 2961 3812 3034; baseline -0.002 -17"><span class='ocrx_word' id='word_1_617' title='bbox 2179 2962 2462 3017; x_wconf 87' lang='lat' dir='ltr'>mandato</span> <span class='ocrx_word' id='word_1_618' title='bbox 2487 2962 2588 3016; x_wconf 91' lang='lat' dir='ltr'>illo</span> <span class='ocrx_word' id='word_1_619' title='bbox 2621 2978 2688 3018; x_wconf 90' lang='lat' dir='ltr'>ac</span> <span class='ocrx_word' id='word_1_620' title='bbox 2712 2961 3037 3031; x_wconf 87' lang='lat' dir='ltr'>creatione,</span> <span class='ocrx_word' id='word_1_621' title='bbox 3061 2963 3124 3018; x_wconf 90' lang='lat' dir='ltr'>in</span> <span class='ocrx_word' id='word_1_622' title='bbox 3151 2980 3272 3034; x_wconf 89' lang='lat' dir='ltr'>qua</span> <span class='ocrx_word' id='word_1_623' title='bbox 3290 2966 3469 3021; x_wconf 88' lang='lat' dir='ltr'>Pater</span> <span class='ocrx_word' id='word_1_624' title='bbox 3487 2962 3676 3019; x_wconf 88' lang='lat' dir='ltr'>nullas</span> <span class='ocrx_word' id='word_1_625' title='bbox 3688 2975 3812 3033; x_wconf 73' lang='lat' dir='ltr'>prm-</span> 
     </span>
    </p>
   </div>
   <div class='ocr_carea' id='block_1_89' title="bbox 2177 3047 3816 3125">
    <p class='ocr_par' dir='ltr' id='par_1_89' title="bbox 2177 3047 3816 3125">
     <span class='ocr_line' id='line_1_89' title="bbox 2177 3047 3816 3125; baseline -0.004 -17"><span class='ocrx_word' id='word_1_626' title='bbox 2177 3059 2448 3124; x_wconf 87' lang='lat' dir='ltr'>terquam</span> <span class='ocrx_word' id='word_1_627' title='bbox 2475 3052 2861 3125; x_wconf 66' lang='lat' dir='ltr'>praecipiendi</span> <span class='ocrx_word' id='word_1_628' title='bbox 2885 3058 3086 3125; x_wconf 89' lang='lat' dir='ltr'>partes</span> <span class='ocrx_word' id='word_1_629' title='bbox 3117 3053 3392 3124; x_wconf 85' lang='lat' dir='ltr'>haberet,</span> <span class='ocrx_word' id='word_1_630' title='bbox 3417 3054 3688 3110; x_wconf 87' lang='lat' dir='ltr'>adversus</span> <span class='ocrx_word' id='word_1_631' title='bbox 3706 3047 3816 3116; x_wconf 67' lang='lat' dir='ltr'>Fili;</span> 
     </span>
    </p>
   </div>
   <div class='ocr_carea' id='block_1_90' title="bbox 2176 3139 3814 3214">
    <p class='ocr_par' dir='ltr' id='par_1_90' title="bbox 2176 3139 3814 3214">
     <span class='ocr_line' id='line_1_90' title="bbox 2176 3139 3814 3214; baseline -0.005 -16"><span class='ocrx_word' id='word_1_632' title='bbox 2176 3143 2579 3214; x_wconf 63' lang='lat' dir='ltr'>aequalitatem</span> <span class='ocrx_word' id='word_1_633' title='bbox 2600 3141 3056 3198; x_wconf 90' lang='lat' dir='ltr'>concludebant.</span> <span class='ocrx_word' id='word_1_634' title='bbox 3077 3142 3219 3199; x_wconf 87' lang='lat' dir='ltr'>Vide</span> <span class='ocrx_word' id='word_1_635' title='bbox 3239 3145 3462 3202; x_wconf 85' lang='lat' dir='ltr'>Athan.</span> <span class='ocrx_word' id='word_1_636' title='bbox 3479 3147 3548 3200; x_wconf 86' lang='lat' dir='ltr'>De</span> <span class='ocrx_word' id='word_1_637' title='bbox 3568 3143 3702 3199; x_wconf 85' lang='lat' dir='ltr'>decr.</span> <span class='ocrx_word' id='word_1_638' title='bbox 3720 3139 3814 3193; x_wconf 76' lang='lat' dir='ltr'>Nic.</span> 
     </span>
    </p>
   </div>
   <div class='ocr_carea' id='block_1_91' title="bbox 2187 3231 3820 3305">
    <p class='ocr_par' dir='ltr' id='par_1_91' title="bbox 2187 3231 3820 3305">
     <span class='ocr_line' id='line_1_91' title="bbox 2187 3231 3820 3305; baseline -0.005 -17"><span class='ocrx_word' id='word_1_639' title='bbox 2187 3250 2246 3288; x_wconf 90' lang='lat' dir='ltr'>n.</span> <span class='ocrx_word' id='word_1_640' title='bbox 2283 3237 2334 3302; x_wconf 87' lang='lat'>7,</span> <span class='ocrx_word' id='word_1_641' title='bbox 2367 3235 2422 3300; x_wconf 85' lang='lat'>9,</span> <span class='ocrx_word' id='word_1_642' title='bbox 2458 3236 2523 3286; x_wconf 86' lang='grc'><strong>12</strong></span> <span class='ocrx_word' id='word_1_643' title='bbox 2549 3238 2610 3287; x_wconf 89' lang='lat' dir='ltr'>et</span> <span class='ocrx_word' id='word_1_644' title='bbox 2638 3234 2726 3300; x_wconf 85' lang='grc'><strong>18,</strong></span> <span class='ocrx_word' id='word_1_645' title='bbox 2759 3231 2863 3287; x_wconf 90' lang='lat' dir='ltr'>ubi</span> <span class='ocrx_word' id='word_1_646' title='bbox 2895 3232 2980 3288; x_wconf 89' lang='lat' dir='ltr'>ait</span> <span class='ocrx_word' id='word_1_647' title='bbox 3009 3234 3194 3289; x_wconf 89' lang='lat' dir='ltr'>Deum</span> <span class='ocrx_word' id='word_1_648' title='bbox 3240 3251 3354 3305; x_wconf 90' lang='lat' dir='ltr'>per</span> <span class='ocrx_word' id='word_1_649' title='bbox 3385 3235 3599 3291; x_wconf 88' lang='lat' dir='ltr'>Filium</span> <span class='ocrx_word' id='word_1_650' title='bbox 3627 3231 3706 3287; x_wconf 90' lang='lat' dir='ltr'>uti</span> <span class='ocrx_word' id='word_1_651' title='bbox 3733 3243 3820 3300; x_wconf 90' lang='lat' dir='ltr'>per</span> 
     </span>
    </p>
   </div>
   <div class='ocr_carea' id='block_1_92' title="bbox 2189 3322 3819 3394">
    <p class='ocr_par' dir='ltr' id='par_1_92' title="bbox 2189 3322 3819 3394">
     <span class='ocr_line' id='line_1_92' title="bbox 2189 3322 3819 3394; baseline -0.001 -17"><span class='ocrx_word' id='word_1_652' title='bbox 2189 3339 2435 3378; x_wconf 90' lang='lat' dir='ltr'>manum</span> <span class='ocrx_word' id='word_1_653' title='bbox 2465 3328 2524 3376; x_wconf 90' lang='lat' dir='ltr'>et</span> <span class='ocrx_word' id='word_1_654' title='bbox 2549 3322 2904 3394; x_wconf 87' lang='lat' dir='ltr'>sapientiam</span> <span class='ocrx_word' id='word_1_655' title='bbox 2935 3339 3105 3378; x_wconf 89' lang='lat' dir='ltr'>suam</span> <span class='ocrx_word' id='word_1_656' title='bbox 3137 3324 3347 3382; x_wconf 89' lang='lat' dir='ltr'>omnia</span> <span class='ocrx_word' id='word_1_657' title='bbox 3377 3322 3736 3386; x_wconf 88' lang='lat' dir='ltr'>condidisse;</span> <span class='ocrx_word' id='word_1_658' title='bbox 3763 3331 3819 3371; x_wconf 81' lang='lat' dir='ltr'>ac</span> 
     </span>
    </p>
   </div>
   <div class='ocr_carea' id='block_1_93' title="bbox 2189 3406 3816 3480">
    <p class='ocr_par' dir='ltr' id='par_1_93' title="bbox 2189 3406 3816 3480">
     <span class='ocr_line' id='line_1_93' title="bbox 2189 3406 3816 3480; baseline 0.002 -13"><span class='ocrx_word' id='word_1_659' title='bbox 2189 3411 2742 3479; x_wconf 66' lang='lat' dir='ltr'>orat.2,n.64,docet</span> <span class='ocrx_word' id='word_1_660' title='bbox 2757 3410 3173 3480; x_wconf 87' lang='lat' dir='ltr'>Verbum,cum</span> <span class='ocrx_word' id='word_1_661' title='bbox 3189 3411 3275 3467; x_wconf 92' lang='lat' dir='ltr'>ini</span> <span class='ocrx_word' id='word_1_662' title='bbox 3287 3413 3371 3470; x_wconf 92' lang='lat' dir='ltr'>tio</span> <span class='ocrx_word' id='word_1_663' title='bbox 3385 3406 3816 3471; x_wconf 69' lang='lat' dir='ltr'>crearetomuia.</span> 
     </span>
    </p>
   </div>
   <div class='ocr_carea' id='block_1_94' title="bbox 2186 3501 3818 3577">
    <p class='ocr_par' dir='ltr' id='par_1_94' title="bbox 2186 3501 3818 3577">
     <span class='ocr_line' id='line_1_94' title="bbox 2186 3501 3818 3577; baseline -0.002 -21"><span class='ocrx_word' id='word_1_664' title='bbox 2186 3501 2364 3557; x_wconf 89' lang='lat' dir='ltr'>rebus</span> <span class='ocrx_word' id='word_1_665' title='bbox 2396 3501 2566 3556; x_wconf 81' lang='lat' dir='ltr'>factis</span> <span class='ocrx_word' id='word_1_666' title='bbox 2597 3517 2659 3557; x_wconf 90' lang='lat' dir='ltr'>se</span> <span class='ocrx_word' id='word_1_667' title='bbox 2689 3506 3114 3573; x_wconf 88' lang='lat' dir='ltr'>attemperasse</span> <span class='ocrx_word' id='word_1_668' title='bbox 3147 3506 3212 3557; x_wconf 90' lang='lat' dir='ltr'>ut</span> <span class='ocrx_word' id='word_1_669' title='bbox 3241 3503 3380 3559; x_wconf 82' lang='lat' dir='ltr'>ﬁeri</span> <span class='ocrx_word' id='word_1_670' title='bbox 3413 3506 3688 3577; x_wconf 86' lang='lat' dir='ltr'>possent;</span> <span class='ocrx_word' id='word_1_671' title='bbox 3716 3511 3818 3553; x_wconf 89' lang='lat' dir='ltr'>non</span> 
     </span>
    </p>
   </div>
   <div class='ocr_carea' id='block_1_95' title="bbox 2185 3588 3819 3664">
    <p class='ocr_par' dir='ltr' id='par_1_95' title="bbox 2185 3588 3819 3664">
     <span class='ocr_line' id='line_1_95' title="bbox 2185 3588 3819 3664; baseline -0.006 -17"><span class='ocrx_word' id='word_1_672' title='bbox 2185 3593 2344 3647; x_wconf 92' lang='lat' dir='ltr'>enim</span> <span class='ocrx_word' id='word_1_673' title='bbox 2378 3593 2506 3664; x_wconf 82' lang='lat' dir='ltr'>ejus</span> <span class='ocrx_word' id='word_1_674' title='bbox 2537 3597 2811 3648; x_wconf 89' lang='lat' dir='ltr'>naturam</span> <span class='ocrx_word' id='word_1_675' title='bbox 2829 3592 2982 3648; x_wconf 85' lang='lat' dir='ltr'>ferre</span> <span class='ocrx_word' id='word_1_676' title='bbox 3009 3592 3374 3664; x_wconf 88' lang='lat' dir='ltr'>potuissent,</span> <span class='ocrx_word' id='word_1_677' title='bbox 3394 3595 3513 3652; x_wconf 88' lang='lat' dir='ltr'>nisi</span> <span class='ocrx_word' id='word_1_678' title='bbox 3536 3611 3597 3649; x_wconf 90' lang='lat' dir='ltr'>se</span> <span class='ocrx_word' id='word_1_679' title='bbox 3617 3591 3685 3648; x_wconf 90' lang='lat' dir='ltr'>ad</span> <span class='ocrx_word' id='word_1_680' title='bbox 3703 3588 3819 3644; x_wconf 83' lang='lat' dir='ltr'>illas</span> 
     </span>
    </p>
   </div>
   <div class='ocr_carea' id='block_1_96' title="bbox 2182 3681 3818 3755">
    <p class='ocr_par' dir='ltr' id='par_1_96' title="bbox 2182 3681 3818 3755">
     <span class='ocr_line' id='line_1_96' title="bbox 2182 3681 3818 3755; baseline -0.006 -16"><span class='ocrx_word' id='word_1_681' title='bbox 2182 3688 2432 3754; x_wconf 84' lang='lat' dir='ltr'>paterna</span> <span class='ocrx_word' id='word_1_682' title='bbox 2461 3681 2828 3755; x_wconf 81' lang='lat' dir='ltr'>benignitate</span> <span class='ocrx_word' id='word_1_683' title='bbox 2850 3682 3335 3753; x_wconf 84' lang='lat' dir='ltr'>accommodans,</span> <span class='ocrx_word' id='word_1_684' title='bbox 3359 3683 3748 3748; x_wconf 85' lang='lat' dir='ltr'>sustinuisset,</span> <span class='ocrx_word' id='word_1_685' title='bbox 3761 3692 3818 3732; x_wconf 87' lang='lat' dir='ltr'>ac</span> 
     </span>
    </p>
   </div>
   <div class='ocr_carea' id='block_1_97' title="bbox 2182 3767 3820 3846">
    <p class='ocr_par' dir='ltr' id='par_1_97' title="bbox 2182 3767 3820 3846">
     <span class='ocr_line' id='line_1_97' title="bbox 2182 3767 3820 3846; baseline -0.004 -20"><span class='ocrx_word' id='word_1_686' title='bbox 2182 3772 2530 3828; x_wconf 88' lang='lat' dir='ltr'>sustinendo</span> <span class='ocrx_word' id='word_1_687' title='bbox 2547 3771 2622 3827; x_wconf 88' lang='lat' dir='ltr'>ad</span> <span class='ocrx_word' id='word_1_688' title='bbox 2641 3771 3050 3828; x_wconf 89' lang='lat' dir='ltr'>exsistentiam</span> <span class='ocrx_word' id='word_1_689' title='bbox 3064 3772 3470 3844; x_wconf 78' lang='lat' dir='ltr'>perduxisset:</span> <span class='ocrx_word' id='word_1_690' title='bbox 3495 3773 3651 3846; x_wconf 91' lang='lat' dir='ltr'>quod</span> <span class='ocrx_word' id='word_1_691' title='bbox 3671 3767 3820 3825; x_wconf 89' lang='lat' dir='ltr'>nimi-</span> 
     </span>
    </p>
   </div>
   <div class='ocr_carea' id='block_1_98' title="bbox 2178 3861 3818 3933">
    <p class='ocr_par' dir='ltr' id='par_1_98' title="bbox 2178 3861 3818 3933">
     <span class='ocr_line' id='line_1_98' title="bbox 2178 3861 3818 3933; baseline -0.003 -18"><span class='ocrx_word' id='word_1_692' title='bbox 2178 3877 2309 3916; x_wconf 88' lang='lat' dir='ltr'>rum</span> <span class='ocrx_word' id='word_1_693' title='bbox 2332 3862 2566 3918; x_wconf 81' lang='lat' dir='ltr'>Arianis</span> <span class='ocrx_word' id='word_1_694' title='bbox 2584 3862 2851 3933; x_wconf 91' lang='lat' dir='ltr'>opponit,</span> <span class='ocrx_word' id='word_1_695' title='bbox 2881 3861 3134 3918; x_wconf 84' lang='lat' dir='ltr'>Verbum</span> <span class='ocrx_word' id='word_1_696' title='bbox 3155 3879 3265 3918; x_wconf 87' lang='lat' dir='ltr'>sua</span> <span class='ocrx_word' id='word_1_697' title='bbox 3279 3871 3503 3922; x_wconf 86' lang='lat' dir='ltr'>natura</span> <span class='ocrx_word' id='word_1_698' title='bbox 3525 3863 3698 3919; x_wconf 89' lang='lat' dir='ltr'>rebus</span> <span class='ocrx_word' id='word_1_699' title='bbox 3710 3871 3818 3914; x_wconf 85' lang='lat' dir='ltr'>cre-</span> 
     </span>
    </p>
   </div>
   <div class='ocr_carea' id='block_1_99' title="bbox 2177 3949 3817 4024">
    <p class='ocr_par' dir='ltr' id='par_1_99' title="bbox 2177 3949 3817 4024">
     <span class='ocr_line' id='line_1_99' title="bbox 2177 3949 3817 4024; baseline -0.002 -20"><span class='ocrx_word' id='word_1_700' title='bbox 2177 3951 2348 4005; x_wconf 89' lang='lat' dir='ltr'>andis</span> <span class='ocrx_word' id='word_1_701' title='bbox 2379 3957 2890 4024; x_wconf 85' lang='lat' dir='ltr'>contemperatum</span> <span class='ocrx_word' id='word_1_702' title='bbox 2918 3952 3356 4012; x_wconf 82' lang='lat' dir='ltr'>asserentibus.</span> <span class='ocrx_word' id='word_1_703' title='bbox 3401 3954 3548 4010; x_wconf 88' lang='lat' dir='ltr'>Vide</span> <span class='ocrx_word' id='word_1_704' title='bbox 3596 3958 3653 4009; x_wconf 92' lang='lat' dir='ltr'>et</span> <span class='ocrx_word' id='word_1_705' title='bbox 3680 3949 3817 4006; x_wconf 82' lang='lat' dir='ltr'>Hila-</span> 
     </span>
    </p>
   </div>
   <div class='ocr_carea' id='block_1_100' title="bbox 2175 4038 3818 4115">
    <p class='ocr_par' dir='ltr' id='par_1_100' title="bbox 2175 4038 3818 4115">
     <span class='ocr_line' id='line_1_100' title="bbox 2175 4038 3818 4115; baseline -0.001 -21"><span class='ocrx_word' id='word_1_706' title='bbox 2175 4039 2332 4095; x_wconf 89' lang='lat' dir='ltr'>rium</span> <span class='ocrx_word' id='word_1_707' title='bbox 2363 4039 2424 4095; x_wconf 85' lang='lat' dir='ltr'>in</span> <span class='ocrx_word' id='word_1_708' title='bbox 2450 4042 2595 4112; x_wconf 81' lang='lat' dir='ltr'>psal.</span> <span class='ocrx_word' id='word_1_709' title='bbox 2630 4057 2821 4107; x_wconf 87' lang='lat' dir='ltr'>cxvm,</span> <span class='ocrx_word' id='word_1_710' title='bbox 2853 4041 2969 4096; x_wconf 91' lang='lat' dir='ltr'>litt.</span> <span class='ocrx_word' id='word_1_711' title='bbox 3006 4043 3091 4112; x_wconf 79' lang='grc'>14,</span> <span class='ocrx_word' id='word_1_712' title='bbox 3125 4059 3294 4100; x_wconf 89' lang='lat' dir='ltr'>num.</span> <span class='ocrx_word' id='word_1_713' title='bbox 3335 4049 3424 4115; x_wconf 89' lang='grc'><strong>10,</strong></span> <span class='ocrx_word' id='word_1_714' title='bbox 3460 4050 3521 4100; x_wconf 90' lang='lat' dir='ltr'>et</span> <span class='ocrx_word' id='word_1_715' title='bbox 3550 4043 3650 4110; x_wconf 91' lang='lat' dir='ltr'>lib,</span> <span class='ocrx_word' id='word_1_716' title='bbox 3679 4056 3729 4096; x_wconf 77' lang='lat' dir='ltr'>iv</span> <span class='ocrx_word' id='word_1_717' title='bbox 3753 4038 3818 4092; x_wconf 85' lang='lat' dir='ltr'>De</span> 
     </span>
    </p>
   </div>
   <div class='ocr_carea' id='block_1_101' title="bbox 2180 4130 3818 4202">
    <p class='ocr_par' dir='ltr' id='par_1_101' title="bbox 2180 4130 3818 4202">
     <span class='ocr_line' id='line_1_101' title="bbox 2180 4130 3818 4202; baseline 0.005 -18"><span class='ocrx_word' id='word_1_718' title='bbox 2180 4131 2356 4198; x_wconf 80' lang='lat' dir='ltr'>Trin.,</span> <span class='ocrx_word' id='word_1_719' title='bbox 2390 4147 2556 4186; x_wconf 89' lang='lat' dir='ltr'>num.</span> <span class='ocrx_word' id='word_1_720' title='bbox 2589 4134 2691 4198; x_wconf 73' lang='lat'>15;</span> <span class='ocrx_word' id='word_1_721' title='bbox 2743 4130 3017 4187; x_wconf 74' lang='lat' dir='ltr'>Ambros.</span> <span class='ocrx_word' id='word_1_722' title='bbox 3051 4131 3156 4200; x_wconf 87' lang='lat' dir='ltr'>lib,</span> <span class='ocrx_word' id='word_1_723' title='bbox 3209 4148 3248 4187; x_wconf 86' lang='grc' dir='ltr'>ιι</span> <span class='ocrx_word' id='word_1_724' title='bbox 3275 4133 3572 4202; x_wconf 66' lang='lat' dir='ltr'>Hexaem,</span> <span class='ocrx_word' id='word_1_725' title='bbox 3623 4148 3741 4202; x_wconf 88' lang='lat' dir='ltr'>cap.</span> <span class='ocrx_word' id='word_1_726' title='bbox 3772 4130 3818 4193; x_wconf 65' lang='lat'>5.</span> 
     </span>
    </p>
   </div>
   <div class='ocr_carea' id='block_1_102' title="bbox 2171 4216 3820 4296">
    <p class='ocr_par' dir='ltr' id='par_1_102' title="bbox 2171 4216 3820 4296">
     <span class='ocr_line' id='line_1_102' title="bbox 2171 4216 3820 4296; baseline -0.002 -22"><span class='ocrx_word' id='word_1_727' title='bbox 2171 4236 2336 4274; x_wconf 91' lang='lat' dir='ltr'>num.</span> <span class='ocrx_word' id='word_1_728' title='bbox 2365 4219 2450 4286; x_wconf 88' lang='grc'>18,</span> <span class='ocrx_word' id='word_1_729' title='bbox 2477 4220 2653 4276; x_wconf 90' lang='lat' dir='ltr'>etlib.</span> <span class='ocrx_word' id='word_1_730' title='bbox 2687 4221 2820 4276; x_wconf 89' lang='lat' dir='ltr'>nDe</span> <span class='ocrx_word' id='word_1_731' title='bbox 2839 4221 2992 4291; x_wconf 89' lang='lat' dir='ltr'>Spir.</span> <span class='ocrx_word' id='word_1_732' title='bbox 3015 4227 3228 4288; x_wconf 83' lang='lat' dir='ltr'>sancto,</span> <span class='ocrx_word' id='word_1_733' title='bbox 3247 4238 3384 4296; x_wconf 89' lang='lat' dir='ltr'>cap.</span> <span class='ocrx_word' id='word_1_734' title='bbox 3415 4225 3464 4281; x_wconf 93' lang='grc'><strong>1.</strong></span> <span class='ocrx_word' id='word_1_735' title='bbox 3493 4221 3738 4280; x_wconf 84' lang='lat' dir='ltr'>Basilius</span> <span class='ocrx_word' id='word_1_736' title='bbox 3757 4216 3820 4271; x_wconf 81' lang='lat' dir='ltr'>De</span> 
     </span>
    </p>
   </div>
   <div class='ocr_carea' id='block_1_103' title="bbox 2170 4311 3819 4384">
    <p class='ocr_par' dir='ltr' id='par_1_103' title="bbox 2170 4311 3819 4384">
     <span class='ocr_line' id='line_1_103' title="bbox 2170 4311 3819 4384; baseline -0.002 -20"><span class='ocrx_word' id='word_1_737' title='bbox 2170 4311 2385 4380; x_wconf 81' lang='lat' dir='ltr'>Spiritu</span> <span class='ocrx_word' id='word_1_738' title='bbox 2397 4317 2588 4366; x_wconf 87' lang='lat' dir='ltr'>sancto</span> <span class='ocrx_word' id='word_1_739' title='bbox 2605 4327 2732 4382; x_wconf 89' lang='lat' dir='ltr'>cap.</span> <span class='ocrx_word' id='word_1_740' title='bbox 2758 4313 2843 4378; x_wconf 84' lang='grc'><strong>16,</strong></span> <span class='ocrx_word' id='word_1_741' title='bbox 2860 4327 2990 4384; x_wconf 89' lang='lat' dir='ltr'>pag.</span> <span class='ocrx_word' id='word_1_742' title='bbox 3007 4313 3130 4381; x_wconf 80' lang='lat'>325,</span> <span class='ocrx_word' id='word_1_743' title='bbox 3145 4311 3386 4369; x_wconf 90' lang='lat' dir='ltr'>describ</span> <span class='ocrx_word' id='word_1_744' title='bbox 3397 4314 3516 4370; x_wconf 88' lang='lat' dir='ltr'>itin</span> <span class='ocrx_word' id='word_1_745' title='bbox 3537 4311 3819 4371; x_wconf 84' lang='lat' dir='ltr'>creatione</span> 
     </span>
    </p>
   </div>
   <div class='ocr_carea' id='block_1_104' title="bbox 2171 4399 3818 4472">
    <p class='ocr_par' dir='ltr' id='par_1_104' title="bbox 2171 4399 3818 4472">
     <span class='ocr_line' id='line_1_104' title="bbox 2171 4399 3818 4472; baseline -0.001 -18"><span class='ocrx_word' id='word_1_746' title='bbox 2171 4421 2198 4450; x_wconf 84' lang='grc'>‹‹</span> <span class='ocrx_word' id='word_1_747' title='bbox 2221 4400 2609 4456; x_wconf 88' lang='lat' dir='ltr'>mandantem</span> <span class='ocrx_word' id='word_1_748' title='bbox 2634 4400 2974 4470; x_wconf 90' lang='lat' dir='ltr'>Dominum,</span> <span class='ocrx_word' id='word_1_749' title='bbox 2997 4418 3206 4457; x_wconf 89' lang='lat' dir='ltr'>creans</span> <span class='ocrx_word' id='word_1_750' title='bbox 3230 4403 3520 4472; x_wconf 85' lang='lat' dir='ltr'>Verbum,</span> <span class='ocrx_word' id='word_1_751' title='bbox 3546 4399 3818 4460; x_wconf 86' lang='lat' dir='ltr'>etconﬁr-</span> 
     </span>
    </p>
   </div>
   <div class='ocr_carea' id='block_1_105' title="bbox 2169 4489 3820 4564">
    <p class='ocr_par' dir='ltr' id='par_1_105' title="bbox 2169 4489 3820 4564">
     <span class='ocr_line' id='line_1_105' title="bbox 2169 4489 3820 4564; baseline 0 -21"><span class='ocrx_word' id='word_1_752' title='bbox 2169 4494 2430 4545; x_wconf 90' lang='lat' dir='ltr'>mantem</span> <span class='ocrx_word' id='word_1_753' title='bbox 2445 4489 2729 4560; x_wconf 88' lang='lat' dir='ltr'>Spiritum</span> <span class='ocrx_word' id='word_1_754' title='bbox 2743 4492 3214 4564; x_wconf 85' lang='lat' dir='ltr'>sanctum.Greg.</span> <span class='ocrx_word' id='word_1_755' title='bbox 3236 4493 3780 4550; x_wconf 85' lang='lat' dir='ltr'>Naz.Carm.arcan.</span> <span class='ocrx_word' id='word_1_756' title='bbox 3795 4509 3820 4537; x_wconf 85' lang='lat'>»</span> 
     </span>
    </p>
   </div>
   <div class='ocr_carea' id='block_1_106' title="bbox 2165 4575 3821 4652">
    <p class='ocr_par' dir='ltr' id='par_1_106' title="bbox 2165 4575 3821 4652">
     <span class='ocr_line' id='line_1_106' title="bbox 2165 4575 3821 4652; baseline 0.003 -21"><span class='ocrx_word' id='word_1_757' title='bbox 2165 4579 2216 4645; x_wconf 87' lang='grc'>8,</span> <span class='ocrx_word' id='word_1_758' title='bbox 2243 4595 2297 4648; x_wconf 88' lang='lat' dir='ltr'>p.</span> <span class='ocrx_word' id='word_1_759' title='bbox 2327 4581 2449 4648; x_wconf 87' lang='grc'><strong>171,</strong></span> <span class='ocrx_word' id='word_1_760' title='bbox 2474 4578 2573 4630; x_wconf 86' lang='grc' dir='ltr'>ἹΙν</span> <span class='ocrx_word' id='word_1_761' title='bbox 2599 4595 2753 4645; x_wconf 85' lang='grc' dir='ltr'>ποτε,</span> <span class='ocrx_word' id='word_1_762' title='bbox 2785 4575 2852 4645; x_wconf 80' lang='grc' dir='ltr'>ἦν</span> <span class='ocrx_word' id='word_1_763' title='bbox 2881 4575 2972 4632; x_wconf 79' lang='grc' dir='ltr'>ὅτε</span> <span class='ocrx_word' id='word_1_764' title='bbox 2999 4577 3206 4650; x_wconf 83' lang='grc' dir='ltr'>κόσμον</span> <span class='ocrx_word' id='word_1_765' title='bbox 3239 4576 3489 4652; x_wconf 77' lang='grc' dir='ltr'>ἐπήξατο</span> <span class='ocrx_word' id='word_1_766' title='bbox 3525 4585 3635 4636; x_wconf 81' lang='grc' dir='ltr'>Νοῦ</span> <span class='ocrx_word' id='word_1_767' title='bbox 3665 4577 3821 4651; x_wconf 76' lang='grc' dir='ltr'>λόγος</span> 
     </span>
    </p>
   </div>
   <div class='ocr_carea' id='block_1_107' title="bbox 2163 4663 3825 4744">
    <p class='ocr_par' dir='ltr' id='par_1_107' title="bbox 2163 4663 3825 4744">
     <span class='ocr_line' id='line_1_107' title="bbox 2163 4663 3825 4744; baseline 0.002 -24"><span class='ocrx_word' id='word_1_768' title='bbox 2163 4665 2347 4733; x_wconf 79' lang='grc' dir='ltr'>αἰπὺς,</span> <span class='ocrx_word' id='word_1_769' title='bbox 2380 4663 2682 4730; x_wconf 76' lang='grc' dir='ltr'>ἑσπόμενος</span> <span class='ocrx_word' id='word_1_770' title='bbox 2709 4664 2974 4742; x_wconf 81' lang='grc' dir='ltr'>μεγάλοιο</span> <span class='ocrx_word' id='word_1_771' title='bbox 2995 4671 3074 4740; x_wconf 80' lang='grc' dir='ltr'>νῷ</span> <span class='ocrx_word' id='word_1_772' title='bbox 3091 4668 3321 4744; x_wconf 75' lang='grc' dir='ltr'>Πατρός·</span> <span class='ocrx_word' id='word_1_773' title='bbox 3352 4696 3383 4722; x_wconf 94' lang='grc'>‹‹</span> <span class='ocrx_word' id='word_1_774' title='bbox 3408 4674 3550 4730; x_wconf 78' lang='lat' dir='ltr'>Fuit</span> <span class='ocrx_word' id='word_1_775' title='bbox 3568 4673 3825 4744; x_wconf 81' lang='lat' dir='ltr'>aliquan-</span> 
     </span>
    </p>
   </div>
   <div class='ocr_carea' id='block_1_108' title="bbox 2163 4755 3820 4832">
    <p class='ocr_par' dir='ltr' id='par_1_108' title="bbox 2163 4755 3820 4832">
     <span class='ocr_line' id='line_1_108' title="bbox 2163 4755 3820 4832; baseline 0.002 -24"><span class='ocrx_word' id='word_1_776' title='bbox 2163 4781 2192 4808; x_wconf 84' lang='grc'>‹‹</span> <span class='ocrx_word' id='word_1_777' title='bbox 2224 4756 2298 4811; x_wconf 94' lang='lat' dir='ltr'>do</span> <span class='ocrx_word' id='word_1_778' title='bbox 2331 4774 2466 4812; x_wconf 89' lang='lat' dir='ltr'>cum</span> <span class='ocrx_word' id='word_1_779' title='bbox 2498 4755 2786 4812; x_wconf 89' lang='lat' dir='ltr'>mundum</span> <span class='ocrx_word' id='word_1_780' title='bbox 2819 4758 3132 4814; x_wconf 88' lang='lat' dir='ltr'>constituit</span> <span class='ocrx_word' id='word_1_781' title='bbox 3152 4777 3443 4832; x_wconf 88' lang='lat' dir='ltr'>magnum</span> <span class='ocrx_word' id='word_1_782' title='bbox 3472 4763 3686 4820; x_wconf 83' lang='lat' dir='ltr'>Mentis</span> <span class='ocrx_word' id='word_1_783' title='bbox 3702 4775 3820 4814; x_wconf 86' lang='lat' dir='ltr'>ver-</span> 
     </span>
    </p>
   </div>
   <div class='ocr_carea' id='block_1_109' title="bbox 2161 4845 3824 4925">
    <p class='ocr_par' dir='ltr' id='par_1_109' title="bbox 2161 4845 3824 4925">
     <span class='ocr_line' id='line_1_109' title="bbox 2161 4845 3824 4925; baseline 0.005 -29"><span class='ocrx_word' id='word_1_784' title='bbox 2161 4845 2704 4918; x_wconf 70' lang='lat' dir='ltr'>«bum,obsequens</span> <span class='ocrx_word' id='word_1_785' title='bbox 2719 4848 2915 4919; x_wconf 88' lang='lat' dir='ltr'>magni</span> <span class='ocrx_word' id='word_1_786' title='bbox 2931 4849 3315 4906; x_wconf 90' lang='lat' dir='ltr'>Patrismenti</span> <span class='ocrx_word' id='word_1_787' title='bbox 3335 4875 3364 4903; x_wconf 86' lang='grc'><strong><em>››</em></strong></span> <span class='ocrx_word' id='word_1_788' title='bbox 3388 4853 3522 4909; x_wconf 88' lang='lat' dir='ltr'>Vid.</span> <span class='ocrx_word' id='word_1_789' title='bbox 3545 4849 3824 4925; x_wconf 83' lang='lat' dir='ltr'>Cyrillum</span> 
     </span>
    </p>
   </div>
   <div class='ocr_carea' id='block_1_110' title="bbox 2159 4934 3822 5014">
    <p class='ocr_par' dir='ltr' id='par_1_110' title="bbox 2159 4934 3822 5014">
     <span class='ocr_line' id='line_1_110' title="bbox 2159 4934 3822 5014; baseline 0 -25"><span class='ocrx_word' id='word_1_790' title='bbox 2159 4934 2629 4991; x_wconf 79' lang='lat' dir='ltr'>Alexandrinum</span> <span class='ocrx_word' id='word_1_791' title='bbox 2693 4935 2956 4990; x_wconf 83' lang='lat' dir='ltr'>Thesauri</span> <span class='ocrx_word' id='word_1_792' title='bbox 3011 4935 3114 4992; x_wconf 92' lang='lat' dir='ltr'>lib.</span> <span class='ocrx_word' id='word_1_793' title='bbox 3173 4954 3332 5006; x_wconf 79' lang='lat' dir='ltr'>nix,</span> <span class='ocrx_word' id='word_1_794' title='bbox 3397 4957 3538 5014; x_wconf 85' lang='lat' dir='ltr'>pag.</span> <span class='ocrx_word' id='word_1_795' title='bbox 3591 4943 3714 4995; x_wconf 77' lang='lat'>255.</span> <span class='ocrx_word' id='word_1_796' title='bbox 3771 4936 3822 4990; x_wconf 88' lang='lat' dir='ltr'>S.</span> 
     </span>
    </p>
   </div>
   <div class='ocr_carea' id='block_1_111' title="bbox 2156 5024 3826 5099">
    <p class='ocr_par' dir='ltr' id='par_1_111' title="bbox 2156 5024 3826 5099">
     <span class='ocr_line' id='line_1_111' title="bbox 2156 5024 3826 5099; baseline 0 -19"><span class='ocrx_word' id='word_1_797' title='bbox 2156 5025 2445 5080; x_wconf 84' lang='lat' dir='ltr'>Maximus</span> <span class='ocrx_word' id='word_1_798' title='bbox 2461 5024 2789 5091; x_wconf 82' lang='lat' dir='ltr'>confessor,</span> <span class='ocrx_word' id='word_1_799' title='bbox 2814 5030 3024 5096; x_wconf 74' lang='lat' dir='ltr'>quaast.</span> <span class='ocrx_word' id='word_1_800' title='bbox 3049 5028 3082 5080; x_wconf 83' lang='grc'>2</span> <span class='ocrx_word' id='word_1_801' title='bbox 3103 5027 3162 5080; x_wconf 87' lang='lat' dir='ltr'>in</span> <span class='ocrx_word' id='word_1_802' title='bbox 3183 5026 3568 5098; x_wconf 86' lang='lat' dir='ltr'>Scripturam,</span> <span class='ocrx_word' id='word_1_803' title='bbox 3604 5029 3666 5084; x_wconf 92' lang='lat' dir='ltr'>in</span> <span class='ocrx_word' id='word_1_804' title='bbox 3689 5041 3826 5099; x_wconf 89' lang='lat' dir='ltr'>ope-</span> 
     </span>
    </p>
   </div>
   <div class='ocr_carea' id='block_1_112' title="bbox 2153 5108 3820 5189">
    <p class='ocr_par' dir='ltr' id='par_1_112' title="bbox 2153 5108 3820 5189">
     <span class='ocr_line' id='line_1_112' title="bbox 2153 5108 3820 5189; baseline 0.002 -22"><span class='ocrx_word' id='word_1_805' title='bbox 2153 5113 2321 5167; x_wconf 90' lang='lat' dir='ltr'>ribus</span> <span class='ocrx_word' id='word_1_806' title='bbox 2353 5111 2568 5167; x_wconf 86' lang='lat' dir='ltr'>divinis</span> <span class='ocrx_word' id='word_1_807' title='bbox 2600 5111 2809 5168; x_wconf 90' lang='lat' dir='ltr'>tribuit</span> <span class='ocrx_word' id='word_1_808' title='bbox 2851 5114 3009 5169; x_wconf 84' lang='lat' dir='ltr'>Patri</span> <span class='ocrx_word' id='word_1_809' title='bbox 3059 5108 3334 5182; x_wconf 74' lang='grc' dir='ltr'>εὗδοκίαν,</span> <span class='ocrx_word' id='word_1_810' title='bbox 3393 5117 3820 5189; x_wconf 82' lang='lat' dir='ltr'>beneplacitum,</span> 
     </span>
    </p>
   </div>
   <div class='ocr_carea' id='block_1_113' title="bbox 2155 5198 3817 5279">
    <p class='ocr_par' dir='ltr' id='par_1_113' title="bbox 2155 5198 3817 5279">
     <span class='ocr_line' id='line_1_113' title="bbox 2155 5198 3817 5279; baseline 0.004 -21"><span class='ocrx_word' id='word_1_811' title='bbox 2155 5202 2414 5276; x_wconf 75' lang='lat' dir='ltr'>[CXLIII]</span> <span class='ocrx_word' id='word_1_812' title='bbox 2442 5201 2588 5257; x_wconf 89' lang='lat' dir='ltr'>Filio</span> <span class='ocrx_word' id='word_1_813' title='bbox 2603 5198 2956 5276; x_wconf 78' lang='grc' dir='ltr'>αὐτουργίαν,</span> <span class='ocrx_word' id='word_1_814' title='bbox 2978 5206 3156 5275; x_wconf 85' lang='lat' dir='ltr'>ipsam</span> <span class='ocrx_word' id='word_1_815' title='bbox 3176 5209 3425 5262; x_wconf 83' lang='lat' dir='ltr'>auctoris</span> <span class='ocrx_word' id='word_1_816' title='bbox 3439 5226 3552 5279; x_wconf 85' lang='lat' dir='ltr'>per</span> <span class='ocrx_word' id='word_1_817' title='bbox 3572 5226 3628 5266; x_wconf 87' lang='lat' dir='ltr'>se</span> <span class='ocrx_word' id='word_1_818' title='bbox 3656 5223 3817 5279; x_wconf 80' lang='lat' dir='ltr'>agen-</span> 
     </span>
    </p>
   </div>
   <div class='ocr_carea' id='block_1_114' title="bbox 2153 5291 3819 5367">
    <p class='ocr_par' dir='ltr' id='par_1_114' title="bbox 2153 5291 3819 5367">
     <span class='ocr_line' id='line_1_114' title="bbox 2153 5291 3819 5367; baseline 0.002 -20"><span class='ocrx_word' id='word_1_819' title='bbox 2153 5294 2222 5347; x_wconf 85' lang='lat' dir='ltr'>tis</span> <span class='ocrx_word' id='word_1_820' title='bbox 2247 5293 2610 5362; x_wconf 76' lang='lat' dir='ltr'>effectionem,</span> <span class='ocrx_word' id='word_1_821' title='bbox 2645 5291 2886 5364; x_wconf 88' lang='lat' dir='ltr'>Spiritui</span> <span class='ocrx_word' id='word_1_822' title='bbox 2911 5299 3115 5349; x_wconf 88' lang='lat' dir='ltr'>sancto</span> <span class='ocrx_word' id='word_1_823' title='bbox 3137 5294 3662 5367; x_wconf 87' lang='lat' dir='ltr'>complementum</span> <span class='ocrx_word' id='word_1_824' title='bbox 3687 5296 3819 5354; x_wconf 88' lang='lat' dir='ltr'>sub-</span> 
     </span>
    </p>
   </div>
   <div class='ocr_carea' id='block_1_115' title="bbox 2151 5380 3817 5454">
    <p class='ocr_par' dir='ltr' id='par_1_115' title="bbox 2151 5380 3817 5454">
     <span class='ocr_line' id='line_1_115' title="bbox 2151 5380 3817 5454; baseline 0.002 -17"><span class='ocrx_word' id='word_1_825' title='bbox 2151 5381 2429 5438; x_wconf 83' lang='lat' dir='ltr'>stantiale</span> <span class='ocrx_word' id='word_1_826' title='bbox 2445 5380 2779 5452; x_wconf 90' lang='lat' dir='ltr'>utriusque,</span> <span class='ocrx_word' id='word_1_827' title='bbox 2800 5382 3127 5454; x_wconf 83' lang='lat' dir='ltr'>beneptaciti</span> <span class='ocrx_word' id='word_1_828' title='bbox 3143 5383 3438 5442; x_wconf 88' lang='lat' dir='ltr'>nimirum</span> <span class='ocrx_word' id='word_1_829' title='bbox 3462 5405 3606 5444; x_wconf 90' lang='lat' dir='ltr'>cum</span> <span class='ocrx_word' id='word_1_830' title='bbox 3629 5391 3817 5452; x_wconf 88' lang='lat' dir='ltr'>Patre,</span> 
     </span>
    </p>
   </div>
   <div class='ocr_carea' id='block_1_116' title="bbox 2149 5470 3820 5548">
    <p class='ocr_par' dir='ltr' id='par_1_116' title="bbox 2149 5470 3820 5548">
     <span class='ocr_line' id='line_1_116' title="bbox 2149 5470 3820 5548; baseline 0.002 -22"><span class='ocrx_word' id='word_1_831' title='bbox 2149 5477 2208 5527; x_wconf 90' lang='lat' dir='ltr'>et</span> <span class='ocrx_word' id='word_1_832' title='bbox 2236 5471 2539 5542; x_wconf 74' lang='lat' dir='ltr'>affectionis</span> <span class='ocrx_word' id='word_1_833' title='bbox 2569 5487 2705 5526; x_wconf 91' lang='lat' dir='ltr'>cum</span> <span class='ocrx_word' id='word_1_834' title='bbox 2736 5470 2904 5526; x_wconf 88' lang='lat' dir='ltr'>Filio.</span> <span class='ocrx_word' id='word_1_835' title='bbox 2926 5473 3011 5527; x_wconf 84' lang='lat' dir='ltr'>Ex</span> <span class='ocrx_word' id='word_1_836' title='bbox 3025 5473 3120 5527; x_wconf 88' lang='lat' dir='ltr'>bis</span> <span class='ocrx_word' id='word_1_837' title='bbox 3150 5479 3210 5528; x_wconf 89' lang='lat' dir='ltr'>et</span> <span class='ocrx_word' id='word_1_838' title='bbox 3237 5473 3506 5534; x_wconf 83' lang='lat' dir='ltr'>inﬁnitis</span> <span class='ocrx_word' id='word_1_839' title='bbox 3532 5479 3671 5534; x_wconf 86' lang='lat' dir='ltr'>aliis</span> <span class='ocrx_word' id='word_1_840' title='bbox 3694 5492 3820 5548; x_wconf 76' lang='lat' dir='ltr'>qum</span> 
     </span>
    </p>
   </div>
   <div class='ocr_carea' id='block_1_117' title="bbox 2145 5559 3824 5632">
    <p class='ocr_par' dir='ltr' id='par_1_117' title="bbox 2145 5559 3824 5632">
     <span class='ocr_line' id='line_1_117' title="bbox 2145 5559 3824 5632; baseline 0.002 -17"><span class='ocrx_word' id='word_1_841' title='bbox 2145 5559 2659 5628; x_wconf 90' lang='lat' dir='ltr'>omitto,concludi</span> <span class='ocrx_word' id='word_1_842' title='bbox 2680 5566 2876 5632; x_wconf 88' lang='lat' dir='ltr'>potest</span> <span class='ocrx_word' id='word_1_843' title='bbox 2897 5563 3684 5622; x_wconf 89' lang='lat' dir='ltr'>communeminterPatres</span> <span class='ocrx_word' id='word_1_844' title='bbox 3698 5581 3824 5622; x_wconf 88' lang='lat' dir='ltr'>sen-</span> 
     </span>
    </p>
   </div>
   <div class='ocr_carea' id='block_1_118' title="bbox 2145 5647 3824 5728">
    <p class='ocr_par' dir='ltr' id='par_1_118' title="bbox 2145 5647 3824 5728">
     <span class='ocr_line' id='line_1_118' title="bbox 2145 5647 3824 5728; baseline 0.002 -23"><span class='ocrx_word' id='word_1_845' title='bbox 2145 5649 2393 5707; x_wconf 86' lang='lat' dir='ltr'>tentiam</span> <span class='ocrx_word' id='word_1_846' title='bbox 2423 5647 2630 5714; x_wconf 81' lang='lat' dir='ltr'>fuisse,</span> <span class='ocrx_word' id='word_1_847' title='bbox 2664 5649 2976 5722; x_wconf 89' lang='lat' dir='ltr'>proprium</span> <span class='ocrx_word' id='word_1_848' title='bbox 3001 5649 3232 5722; x_wconf 86' lang='lat' dir='ltr'>aliquid</span> <span class='ocrx_word' id='word_1_849' title='bbox 3275 5649 3430 5707; x_wconf 90' lang='lat' dir='ltr'>Filio</span> <span class='ocrx_word' id='word_1_850' title='bbox 3473 5653 3824 5728; x_wconf 89' lang='lat' dir='ltr'>incomper-</span> 
     </span>
    </p>
   </div>
   <div class='ocr_carea' id='block_1_119' title="bbox 2139 5737 3821 5817">
    <p class='ocr_par' dir='ltr' id='par_1_119' title="bbox 2139 5737 3821 5817">
     <span class='ocr_line' id='line_1_119' title="bbox 2139 5737 3821 5817; baseline -0.001 -21"><span class='ocrx_word' id='word_1_851' title='bbox 2139 5747 2267 5796; x_wconf 87' lang='lat' dir='ltr'>tum</span> <span class='ocrx_word' id='word_1_852' title='bbox 2300 5738 2496 5808; x_wconf 87' lang='lat' dir='ltr'>nobis,</span> <span class='ocrx_word' id='word_1_853' title='bbox 2524 5737 2587 5794; x_wconf 92' lang='lat' dir='ltr'>in</span> <span class='ocrx_word' id='word_1_854' title='bbox 2614 5739 2938 5812; x_wconf 87' lang='lat' dir='ltr'>creatione,</span> <span class='ocrx_word' id='word_1_855' title='bbox 2971 5741 3242 5812; x_wconf 83' lang='lat' dir='ltr'>quamvis</span> <span class='ocrx_word' id='word_1_856' title='bbox 3289 5739 3494 5799; x_wconf 85' lang='lat' dir='ltr'>tribus</span> <span class='ocrx_word' id='word_1_857' title='bbox 3545 5743 3821 5817; x_wconf 83' lang='lat' dir='ltr'>personis</span> 
     </span>
    </p>
   </div>
  </div>
