  <div class='ocr_page' id='page_1' title='image "/cluster/home/n/w/nwhite01/storage/ocr_20150623/33/coo.31924054869304/099.png"; bbox 0 0 4024 6398; ppageno 0'>
   <div class='ocr_carea' id='block_1_1' title="bbox 381 308 502 374">
    <p class='ocr_par' dir='ltr' id='par_1_1' title="bbox 381 308 502 374">
     <span class='ocr_line' id='line_1_1' title="bbox 381 308 502 374; baseline -0.033 0"><span class='ocrx_word' id='word_1_1' title='bbox 381 308 502 374; x_wconf 75' lang='grc'><strong>183</strong></span> 
     </span>
    </p>
   </div>
   <div class='ocr_carea' id='block_1_2' title="bbox 1667 299 2497 368">
    <p class='ocr_par' dir='ltr' id='par_1_2' title="bbox 1667 299 2497 368">
     <span class='ocr_line' id='line_1_2' title="bbox 1667 299 2497 368; baseline 0.006 -5"><span class='ocrx_word' id='word_1_2' title='bbox 1667 301 1768 363; x_wconf 84' lang='lat' dir='ltr'><strong>DE</strong></span> <span class='ocrx_word' id='word_1_3' title='bbox 1809 300 2000 364; x_wconf 77' lang='lat' dir='ltr'><strong>VITA</strong></span> <span class='ocrx_word' id='word_1_4' title='bbox 2041 299 2108 362; x_wconf 86' lang='lat'><strong>8.</strong></span> <span class='ocrx_word' id='word_1_5' title='bbox 2155 302 2497 368; x_wconf 81' lang='lat' dir='ltr'><strong>CYRILLI.</strong></span> 
     </span>
    </p>
   </div>
   <div class='ocr_carea' id='block_1_3' title="bbox 3686 308 3794 369">
    <p class='ocr_par' dir='ltr' id='par_1_3' title="bbox 3686 308 3794 369">
     <span class='ocr_line' id='line_1_3' title="bbox 3686 308 3794 369; baseline 0.009 -1"><span class='ocrx_word' id='word_1_6' title='bbox 3686 308 3794 369; x_wconf 67' lang='grc'><strong>184</strong></span> 
     </span>
    </p>
   </div>
   <div class='ocr_carea' id='block_1_4' title="bbox 389 434 3797 511">
    <p class='ocr_par' dir='ltr' id='par_1_4' title="bbox 389 434 3797 511">
     <span class='ocr_line' id='line_1_4' title="bbox 389 434 3797 511; baseline -0.001 -14"><span class='ocrx_word' id='word_1_7' title='bbox 389 458 451 497; x_wconf 91' lang='lat' dir='ltr'><strong>n.</strong></span> <span class='ocrx_word' id='word_1_8' title='bbox 485 444 538 495; x_wconf 88' lang='lat'><strong>7.</strong></span> <span class='ocrx_word' id='word_1_9' title='bbox 573 438 856 495; x_wconf 90' lang='lat' dir='ltr'><strong>Eamdem</strong></span> <span class='ocrx_word' id='word_1_10' title='bbox 887 435 1350 492; x_wconf 89' lang='lat' dir='ltr'><strong>immensitatem</strong></span> <span class='ocrx_word' id='word_1_11' title='bbox 1383 441 1443 491; x_wconf 89' lang='lat' dir='ltr'><strong>et</strong></span> <span class='ocrx_word' id='word_1_12' title='bbox 1469 434 1786 492; x_wconf 84' lang='lat' dir='ltr'><strong>latentium</strong></span> <span class='ocrx_word' id='word_1_13' title='bbox 1824 435 2047 508; x_wconf 91' lang='lat' dir='ltr'><strong>cogita-</strong></span> <span class='ocrx_word' id='word_1_14' title='bbox 2075 434 2129 504; x_wconf 75' lang='grc' dir='ltr'><strong>Α</strong></span> <span class='ocrx_word' id='word_1_15' title='bbox 2159 437 2218 492; x_wconf 85' lang='lat' dir='ltr'><strong>in</strong></span> <span class='ocrx_word' id='word_1_16' title='bbox 2247 441 2561 496; x_wconf 78' lang='lat' dir='ltr'><strong>sententiis</strong></span> <span class='ocrx_word' id='word_1_17' title='bbox 2593 446 2684 497; x_wconf 89' lang='lat' dir='ltr'><strong>est</strong></span> <span class='ocrx_word' id='word_1_18' title='bbox 2711 441 2946 507; x_wconf 89' lang='lat' dir='ltr'><strong>veritas,</strong></span> <span class='ocrx_word' id='word_1_19' title='bbox 2993 443 3061 495; x_wconf 90' lang='lat' dir='ltr'><strong>ut</strong></span> <span class='ocrx_word' id='word_1_20' title='bbox 3115 438 3342 511; x_wconf 86' lang='lat' dir='ltr'><strong>optime</strong></span> <span class='ocrx_word' id='word_1_21' title='bbox 3404 437 3797 495; x_wconf 76' lang='lat' dir='ltr'><strong>animadvertit</strong></span> 
     </span>
    </p>
   </div>
   <div class='ocr_carea' id='block_1_5' title="bbox 391 525 2043 598">
    <p class='ocr_par' dir='ltr' id='par_1_5' title="bbox 391 525 2043 598">
     <span class='ocr_line' id='line_1_5' title="bbox 391 525 2043 598; baseline -0.004 -14"><span class='ocrx_word' id='word_1_22' title='bbox 391 529 627 584; x_wconf 87' lang='lat' dir='ltr'><strong>tionum</strong></span> <span class='ocrx_word' id='word_1_23' title='bbox 659 526 1094 598; x_wconf 91' lang='lat' dir='ltr'><strong>inspectionem</strong></span> <span class='ocrx_word' id='word_1_24' title='bbox 1125 525 1273 581; x_wconf 89' lang='lat' dir='ltr'><strong>Filio</strong></span> <span class='ocrx_word' id='word_1_25' title='bbox 1305 525 1532 591; x_wconf 84' lang='lat' dir='ltr'><strong>tribuit,</strong></span> <span class='ocrx_word' id='word_1_26' title='bbox 1563 529 1676 580; x_wconf 87' lang='lat' dir='ltr'><strong>cat.</strong></span> <span class='ocrx_word' id='word_1_27' title='bbox 1711 526 1798 591; x_wconf 78' lang='grc'><strong>14,</strong></span> <span class='ocrx_word' id='word_1_28' title='bbox 1839 541 1899 579; x_wconf 91' lang='lat' dir='ltr'><strong>n.</strong></span> <span class='ocrx_word' id='word_1_29' title='bbox 1937 527 2043 578; x_wconf 87' lang='lat'><strong>30:</strong></span> 
     </span>
    </p>
   </div>
   <div class='ocr_carea' id='block_1_6' title="bbox 395 612 2045 688">
    <p class='ocr_par' dir='ltr' id='par_1_6' title="bbox 395 612 2045 688">
     <span class='ocr_line' id='line_1_6' title="bbox 395 612 2045 688; baseline 0 -19"><span class='ocrx_word' id='word_1_30' title='bbox 395 642 423 670; x_wconf 78' lang='grc'><strong>‹‹</strong></span> <span class='ocrx_word' id='word_1_31' title='bbox 433 619 539 686; x_wconf 84' lang='lat' dir='ltr'><strong>Qui</strong></span> <span class='ocrx_word' id='word_1_32' title='bbox 551 619 613 673; x_wconf 89' lang='lat' dir='ltr'><strong>in</strong></span> <span class='ocrx_word' id='word_1_33' title='bbox 636 617 867 688; x_wconf 86' lang='lat' dir='ltr'><strong>superis</strong></span> <span class='ocrx_word' id='word_1_34' title='bbox 881 615 1134 682; x_wconf 88' lang='lat' dir='ltr'><strong>sedet,et</strong></span> <span class='ocrx_word' id='word_1_35' title='bbox 1150 614 1322 670; x_wconf 91' lang='lat' dir='ltr'><strong>nobis</strong></span> <span class='ocrx_word' id='word_1_36' title='bbox 1338 615 1432 669; x_wconf 86' lang='lat' dir='ltr'><strong>hic</strong></span> <span class='ocrx_word' id='word_1_37' title='bbox 1446 630 1566 670; x_wconf 92' lang='lat' dir='ltr'><strong>una</strong></span> <span class='ocrx_word' id='word_1_38' title='bbox 1578 630 1844 686; x_wconf 63' lang='lat' dir='ltr'><strong>praesens</strong></span> <span class='ocrx_word' id='word_1_39' title='bbox 1857 612 2045 680; x_wconf 81' lang='lat' dir='ltr'><strong>adest;</strong></span> 
     </span>
    </p>
   </div>
   <div class='ocr_carea' id='block_1_7' title="bbox 399 703 2046 779">
    <p class='ocr_par' dir='ltr' id='par_1_7' title="bbox 399 703 2046 779">
     <span class='ocr_line' id='line_1_7' title="bbox 399 703 2046 779; baseline -0.001 -21"><span class='ocrx_word' id='word_1_40' title='bbox 399 729 427 759; x_wconf 87' lang='grc'><strong>‹‹</strong></span> <span class='ocrx_word' id='word_1_41' title='bbox 448 706 920 779; x_wconf 85' lang='lat' dir='ltr'><strong>uniuscujusque</strong></span> <span class='ocrx_word' id='word_1_42' title='bbox 938 705 1432 777; x_wconf 86' lang='lat' dir='ltr'><strong>compositionem</strong></span> <span class='ocrx_word' id='word_1_43' title='bbox 1455 708 1513 758; x_wconf 90' lang='lat' dir='ltr'><strong>et</strong></span> <span class='ocrx_word' id='word_1_44' title='bbox 1533 703 1671 760; x_wconf 88' lang='lat' dir='ltr'><strong>fidei</strong></span> <span class='ocrx_word' id='word_1_45' title='bbox 1695 704 2046 759; x_wconf 81' lang='lat' dir='ltr'><strong>firmitatem</strong></span> 
     </span>
    </p>
   </div>
   <div class='ocr_carea' id='block_1_8' title="bbox 403 794 2047 863">
    <p class='ocr_par' dir='ltr' id='par_1_8' title="bbox 403 794 2047 863">
     <span class='ocr_line' id='line_1_8' title="bbox 403 794 2047 863; baseline -0.005 -7"><span class='ocrx_word' id='word_1_46' title='bbox 403 820 424 849; x_wconf 75' lang='grc' dir='ltr'><strong>ε</strong></span> <span class='ocrx_word' id='word_1_47' title='bbox 445 806 756 856; x_wconf 86' lang='lat' dir='ltr'><strong>contuens.</strong></span> <span class='ocrx_word' id='word_1_48' title='bbox 781 797 947 863; x_wconf 89' lang='lat' dir='ltr'><strong>Quod</strong></span> <span class='ocrx_word' id='word_1_49' title='bbox 973 797 1133 852; x_wconf 90' lang='lat' dir='ltr'><strong>enim</strong></span> <span class='ocrx_word' id='word_1_50' title='bbox 1155 813 1332 852; x_wconf 91' lang='lat' dir='ltr'><strong>carne</strong></span> <span class='ocrx_word' id='word_1_51' title='bbox 1353 813 1514 851; x_wconf 92' lang='lat' dir='ltr'><strong>nunc</strong></span> <span class='ocrx_word' id='word_1_52' title='bbox 1534 794 2047 862; x_wconf 88' lang='lat' dir='ltr'><strong>abest,neidcirco</strong></span> 
     </span>
    </p>
   </div>
   <div class='ocr_carea' id='block_1_9' title="bbox 397 886 2050 964">
    <p class='ocr_par' dir='ltr' id='par_1_9' title="bbox 397 886 2050 964">
     <span class='ocr_line' id='line_1_9' title="bbox 397 886 2050 964; baseline -0.001 -22"><span class='ocrx_word' id='word_1_53' title='bbox 397 915 422 942; x_wconf 79' lang='grc' dir='ltr'><strong>‹ι</strong></span> <span class='ocrx_word' id='word_1_54' title='bbox 443 890 680 964; x_wconf 90' lang='lat' dir='ltr'><strong>judices</strong></span> <span class='ocrx_word' id='word_1_55' title='bbox 702 889 908 944; x_wconf 82' lang='lat' dir='ltr'><strong>abesse</strong></span> <span class='ocrx_word' id='word_1_56' title='bbox 924 888 1102 942; x_wconf 91' lang='lat' dir='ltr'><strong>etiam</strong></span> <span class='ocrx_word' id='word_1_57' title='bbox 1125 887 1367 959; x_wconf 86' lang='lat' dir='ltr'><strong>Spiritu;</strong></span> <span class='ocrx_word' id='word_1_58' title='bbox 1392 886 1626 943; x_wconf 88' lang='lat' dir='ltr'><strong>medius</strong></span> <span class='ocrx_word' id='word_1_59' title='bbox 1648 886 1743 941; x_wconf 90' lang='lat' dir='ltr'><strong>hic</strong></span> <span class='ocrx_word' id='word_1_60' title='bbox 1757 886 2050 953; x_wconf 86' lang='lat' dir='ltr'><strong>adest,au-</strong></span> 
     </span>
    </p>
   </div>
   <div class='ocr_carea' id='block_1_10' title="bbox 401 976 2049 1050">
    <p class='ocr_par' dir='ltr' id='par_1_10' title="bbox 401 976 2049 1050">
     <span class='ocr_line' id='line_1_10' title="bbox 401 976 2049 1050; baseline -0.002 -15"><span class='ocrx_word' id='word_1_61' title='bbox 401 1001 428 1035; x_wconf 75' lang='grc' dir='ltr'>ι</span> <span class='ocrx_word' id='word_1_62' title='bbox 449 981 622 1036; x_wconf 89' lang='lat' dir='ltr'><strong>diens</strong></span> <span class='ocrx_word' id='word_1_63' title='bbox 644 996 777 1050; x_wconf 65' lang='lat' dir='ltr'><strong>quas</strong></span> <span class='ocrx_word' id='word_1_64' title='bbox 796 979 867 1033; x_wconf 90' lang='lat' dir='ltr'><strong>de</strong></span> <span class='ocrx_word' id='word_1_65' title='bbox 891 994 952 1033; x_wconf 90' lang='lat' dir='ltr'><strong>se</strong></span> <span class='ocrx_word' id='word_1_66' title='bbox 974 977 1276 1045; x_wconf 92' lang='lat' dir='ltr'><strong>dicuntur,</strong></span> <span class='ocrx_word' id='word_1_67' title='bbox 1303 983 1362 1032; x_wconf 90' lang='lat' dir='ltr'><strong>et</strong></span> <span class='ocrx_word' id='word_1_68' title='bbox 1388 994 1520 1048; x_wconf 80' lang='lat' dir='ltr'><strong>quae</strong></span> <span class='ocrx_word' id='word_1_69' title='bbox 1551 976 1709 1048; x_wconf 90' lang='lat' dir='ltr'><strong>apud</strong></span> <span class='ocrx_word' id='word_1_70' title='bbox 1742 982 1797 1031; x_wconf 93' lang='lat' dir='ltr'><strong>te</strong></span> <span class='ocrx_word' id='word_1_71' title='bbox 1829 976 2049 1047; x_wconf 79' lang='lat' dir='ltr'><strong>cogitas</strong></span> 
     </span>
    </p>
   </div>
   <div class='ocr_carea' id='block_1_11' title="bbox 395 1065 2048 1137">
    <p class='ocr_par' dir='ltr' id='par_1_11' title="bbox 395 1065 2048 1137">
     <span class='ocr_line' id='line_1_11' title="bbox 395 1065 2048 1137; baseline -0.001 -15"><span class='ocrx_word' id='word_1_72' title='bbox 395 1093 424 1122; x_wconf 73' lang='grc' dir='ltr'>α</span> <span class='ocrx_word' id='word_1_73' title='bbox 447 1069 674 1135; x_wconf 90' lang='lat' dir='ltr'><strong>videns,</strong></span> <span class='ocrx_word' id='word_1_74' title='bbox 701 1072 971 1123; x_wconf 89' lang='lat' dir='ltr'><strong>scrutans</strong></span> <span class='ocrx_word' id='word_1_75' title='bbox 985 1081 1160 1121; x_wconf 87' lang='lat' dir='ltr'><strong>renes</strong></span> <span class='ocrx_word' id='word_1_76' title='bbox 1182 1065 1455 1121; x_wconf 91' lang='lat' dir='ltr'><strong>etcorda.</strong></span> <span class='ocrx_word' id='word_1_77' title='bbox 1483 1087 1510 1115; x_wconf 83' lang='lat'>»</span> <span class='ocrx_word' id='word_1_78' title='bbox 1543 1065 2048 1137; x_wconf 85' lang='lat' dir='ltr'><strong>Omnipotentiam</strong></span> 
     </span>
    </p>
   </div>
   <div class='ocr_carea' id='block_1_12' title="bbox 396 1155 2052 1232">
    <p class='ocr_par' dir='ltr' id='par_1_12' title="bbox 396 1155 2052 1232">
     <span class='ocr_line' id='line_1_12' title="bbox 396 1155 2052 1232; baseline -0.004 -17"><span class='ocrx_word' id='word_1_79' title='bbox 396 1161 525 1232; x_wconf 83' lang='lat' dir='ltr'><strong>ejus</strong></span> <span class='ocrx_word' id='word_1_80' title='bbox 537 1161 598 1214; x_wconf 88' lang='lat' dir='ltr'><strong>in</strong></span> <span class='ocrx_word' id='word_1_81' title='bbox 612 1158 858 1214; x_wconf 89' lang='lat' dir='ltr'><strong>dubium</strong></span> <span class='ocrx_word' id='word_1_82' title='bbox 871 1173 1148 1212; x_wconf 90' lang='lat' dir='ltr'><strong>revocare</strong></span> <span class='ocrx_word' id='word_1_83' title='bbox 1161 1173 1282 1212; x_wconf 89' lang='lat' dir='ltr'><strong>non</strong></span> <span class='ocrx_word' id='word_1_84' title='bbox 1297 1156 1654 1228; x_wconf 90' lang='lat' dir='ltr'><strong>poterat,qui</strong></span> <span class='ocrx_word' id='word_1_85' title='bbox 1669 1156 1782 1227; x_wconf 90' lang='lat' dir='ltr'><strong>ipsi</strong></span> <span class='ocrx_word' id='word_1_86' title='bbox 1795 1155 2052 1210; x_wconf 83' lang='lat' dir='ltr'><strong>conden-</strong></span> 
     </span>
    </p>
   </div>
   <div class='ocr_carea' id='block_1_13' title="bbox 395 1245 2050 1320">
    <p class='ocr_par' dir='ltr' id='par_1_13' title="bbox 395 1245 2050 1320">
     <span class='ocr_line' id='line_1_13' title="bbox 395 1245 2050 1320; baseline -0.002 -16"><span class='ocrx_word' id='word_1_87' title='bbox 395 1251 454 1304; x_wconf 91' lang='lat' dir='ltr'><strong>di</strong></span> <span class='ocrx_word' id='word_1_88' title='bbox 468 1248 628 1304; x_wconf 85' lang='lat' dir='ltr'><strong>orbis</strong></span> <span class='ocrx_word' id='word_1_89' title='bbox 643 1264 791 1320; x_wconf 90' lang='lat' dir='ltr'><strong>opus</strong></span> <span class='ocrx_word' id='word_1_90' title='bbox 805 1246 1076 1302; x_wconf 84' lang='lat' dir='ltr'><strong>attribuit</strong></span> <span class='ocrx_word' id='word_1_91' title='bbox 1090 1253 1207 1302; x_wconf 89' lang='lat' dir='ltr'><strong>tam</strong></span> <span class='ocrx_word' id='word_1_92' title='bbox 1224 1246 1426 1300; x_wconf 90' lang='lat' dir='ltr'><strong>multis</strong></span> <span class='ocrx_word' id='word_1_93' title='bbox 1443 1245 1894 1302; x_wconf 90' lang='lat' dir='ltr'><strong>locis.Intimam</strong></span> <span class='ocrx_word' id='word_1_94' title='bbox 1920 1247 2050 1318; x_wconf 88' lang='lat' dir='ltr'><strong>ejus</strong></span> 
     </span>
    </p>
   </div>
   <div class='ocr_carea' id='block_1_14' title="bbox 395 1337 2054 1394">
    <p class='ocr_par' dir='ltr' id='par_1_14' title="bbox 395 1337 2054 1394">
     <span class='ocr_line' id='line_1_14' title="bbox 395 1337 2054 1394; baseline -0.001 -1"><span class='ocrx_word' id='word_1_95' title='bbox 395 1341 677 1394; x_wconf 81' lang='lat' dir='ltr'><strong>virtutem</strong></span> <span class='ocrx_word' id='word_1_96' title='bbox 708 1339 771 1392; x_wconf 92' lang='lat' dir='ltr'><strong>in</strong></span> <span class='ocrx_word' id='word_1_97' title='bbox 803 1337 1109 1392; x_wconf 88' lang='lat' dir='ltr'><strong>miraculis</strong></span> <span class='ocrx_word' id='word_1_98' title='bbox 1137 1337 1225 1392; x_wconf 92' lang='lat' dir='ltr'><strong>sui</strong></span> <span class='ocrx_word' id='word_1_99' title='bbox 1258 1337 1522 1392; x_wconf 90' lang='lat' dir='ltr'><strong>nominis</strong></span> <span class='ocrx_word' id='word_1_100' title='bbox 1545 1337 1915 1392; x_wconf 84' lang='lat' dir='ltr'><strong>invocatione</strong></span> <span class='ocrx_word' id='word_1_101' title='bbox 1931 1338 2054 1392; x_wconf 85' lang='lat' dir='ltr'><strong>effl-</strong></span> 
     </span>
    </p>
   </div>
   <div class='ocr_carea' id='block_1_15' title="bbox 398 1426 2050 1500">
    <p class='ocr_par' dir='ltr' id='par_1_15' title="bbox 398 1426 2050 1500">
     <span class='ocr_line' id='line_1_15' title="bbox 398 1426 2050 1500; baseline -0.002 -15"><span class='ocrx_word' id='word_1_102' title='bbox 398 1427 651 1494; x_wconf 89' lang='lat' dir='ltr'><strong>ciendis,</strong></span> <span class='ocrx_word' id='word_1_103' title='bbox 711 1427 987 1500; x_wconf 87' lang='lat' dir='ltr'><strong>fugandis</strong></span> <span class='ocrx_word' id='word_1_104' title='bbox 1039 1426 1434 1492; x_wconf 70' lang='lat' dir='ltr'><strong>dmmonibus,</strong></span> <span class='ocrx_word' id='word_1_105' title='bbox 1477 1426 1699 1481; x_wconf 86' lang='lat' dir='ltr'><strong>morbis</strong></span> <span class='ocrx_word' id='word_1_106' title='bbox 1747 1426 2050 1495; x_wconf 83' lang='lat' dir='ltr'><strong>curandis,</strong></span> 
     </span>
    </p>
   </div>
   <div class='ocr_carea' id='block_1_16' title="bbox 397 1517 2054 1594">
    <p class='ocr_par' dir='ltr' id='par_1_16' title="bbox 397 1517 2054 1594">
     <span class='ocr_line' id='line_1_16' title="bbox 397 1517 2054 1594; baseline -0.002 -18"><span class='ocrx_word' id='word_1_107' title='bbox 397 1520 672 1594; x_wconf 84' lang='lat' dir='ltr'><strong>gentibus</strong></span> <span class='ocrx_word' id='word_1_108' title='bbox 706 1520 1078 1575; x_wconf 87' lang='lat' dir='ltr'><strong>immanitate</strong></span> <span class='ocrx_word' id='word_1_109' title='bbox 1109 1517 1380 1574; x_wconf 90' lang='lat' dir='ltr'><strong>barbaris</strong></span> <span class='ocrx_word' id='word_1_110' title='bbox 1410 1517 1769 1586; x_wconf 90' lang='lat' dir='ltr'><strong>cicurandis,</strong></span> <span class='ocrx_word' id='word_1_111' title='bbox 1801 1524 1860 1573; x_wconf 90' lang='lat' dir='ltr'><strong>et</strong></span> <span class='ocrx_word' id='word_1_112' title='bbox 1879 1518 1952 1574; x_wconf 89' lang='lat' dir='ltr'><strong>ad</strong></span> <span class='ocrx_word' id='word_1_113' title='bbox 1983 1518 2054 1573; x_wconf 84' lang='lat' dir='ltr'><strong>fi-</strong></span> 
     </span>
    </p>
   </div>
   <div class='ocr_carea' id='block_1_17' title="bbox 403 1608 2052 1676">
    <p class='ocr_par' dir='ltr' id='par_1_17' title="bbox 403 1608 2052 1676">
     <span class='ocr_line' id='line_1_17' title="bbox 403 1608 2052 1676; baseline -0.003 -10"><span class='ocrx_word' id='word_1_114' title='bbox 403 1612 541 1666; x_wconf 88' lang='lat' dir='ltr'><strong>dem</strong></span> <span class='ocrx_word' id='word_1_115' title='bbox 573 1609 991 1666; x_wconf 88' lang='lat' dir='ltr'><strong>canvertendis</strong></span> <span class='ocrx_word' id='word_1_116' title='bbox 1022 1609 1226 1664; x_wconf 86' lang='lat' dir='ltr'><strong>multis</strong></span> <span class='ocrx_word' id='word_1_117' title='bbox 1243 1608 1391 1664; x_wconf 87' lang='lat' dir='ltr'><strong>locis</strong></span> <span class='ocrx_word' id='word_1_118' title='bbox 1412 1609 1813 1676; x_wconf 86' lang='lat' dir='ltr'><strong>commendat,</strong></span> <span class='ocrx_word' id='word_1_119' title='bbox 1846 1614 1912 1664; x_wconf 91' lang='lat' dir='ltr'><strong>ut</strong></span> <span class='ocrx_word' id='word_1_120' title='bbox 1940 1613 2052 1665; x_wconf 89' lang='lat' dir='ltr'><strong>cat.</strong></span> 
     </span>
    </p>
   </div>
   <div class='ocr_carea' id='block_1_18' title="bbox 398 1698 2054 1768">
    <p class='ocr_par' dir='ltr' id='par_1_18' title="bbox 398 1698 2054 1768">
     <span class='ocr_line' id='line_1_18' title="bbox 398 1698 2054 1768; baseline 0.001 -13"><span class='ocrx_word' id='word_1_121' title='bbox 398 1704 454 1768; x_wconf 71' lang='grc'><strong>4,</strong></span> <span class='ocrx_word' id='word_1_122' title='bbox 487 1717 549 1756; x_wconf 91' lang='lat' dir='ltr'><strong>n.</strong></span> <span class='ocrx_word' id='word_1_123' title='bbox 602 1701 704 1767; x_wconf 87' lang='lat' dir='ltr'><strong>l3;</strong></span> <span class='ocrx_word' id='word_1_124' title='bbox 737 1703 851 1755; x_wconf 88' lang='lat' dir='ltr'><strong>cat.</strong></span> <span class='ocrx_word' id='word_1_125' title='bbox 914 1698 999 1766; x_wconf 87' lang='grc'><strong>10,</strong></span> <span class='ocrx_word' id='word_1_126' title='bbox 1035 1714 1202 1754; x_wconf 88' lang='lat' dir='ltr'><strong>num.</strong></span> <span class='ocrx_word' id='word_1_127' title='bbox 1238 1700 1338 1766; x_wconf 85' lang='lat' dir='ltr'><strong>l9;</strong></span> <span class='ocrx_word' id='word_1_128' title='bbox 1373 1703 1486 1753; x_wconf 91' lang='lat' dir='ltr'><strong>cat.</strong></span> <span class='ocrx_word' id='word_1_129' title='bbox 1525 1699 1613 1764; x_wconf 88' lang='grc'><strong>13,</strong></span> <span class='ocrx_word' id='word_1_130' title='bbox 1669 1715 1728 1755; x_wconf 91' lang='lat' dir='ltr'><strong>n.</strong></span> <span class='ocrx_word' id='word_1_131' title='bbox 1789 1701 1819 1753; x_wconf 90' lang='lat'><strong>3</strong></span> <span class='ocrx_word' id='word_1_132' title='bbox 1876 1704 1934 1754; x_wconf 89' lang='lat' dir='ltr'><strong>et</strong></span> <span class='ocrx_word' id='word_1_133' title='bbox 1963 1702 2054 1756; x_wconf 73' lang='grc'><strong>40.</strong></span> 
     </span>
    </p>
   </div>
   <div class='ocr_carea' id='block_1_19' title="bbox 2153 527 3790 602">
    <p class='ocr_par' dir='ltr' id='par_1_19' title="bbox 2153 527 3790 602">
     <span class='ocr_line' id='line_1_19' title="bbox 2153 527 3790 602; baseline 0.002 -20"><span class='ocrx_word' id='word_1_134' title='bbox 2153 529 2417 586; x_wconf 86' lang='lat' dir='ltr'><strong>Nazianz.</strong></span> <span class='ocrx_word' id='word_1_135' title='bbox 2463 531 2638 602; x_wconf 85' lang='lat' dir='ltr'><strong>epist.</strong></span> <span class='ocrx_word' id='word_1_136' title='bbox 2670 535 2760 585; x_wconf 82' lang='grc'><strong>26.</strong></span> <span class='ocrx_word' id='word_1_137' title='bbox 2811 529 3114 602; x_wconf 83' lang='lat' dir='ltr'><strong>Quidquid</strong></span> <span class='ocrx_word' id='word_1_138' title='bbox 3176 545 3360 602; x_wconf 89' lang='lat' dir='ltr'><strong>porro</strong></span> <span class='ocrx_word' id='word_1_139' title='bbox 3420 527 3790 584; x_wconf 88' lang='lat' dir='ltr'><strong>consubstan-</strong></span> 
     </span>
    </p>
   </div>
   <div class='ocr_carea' id='block_1_20' title="bbox 2155 617 3795 690">
    <p class='ocr_par' dir='ltr' id='par_1_20' title="bbox 2155 617 3795 690">
     <span class='ocr_line' id='line_1_20' title="bbox 2155 617 3795 690; baseline 0.001 -20"><span class='ocrx_word' id='word_1_140' title='bbox 2155 617 2315 673; x_wconf 90' lang='lat' dir='ltr'><strong>tialis</strong></span> <span class='ocrx_word' id='word_1_141' title='bbox 2343 635 2480 674; x_wconf 88' lang='lat' dir='ltr'><strong>voce</strong></span> <span class='ocrx_word' id='word_1_142' title='bbox 2503 620 2865 688; x_wconf 85' lang='lat' dir='ltr'><strong>continetur,</strong></span> <span class='ocrx_word' id='word_1_143' title='bbox 2885 619 3104 675; x_wconf 89' lang='lat' dir='ltr'><strong>diserte</strong></span> <span class='ocrx_word' id='word_1_144' title='bbox 3133 619 3378 690; x_wconf 80' lang='lat' dir='ltr'><strong>agnovit</strong></span> <span class='ocrx_word' id='word_1_145' title='bbox 3397 622 3457 672; x_wconf 90' lang='lat' dir='ltr'><strong>et</strong></span> <span class='ocrx_word' id='word_1_146' title='bbox 3477 617 3795 689; x_wconf 68' lang='lat' dir='ltr'><strong>praedicavit</strong></span> 
     </span>
    </p>
   </div>
   <div class='ocr_carea' id='block_1_21' title="bbox 2155 708 3799 780">
    <p class='ocr_par' dir='ltr' id='par_1_21' title="bbox 2155 708 3799 780">
     <span class='ocr_line' id='line_1_21' title="bbox 2155 708 3799 780; baseline 0.002 -18"><span class='ocrx_word' id='word_1_147' title='bbox 2155 708 2430 780; x_wconf 85' lang='lat' dir='ltr'><strong>Cyrillus.</strong></span> <span class='ocrx_word' id='word_1_148' title='bbox 2459 711 2606 766; x_wconf 91' lang='lat' dir='ltr'><strong>Dum</strong></span> <span class='ocrx_word' id='word_1_149' title='bbox 2638 710 3208 767; x_wconf 85' lang='lat' dir='ltr'><strong>consubstantialem</strong></span> <span class='ocrx_word' id='word_1_150' title='bbox 3239 709 3406 764; x_wconf 81' lang='lat' dir='ltr'><strong>Patri</strong></span> <span class='ocrx_word' id='word_1_151' title='bbox 3439 709 3650 764; x_wconf 85' lang='lat' dir='ltr'><strong>Filium</strong></span> <span class='ocrx_word' id='word_1_152' title='bbox 3673 709 3799 766; x_wconf 91' lang='lat' dir='ltr'><strong>dici-</strong></span> 
     </span>
    </p>
   </div>
   <div class='ocr_carea' id='block_1_22' title="bbox 2158 799 3797 873">
    <p class='ocr_par' dir='ltr' id='par_1_22' title="bbox 2158 799 3797 873">
     <span class='ocr_line' id='line_1_22' title="bbox 2158 799 3797 873; baseline -0.001 -19"><span class='ocrx_word' id='word_1_153' title='bbox 2158 815 2310 869; x_wconf 87' lang='lat' dir='ltr'><strong>mus,</strong></span> <span class='ocrx_word' id='word_1_154' title='bbox 2343 799 2733 873; x_wconf 83' lang='lat' dir='ltr'><strong>intelligimus</strong></span> <span class='ocrx_word' id='word_1_155' title='bbox 2765 801 2980 856; x_wconf 83' lang='lat' dir='ltr'><strong>Filium</strong></span> <span class='ocrx_word' id='word_1_156' title='bbox 3010 799 3281 872; x_wconf 84' lang='lat' dir='ltr'><strong>ejusdem</strong></span> <span class='ocrx_word' id='word_1_157' title='bbox 3311 804 3544 854; x_wconf 61' lang='lat' dir='ltr'><strong>natura;</strong></span> <span class='ocrx_word' id='word_1_158' title='bbox 3572 804 3631 854; x_wconf 89' lang='lat' dir='ltr'><strong>et</strong></span> <span class='ocrx_word' id='word_1_159' title='bbox 3666 799 3797 854; x_wconf 88' lang='lat' dir='ltr'><strong>divi-</strong></span> 
     </span>
    </p>
   </div>
   <div class='ocr_carea' id='block_1_23' title="bbox 2155 889 3799 962">
    <p class='ocr_par' dir='ltr' id='par_1_23' title="bbox 2155 889 3799 962">
     <span class='ocr_line' id='line_1_23' title="bbox 2155 889 3799 962; baseline -0.001 -17"><span class='ocrx_word' id='word_1_160' title='bbox 2155 891 2359 946; x_wconf 89' lang='lat' dir='ltr'><strong>nitatis</strong></span> <span class='ocrx_word' id='word_1_161' title='bbox 2390 907 2519 947; x_wconf 88' lang='lat' dir='ltr'><strong>esse</strong></span> <span class='ocrx_word' id='word_1_162' title='bbox 2550 908 2684 948; x_wconf 92' lang='lat' dir='ltr'><strong>cum</strong></span> <span class='ocrx_word' id='word_1_163' title='bbox 2717 894 2908 958; x_wconf 89' lang='lat' dir='ltr'><strong>Patre,</strong></span> <span class='ocrx_word' id='word_1_164' title='bbox 2935 907 3190 962; x_wconf 87' lang='lat' dir='ltr'><strong>eumque</strong></span> <span class='ocrx_word' id='word_1_165' title='bbox 3214 906 3340 946; x_wconf 88' lang='lat' dir='ltr'><strong>non</strong></span> <span class='ocrx_word' id='word_1_166' title='bbox 3365 907 3437 944; x_wconf 89' lang='lat' dir='ltr'><strong>ex</strong></span> <span class='ocrx_word' id='word_1_167' title='bbox 3467 889 3652 945; x_wconf 86' lang='lat' dir='ltr'><strong>nihilo</strong></span> <span class='ocrx_word' id='word_1_168' title='bbox 3681 907 3799 945; x_wconf 87' lang='lat' dir='ltr'><strong>con-</strong></span> 
     </span>
    </p>
   </div>
   <div class='ocr_carea' id='block_1_24' title="bbox 2155 979 3798 1048">
    <p class='ocr_par' dir='ltr' id='par_1_24' title="bbox 2155 979 3798 1048">
     <span class='ocr_line' id='line_1_24' title="bbox 2155 979 3798 1048; baseline -0.001 -13"><span class='ocrx_word' id='word_1_169' title='bbox 2155 981 2367 1048; x_wconf 89' lang='lat' dir='ltr'><strong>ditum,</strong></span> <span class='ocrx_word' id='word_1_170' title='bbox 2398 983 2552 1037; x_wconf 90' lang='lat' dir='ltr'><strong>sicut</strong></span> <span class='ocrx_word' id='word_1_171' title='bbox 2607 987 2929 1048; x_wconf 88' lang='lat' dir='ltr'><strong>creaturas,</strong></span> <span class='ocrx_word' id='word_1_172' title='bbox 2986 981 3090 1036; x_wconf 90' lang='lat' dir='ltr'><strong>sed</strong></span> <span class='ocrx_word' id='word_1_173' title='bbox 3121 997 3192 1036; x_wconf 86' lang='lat' dir='ltr'><strong>ex</strong></span> <span class='ocrx_word' id='word_1_174' title='bbox 3248 979 3592 1036; x_wconf 86' lang='lat' dir='ltr'><strong>substantia</strong></span> <span class='ocrx_word' id='word_1_175' title='bbox 3628 980 3798 1034; x_wconf 88' lang='lat' dir='ltr'><strong>Patris</strong></span> 
     </span>
    </p>
   </div>
   <div class='ocr_carea' id='block_1_25' title="bbox 2155 1069 3798 1143">
    <p class='ocr_par' dir='ltr' id='par_1_25' title="bbox 2155 1069 3798 1143">
     <span class='ocr_line' id='line_1_25' title="bbox 2155 1069 3798 1143; baseline -0.002 -17"><span class='ocrx_word' id='word_1_176' title='bbox 2155 1076 2524 1143; x_wconf 85' lang='lat' dir='ltr'><strong>generatum.</strong></span> <span class='ocrx_word' id='word_1_177' title='bbox 2560 1071 2669 1126; x_wconf 87' lang='lat' dir='ltr'><strong>Sed</strong></span> <span class='ocrx_word' id='word_1_178' title='bbox 2701 1087 2837 1126; x_wconf 93' lang='lat' dir='ltr'><strong>cum</strong></span> <span class='ocrx_word' id='word_1_179' title='bbox 2868 1070 3124 1142; x_wconf 85' lang='lat' dir='ltr'><strong>Cyrillus</strong></span> <span class='ocrx_word' id='word_1_180' title='bbox 3154 1069 3376 1126; x_wconf 87' lang='lat' dir='ltr'><strong>Filium</strong></span> <span class='ocrx_word' id='word_1_181' title='bbox 3407 1069 3640 1134; x_wconf 86' lang='lat' dir='ltr'><strong>asserit,</strong></span> <span class='ocrx_word' id='word_1_182' title='bbox 3655 1070 3798 1124; x_wconf 85' lang='lat' dir='ltr'><strong>utvi-</strong></span> 
     </span>
    </p>
   </div>
   <div class='ocr_carea' id='block_1_26' title="bbox 2157 1159 3800 1233">
    <p class='ocr_par' dir='ltr' id='par_1_26' title="bbox 2157 1159 3800 1233">
     <span class='ocr_line' id='line_1_26' title="bbox 2157 1159 3800 1233; baseline -0.003 -16"><span class='ocrx_word' id='word_1_183' title='bbox 2157 1163 2355 1218; x_wconf 90' lang='lat' dir='ltr'><strong>dimus</strong></span> <span class='ocrx_word' id='word_1_184' title='bbox 2377 1178 2501 1233; x_wconf 91' lang='lat' dir='ltr'><strong>crp,</strong></span> <span class='ocrx_word' id='word_1_185' title='bbox 2522 1166 2573 1228; x_wconf 79' lang='lat'><strong>2,</strong></span> <span class='ocrx_word' id='word_1_186' title='bbox 2606 1179 2666 1217; x_wconf 90' lang='lat' dir='ltr'><strong>n.</strong></span> <span class='ocrx_word' id='word_1_187' title='bbox 2709 1164 2794 1228; x_wconf 75' lang='grc'><strong>14,</strong></span> <span class='ocrx_word' id='word_1_188' title='bbox 2819 1161 2869 1215; x_wconf 87' lang='lat' dir='ltr'><strong>vi</strong></span> <span class='ocrx_word' id='word_1_189' title='bbox 2905 1178 3024 1216; x_wconf 61' lang='lat' dir='ltr'><strong>sua;</strong></span> <span class='ocrx_word' id='word_1_190' title='bbox 3057 1160 3470 1233; x_wconf 84' lang='lat' dir='ltr'><strong>generationis</strong></span> <span class='ocrx_word' id='word_1_191' title='bbox 3515 1183 3536 1208; x_wconf 79' lang='grc' dir='ltr'>ι</span> <span class='ocrx_word' id='word_1_192' title='bbox 3566 1159 3800 1215; x_wconf 85' lang='lat' dir='ltr'><strong>similem</strong></span> 
     </span>
    </p>
   </div>
   <div class='ocr_carea' id='block_1_27' title="bbox 2157 1247 3801 1320">
    <p class='ocr_par' dir='ltr' id='par_1_27' title="bbox 2157 1247 3801 1320">
     <span class='ocr_line' id='line_1_27' title="bbox 2157 1247 3801 1320; baseline -0.001 -18"><span class='ocrx_word' id='word_1_193' title='bbox 2157 1275 2185 1302; x_wconf 84' lang='lat'><strong><em>«</em></strong></span> <span class='ocrx_word' id='word_1_194' title='bbox 2213 1251 2272 1305; x_wconf 91' lang='lat' dir='ltr'><strong>in</strong></span> <span class='ocrx_word' id='word_1_195' title='bbox 2289 1250 2570 1306; x_wconf 90' lang='lat' dir='ltr'><strong>omnibus</strong></span> <span class='ocrx_word' id='word_1_196' title='bbox 2587 1250 2766 1320; x_wconf 85' lang='lat' dir='ltr'><strong>Patri,</strong></span> <span class='ocrx_word' id='word_1_197' title='bbox 2791 1251 2975 1305; x_wconf 89' lang='lat' dir='ltr'><strong>Deum</strong></span> <span class='ocrx_word' id='word_1_198' title='bbox 2993 1266 3198 1305; x_wconf 89' lang='lat' dir='ltr'><strong>verum</strong></span> <span class='ocrx_word' id='word_1_199' title='bbox 3213 1266 3283 1305; x_wconf 86' lang='lat' dir='ltr'><strong>ex</strong></span> <span class='ocrx_word' id='word_1_200' title='bbox 3298 1250 3418 1304; x_wconf 87' lang='lat' dir='ltr'><strong>Deo</strong></span> <span class='ocrx_word' id='word_1_201' title='bbox 3433 1247 3801 1316; x_wconf 61' lang='lat' dir='ltr'><strong>vero,»divero</strong></span> 
     </span>
    </p>
   </div>
   <div class='ocr_carea' id='block_1_28' title="bbox 2159 1337 3800 1412">
    <p class='ocr_par' dir='ltr' id='par_1_28' title="bbox 2159 1337 3800 1412">
     <span class='ocr_line' id='line_1_28' title="bbox 2159 1337 3800 1412; baseline -0.003 -16"><span class='ocrx_word' id='word_1_202' title='bbox 2159 1357 2363 1396; x_wconf 91' lang='lat' dir='ltr'><strong>samne</strong></span> <span class='ocrx_word' id='word_1_203' title='bbox 2396 1341 2456 1395; x_wconf 87' lang='lat' dir='ltr'><strong>in</strong></span> <span class='ocrx_word' id='word_1_204' title='bbox 2489 1345 2741 1412; x_wconf 87' lang='lat' dir='ltr'><strong>utroque</strong></span> <span class='ocrx_word' id='word_1_205' title='bbox 2775 1346 3052 1395; x_wconf 87' lang='lat' dir='ltr'><strong>naturam</strong></span> <span class='ocrx_word' id='word_1_206' title='bbox 3081 1355 3150 1396; x_wconf 88' lang='lat' dir='ltr'><strong>ac</strong></span> <span class='ocrx_word' id='word_1_207' title='bbox 3181 1339 3564 1394; x_wconf 88' lang='lat' dir='ltr'><strong>divinitatem</strong></span> <span class='ocrx_word' id='word_1_208' title='bbox 3594 1337 3685 1392; x_wconf 86' lang='lat' dir='ltr'><strong>vel</strong></span> <span class='ocrx_word' id='word_1_209' title='bbox 3720 1353 3800 1391; x_wconf 85' lang='lat' dir='ltr'><strong>co-</strong></span> 
     </span>
    </p>
   </div>
   <div class='ocr_carea' id='block_1_29' title="bbox 2157 1425 3800 1502">
    <p class='ocr_par' dir='ltr' id='par_1_29' title="bbox 2157 1425 3800 1502">
     <span class='ocr_line' id='line_1_29' title="bbox 2157 1425 3800 1502; baseline -0.002 -18"><span class='ocrx_word' id='word_1_210' title='bbox 2157 1431 2342 1502; x_wconf 78' lang='lat' dir='ltr'><strong>gitare</strong></span> <span class='ocrx_word' id='word_1_211' title='bbox 2374 1429 2618 1501; x_wconf 86' lang='lat' dir='ltr'><strong>potuit?</strong></span> <span class='ocrx_word' id='word_1_212' title='bbox 2646 1446 2724 1484; x_wconf 91' lang='lat' dir='ltr'><strong>an</strong></span> <span class='ocrx_word' id='word_1_213' title='bbox 2755 1428 2976 1500; x_wconf 84' lang='lat' dir='ltr'><strong>duplex</strong></span> <span class='ocrx_word' id='word_1_214' title='bbox 3010 1435 3100 1484; x_wconf 89' lang='lat' dir='ltr'><strong>est</strong></span> <span class='ocrx_word' id='word_1_215' title='bbox 3125 1427 3482 1492; x_wconf 88' lang='lat' dir='ltr'><strong>divinitatis,</strong></span> <span class='ocrx_word' id='word_1_216' title='bbox 3507 1425 3800 1497; x_wconf 86' lang='lat' dir='ltr'><strong>etquidem</strong></span> 
     </span>
    </p>
   </div>
   <div class='ocr_carea' id='block_1_30' title="bbox 2157 1516 3803 1593">
    <p class='ocr_par' dir='ltr' id='par_1_30' title="bbox 2157 1516 3803 1593">
     <span class='ocr_line' id='line_1_30' title="bbox 2157 1516 3803 1593; baseline -0.005 -16"><span class='ocrx_word' id='word_1_217' title='bbox 2157 1538 2296 1577; x_wconf 68' lang='lat' dir='ltr'><strong>verae</strong></span> <span class='ocrx_word' id='word_1_218' title='bbox 2317 1537 2385 1576; x_wconf 92' lang='lat' dir='ltr'><strong>ac</strong></span> <span class='ocrx_word' id='word_1_219' title='bbox 2407 1520 2646 1593; x_wconf 88' lang='lat' dir='ltr'><strong>proprie</strong></span> <span class='ocrx_word' id='word_1_220' title='bbox 2667 1519 2838 1574; x_wconf 76' lang='lat' dir='ltr'><strong>dictm</strong></span> <span class='ocrx_word' id='word_1_221' title='bbox 2861 1519 3090 1590; x_wconf 86' lang='lat' dir='ltr'><strong>species</strong></span> <span class='ocrx_word' id='word_1_222' title='bbox 3106 1518 3133 1573; x_wconf 83' lang='lat'><strong>?</strong></span> <span class='ocrx_word' id='word_1_223' title='bbox 3165 1518 3501 1589; x_wconf 76' lang='lat' dir='ltr'><strong>Praecipua,</strong></span> <span class='ocrx_word' id='word_1_224' title='bbox 3526 1533 3654 1587; x_wconf 65' lang='lat' dir='ltr'><strong>qua:</strong></span> <span class='ocrx_word' id='word_1_225' title='bbox 3668 1516 3803 1570; x_wconf 89' lang='lat' dir='ltr'><strong>inter</strong></span> 
     </span>
    </p>
   </div>
   <div class='ocr_carea' id='block_1_31' title="bbox 2159 1605 3800 1684">
    <p class='ocr_par' dir='ltr' id='par_1_31' title="bbox 2159 1605 3800 1684">
     <span class='ocr_line' id='line_1_31' title="bbox 2159 1605 3800 1684; baseline -0.005 -17"><span class='ocrx_word' id='word_1_226' title='bbox 2159 1615 2544 1684; x_wconf 88' lang='lat' dir='ltr'><strong>generantem</strong></span> <span class='ocrx_word' id='word_1_227' title='bbox 2563 1615 2624 1664; x_wconf 91' lang='lat' dir='ltr'><strong>et</strong></span> <span class='ocrx_word' id='word_1_228' title='bbox 2642 1610 2908 1681; x_wconf 86' lang='lat' dir='ltr'><strong>genitum</strong></span> <span class='ocrx_word' id='word_1_229' title='bbox 2931 1608 3182 1674; x_wconf 85' lang='lat' dir='ltr'><strong>exsistit,</strong></span> <span class='ocrx_word' id='word_1_230' title='bbox 3215 1605 3578 1675; x_wconf 86' lang='lat' dir='ltr'><strong>similitudo,</strong></span> <span class='ocrx_word' id='word_1_231' title='bbox 3597 1610 3800 1660; x_wconf 64' lang='lat' dir='ltr'><strong>natura)</strong></span> 
     </span>
    </p>
   </div>
   <div class='ocr_carea' id='block_1_32' title="bbox 2161 1693 3802 1771">
    <p class='ocr_par' dir='ltr' id='par_1_32' title="bbox 2161 1693 3802 1771">
     <span class='ocr_line' id='line_1_32' title="bbox 2161 1693 3802 1771; baseline -0.006 -14"><span class='ocrx_word' id='word_1_232' title='bbox 2161 1707 2281 1768; x_wconf 92' lang='lat' dir='ltr'><strong>est;</strong></span> <span class='ocrx_word' id='word_1_233' title='bbox 2313 1716 2446 1771; x_wconf 70' lang='lat' dir='ltr'><strong>quin</strong></span> <span class='ocrx_word' id='word_1_234' title='bbox 2473 1697 2723 1753; x_wconf 84' lang='lat' dir='ltr'><strong>sublatis</strong></span> <span class='ocrx_word' id='word_1_235' title='bbox 2739 1698 2917 1753; x_wconf 89' lang='lat' dir='ltr'><strong>etiam</strong></span> <span class='ocrx_word' id='word_1_236' title='bbox 2934 1697 3068 1753; x_wconf 89' lang='lat' dir='ltr'><strong>aliis</strong></span> <span class='ocrx_word' id='word_1_237' title='bbox 3100 1697 3384 1754; x_wconf 90' lang='lat' dir='ltr'><strong>omnibus</strong></span> <span class='ocrx_word' id='word_1_238' title='bbox 3409 1693 3802 1750; x_wconf 84' lang='lat' dir='ltr'><strong>similitudini-</strong></span> 
     </span>
    </p>
   </div>
   <div class='ocr_carea' id='block_1_33' title="bbox 402 1786 3801 1879">
    <p class='ocr_par' dir='ltr' id='par_1_33' title="bbox 402 1786 3801 1879">
     <span class='ocr_line' id='line_1_33' title="bbox 402 1786 3801 1879; baseline -0.002 -34"><span class='ocrx_word' id='word_1_239' title='bbox 402 1791 596 1845; x_wconf 91' lang='lat' dir='ltr'><strong>Unum</strong></span> <span class='ocrx_word' id='word_1_240' title='bbox 627 1793 832 1856; x_wconf 84' lang='lat' dir='ltr'><strong>restat,</strong></span> <span class='ocrx_word' id='word_1_241' title='bbox 857 1793 925 1842; x_wconf 92' lang='lat' dir='ltr'><strong>ut</strong></span> <span class='ocrx_word' id='word_1_242' title='bbox 952 1787 1002 1842; x_wconf 90' lang='lat' dir='ltr'><strong>si</strong></span> <span class='ocrx_word' id='word_1_243' title='bbox 1051 1787 1233 1842; x_wconf 90' lang='lat' dir='ltr'><strong>Filius</strong></span> <span class='ocrx_word' id='word_1_244' title='bbox 1259 1803 1428 1859; x_wconf 76' lang='lat' dir='ltr'><strong>mque</strong></span> <span class='ocrx_word' id='word_1_245' title='bbox 1459 1804 1527 1843; x_wconf 90' lang='lat' dir='ltr'><strong>ac</strong></span> <span class='ocrx_word' id='word_1_246' title='bbox 1558 1793 1726 1843; x_wconf 88' lang='lat' dir='ltr'><strong>Pater</strong></span> <span class='ocrx_word' id='word_1_247' title='bbox 1755 1789 2055 1846; x_wconf 90' lang='lat' dir='ltr'><strong>increatus</strong></span> <span class='ocrx_word' id='word_1_248' title='bbox 2085 1813 2132 1879; x_wconf 79' lang='grc' dir='ltr'><strong>Β</strong></span> <span class='ocrx_word' id='word_1_249' title='bbox 2161 1792 2272 1847; x_wconf 90' lang='lat' dir='ltr'><strong>bus</strong></span> <span class='ocrx_word' id='word_1_250' title='bbox 2299 1791 2426 1847; x_wconf 91' lang='lat' dir='ltr'><strong>sola</strong></span> <span class='ocrx_word' id='word_1_251' title='bbox 2454 1789 2791 1846; x_wconf 89' lang='lat' dir='ltr'><strong>necessario</strong></span> <span class='ocrx_word' id='word_1_252' title='bbox 2832 1789 2882 1843; x_wconf 90' lang='lat' dir='ltr'><strong>vi</strong></span> <span class='ocrx_word' id='word_1_253' title='bbox 2915 1789 3325 1861; x_wconf 87' lang='lat' dir='ltr'><strong>generationis</strong></span> <span class='ocrx_word' id='word_1_254' title='bbox 3384 1791 3673 1843; x_wconf 88' lang='lat' dir='ltr'><strong>remanet.</strong></span> <span class='ocrx_word' id='word_1_255' title='bbox 3703 1786 3801 1841; x_wconf 81' lang='lat' dir='ltr'><strong>Nec</strong></span> 
     </span>
    </p>
   </div>
   <div class='ocr_carea' id='block_1_34' title="bbox 401 1877 2053 1948">
    <p class='ocr_par' dir='ltr' id='par_1_34' title="bbox 401 1877 2053 1948">
     <span class='ocr_line' id='line_1_34' title="bbox 401 1877 2053 1948; baseline -0.001 -14"><span class='ocrx_word' id='word_1_256' title='bbox 401 1885 511 1948; x_wconf 90' lang='lat' dir='ltr'><strong>est,</strong></span> <span class='ocrx_word' id='word_1_257' title='bbox 545 1880 699 1934; x_wconf 89' lang='lat' dir='ltr'><strong>Deus</strong></span> <span class='ocrx_word' id='word_1_258' title='bbox 730 1883 789 1933; x_wconf 91' lang='lat' dir='ltr'><strong>et</strong></span> <span class='ocrx_word' id='word_1_259' title='bbox 842 1877 1131 1933; x_wconf 91' lang='lat' dir='ltr'><strong>Dominus</strong></span> <span class='ocrx_word' id='word_1_260' title='bbox 1159 1893 1352 1943; x_wconf 90' lang='lat' dir='ltr'><strong>verus,</strong></span> <span class='ocrx_word' id='word_1_261' title='bbox 1412 1894 1532 1933; x_wconf 91' lang='lat' dir='ltr'><strong>una</strong></span> <span class='ocrx_word' id='word_1_262' title='bbox 1563 1884 1619 1933; x_wconf 92' lang='lat' dir='ltr'><strong>et</strong></span> <span class='ocrx_word' id='word_1_263' title='bbox 1648 1877 1857 1934; x_wconf 91' lang='lat' dir='ltr'><strong>eadem</strong></span> <span class='ocrx_word' id='word_1_264' title='bbox 1905 1878 2053 1934; x_wconf 87' lang='lat' dir='ltr'><strong>divi—</strong></span> 
     </span>
    </p>
   </div>
   <div class='ocr_carea' id='block_1_35' title="bbox 397 1967 2055 2040">
    <p class='ocr_par' dir='ltr' id='par_1_35' title="bbox 397 1967 2055 2040">
     <span class='ocr_line' id='line_1_35' title="bbox 397 1967 2055 2040; baseline -0.001 -15"><span class='ocrx_word' id='word_1_265' title='bbox 397 1969 584 2025; x_wconf 88' lang='lat' dir='ltr'><strong>nitate</strong></span> <span class='ocrx_word' id='word_1_266' title='bbox 614 1967 728 2040; x_wconf 88' lang='lat' dir='ltr'><strong>ipsi</strong></span> <span class='ocrx_word' id='word_1_267' title='bbox 751 1967 1128 2039; x_wconf 90' lang='lat' dir='ltr'><strong>conjunctus,</strong></span> <span class='ocrx_word' id='word_1_268' title='bbox 1152 1983 1272 2022; x_wconf 92' lang='lat' dir='ltr'><strong>uno</strong></span> <span class='ocrx_word' id='word_1_269' title='bbox 1304 1983 1540 2039; x_wconf 89' lang='lat' dir='ltr'><strong>quoque</strong></span> <span class='ocrx_word' id='word_1_270' title='bbox 1563 1975 1622 2024; x_wconf 92' lang='lat' dir='ltr'><strong>et</strong></span> <span class='ocrx_word' id='word_1_271' title='bbox 1651 1969 1866 2040; x_wconf 64' lang='lat' dir='ltr'><strong>aequali</strong></span> <span class='ocrx_word' id='word_1_272' title='bbox 1891 1968 2055 2024; x_wconf 89' lang='lat' dir='ltr'><strong>cultu</strong></span> 
     </span>
    </p>
   </div>
   <div class='ocr_carea' id='block_1_36' title="bbox 397 2057 2054 2131">
    <p class='ocr_par' dir='ltr' id='par_1_36' title="bbox 397 2057 2054 2131">
     <span class='ocr_line' id='line_1_36' title="bbox 397 2057 2054 2131; baseline 0.001 -17"><span class='ocrx_word' id='word_1_273' title='bbox 397 2075 534 2114; x_wconf 91' lang='lat' dir='ltr'><strong>cum</strong></span> <span class='ocrx_word' id='word_1_274' title='bbox 565 2058 696 2130; x_wconf 91' lang='lat' dir='ltr'><strong>ipso</strong></span> <span class='ocrx_word' id='word_1_275' title='bbox 725 2057 1024 2112; x_wconf 88' lang='lat' dir='ltr'><strong>adoretur.</strong></span> <span class='ocrx_word' id='word_1_276' title='bbox 1076 2059 1157 2113; x_wconf 87' lang='lat' dir='ltr'><strong>Ea</strong></span> <span class='ocrx_word' id='word_1_277' title='bbox 1202 2074 1439 2128; x_wconf 90' lang='lat' dir='ltr'><strong>quoque</strong></span> <span class='ocrx_word' id='word_1_278' title='bbox 1489 2058 1694 2131; x_wconf 87' lang='lat' dir='ltr'><strong>Cyrilli</strong></span> <span class='ocrx_word' id='word_1_279' title='bbox 1736 2059 2054 2118; x_wconf 86' lang='lat' dir='ltr'><strong>sententia.</strong></span> 
     </span>
    </p>
   </div>
   <div class='ocr_carea' id='block_1_37' title="bbox 397 2148 2058 2220">
    <p class='ocr_par' dir='ltr' id='par_1_37' title="bbox 397 2148 2058 2220">
     <span class='ocr_line' id='line_1_37' title="bbox 397 2148 2058 2220; baseline 0.001 -17"><span class='ocrx_word' id='word_1_280' title='bbox 397 2149 521 2204; x_wconf 88' lang='lat' dir='ltr'><strong>Cat.</strong></span> <span class='ocrx_word' id='word_1_281' title='bbox 549 2151 636 2216; x_wconf 82' lang='lat' dir='ltr'><strong>ll,</strong></span> <span class='ocrx_word' id='word_1_282' title='bbox 663 2163 721 2203; x_wconf 93' lang='lat' dir='ltr'><strong>n.</strong></span> <span class='ocrx_word' id='word_1_283' title='bbox 747 2149 847 2203; x_wconf 85' lang='lat' dir='ltr'><strong>l7:</strong></span> <span class='ocrx_word' id='word_1_284' title='bbox 869 2169 898 2197; x_wconf 77' lang='lat'><strong>«</strong></span> <span class='ocrx_word' id='word_1_285' title='bbox 936 2148 1094 2202; x_wconf 91' lang='lat' dir='ltr'><strong>Unus</strong></span> <span class='ocrx_word' id='word_1_286' title='bbox 1119 2149 1294 2202; x_wconf 89' lang='lat' dir='ltr'><strong>Pater</strong></span> <span class='ocrx_word' id='word_1_287' title='bbox 1322 2163 1428 2220; x_wconf 88' lang='lat' dir='ltr'><strong>per</strong></span> <span class='ocrx_word' id='word_1_288' title='bbox 1457 2164 1643 2204; x_wconf 90' lang='lat' dir='ltr'><strong>unum</strong></span> <span class='ocrx_word' id='word_1_289' title='bbox 1673 2149 1885 2204; x_wconf 86' lang='lat' dir='ltr'><strong>Filium</strong></span> <span class='ocrx_word' id='word_1_290' title='bbox 1915 2149 2058 2205; x_wconf 81' lang='lat' dir='ltr'><strong>ado-</strong></span> 
     </span>
    </p>
   </div>
   <div class='ocr_carea' id='block_1_38' title="bbox 399 2237 2058 2309">
    <p class='ocr_par' dir='ltr' id='par_1_38' title="bbox 399 2237 2058 2309">
     <span class='ocr_line' id='line_1_38' title="bbox 399 2237 2058 2309; baseline 0.004 -20"><span class='ocrx_word' id='word_1_291' title='bbox 399 2261 428 2289; x_wconf 80' lang='grc' dir='ltr'>α</span> <span class='ocrx_word' id='word_1_292' title='bbox 452 2243 635 2306; x_wconf 90' lang='lat' dir='ltr'><strong>retur,</strong></span> <span class='ocrx_word' id='word_1_293' title='bbox 657 2255 853 2309; x_wconf 88' lang='lat' dir='ltr'><strong>neque</strong></span> <span class='ocrx_word' id='word_1_294' title='bbox 875 2237 1174 2294; x_wconf 86' lang='lat' dir='ltr'><strong>dividatur</strong></span> <span class='ocrx_word' id='word_1_295' title='bbox 1202 2238 1491 2295; x_wconf 89' lang='lat' dir='ltr'><strong>adoratio.</strong></span> <span class='ocrx_word' id='word_1_296' title='bbox 1511 2240 1636 2294; x_wconf 88' lang='lat' dir='ltr'><strong>Cat.</strong></span> <span class='ocrx_word' id='word_1_297' title='bbox 1667 2241 1756 2305; x_wconf 89' lang='grc'><strong>10,</strong></span> <span class='ocrx_word' id='word_1_298' title='bbox 1788 2256 1848 2294; x_wconf 91' lang='lat' dir='ltr'><strong>n.</strong></span> <span class='ocrx_word' id='word_1_299' title='bbox 1873 2242 1972 2294; x_wconf 82' lang='lat' dir='ltr'><strong>l2:</strong></span> <span class='ocrx_word' id='word_1_300' title='bbox 2002 2241 2058 2295; x_wconf 92' lang='lat' dir='ltr'><strong>Si</strong></span> 
     </span>
    </p>
   </div>
   <div class='ocr_carea' id='block_1_39' title="bbox 400 2325 2062 2400">
    <p class='ocr_par' dir='ltr' id='par_1_39' title="bbox 400 2325 2062 2400">
     <span class='ocr_line' id='line_1_39' title="bbox 400 2325 2062 2400; baseline 0 -20"><span class='ocrx_word' id='word_1_301' title='bbox 400 2349 428 2380; x_wconf 84' lang='lat'><strong>«</strong></span> <span class='ocrx_word' id='word_1_302' title='bbox 453 2329 590 2400; x_wconf 89' lang='lat' dir='ltr'><strong>quis</strong></span> <span class='ocrx_word' id='word_1_303' title='bbox 610 2328 746 2399; x_wconf 90' lang='lat' dir='ltr'><strong>pius</strong></span> <span class='ocrx_word' id='word_1_304' title='bbox 763 2328 828 2382; x_wconf 90' lang='lat' dir='ltr'><strong>in</strong></span> <span class='ocrx_word' id='word_1_305' title='bbox 847 2329 1036 2383; x_wconf 90' lang='lat' dir='ltr'><strong>Deum</strong></span> <span class='ocrx_word' id='word_1_306' title='bbox 1054 2343 1184 2382; x_wconf 88' lang='lat' dir='ltr'><strong>esse</strong></span> <span class='ocrx_word' id='word_1_307' title='bbox 1201 2326 1586 2394; x_wconf 86' lang='lat' dir='ltr'><strong>velit,Filium</strong></span> <span class='ocrx_word' id='word_1_308' title='bbox 1603 2325 2062 2400; x_wconf 86' lang='lat' dir='ltr'><strong>adoret;alioqui</strong></span> 
     </span>
    </p>
   </div>
   <div class='ocr_carea' id='block_1_40' title="bbox 405 2414 2062 2488">
    <p class='ocr_par' dir='ltr' id='par_1_40' title="bbox 405 2414 2062 2488">
     <span class='ocr_line' id='line_1_40' title="bbox 405 2414 2062 2488; baseline 0.004 -20"><span class='ocrx_word' id='word_1_309' title='bbox 405 2439 430 2468; x_wconf 77' lang='grc' dir='ltr'>ι</span> <span class='ocrx_word' id='word_1_310' title='bbox 457 2417 685 2472; x_wconf 86' lang='lat' dir='ltr'><strong>cultum</strong></span> <span class='ocrx_word' id='word_1_311' title='bbox 714 2416 846 2488; x_wconf 90' lang='lat' dir='ltr'><strong>ejus</strong></span> <span class='ocrx_word' id='word_1_312' title='bbox 864 2432 989 2471; x_wconf 90' lang='lat' dir='ltr'><strong>non</strong></span> <span class='ocrx_word' id='word_1_313' title='bbox 1015 2419 1107 2471; x_wconf 90' lang='lat' dir='ltr'><strong>est</strong></span> <span class='ocrx_word' id='word_1_314' title='bbox 1126 2414 1518 2472; x_wconf 88' lang='lat' dir='ltr'><strong>admissurus.</strong></span> <span class='ocrx_word' id='word_1_315' title='bbox 1547 2433 1574 2468; x_wconf 73' lang='grc' dir='ltr'><strong>ο</strong></span> <span class='ocrx_word' id='word_1_316' title='bbox 1597 2415 1729 2472; x_wconf 78' lang='lat' dir='ltr'><strong>Alia</strong></span> <span class='ocrx_word' id='word_1_317' title='bbox 1754 2417 2062 2474; x_wconf 88' lang='lat' dir='ltr'><strong>citavimus</strong></span> 
     </span>
    </p>
   </div>
   <div class='ocr_carea' id='block_1_41' title="bbox 405 2505 2065 2580">
    <p class='ocr_par' dir='ltr' id='par_1_41' title="bbox 405 2505 2065 2580">
     <span class='ocr_line' id='line_1_41' title="bbox 405 2505 2065 2580; baseline 0.001 -18"><span class='ocrx_word' id='word_1_318' title='bbox 405 2507 540 2562; x_wconf 88' lang='lat' dir='ltr'><strong>loca</strong></span> <span class='ocrx_word' id='word_1_319' title='bbox 569 2521 697 2576; x_wconf 88' lang='lat' dir='ltr'><strong>cap.</strong></span> <span class='ocrx_word' id='word_1_320' title='bbox 734 2509 786 2572; x_wconf 90' lang='grc'><strong>1,</strong></span> <span class='ocrx_word' id='word_1_321' title='bbox 821 2521 880 2559; x_wconf 92' lang='lat' dir='ltr'><strong>n.</strong></span> <span class='ocrx_word' id='word_1_322' title='bbox 916 2508 969 2559; x_wconf 84' lang='lat'><strong>6.</strong></span> <span class='ocrx_word' id='word_1_323' title='bbox 1004 2505 1140 2559; x_wconf 74' lang='lat' dir='ltr'><strong>Hinc</strong></span> <span class='ocrx_word' id='word_1_324' title='bbox 1188 2505 1390 2561; x_wconf 88' lang='lat' dir='ltr'><strong>omnia</strong></span> <span class='ocrx_word' id='word_1_325' title='bbox 1439 2522 1570 2576; x_wconf 69' lang='lat' dir='ltr'><strong>quin</strong></span> <span class='ocrx_word' id='word_1_326' title='bbox 1621 2507 1895 2578; x_wconf 89' lang='lat' dir='ltr'><strong>superius</strong></span> <span class='ocrx_word' id='word_1_327' title='bbox 1925 2525 2065 2580; x_wconf 89' lang='lat' dir='ltr'><strong>pro-</strong></span> 
     </span>
    </p>
   </div>
   <div class='ocr_carea' id='block_1_42' title="bbox 405 2593 2062 2668">
    <p class='ocr_par' dir='ltr' id='par_1_42' title="bbox 405 2593 2062 2668">
     <span class='ocr_line' id='line_1_42' title="bbox 405 2593 2062 2668; baseline 0.003 -18"><span class='ocrx_word' id='word_1_328' title='bbox 405 2595 549 2650; x_wconf 88' lang='lat' dir='ltr'><strong>duxi</strong></span> <span class='ocrx_word' id='word_1_329' title='bbox 581 2593 946 2660; x_wconf 90' lang='lat' dir='ltr'><strong>testimonia,</strong></span> <span class='ocrx_word' id='word_1_330' title='bbox 977 2594 1212 2650; x_wconf 89' lang='lat' dir='ltr'><strong>etiamsi</strong></span> <span class='ocrx_word' id='word_1_331' title='bbox 1243 2611 1278 2650; x_wconf 93' lang='lat' dir='ltr'><strong>a</strong></span> <span class='ocrx_word' id='word_1_332' title='bbox 1305 2595 1526 2668; x_wconf 83' lang='lat' dir='ltr'><strong>Cyrillo</strong></span> <span class='ocrx_word' id='word_1_333' title='bbox 1559 2611 1680 2652; x_wconf 92' lang='lat' dir='ltr'><strong>non</strong></span> <span class='ocrx_word' id='word_1_334' title='bbox 1712 2597 1794 2652; x_wconf 89' lang='lat' dir='ltr'><strong>ita</strong></span> <span class='ocrx_word' id='word_1_335' title='bbox 1841 2597 2062 2655; x_wconf 91' lang='lat' dir='ltr'><strong>diluci-</strong></span> 
     </span>
    </p>
   </div>
   <div class='ocr_carea' id='block_1_43' title="bbox 408 2684 2067 2758">
    <p class='ocr_par' dir='ltr' id='par_1_43' title="bbox 408 2684 2067 2758">
     <span class='ocr_line' id='line_1_43' title="bbox 408 2684 2067 2758; baseline 0.002 -18"><span class='ocrx_word' id='word_1_336' title='bbox 408 2685 482 2740; x_wconf 89' lang='lat' dir='ltr'><strong>de</strong></span> <span class='ocrx_word' id='word_1_337' title='bbox 513 2684 860 2756; x_wconf 88' lang='lat' dir='ltr'><strong>etcopiose,</strong></span> <span class='ocrx_word' id='word_1_338' title='bbox 893 2689 962 2740; x_wconf 91' lang='lat' dir='ltr'><strong>ut</strong></span> <span class='ocrx_word' id='word_1_339' title='bbox 997 2684 1160 2755; x_wconf 84' lang='lat' dir='ltr'><strong>facit,</strong></span> <span class='ocrx_word' id='word_1_340' title='bbox 1209 2685 1671 2758; x_wconf 85' lang='lat' dir='ltr'><strong>explicarentur,</strong></span> <span class='ocrx_word' id='word_1_341' title='bbox 1718 2689 1974 2744; x_wconf 90' lang='lat' dir='ltr'><strong>naturali</strong></span> <span class='ocrx_word' id='word_1_342' title='bbox 2009 2695 2067 2744; x_wconf 88' lang='lat' dir='ltr'><strong>et</strong></span> 
     </span>
    </p>
   </div>
   <div class='ocr_carea' id='block_1_44' title="bbox 407 2767 2066 2834">
    <p class='ocr_par' dir='ltr' id='par_1_44' title="bbox 407 2767 2066 2834">
     <span class='ocr_line' id='line_1_44' title="bbox 407 2767 2066 2834; baseline 0.002 -4"><span class='ocrx_word' id='word_1_343' title='bbox 407 2773 581 2830; x_wconf 89' lang='lat' dir='ltr'><strong>obvio</strong></span> <span class='ocrx_word' id='word_1_344' title='bbox 610 2789 795 2830; x_wconf 88' lang='lat' dir='ltr'><strong>sensu</strong></span> <span class='ocrx_word' id='word_1_345' title='bbox 820 2779 1023 2830; x_wconf 86' lang='lat' dir='ltr'><strong>essent</strong></span> <span class='ocrx_word' id='word_1_346' title='bbox 1051 2767 1360 2831; x_wconf 89' lang='lat' dir='ltr'><strong>sumenda.</strong></span> <span class='ocrx_word' id='word_1_347' title='bbox 1397 2777 1529 2832; x_wconf 66' lang='lat' dir='ltr'><strong>Haec</strong></span> <span class='ocrx_word' id='word_1_348' title='bbox 1561 2777 1724 2832; x_wconf 90' lang='lat' dir='ltr'><strong>enim</strong></span> <span class='ocrx_word' id='word_1_349' title='bbox 1756 2795 1877 2833; x_wconf 92' lang='lat' dir='ltr'><strong>non</strong></span> <span class='ocrx_word' id='word_1_350' title='bbox 1924 2779 2066 2834; x_wconf 90' lang='lat' dir='ltr'><strong>sub-</strong></span> 
     </span>
    </p>
   </div>
   <div class='ocr_carea' id='block_1_45' title="bbox 411 2862 2064 2936">
    <p class='ocr_par' dir='ltr' id='par_1_45' title="bbox 411 2862 2064 2936">
     <span class='ocr_line' id='line_1_45' title="bbox 411 2862 2064 2936; baseline 0.002 -16"><span class='ocrx_word' id='word_1_351' title='bbox 411 2864 596 2920; x_wconf 89' lang='lat' dir='ltr'><strong>tiliter</strong></span> <span class='ocrx_word' id='word_1_352' title='bbox 622 2880 760 2920; x_wconf 90' lang='lat' dir='ltr'><strong>cum</strong></span> <span class='ocrx_word' id='word_1_353' title='bbox 786 2864 995 2936; x_wconf 81' lang='lat' dir='ltr'><strong>peritis</strong></span> <span class='ocrx_word' id='word_1_354' title='bbox 1027 2862 1348 2936; x_wconf 90' lang='lat' dir='ltr'><strong>disputata,</strong></span> <span class='ocrx_word' id='word_1_355' title='bbox 1381 2865 1484 2922; x_wconf 91' lang='lat' dir='ltr'><strong>sed</strong></span> <span class='ocrx_word' id='word_1_356' title='bbox 1515 2883 1548 2922; x_wconf 87' lang='lat' dir='ltr'><strong>a</strong></span> <span class='ocrx_word' id='word_1_357' title='bbox 1577 2867 1758 2922; x_wconf 86' lang='lat' dir='ltr'><strong>rudes</strong></span> <span class='ocrx_word' id='word_1_358' title='bbox 1790 2868 2064 2923; x_wconf 78' lang='lat' dir='ltr'><strong>Ecclesiae</strong></span> 
     </span>
    </p>
   </div>
   <div class='ocr_carea' id='block_1_46' title="bbox 408 2953 2064 3028">
    <p class='ocr_par' dir='ltr' id='par_1_46' title="bbox 408 2953 2064 3028">
     <span class='ocr_line' id='line_1_46' title="bbox 408 2953 2064 3028; baseline 0.002 -18"><span class='ocrx_word' id='word_1_359' title='bbox 408 2953 759 3010; x_wconf 88' lang='lat' dir='ltr'><strong>candidatos</strong></span> <span class='ocrx_word' id='word_1_360' title='bbox 789 2953 1142 3024; x_wconf 87' lang='lat' dir='ltr'><strong>simpliciter</strong></span> <span class='ocrx_word' id='word_1_361' title='bbox 1174 2954 1461 3025; x_wconf 87' lang='lat' dir='ltr'><strong>exposita,</strong></span> <span class='ocrx_word' id='word_1_362' title='bbox 1485 2955 1586 3027; x_wconf 92' lang='lat' dir='ltr'><strong>qui</strong></span> <span class='ocrx_word' id='word_1_363' title='bbox 1615 2956 1850 3028; x_wconf 89' lang='lat' dir='ltr'><strong>singula</strong></span> <span class='ocrx_word' id='word_1_364' title='bbox 1867 2957 2064 3026; x_wconf 87' lang='lat' dir='ltr'><strong>verba,</strong></span> 
     </span>
    </p>
   </div>
   <div class='ocr_carea' id='block_1_47' title="bbox 406 3044 2070 3118">
    <p class='ocr_par' dir='ltr' id='par_1_47' title="bbox 406 3044 2070 3118">
     <span class='ocr_line' id='line_1_47' title="bbox 406 3044 2070 3118; baseline 0.003 -18"><span class='ocrx_word' id='word_1_365' title='bbox 406 3050 586 3118; x_wconf 91' lang='lat' dir='ltr'><strong>prout</strong></span> <span class='ocrx_word' id='word_1_366' title='bbox 606 3050 842 3114; x_wconf 89' lang='lat' dir='ltr'><strong>sonant,</strong></span> <span class='ocrx_word' id='word_1_367' title='bbox 873 3044 1216 3116; x_wconf 88' lang='lat' dir='ltr'><strong>usurpaturi</strong></span> <span class='ocrx_word' id='word_1_368' title='bbox 1238 3051 1428 3100; x_wconf 87' lang='lat' dir='ltr'><strong>erant.</strong></span> <span class='ocrx_word' id='word_1_369' title='bbox 1463 3047 1578 3102; x_wconf 84' lang='lat' dir='ltr'><strong>Nec</strong></span> <span class='ocrx_word' id='word_1_370' title='bbox 1609 3048 1771 3103; x_wconf 90' lang='lat' dir='ltr'><strong>enim</strong></span> <span class='ocrx_word' id='word_1_371' title='bbox 1801 3049 1949 3104; x_wconf 89' lang='lat' dir='ltr'><strong>duas</strong></span> <span class='ocrx_word' id='word_1_372' title='bbox 1971 3049 2070 3105; x_wconf 88' lang='lat' dir='ltr'><strong>ba-</strong></span> 
     </span>
    </p>
   </div>
   <div class='ocr_carea' id='block_1_48' title="bbox 409 3135 2140 3250">
    <p class='ocr_par' dir='ltr' id='par_1_48' title="bbox 409 3135 2140 3250">
     <span class='ocr_line' id='line_1_48' title="bbox 409 3135 2140 3250; baseline 0.003 -60"><span class='ocrx_word' id='word_1_373' title='bbox 409 3151 547 3191; x_wconf 89' lang='lat' dir='ltr'><strong>rum</strong></span> <span class='ocrx_word' id='word_1_374' title='bbox 579 3151 814 3202; x_wconf 89' lang='lat' dir='ltr'><strong>vocum,</strong></span> <span class='ocrx_word' id='word_1_375' title='bbox 845 3135 1004 3202; x_wconf 90' lang='lat' dir='ltr'><strong>Deus,</strong></span> <span class='ocrx_word' id='word_1_376' title='bbox 1031 3141 1342 3205; x_wconf 83' lang='lat' dir='ltr'><strong>generatus,</strong></span> <span class='ocrx_word' id='word_1_377' title='bbox 1367 3135 1564 3204; x_wconf 82' lang='lat' dir='ltr'><strong>Filius,</strong></span> <span class='ocrx_word' id='word_1_378' title='bbox 1591 3137 1868 3208; x_wconf 78' lang='lat' dir='ltr'><strong>adoratio,</strong></span> <span class='ocrx_word' id='word_1_379' title='bbox 1902 3140 2064 3195; x_wconf 86' lang='lat' dir='ltr'><strong>ideas</strong></span> <span class='ocrx_word' id='word_1_380' title='bbox 2097 3183 2140 3250; x_wconf 66' lang='grc' dir='ltr'>Ο</span> 
     </span>
     <span class='ocr_line' id='line_1_49' title="bbox 415 3223 2029 3250; baseline 0 0"><span class='ocrx_word' id='word_1_381' title='bbox 415 3243 479 3250; x_wconf 81' lang='grc'><strong>--</strong></span> <span class='ocrx_word' id='word_1_382' title='bbox 514 3224 786 3250; x_wconf 61' lang='lat' dir='ltr'><strong>_-l:...‘....</strong></span> <span class='ocrx_word' id='word_1_383' title='bbox 844 3223 943 3250; x_wconf 63' lang='grc' dir='ltr'><strong>..ι-,Ι</strong></span> <span class='ocrx_word' id='word_1_384' title='bbox 979 3239 1157 3250; x_wconf 62' lang='grc' dir='ltr'><strong>...ιη-η.</strong></span> <span class='ocrx_word' id='word_1_385' title='bbox 1197 3225 1528 3250; x_wconf 64' lang='lat'><strong>-.........--.:-</strong></span> <span class='ocrx_word' id='word_1_386' title='bbox 1577 3242 1641 3250; x_wconf 70' lang='grc' dir='ltr'><strong>ι.-</strong></span> <span class='ocrx_word' id='word_1_387' title='bbox 1694 3227 1935 3250; x_wconf 71' lang='grc' dir='ltr'><strong>..--1--ι..</strong></span> <span class='ocrx_word' id='word_1_388' title='bbox 1990 3230 2029 3250; x_wconf 72' lang='grc' dir='ltr'><strong>,ε</strong></span> 
     </span>
    </p>
   </div>
   <div class='ocr_carea' id='block_1_49' title="bbox 413 3223 2064 3300">
    <p class='ocr_par' dir='ltr' id='par_1_49' title="bbox 413 3223 2064 3300">
     <span class='ocr_line' id='line_1_50' title="bbox 413 3223 2064 3300; baseline 0.001 -18"><span class='ocrx_word' id='word_1_389' title='bbox 413 3243 482 3282; x_wconf 90' lang='lat' dir='ltr'><strong>ac</strong></span> <span class='ocrx_word' id='word_1_390' title='bbox 514 3224 813 3292; x_wconf 86' lang='lat' dir='ltr'><strong>notiones,</strong></span> <span class='ocrx_word' id='word_1_391' title='bbox 844 3223 949 3279; x_wconf 90' lang='lat' dir='ltr'><strong>sed</strong></span> <span class='ocrx_word' id='word_1_392' title='bbox 979 3239 1161 3278; x_wconf 90' lang='lat' dir='ltr'><strong>unam</strong></span> <span class='ocrx_word' id='word_1_393' title='bbox 1195 3225 1530 3280; x_wconf 88' lang='lat' dir='ltr'><strong>communis</strong></span> <span class='ocrx_word' id='word_1_394' title='bbox 1575 3242 1643 3282; x_wconf 87' lang='lat' dir='ltr'><strong>ac</strong></span> <span class='ocrx_word' id='word_1_395' title='bbox 1694 3227 1940 3300; x_wconf 66' lang='lat' dir='ltr'><strong>vulgatae</strong></span> <span class='ocrx_word' id='word_1_396' title='bbox 1985 3230 2064 3283; x_wconf 92' lang='lat' dir='ltr'><strong>si-</strong></span> 
     </span>
    </p>
   </div>
   <div class='ocr_carea' id='block_1_50' title="bbox 412 3314 2068 3389">
    <p class='ocr_par' dir='ltr' id='par_1_50' title="bbox 412 3314 2068 3389">
     <span class='ocr_line' id='line_1_51' title="bbox 412 3314 2068 3389; baseline 0.002 -18"><span class='ocrx_word' id='word_1_397' title='bbox 412 3314 811 3389; x_wconf 87' lang='lat' dir='ltr'><strong>gnificationis</strong></span> <span class='ocrx_word' id='word_1_398' title='bbox 839 3314 1159 3370; x_wconf 90' lang='lat' dir='ltr'><strong>habebant.</strong></span> <span class='ocrx_word' id='word_1_399' title='bbox 1193 3317 1378 3371; x_wconf 88' lang='lat' dir='ltr'><strong>Deum</strong></span> <span class='ocrx_word' id='word_1_400' title='bbox 1397 3332 1532 3370; x_wconf 90' lang='lat' dir='ltr'><strong>cum</strong></span> <span class='ocrx_word' id='word_1_401' title='bbox 1562 3315 1904 3386; x_wconf 88' lang='lat' dir='ltr'><strong>audiebant,</strong></span> <span class='ocrx_word' id='word_1_402' title='bbox 1937 3319 2068 3374; x_wconf 90' lang='lat' dir='ltr'><strong>uni-</strong></span> 
     </span>
    </p>
   </div>
   <div class='ocr_carea' id='block_1_51' title="bbox 419 3405 2069 3479">
    <p class='ocr_par' dir='ltr' id='par_1_51' title="bbox 419 3405 2069 3479">
     <span class='ocr_line' id='line_1_52' title="bbox 419 3405 2069 3479; baseline 0.001 -16"><span class='ocrx_word' id='word_1_403' title='bbox 419 3422 556 3464; x_wconf 91' lang='lat' dir='ltr'><strong>cum</strong></span> <span class='ocrx_word' id='word_1_404' title='bbox 604 3411 663 3462; x_wconf 90' lang='lat' dir='ltr'><strong>et</strong></span> <span class='ocrx_word' id='word_1_405' title='bbox 709 3421 1010 3461; x_wconf 90' lang='lat' dir='ltr'><strong>summum</strong></span> <span class='ocrx_word' id='word_1_406' title='bbox 1055 3422 1279 3462; x_wconf 90' lang='lat' dir='ltr'><strong>numen</strong></span> <span class='ocrx_word' id='word_1_407' title='bbox 1327 3405 1759 3479; x_wconf 85' lang='lat' dir='ltr'><strong>intelligebant.</strong></span> <span class='ocrx_word' id='word_1_408' title='bbox 1810 3410 2069 3465; x_wconf 87' lang='lat' dir='ltr'><strong>Genera-</strong></span> 
     </span>
    </p>
   </div>
   <div class='ocr_carea' id='block_1_52' title="bbox 419 3497 2067 3570">
    <p class='ocr_par' dir='ltr' id='par_1_52' title="bbox 419 3497 2067 3570">
     <span class='ocr_line' id='line_1_53' title="bbox 419 3497 2067 3570; baseline 0.001 -16"><span class='ocrx_word' id='word_1_409' title='bbox 419 3506 547 3556; x_wconf 90' lang='lat' dir='ltr'><strong>tum</strong></span> <span class='ocrx_word' id='word_1_410' title='bbox 577 3497 1016 3570; x_wconf 89' lang='lat' dir='ltr'><strong>concipiebant,</strong></span> <span class='ocrx_word' id='word_1_411' title='bbox 1049 3499 1151 3569; x_wconf 90' lang='lat' dir='ltr'><strong>qui</strong></span> <span class='ocrx_word' id='word_1_412' title='bbox 1183 3514 1254 3553; x_wconf 87' lang='lat' dir='ltr'><strong>ex</strong></span> <span class='ocrx_word' id='word_1_413' title='bbox 1300 3499 1492 3554; x_wconf 90' lang='lat' dir='ltr'><strong>Patris</strong></span> <span class='ocrx_word' id='word_1_414' title='bbox 1532 3498 1867 3556; x_wconf 87' lang='lat' dir='ltr'><strong>substantia</strong></span> <span class='ocrx_word' id='word_1_415' title='bbox 1894 3517 2067 3556; x_wconf 85' lang='lat' dir='ltr'><strong>cons-</strong></span> 
     </span>
    </p>
   </div>
   <div class='ocr_carea' id='block_1_53' title="bbox 415 3587 2066 3662">
    <p class='ocr_par' dir='ltr' id='par_1_53' title="bbox 415 3587 2066 3662">
     <span class='ocr_line' id='line_1_54' title="bbox 415 3587 2066 3662; baseline 0.001 -17"><span class='ocrx_word' id='word_1_416' title='bbox 415 3594 604 3656; x_wconf 85' lang='lat' dir='ltr'><strong>taret;</strong></span> <span class='ocrx_word' id='word_1_417' title='bbox 637 3587 890 3662; x_wconf 80' lang='lat' dir='ltr'><strong>[CXLIX]</strong></span> <span class='ocrx_word' id='word_1_418' title='bbox 951 3587 1182 3656; x_wconf 83' lang='lat' dir='ltr'><strong>Filium,</strong></span> <span class='ocrx_word' id='word_1_419' title='bbox 1231 3588 1332 3658; x_wconf 93' lang='lat' dir='ltr'><strong>qui</strong></span> <span class='ocrx_word' id='word_1_420' title='bbox 1388 3593 1607 3644; x_wconf 89' lang='lat' dir='ltr'><strong>natura</strong></span> <span class='ocrx_word' id='word_1_421' title='bbox 1659 3588 1910 3646; x_wconf 87' lang='lat' dir='ltr'><strong>referret</strong></span> <span class='ocrx_word' id='word_1_422' title='bbox 1957 3592 2066 3646; x_wconf 87' lang='lat' dir='ltr'><strong>Pa-</strong></span> 
     </span>
    </p>
   </div>
   <div class='ocr_carea' id='block_1_54' title="bbox 416 3675 2069 3750">
    <p class='ocr_par' dir='ltr' id='par_1_54' title="bbox 416 3675 2069 3750">
     <span class='ocr_line' id='line_1_55' title="bbox 416 3675 2069 3750; baseline 0.001 -16"><span class='ocrx_word' id='word_1_423' title='bbox 416 3685 607 3745; x_wconf 89' lang='lat' dir='ltr'><strong>trem;</strong></span> <span class='ocrx_word' id='word_1_424' title='bbox 641 3677 744 3750; x_wconf 92' lang='lat' dir='ltr'><strong>qui</strong></span> <span class='ocrx_word' id='word_1_425' title='bbox 794 3675 1135 3734; x_wconf 89' lang='lat' dir='ltr'><strong>adorandus</strong></span> <span class='ocrx_word' id='word_1_426' title='bbox 1194 3677 1656 3750; x_wconf 89' lang='lat' dir='ltr'><strong>proponebatur,</strong></span> <span class='ocrx_word' id='word_1_427' title='bbox 1717 3679 1877 3735; x_wconf 90' lang='lat' dir='ltr'><strong>hunc</strong></span> <span class='ocrx_word' id='word_1_428' title='bbox 1910 3697 2069 3736; x_wconf 90' lang='lat' dir='ltr'><strong>sum-</strong></span> 
     </span>
    </p>
   </div>
   <div class='ocr_carea' id='block_1_55' title="bbox 417 3767 2074 3842">
    <p class='ocr_par' dir='ltr' id='par_1_55' title="bbox 417 3767 2074 3842">
     <span class='ocr_line' id='line_1_56' title="bbox 417 3767 2074 3842; baseline 0.001 -17"><span class='ocrx_word' id='word_1_429' title='bbox 417 3785 537 3837; x_wconf 90' lang='lat' dir='ltr'><strong>mo,</strong></span> <span class='ocrx_word' id='word_1_430' title='bbox 573 3768 675 3840; x_wconf 88' lang='lat' dir='ltr'><strong>qui</strong></span> <span class='ocrx_word' id='word_1_431' title='bbox 705 3769 883 3824; x_wconf 91' lang='lat' dir='ltr'><strong>unico</strong></span> <span class='ocrx_word' id='word_1_432' title='bbox 914 3784 981 3824; x_wconf 90' lang='lat' dir='ltr'><strong>ac</strong></span> <span class='ocrx_word' id='word_1_433' title='bbox 1009 3783 1146 3822; x_wconf 88' lang='lat' dir='ltr'><strong>vero</strong></span> <span class='ocrx_word' id='word_1_434' title='bbox 1177 3767 1296 3823; x_wconf 87' lang='lat' dir='ltr'><strong>Deo</strong></span> <span class='ocrx_word' id='word_1_435' title='bbox 1329 3767 1598 3838; x_wconf 89' lang='lat' dir='ltr'><strong>debetur;</strong></span> <span class='ocrx_word' id='word_1_436' title='bbox 1632 3770 2074 3842; x_wconf 88' lang='lat' dir='ltr'><strong>prosequeban-</strong></span> 
     </span>
    </p>
   </div>
   <div class='ocr_carea' id='block_1_56' title="bbox 413 3855 2071 3931">
    <p class='ocr_par' dir='ltr' id='par_1_56' title="bbox 413 3855 2071 3931">
     <span class='ocr_line' id='line_1_57' title="bbox 413 3855 2071 3931; baseline 0.001 -17"><span class='ocrx_word' id='word_1_437' title='bbox 413 3864 510 3914; x_wconf 89' lang='lat' dir='ltr'><strong>tur</strong></span> <span class='ocrx_word' id='word_1_438' title='bbox 539 3857 724 3914; x_wconf 91' lang='lat' dir='ltr'><strong>cultu.</strong></span> <span class='ocrx_word' id='word_1_439' title='bbox 785 3858 948 3914; x_wconf 85' lang='lat' dir='ltr'><strong>Hanc</strong></span> <span class='ocrx_word' id='word_1_440' title='bbox 995 3855 1337 3913; x_wconf 87' lang='lat' dir='ltr'><strong>auditorum</strong></span> <span class='ocrx_word' id='word_1_441' title='bbox 1388 3859 1812 3931; x_wconf 87' lang='lat' dir='ltr'><strong>cogitationem</strong></span> <span class='ocrx_word' id='word_1_442' title='bbox 1868 3865 2071 3916; x_wconf 89' lang='lat' dir='ltr'><strong>notam</strong></span> 
     </span>
    </p>
   </div>
   <div class='ocr_carea' id='block_1_57' title="bbox 413 3945 2074 4018">
    <p class='ocr_par' dir='ltr' id='par_1_57' title="bbox 413 3945 2074 4018">
     <span class='ocr_line' id='line_1_58' title="bbox 413 3945 2074 4018; baseline 0.001 -16"><span class='ocrx_word' id='word_1_443' title='bbox 413 3946 677 4002; x_wconf 80' lang='lat' dir='ltr'><strong>habebat</strong></span> <span class='ocrx_word' id='word_1_444' title='bbox 700 3946 978 4018; x_wconf 85' lang='lat' dir='ltr'><strong>Cyrillus,</strong></span> <span class='ocrx_word' id='word_1_445' title='bbox 1001 3951 1180 4016; x_wconf 87' lang='lat' dir='ltr'><strong>atque</strong></span> <span class='ocrx_word' id='word_1_446' title='bbox 1211 3945 1284 4001; x_wconf 86' lang='lat' dir='ltr'><strong>ad</strong></span> <span class='ocrx_word' id='word_1_447' title='bbox 1314 3963 1446 4002; x_wconf 89' lang='lat' dir='ltr'><strong>eam</strong></span> <span class='ocrx_word' id='word_1_448' title='bbox 1469 3948 1717 4003; x_wconf 91' lang='lat' dir='ltr'><strong>omnino</strong></span> <span class='ocrx_word' id='word_1_449' title='bbox 1737 3964 2074 4004; x_wconf 89' lang='lat' dir='ltr'><strong>sermonem</strong></span> 
     </span>
    </p>
   </div>
   <div class='ocr_carea' id='block_1_58' title="bbox 422 4033 2078 4108">
    <p class='ocr_par' dir='ltr' id='par_1_58' title="bbox 422 4033 2078 4108">
     <span class='ocr_line' id='line_1_59' title="bbox 422 4033 2078 4108; baseline 0.002 -20"><span class='ocrx_word' id='word_1_450' title='bbox 422 4038 592 4088; x_wconf 88' lang='lat' dir='ltr'><strong>tuum</strong></span> <span class='ocrx_word' id='word_1_451' title='bbox 625 4033 1110 4089; x_wconf 88' lang='lat' dir='ltr'><strong>accommodasse</strong></span> <span class='ocrx_word' id='word_1_452' title='bbox 1140 4039 1200 4090; x_wconf 90' lang='lat' dir='ltr'><strong>et</strong></span> <span class='ocrx_word' id='word_1_453' title='bbox 1227 4037 1494 4107; x_wconf 85' lang='lat' dir='ltr'><strong>exegisse</strong></span> <span class='ocrx_word' id='word_1_454' title='bbox 1525 4035 1786 4092; x_wconf 89' lang='lat' dir='ltr'><strong>dubitari</strong></span> <span class='ocrx_word' id='word_1_455' title='bbox 1815 4053 1938 4092; x_wconf 90' lang='lat' dir='ltr'><strong>non</strong></span> <span class='ocrx_word' id='word_1_456' title='bbox 1970 4054 2078 4108; x_wconf 87' lang='lat' dir='ltr'><strong>po-</strong></span> 
     </span>
    </p>
   </div>
   <div class='ocr_carea' id='block_1_59' title="bbox 422 4127 557 4180">
    <p class='ocr_par' dir='ltr' id='par_1_59' title="bbox 422 4127 557 4180">
     <span class='ocr_line' id='line_1_60' title="bbox 422 4127 557 4180; baseline 0.015 -2"><span class='ocrx_word' id='word_1_457' title='bbox 422 4127 557 4180; x_wconf 87' lang='lat' dir='ltr'><strong>test.</strong></span> 
     </span>
    </p>
   </div>
   <div class='ocr_carea' id='block_1_60' title="bbox 1063 4212 1430 4269">
    <p class='ocr_par' dir='ltr' id='par_1_60' title="bbox 1063 4212 1430 4269">
     <span class='ocr_line' id='line_1_61' title="bbox 1063 4212 1430 4269; baseline 0.008 -3"><span class='ocrx_word' id='word_1_458' title='bbox 1063 4212 1294 4268; x_wconf 85' lang='lat' dir='ltr'><strong>CAPUT</strong></span> <span class='ocrx_word' id='word_1_459' title='bbox 1331 4214 1430 4269; x_wconf 86' lang='grc' dir='ltr'><strong>ΙΙΙ.</strong></span> 
     </span>
    </p>
   </div>
   <div class='ocr_carea' id='block_1_61' title="bbox 523 4301 1972 4372">
    <p class='ocr_par' dir='ltr' id='par_1_61' title="bbox 523 4301 1972 4372">
     <span class='ocr_line' id='line_1_62' title="bbox 523 4301 1972 4372; baseline 0 -15"><span class='ocrx_word' id='word_1_460' title='bbox 523 4301 934 4372; x_wconf 69' lang='grc' dir='ltr'><strong>Εερεηὰιιηιαν</strong></span> <span class='ocrx_word' id='word_1_461' title='bbox 962 4317 1026 4356; x_wconf 83' lang='lat' dir='ltr'><strong>ea</strong></span> <span class='ocrx_word' id='word_1_462' title='bbox 1055 4315 1178 4371; x_wconf 61' lang='lat' dir='ltr'><strong>qua</strong></span> <span class='ocrx_word' id='word_1_463' title='bbox 1209 4317 1279 4356; x_wconf 77' lang='lat' dir='ltr'><strong>ea:</strong></span> <span class='ocrx_word' id='word_1_464' title='bbox 1310 4301 1516 4371; x_wconf 76' lang='lat' dir='ltr'><strong>Cyrillo</strong></span> <span class='ocrx_word' id='word_1_465' title='bbox 1545 4303 1807 4358; x_wconf 82' lang='lat' dir='ltr'><strong>adversus</strong></span> <span class='ocrx_word' id='word_1_466' title='bbox 1835 4303 1972 4360; x_wconf 81' lang='lat' dir='ltr'><strong>Filii</strong></span> 
     </span>
    </p>
   </div>
   <div class='ocr_carea' id='block_1_62' title="bbox 823 4388 1666 4461">
    <p class='ocr_par' dir='ltr' id='par_1_62' title="bbox 823 4388 1666 4461">
     <span class='ocr_line' id='line_1_63' title="bbox 823 4388 1666 4461; baseline 0.006 -17"><span class='ocrx_word' id='word_1_467' title='bbox 823 4388 1185 4446; x_wconf 74' lang='lat' dir='ltr'><strong>divinitatem</strong></span> <span class='ocrx_word' id='word_1_468' title='bbox 1215 4389 1394 4460; x_wconf 67' lang='grc' dir='ltr'><strong>οὗ]ἱοί</strong></span> <span class='ocrx_word' id='word_1_469' title='bbox 1418 4398 1666 4461; x_wconf 83' lang='lat' dir='ltr'><strong>possunt.</strong></span> 
     </span>
    </p>
   </div>
   <div class='ocr_carea' id='block_1_63' title="bbox 488 4478 2080 4555">
    <p class='ocr_par' dir='ltr' id='par_1_63' title="bbox 488 4478 2080 4555">
     <span class='ocr_line' id='line_1_64' title="bbox 488 4478 2080 4555; baseline 0.003 -21"><span class='ocrx_word' id='word_1_470' title='bbox 488 4482 577 4537; x_wconf 84' lang='grc'><strong>16.</strong></span> <span class='ocrx_word' id='word_1_471' title='bbox 611 4478 720 4546; x_wconf 90' lang='lat' dir='ltr'><strong>Qui</strong></span> <span class='ocrx_word' id='word_1_472' title='bbox 751 4478 908 4551; x_wconf 87' lang='lat' dir='ltr'><strong>apud</strong></span> <span class='ocrx_word' id='word_1_473' title='bbox 936 4479 1358 4551; x_wconf 87' lang='lat' dir='ltr'><strong>Theophanem</strong></span> <span class='ocrx_word' id='word_1_474' title='bbox 1388 4480 1591 4553; x_wconf 79' lang='lat' dir='ltr'><strong>Cyrilli</strong></span> <span class='ocrx_word' id='word_1_475' title='bbox 1651 4481 1833 4538; x_wconf 88' lang='lat' dir='ltr'><strong>fidem</strong></span> <span class='ocrx_word' id='word_1_476' title='bbox 1865 4499 2080 4555; x_wconf 91' lang='lat' dir='ltr'><strong>suspe-</strong></span> 
     </span>
    </p>
   </div>
   <div class='ocr_carea' id='block_1_64' title="bbox 417 4557 2159 4638">
    <p class='ocr_par' dir='ltr' id='par_1_64' title="bbox 417 4557 2159 4638">
     <span class='ocr_line' id='line_1_65' title="bbox 417 4557 2159 4638; baseline 0.002 -13"><span class='ocrx_word' id='word_1_477' title='bbox 417 4575 578 4626; x_wconf 88' lang='lat' dir='ltr'><strong>ctam</strong></span> <span class='ocrx_word' id='word_1_478' title='bbox 611 4567 932 4638; x_wconf 87' lang='lat' dir='ltr'><strong>habebant,</strong></span> <span class='ocrx_word' id='word_1_479' title='bbox 965 4569 1093 4624; x_wconf 68' lang='lat' dir='ltr'><strong>haac</strong></span> <span class='ocrx_word' id='word_1_480' title='bbox 1125 4569 1242 4625; x_wconf 92' lang='lat' dir='ltr'><strong>duo</strong></span> <span class='ocrx_word' id='word_1_481' title='bbox 1277 4574 1508 4626; x_wconf 85' lang='lat' dir='ltr'><strong>tantum</strong></span> <span class='ocrx_word' id='word_1_482' title='bbox 1540 4573 1752 4628; x_wconf 76' lang='lat' dir='ltr'><strong>afferre</strong></span> <span class='ocrx_word' id='word_1_483' title='bbox 1784 4573 2078 4630; x_wconf 87' lang='lat' dir='ltr'><strong>solebant:</strong></span> <span class='ocrx_word' id='word_1_484' title='bbox 2112 4557 2159 4623; x_wconf 79' lang='grc' dir='ltr'><strong>Ι)</strong></span> 
     </span>
    </p>
   </div>
   <div class='ocr_carea' id='block_1_65' title="bbox 414 4659 2077 4733">
    <p class='ocr_par' dir='ltr' id='par_1_65' title="bbox 414 4659 2077 4733">
     <span class='ocr_line' id='line_1_66' title="bbox 414 4659 2077 4733; baseline 0.002 -19"><span class='ocrx_word' id='word_1_485' title='bbox 414 4659 574 4731; x_wconf 90' lang='lat' dir='ltr'><strong>quod</strong></span> <span class='ocrx_word' id='word_1_486' title='bbox 604 4659 1021 4715; x_wconf 89' lang='lat' dir='ltr'><strong>Constantium</strong></span> <span class='ocrx_word' id='word_1_487' title='bbox 1052 4659 1338 4715; x_wconf 77' lang='lat' dir='ltr'><strong>Arianum</strong></span> <span class='ocrx_word' id='word_1_488' title='bbox 1369 4661 1792 4733; x_wconf 78' lang='lat' dir='ltr'><strong>imperatorem</strong></span> <span class='ocrx_word' id='word_1_489' title='bbox 1815 4663 2077 4720; x_wconf 86' lang='lat' dir='ltr'><strong>immeri-</strong></span> 
     </span>
    </p>
   </div>
   <div class='ocr_carea' id='block_1_66' title="bbox 412 4747 2076 4826">
    <p class='ocr_par' dir='ltr' id='par_1_66' title="bbox 412 4747 2076 4826">
     <span class='ocr_line' id='line_1_67' title="bbox 412 4747 2076 4826; baseline 0.002 -19"><span class='ocrx_word' id='word_1_490' title='bbox 412 4750 490 4808; x_wconf 89' lang='lat' dir='ltr'><strong>tis</strong></span> <span class='ocrx_word' id='word_1_491' title='bbox 519 4749 798 4806; x_wconf 87' lang='lat' dir='ltr'><strong>laudibus</strong></span> <span class='ocrx_word' id='word_1_492' title='bbox 827 4747 903 4806; x_wconf 91' lang='lat' dir='ltr'><strong>ad</strong></span> <span class='ocrx_word' id='word_1_493' title='bbox 934 4766 1071 4805; x_wconf 91' lang='lat' dir='ltr'><strong>eum</strong></span> <span class='ocrx_word' id='word_1_494' title='bbox 1104 4749 1372 4806; x_wconf 90' lang='lat' dir='ltr'><strong>scribens</strong></span> <span class='ocrx_word' id='word_1_495' title='bbox 1405 4751 1747 4808; x_wconf 89' lang='lat' dir='ltr'><strong>extulisset:</strong></span> <span class='ocrx_word' id='word_1_496' title='bbox 1795 4753 2076 4826; x_wconf 87' lang='lat' dir='ltr'><strong>quodque</strong></span> 
     </span>
    </p>
   </div>
   <div class='ocr_carea' id='block_1_67' title="bbox 411 4838 2074 4899">
    <p class='ocr_par' dir='ltr' id='par_1_67' title="bbox 411 4838 2074 4899">
     <span class='ocr_line' id='line_1_68' title="bbox 411 4838 2074 4899; baseline 0.001 -3"><span class='ocrx_word' id='word_1_497' title='bbox 411 4842 474 4897; x_wconf 90' lang='lat' dir='ltr'><strong>in</strong></span> <span class='ocrx_word' id='word_1_498' title='bbox 519 4838 931 4898; x_wconf 88' lang='lat' dir='ltr'><strong>catechesibus</strong></span> <span class='ocrx_word' id='word_1_499' title='bbox 969 4841 1452 4898; x_wconf 77' lang='lat' dir='ltr'><strong>consubstantialis</strong></span> <span class='ocrx_word' id='word_1_500' title='bbox 1500 4859 1702 4898; x_wconf 90' lang='lat' dir='ltr'><strong>vocem</strong></span> <span class='ocrx_word' id='word_1_501' title='bbox 1752 4843 2074 4899; x_wconf 87' lang='lat' dir='ltr'><strong>subticuis-</strong></span> 
     </span>
    </p>
   </div>
   <div class='ocr_carea' id='block_1_68' title="bbox 413 4929 2078 5003">
    <p class='ocr_par' dir='ltr' id='par_1_68' title="bbox 413 4929 2078 5003">
     <span class='ocr_line' id='line_1_69' title="bbox 413 4929 2078 5003; baseline 0.002 -17"><span class='ocrx_word' id='word_1_502' title='bbox 413 4935 520 4987; x_wconf 91' lang='lat' dir='ltr'><strong>set.</strong></span> <span class='ocrx_word' id='word_1_503' title='bbox 542 4931 805 4987; x_wconf 87' lang='lat' dir='ltr'><strong>Primam</strong></span> <span class='ocrx_word' id='word_1_504' title='bbox 827 4929 1271 5002; x_wconf 88' lang='lat' dir='ltr'><strong>querimoniam</strong></span> <span class='ocrx_word' id='word_1_505' title='bbox 1290 4929 1609 5003; x_wconf 87' lang='lat' dir='ltr'><strong>diligenter</strong></span> <span class='ocrx_word' id='word_1_506' title='bbox 1630 4935 2000 4989; x_wconf 83' lang='lat' dir='ltr'><strong>excussimus</strong></span> <span class='ocrx_word' id='word_1_507' title='bbox 2018 4939 2078 4989; x_wconf 91' lang='lat' dir='ltr'><strong>et</strong></span> 
     </span>
    </p>
   </div>
   <div class='ocr_carea' id='block_1_69' title="bbox 411 5017 2072 5092">
    <p class='ocr_par' dir='ltr' id='par_1_69' title="bbox 411 5017 2072 5092">
     <span class='ocr_line' id='line_1_70' title="bbox 411 5017 2072 5092; baseline 0.004 -20"><span class='ocrx_word' id='word_1_508' title='bbox 411 5017 765 5089; x_wconf 87' lang='lat' dir='ltr'><strong>refellimus,</strong></span> <span class='ocrx_word' id='word_1_509' title='bbox 797 5018 858 5074; x_wconf 92' lang='lat' dir='ltr'><strong>in</strong></span> <span class='ocrx_word' id='word_1_510' title='bbox 913 5020 1131 5090; x_wconf 57' lang='lat' dir='ltr'><strong>praevia</strong></span> <span class='ocrx_word' id='word_1_511' title='bbox 1169 5018 1245 5075; x_wconf 89' lang='lat' dir='ltr'><strong>ad</strong></span> <span class='ocrx_word' id='word_1_512' title='bbox 1305 5020 1620 5092; x_wconf 88' lang='lat' dir='ltr'><strong>epistolam</strong></span> <span class='ocrx_word' id='word_1_513' title='bbox 1659 5021 2072 5080; x_wconf 87' lang='lat' dir='ltr'><strong>Constantium</strong></span> 
     </span>
    </p>
   </div>
   <div class='ocr_carea' id='block_1_70' title="bbox 410 5106 2076 5184">
    <p class='ocr_par' dir='ltr' id='par_1_70' title="bbox 410 5106 2076 5184">
     <span class='ocr_line' id='line_1_71' title="bbox 410 5106 2076 5184; baseline 0.004 -20"><span class='ocrx_word' id='word_1_514' title='bbox 410 5106 846 5178; x_wconf 84' lang='lat' dir='ltr'><strong>admonitione,</strong></span> <span class='ocrx_word' id='word_1_515' title='bbox 875 5125 1044 5164; x_wconf 90' lang='lat' dir='ltr'><strong>num.</strong></span> <span class='ocrx_word' id='word_1_516' title='bbox 1079 5111 1111 5163; x_wconf 92' lang='lat'>8</span> <span class='ocrx_word' id='word_1_517' title='bbox 1147 5127 1160 5165; x_wconf 90' lang='lat'>:</span> <span class='ocrx_word' id='word_1_518' title='bbox 1195 5108 1268 5165; x_wconf 92' lang='lat' dir='ltr'><strong>de</strong></span> <span class='ocrx_word' id='word_1_519' title='bbox 1301 5109 1564 5166; x_wconf 89' lang='lat' dir='ltr'><strong>secunda</strong></span> <span class='ocrx_word' id='word_1_520' title='bbox 1594 5111 1774 5183; x_wconf 86' lang='lat' dir='ltr'><strong>igitur</strong></span> <span class='ocrx_word' id='word_1_521' title='bbox 1803 5118 2076 5184; x_wconf 87' lang='lat' dir='ltr'><strong>superest</strong></span> 
     </span>
    </p>
   </div>
   <div class='ocr_carea' id='block_1_71' title="bbox 409 5194 2073 5271">
    <p class='ocr_par' dir='ltr' id='par_1_71' title="bbox 409 5194 2073 5271">
     <span class='ocr_line' id='line_1_72' title="bbox 409 5194 2073 5271; baseline 0.003 -18"><span class='ocrx_word' id='word_1_522' title='bbox 409 5200 476 5253; x_wconf 87' lang='lat' dir='ltr'><strong>ut</strong></span> <span class='ocrx_word' id='word_1_523' title='bbox 503 5194 601 5250; x_wconf 91' lang='lat' dir='ltr'><strong>hic</strong></span> <span class='ocrx_word' id='word_1_524' title='bbox 630 5194 918 5251; x_wconf 88' lang='lat' dir='ltr'><strong>dicamus.</strong></span> <span class='ocrx_word' id='word_1_525' title='bbox 942 5200 1024 5252; x_wconf 80' lang='lat' dir='ltr'><strong>Ac</strong></span> <span class='ocrx_word' id='word_1_526' title='bbox 1045 5197 1236 5270; x_wconf 91' lang='lat' dir='ltr'><strong>primo</strong></span> <span class='ocrx_word' id='word_1_527' title='bbox 1258 5197 1437 5254; x_wconf 89' lang='lat' dir='ltr'><strong>liceat</strong></span> <span class='ocrx_word' id='word_1_528' title='bbox 1454 5198 1550 5254; x_wconf 88' lang='lat' dir='ltr'><strong>hic</strong></span> <span class='ocrx_word' id='word_1_529' title='bbox 1575 5199 1647 5254; x_wconf 91' lang='lat' dir='ltr'><strong>de</strong></span> <span class='ocrx_word' id='word_1_530' title='bbox 1671 5201 2073 5271; x_wconf 84' lang='lat' dir='ltr'><strong>praetermissa</strong></span> 
     </span>
    </p>
   </div>
   <div class='ocr_carea' id='block_1_72' title="bbox 409 5284 2070 5362">
    <p class='ocr_par' dir='ltr' id='par_1_72' title="bbox 409 5284 2070 5362">
     <span class='ocr_line' id='line_1_73' title="bbox 409 5284 2070 5362; baseline 0.004 -21"><span class='ocrx_word' id='word_1_531' title='bbox 409 5284 765 5357; x_wconf 88' lang='lat' dir='ltr'><strong>simpliciter</strong></span> <span class='ocrx_word' id='word_1_532' title='bbox 794 5302 830 5340; x_wconf 90' lang='lat' dir='ltr'><strong>a</strong></span> <span class='ocrx_word' id='word_1_533' title='bbox 859 5287 1076 5358; x_wconf 81' lang='lat' dir='ltr'><strong>Cyrillo</strong></span> <span class='ocrx_word' id='word_1_534' title='bbox 1108 5306 1247 5344; x_wconf 91' lang='lat' dir='ltr'><strong>voce</strong></span> <span class='ocrx_word' id='word_1_535' title='bbox 1281 5289 1502 5357; x_wconf 88' lang='lat' dir='ltr'><strong>dicere,</strong></span> <span class='ocrx_word' id='word_1_536' title='bbox 1553 5290 1712 5362; x_wconf 91' lang='lat' dir='ltr'><strong>quod</strong></span> <span class='ocrx_word' id='word_1_537' title='bbox 1756 5291 1829 5347; x_wconf 90' lang='lat' dir='ltr'><strong>de</strong></span> <span class='ocrx_word' id='word_1_538' title='bbox 1860 5291 2070 5348; x_wconf 91' lang='lat' dir='ltr'><strong>eadem</strong></span> 
     </span>
    </p>
   </div>
   <div class='ocr_carea' id='block_1_73' title="bbox 409 5373 2072 5455">
    <p class='ocr_par' dir='ltr' id='par_1_73' title="bbox 409 5373 2072 5455">
     <span class='ocr_line' id='line_1_74' title="bbox 409 5373 2072 5455; baseline 0.005 -25"><span class='ocrx_word' id='word_1_539' title='bbox 409 5373 482 5430; x_wconf 88' lang='lat' dir='ltr'><strong>ab</strong></span> <span class='ocrx_word' id='word_1_540' title='bbox 509 5373 991 5430; x_wconf 82' lang='lat' dir='ltr'><strong>Ariminensibus</strong></span> <span class='ocrx_word' id='word_1_541' title='bbox 1023 5393 1142 5432; x_wconf 92' lang='lat' dir='ltr'><strong>non</strong></span> <span class='ocrx_word' id='word_1_542' title='bbox 1175 5377 1512 5434; x_wconf 86' lang='lat' dir='ltr'><strong>excusando</strong></span> <span class='ocrx_word' id='word_1_543' title='bbox 1537 5379 1708 5450; x_wconf 91' lang='lat' dir='ltr'><strong>lapsu</strong></span> <span class='ocrx_word' id='word_1_544' title='bbox 1739 5382 2072 5455; x_wconf 89' lang='lat' dir='ltr'><strong>proscripta</strong></span> 
     </span>
    </p>
   </div>
   <div class='ocr_carea' id='block_1_74' title="bbox 415 5463 2067 5542">
    <p class='ocr_par' dir='ltr' id='par_1_74' title="bbox 415 5463 2067 5542">
     <span class='ocr_line' id='line_1_75' title="bbox 415 5463 2067 5542; baseline 0.007 -24"><span class='ocrx_word' id='word_1_545' title='bbox 415 5469 475 5519; x_wconf 86' lang='lat' dir='ltr'><strong>et</strong></span> <span class='ocrx_word' id='word_1_546' title='bbox 517 5463 752 5519; x_wconf 89' lang='lat' dir='ltr'><strong>sublata</strong></span> <span class='ocrx_word' id='word_1_547' title='bbox 779 5464 862 5520; x_wconf 90' lang='lat' dir='ltr'><strong>ait</strong></span> <span class='ocrx_word' id='word_1_548' title='bbox 892 5465 1286 5540; x_wconf 86' lang='lat' dir='ltr'><strong>Hieronymus</strong></span> <span class='ocrx_word' id='word_1_549' title='bbox 1318 5489 1348 5520; x_wconf 83' lang='lat'><strong>«</strong></span> <span class='ocrx_word' id='word_1_550' title='bbox 1381 5469 1606 5542; x_wconf 85' lang='lat' dir='ltr'><strong>Dialog.</strong></span> <span class='ocrx_word' id='word_1_551' title='bbox 1638 5470 1765 5528; x_wconf 89' lang='lat' dir='ltr'><strong>adv.</strong></span> <span class='ocrx_word' id='word_1_552' title='bbox 1817 5473 2067 5530; x_wconf 81' lang='lat' dir='ltr'><strong>Lucifer.</strong></span> 
     </span>
    </p>
   </div>
   <div class='ocr_carea' id='block_1_75' title="bbox 417 5555 2068 5635">
    <p class='ocr_par' dir='ltr' id='par_1_75' title="bbox 417 5555 2068 5635">
     <span class='ocr_line' id='line_1_76' title="bbox 417 5555 2068 5635; baseline 0.011 -33"><span class='ocrx_word' id='word_1_553' title='bbox 417 5573 444 5602; x_wconf 83' lang='lat'><strong>«</strong></span> <span class='ocrx_word' id='word_1_554' title='bbox 467 5569 526 5606; x_wconf 91' lang='lat' dir='ltr'><strong>n.</strong></span> <span class='ocrx_word' id='word_1_555' title='bbox 553 5555 622 5607; x_wconf 76' lang='grc'><strong>34</strong></span> <span class='ocrx_word' id='word_1_556' title='bbox 645 5571 659 5608; x_wconf 89' lang='lat'>:</span> <span class='ocrx_word' id='word_1_557' title='bbox 685 5555 812 5610; x_wconf 84' lang='lat' dir='ltr'><strong>Non</strong></span> <span class='ocrx_word' id='word_1_558' title='bbox 844 5560 972 5610; x_wconf 91' lang='lat' dir='ltr'><strong>erat</strong></span> <span class='ocrx_word' id='word_1_559' title='bbox 999 5573 1141 5612; x_wconf 89' lang='lat' dir='ltr'><strong>cura</strong></span> <span class='ocrx_word' id='word_1_560' title='bbox 1173 5558 1467 5630; x_wconf 87' lang='lat' dir='ltr'><strong>episc0pis</strong></span> <span class='ocrx_word' id='word_1_561' title='bbox 1498 5559 1570 5615; x_wconf 89' lang='lat' dir='ltr'><strong>de</strong></span> <span class='ocrx_word' id='word_1_562' title='bbox 1603 5561 1909 5635; x_wconf 87' lang='lat' dir='ltr'><strong>vocabulo,</strong></span> <span class='ocrx_word' id='word_1_563' title='bbox 1933 5581 2068 5620; x_wconf 91' lang='lat' dir='ltr'><strong>cum</strong></span> 
     </span>
    </p>
   </div>
   <div class='ocr_carea' id='block_1_76' title="bbox 421 5641 2068 5726">
    <p class='ocr_par' dir='ltr' id='par_1_76' title="bbox 421 5641 2068 5726">
     <span class='ocr_line' id='line_1_77' title="bbox 421 5641 2068 5726; baseline 0.01 -32"><span class='ocrx_word' id='word_1_564' title='bbox 421 5657 564 5697; x_wconf 87' lang='lat' dir='ltr'><strong>«res</strong></span> <span class='ocrx_word' id='word_1_565' title='bbox 586 5646 744 5697; x_wconf 90' lang='lat' dir='ltr'><strong>esset</strong></span> <span class='ocrx_word' id='word_1_566' title='bbox 763 5641 824 5698; x_wconf 92' lang='lat' dir='ltr'><strong>in</strong></span> <span class='ocrx_word' id='word_1_567' title='bbox 847 5647 1032 5711; x_wconf 81' lang='lat' dir='ltr'><strong>tuto;»</strong></span> <span class='ocrx_word' id='word_1_568' title='bbox 1047 5661 1167 5701; x_wconf 92' lang='lat' dir='ltr'><strong>non</strong></span> <span class='ocrx_word' id='word_1_569' title='bbox 1187 5647 1346 5703; x_wconf 89' lang='lat' dir='ltr'><strong>enim</strong></span> <span class='ocrx_word' id='word_1_570' title='bbox 1367 5647 1429 5704; x_wconf 92' lang='lat' dir='ltr'><strong>in</strong></span> <span class='ocrx_word' id='word_1_571' title='bbox 1450 5649 1764 5708; x_wconf 85' lang='lat' dir='ltr'><strong>verborum</strong></span> <span class='ocrx_word' id='word_1_572' title='bbox 1787 5653 2068 5726; x_wconf 88' lang='lat' dir='ltr'><strong>sono,sed</strong></span> 
     </span>
    </p>
   </div>
   <div class='ocr_carea' id='block_1_77' title="bbox 2163 1874 3800 1953">
    <p class='ocr_par' dir='ltr' id='par_1_77' title="bbox 2163 1874 3800 1953">
     <span class='ocr_line' id='line_1_78' title="bbox 2163 1874 3800 1953; baseline -0.002 -18"><span class='ocrx_word' id='word_1_573' title='bbox 2163 1880 2400 1953; x_wconf 89' lang='lat' dir='ltr'><strong>proprie</strong></span> <span class='ocrx_word' id='word_1_574' title='bbox 2449 1878 2778 1934; x_wconf 89' lang='lat' dir='ltr'><strong>similitudo</strong></span> <span class='ocrx_word' id='word_1_575' title='bbox 2825 1884 2935 1948; x_wconf 88' lang='lat' dir='ltr'><strong>est,</strong></span> <span class='ocrx_word' id='word_1_576' title='bbox 2996 1877 3102 1932; x_wconf 90' lang='lat' dir='ltr'><strong>sed</strong></span> <span class='ocrx_word' id='word_1_577' title='bbox 3156 1874 3456 1946; x_wconf 71' lang='grc' dir='ltr'><strong>ταυτότης,</strong></span> <span class='ocrx_word' id='word_1_578' title='bbox 3523 1875 3800 1932; x_wconf 69' lang='lat' dir='ltr'><strong>identitas.</strong></span> 
     </span>
    </p>
   </div>
   <div class='ocr_carea' id='block_1_78' title="bbox 2163 1965 3801 2038">
    <p class='ocr_par' dir='ltr' id='par_1_78' title="bbox 2163 1965 3801 2038">
     <span class='ocr_line' id='line_1_79' title="bbox 2163 1965 3801 2038; baseline -0.005 -13"><span class='ocrx_word' id='word_1_579' title='bbox 2163 1977 2230 2026; x_wconf 90' lang='lat' dir='ltr'><strong>ut</strong></span> <span class='ocrx_word' id='word_1_580' title='bbox 2258 1971 2341 2025; x_wconf 84' lang='lat' dir='ltr'><strong>ita</strong></span> <span class='ocrx_word' id='word_1_581' title='bbox 2369 1968 2584 2036; x_wconf 89' lang='lat' dir='ltr'><strong>dicam,</strong></span> <span class='ocrx_word' id='word_1_582' title='bbox 2615 1974 2866 2024; x_wconf 72' lang='lat' dir='ltr'><strong>naturaa.</strong></span> <span class='ocrx_word' id='word_1_583' title='bbox 2900 1967 3067 2033; x_wconf 90' lang='lat' dir='ltr'><strong>Quod</strong></span> <span class='ocrx_word' id='word_1_584' title='bbox 3127 1968 3176 2022; x_wconf 90' lang='lat' dir='ltr'><strong>si</strong></span> <span class='ocrx_word' id='word_1_585' title='bbox 3208 1967 3400 2022; x_wconf 89' lang='lat' dir='ltr'><strong>Filius</strong></span> <span class='ocrx_word' id='word_1_586' title='bbox 3429 1983 3564 2022; x_wconf 89' lang='lat' dir='ltr'><strong>vere</strong></span> <span class='ocrx_word' id='word_1_587' title='bbox 3594 1965 3801 2038; x_wconf 82' lang='lat' dir='ltr'><strong>genitus</strong></span> 
     </span>
    </p>
   </div>
   <div class='ocr_carea' id='block_1_79' title="bbox 2167 2052 3804 2129">
    <p class='ocr_par' dir='ltr' id='par_1_79' title="bbox 2167 2052 3804 2129">
     <span class='ocr_line' id='line_1_80' title="bbox 2167 2052 3804 2129; baseline -0.005 -15"><span class='ocrx_word' id='word_1_588' title='bbox 2167 2065 2276 2126; x_wconf 90' lang='lat' dir='ltr'><strong>est,</strong></span> <span class='ocrx_word' id='word_1_589' title='bbox 2308 2076 2378 2113; x_wconf 86' lang='lat' dir='ltr'><strong>ex</strong></span> <span class='ocrx_word' id='word_1_590' title='bbox 2409 2058 2741 2114; x_wconf 90' lang='lat' dir='ltr'><strong>substantia</strong></span> <span class='ocrx_word' id='word_1_591' title='bbox 2769 2057 2976 2129; x_wconf 90' lang='lat' dir='ltr'><strong>utique</strong></span> <span class='ocrx_word' id='word_1_592' title='bbox 3008 2057 3199 2112; x_wconf 91' lang='lat' dir='ltr'><strong>Patris</strong></span> <span class='ocrx_word' id='word_1_593' title='bbox 3230 2055 3474 2129; x_wconf 87' lang='lat' dir='ltr'><strong>genitus</strong></span> <span class='ocrx_word' id='word_1_594' title='bbox 3505 2060 3625 2110; x_wconf 85' lang='lat' dir='ltr'><strong>est:</strong></span> <span class='ocrx_word' id='word_1_595' title='bbox 3648 2052 3804 2109; x_wconf 88' lang='lat' dir='ltr'><strong>aliam</strong></span> 
     </span>
    </p>
   </div>
   <div class='ocr_carea' id='block_1_80' title="bbox 2169 2139 3806 2217">
    <p class='ocr_par' dir='ltr' id='par_1_80' title="bbox 2169 2139 3806 2217">
     <span class='ocr_line' id='line_1_81' title="bbox 2169 2139 3806 2217; baseline -0.007 -15"><span class='ocrx_word' id='word_1_596' title='bbox 2169 2145 2328 2202; x_wconf 90' lang='lat' dir='ltr'><strong>enim</strong></span> <span class='ocrx_word' id='word_1_597' title='bbox 2361 2162 2470 2200; x_wconf 91' lang='lat' dir='ltr'><strong>nec</strong></span> <span class='ocrx_word' id='word_1_598' title='bbox 2528 2145 2783 2217; x_wconf 90' lang='lat' dir='ltr'><strong>Cyrillus</strong></span> <span class='ocrx_word' id='word_1_599' title='bbox 2815 2143 3045 2211; x_wconf 87' lang='lat' dir='ltr'><strong>habuit,</strong></span> <span class='ocrx_word' id='word_1_600' title='bbox 3077 2159 3187 2198; x_wconf 90' lang='lat' dir='ltr'><strong>nec</strong></span> <span class='ocrx_word' id='word_1_601' title='bbox 3219 2143 3432 2199; x_wconf 89' lang='lat' dir='ltr'><strong>haberi</strong></span> <span class='ocrx_word' id='word_1_602' title='bbox 3484 2139 3695 2196; x_wconf 85' lang='lat' dir='ltr'><strong>veritas</strong></span> <span class='ocrx_word' id='word_1_603' title='bbox 3720 2154 3806 2210; x_wconf 89' lang='lat' dir='ltr'><strong>pa-</strong></span> 
     </span>
    </p>
   </div>
   <div class='ocr_carea' id='block_1_81' title="bbox 2171 2229 3804 2306">
    <p class='ocr_par' dir='ltr' id='par_1_81' title="bbox 2171 2229 3804 2306">
     <span class='ocr_line' id='line_1_82' title="bbox 2171 2229 3804 2306; baseline -0.005 -16"><span class='ocrx_word' id='word_1_604' title='bbox 2171 2237 2316 2291; x_wconf 87' lang='lat' dir='ltr'><strong>titur</strong></span> <span class='ocrx_word' id='word_1_605' title='bbox 2332 2252 2513 2290; x_wconf 75' lang='lat' dir='ltr'><strong>verrte</strong></span> <span class='ocrx_word' id='word_1_606' title='bbox 2545 2251 2612 2290; x_wconf 89' lang='lat' dir='ltr'><strong>ac</strong></span> <span class='ocrx_word' id='word_1_607' title='bbox 2630 2233 2866 2306; x_wconf 85' lang='lat' dir='ltr'><strong>proprie</strong></span> <span class='ocrx_word' id='word_1_608' title='bbox 2885 2233 3056 2288; x_wconf 67' lang='lat' dir='ltr'><strong>dictae</strong></span> <span class='ocrx_word' id='word_1_609' title='bbox 3079 2233 3492 2306; x_wconf 87' lang='lat' dir='ltr'><strong>generationis</strong></span> <span class='ocrx_word' id='word_1_610' title='bbox 3517 2229 3804 2291; x_wconf 84' lang='lat' dir='ltr'><strong>notitiam;</strong></span> 
     </span>
    </p>
   </div>
   <div class='ocr_carea' id='block_1_82' title="bbox 2173 2319 3804 2398">
    <p class='ocr_par' dir='ltr' id='par_1_82' title="bbox 2173 2319 3804 2398">
     <span class='ocr_line' id='line_1_83' title="bbox 2173 2319 3804 2398; baseline -0.006 -17"><span class='ocrx_word' id='word_1_611' title='bbox 2173 2327 2234 2381; x_wconf 91' lang='lat' dir='ltr'><strong>in</strong></span> <span class='ocrx_word' id='word_1_612' title='bbox 2266 2342 2384 2398; x_wconf 91' lang='lat' dir='ltr'><strong>qua</strong></span> <span class='ocrx_word' id='word_1_613' title='bbox 2413 2324 2562 2392; x_wconf 90' lang='lat' dir='ltr'><strong>sola,</strong></span> <span class='ocrx_word' id='word_1_614' title='bbox 2593 2341 2732 2380; x_wconf 90' lang='lat' dir='ltr'><strong>cum</strong></span> <span class='ocrx_word' id='word_1_615' title='bbox 2749 2323 2820 2380; x_wconf 92' lang='lat' dir='ltr'><strong>de</strong></span> <span class='ocrx_word' id='word_1_616' title='bbox 2849 2325 2966 2378; x_wconf 85' lang='lat' dir='ltr'><strong>Deo</strong></span> <span class='ocrx_word' id='word_1_617' title='bbox 2984 2323 3200 2396; x_wconf 89' lang='lat' dir='ltr'><strong>agitur,</strong></span> <span class='ocrx_word' id='word_1_618' title='bbox 3232 2319 3584 2380; x_wconf 90' lang='lat' dir='ltr'><strong>removendi</strong></span> <span class='ocrx_word' id='word_1_619' title='bbox 3601 2332 3804 2381; x_wconf 89' lang='lat' dir='ltr'><strong>omnes,</strong></span> 
     </span>
    </p>
   </div>
   <div class='ocr_carea' id='block_1_83' title="bbox 2172 2405 3804 2488">
    <p class='ocr_par' dir='ltr' id='par_1_83' title="bbox 2172 2405 3804 2488">
     <span class='ocr_line' id='line_1_84' title="bbox 2172 2405 3804 2488; baseline -0.007 -17"><span class='ocrx_word' id='word_1_620' title='bbox 2172 2422 2239 2471; x_wconf 91' lang='lat' dir='ltr'><strong>ut</strong></span> <span class='ocrx_word' id='word_1_621' title='bbox 2266 2415 2522 2488; x_wconf 85' lang='lat' dir='ltr'><strong>Cyrillus</strong></span> <span class='ocrx_word' id='word_1_622' title='bbox 2553 2414 2816 2469; x_wconf 88' lang='lat' dir='ltr'><strong>studiose</strong></span> <span class='ocrx_word' id='word_1_623' title='bbox 2864 2412 3025 2482; x_wconf 89' lang='lat' dir='ltr'><strong>facit,</strong></span> <span class='ocrx_word' id='word_1_624' title='bbox 3087 2412 3372 2468; x_wconf 64' lang='lat' dir='ltr'><strong>humanae</strong></span> <span class='ocrx_word' id='word_1_625' title='bbox 3432 2405 3804 2482; x_wconf 81' lang='lat' dir='ltr'><strong>generationis</strong></span> 
     </span>
    </p>
   </div>
   <div class='ocr_carea' id='block_1_84' title="bbox 2175 2499 3806 2575">
    <p class='ocr_par' dir='ltr' id='par_1_84' title="bbox 2175 2499 3806 2575">
     <span class='ocr_line' id='line_1_85' title="bbox 2175 2499 3806 2575; baseline -0.008 -14"><span class='ocrx_word' id='word_1_626' title='bbox 2175 2506 2459 2561; x_wconf 83' lang='lat' dir='ltr'><strong>defectus.</strong></span> <span class='ocrx_word' id='word_1_627' title='bbox 2493 2503 2658 2570; x_wconf 94' lang='lat' dir='ltr'><strong>Quod</strong></span> <span class='ocrx_word' id='word_1_628' title='bbox 2713 2504 2892 2575; x_wconf 90' lang='lat' dir='ltr'><strong>igitur</strong></span> <span class='ocrx_word' id='word_1_629' title='bbox 2919 2501 3207 2558; x_wconf 89' lang='lat' dir='ltr'><strong>Catholici</strong></span> <span class='ocrx_word' id='word_1_630' title='bbox 3253 2519 3471 2558; x_wconf 90' lang='lat' dir='ltr'><strong>omnes</strong></span> <span class='ocrx_word' id='word_1_631' title='bbox 3502 2499 3670 2556; x_wconf 89' lang='lat' dir='ltr'><strong>verbo</strong></span> <span class='ocrx_word' id='word_1_632' title='bbox 3699 2511 3806 2551; x_wconf 86' lang='lat' dir='ltr'><strong>con-</strong></span> 
     </span>
    </p>
   </div>
   <div class='ocr_carea' id='block_1_85' title="bbox 2171 2587 3807 2668">
    <p class='ocr_par' dir='ltr' id='par_1_85' title="bbox 2171 2587 3807 2668">
     <span class='ocr_line' id='line_1_86' title="bbox 2171 2587 3807 2668; baseline -0.009 -14"><span class='ocrx_word' id='word_1_633' title='bbox 2171 2598 2552 2656; x_wconf 78' lang='lat' dir='ltr'><strong>substantialis</strong></span> <span class='ocrx_word' id='word_1_634' title='bbox 2605 2595 3042 2668; x_wconf 88' lang='lat' dir='ltr'><strong>intelligebant,</strong></span> <span class='ocrx_word' id='word_1_635' title='bbox 3109 2595 3170 2650; x_wconf 91' lang='lat' dir='ltr'><strong>id</strong></span> <span class='ocrx_word' id='word_1_636' title='bbox 3227 2611 3373 2650; x_wconf 86' lang='lat' dir='ltr'><strong>voce</strong></span> <span class='ocrx_word' id='word_1_637' title='bbox 3435 2587 3807 2666; x_wconf 71' lang='lat' dir='ltr'><strong>praetermissa</strong></span> 
     </span>
    </p>
   </div>
   <div class='ocr_carea' id='block_1_86' title="bbox 2173 2675 3806 2761">
    <p class='ocr_par' dir='ltr' id='par_1_86' title="bbox 2173 2675 3806 2761">
     <span class='ocr_line' id='line_1_87' title="bbox 2173 2675 3806 2761; baseline -0.01 -16"><span class='ocrx_word' id='word_1_638' title='bbox 2173 2688 2517 2761; x_wconf 68' lang='lat' dir='ltr'><strong>praedicavit</strong></span> <span class='ocrx_word' id='word_1_639' title='bbox 2544 2687 2816 2758; x_wconf 86' lang='lat' dir='ltr'><strong>Cyrillus.</strong></span> <span class='ocrx_word' id='word_1_640' title='bbox 2851 2683 3020 2751; x_wconf 89' lang='lat' dir='ltr'><strong>Quod</strong></span> <span class='ocrx_word' id='word_1_641' title='bbox 3043 2685 3091 2740; x_wconf 92' lang='lat' dir='ltr'><strong>si</strong></span> <span class='ocrx_word' id='word_1_642' title='bbox 3125 2685 3180 2740; x_wconf 92' lang='lat' dir='ltr'><strong>S.</strong></span> <span class='ocrx_word' id='word_1_643' title='bbox 3215 2685 3440 2741; x_wconf 84' lang='lat' dir='ltr'><strong>Basilio</strong></span> <span class='ocrx_word' id='word_1_644' title='bbox 3465 2683 3630 2738; x_wconf 90' lang='lat' dir='ltr'><strong>licuit</strong></span> <span class='ocrx_word' id='word_1_645' title='bbox 3657 2675 3806 2734; x_wconf 88' lang='lat' dir='ltr'><strong>certis</strong></span> 
     </span>
    </p>
   </div>
   <div class='ocr_carea' id='block_1_87' title="bbox 2175 2774 3805 2848">
    <p class='ocr_par' dir='ltr' id='par_1_87' title="bbox 2175 2774 3805 2848">
     <span class='ocr_line' id='line_1_88' title="bbox 2175 2774 3805 2848; baseline -0.009 -14"><span class='ocrx_word' id='word_1_646' title='bbox 2175 2779 2248 2834; x_wconf 91' lang='lat' dir='ltr'><strong>de</strong></span> <span class='ocrx_word' id='word_1_647' title='bbox 2279 2777 2496 2845; x_wconf 87' lang='lat' dir='ltr'><strong>causis,</strong></span> <span class='ocrx_word' id='word_1_648' title='bbox 2530 2793 2665 2832; x_wconf 89' lang='lat' dir='ltr'><strong>cum</strong></span> <span class='ocrx_word' id='word_1_649' title='bbox 2720 2775 2974 2848; x_wconf 90' lang='lat' dir='ltr'><strong>Spiritus</strong></span> <span class='ocrx_word' id='word_1_650' title='bbox 3007 2775 3198 2832; x_wconf 89' lang='lat' dir='ltr'><strong>sancti</strong></span> <span class='ocrx_word' id='word_1_651' title='bbox 3258 2774 3631 2830; x_wconf 86' lang='lat' dir='ltr'><strong>divinitatem</strong></span> <span class='ocrx_word' id='word_1_652' title='bbox 3668 2781 3805 2824; x_wconf 85' lang='lat' dir='ltr'><strong>asse-</strong></span> 
     </span>
    </p>
   </div>
   <div class='ocr_carea' id='block_1_88' title="bbox 2175 2854 3808 2936">
    <p class='ocr_par' dir='ltr' id='par_1_88' title="bbox 2175 2854 3808 2936">
     <span class='ocr_line' id='line_1_89' title="bbox 2175 2854 3808 2936; baseline -0.006 -12"><span class='ocrx_word' id='word_1_653' title='bbox 2175 2867 2314 2934; x_wconf 88' lang='lat' dir='ltr'><strong>ruit,</strong></span> <span class='ocrx_word' id='word_1_654' title='bbox 2349 2867 2450 2922; x_wconf 89' lang='lat' dir='ltr'><strong>Dei</strong></span> <span class='ocrx_word' id='word_1_655' title='bbox 2482 2883 2700 2922; x_wconf 90' lang='lat' dir='ltr'><strong>nomen</strong></span> <span class='ocrx_word' id='word_1_656' title='bbox 2732 2866 3004 2933; x_wconf 84' lang='lat' dir='ltr'><strong>reticere,</strong></span> <span class='ocrx_word' id='word_1_657' title='bbox 3039 2865 3387 2936; x_wconf 89' lang='lat' dir='ltr'><strong>remipsam</strong></span> <span class='ocrx_word' id='word_1_658' title='bbox 3417 2863 3552 2920; x_wconf 87' lang='lat' dir='ltr'><strong>aliis</strong></span> <span class='ocrx_word' id='word_1_659' title='bbox 3583 2854 3808 2927; x_wconf 68' lang='lat' dir='ltr'><strong>etaequi-</strong></span> 
     </span>
    </p>
   </div>
   <div class='ocr_carea' id='block_1_89' title="bbox 2177 2943 3808 3028">
    <p class='ocr_par' dir='ltr' id='par_1_89' title="bbox 2177 2943 3808 3028">
     <span class='ocr_line' id='line_1_90' title="bbox 2177 2943 3808 3028; baseline -0.01 -15"><span class='ocrx_word' id='word_1_660' title='bbox 2177 2956 2509 3013; x_wconf 88' lang='lat' dir='ltr'><strong>valentibus</strong></span> <span class='ocrx_word' id='word_1_661' title='bbox 2542 2956 2736 3012; x_wconf 90' lang='lat' dir='ltr'><strong>verbis</strong></span> <span class='ocrx_word' id='word_1_662' title='bbox 2766 2953 3176 3028; x_wconf 88' lang='lat' dir='ltr'><strong>exprimendo,</strong></span> <span class='ocrx_word' id='word_1_663' title='bbox 3211 2968 3582 3026; x_wconf 89' lang='lat' dir='ltr'><strong>quanquam,</strong></span> <span class='ocrx_word' id='word_1_664' title='bbox 3609 2963 3705 3004; x_wconf 87' lang='lat' dir='ltr'><strong>vox</strong></span> <span class='ocrx_word' id='word_1_665' title='bbox 3723 2943 3808 2999; x_wconf 87' lang='lat' dir='ltr'><strong>illa</strong></span> 
     </span>
    </p>
   </div>
   <div class='ocr_carea' id='block_1_90' title="bbox 2177 3041 3806 3119">
    <p class='ocr_par' dir='ltr' id='par_1_90' title="bbox 2177 3041 3806 3119">
     <span class='ocr_line' id='line_1_91' title="bbox 2177 3041 3806 3119; baseline -0.009 -15"><span class='ocrx_word' id='word_1_666' title='bbox 2177 3050 2240 3105; x_wconf 91' lang='lat' dir='ltr'><strong>in</strong></span> <span class='ocrx_word' id='word_1_667' title='bbox 2298 3047 2615 3119; x_wconf 90' lang='lat' dir='ltr'><strong>Scripturis</strong></span> <span class='ocrx_word' id='word_1_668' title='bbox 2674 3045 2858 3101; x_wconf 92' lang='lat' dir='ltr'><strong>sacris</strong></span> <span class='ocrx_word' id='word_1_669' title='bbox 2928 3045 3170 3118; x_wconf 90' lang='lat' dir='ltr'><strong>Spiritui</strong></span> <span class='ocrx_word' id='word_1_670' title='bbox 3237 3051 3450 3101; x_wconf 87' lang='lat' dir='ltr'><strong>sancto</strong></span> <span class='ocrx_word' id='word_1_671' title='bbox 3509 3041 3806 3100; x_wconf 86' lang='lat' dir='ltr'><strong>tribuatur;</strong></span> 
     </span>
    </p>
   </div>
   <div class='ocr_carea' id='block_1_91' title="bbox 2179 3131 3809 3212">
    <p class='ocr_par' dir='ltr' id='par_1_91' title="bbox 2179 3131 3809 3212">
     <span class='ocr_line' id='line_1_92' title="bbox 2179 3131 3809 3212; baseline -0.007 -18"><span class='ocrx_word' id='word_1_672' title='bbox 2179 3138 2568 3212; x_wconf 89' lang='lat' dir='ltr'><strong>quamobrem</strong></span> <span class='ocrx_word' id='word_1_673' title='bbox 2589 3137 2808 3210; x_wconf 80' lang='lat' dir='ltr'><strong>Cyrillo</strong></span> <span class='ocrx_word' id='word_1_674' title='bbox 2829 3137 3022 3192; x_wconf 80' lang='lat' dir='ltr'><strong>fraudi</strong></span> <span class='ocrx_word' id='word_1_675' title='bbox 3041 3137 3174 3204; x_wconf 90' lang='lat' dir='ltr'><strong>erit,</strong></span> <span class='ocrx_word' id='word_1_676' title='bbox 3197 3153 3412 3192; x_wconf 85' lang='lat' dir='ltr'><strong>vocem</strong></span> <span class='ocrx_word' id='word_1_677' title='bbox 3436 3131 3661 3191; x_wconf 89' lang='lat' dir='ltr'><strong>tametsi</strong></span> <span class='ocrx_word' id='word_1_678' title='bbox 3675 3143 3809 3184; x_wconf 76' lang='lat' dir='ltr'><strong>cecu-</strong></span> 
     </span>
    </p>
   </div>
   <div class='ocr_carea' id='block_1_92' title="bbox 2177 3217 3806 3298">
    <p class='ocr_par' dir='ltr' id='par_1_92' title="bbox 2177 3217 3806 3298">
     <span class='ocr_line' id='line_1_93' title="bbox 2177 3217 3806 3298; baseline -0.011 -10"><span class='ocrx_word' id='word_1_679' title='bbox 2177 3230 2411 3290; x_wconf 91' lang='lat' dir='ltr'><strong>menico</strong></span> <span class='ocrx_word' id='word_1_680' title='bbox 2442 3227 2695 3284; x_wconf 90' lang='lat' dir='ltr'><strong>concilio</strong></span> <span class='ocrx_word' id='word_1_681' title='bbox 2727 3225 3488 3298; x_wconf 67' lang='lat' dir='ltr'><strong>consecratam,Scripturaa</strong></span> <span class='ocrx_word' id='word_1_682' title='bbox 3518 3231 3704 3280; x_wconf 88' lang='lat' dir='ltr'><strong>tamen</strong></span> <span class='ocrx_word' id='word_1_683' title='bbox 3737 3217 3806 3271; x_wconf 86' lang='lat' dir='ltr'><strong>in-</strong></span> 
     </span>
    </p>
   </div>
   <div class='ocr_carea' id='block_1_93' title="bbox 2177 3305 3800 3394">
    <p class='ocr_par' dir='ltr' id='par_1_93' title="bbox 2177 3305 3800 3394">
     <span class='ocr_line' id='line_1_94' title="bbox 2177 3305 3800 3394; baseline -0.011 -15"><span class='ocrx_word' id='word_1_684' title='bbox 2177 3321 2496 3394; x_wconf 85' lang='lat' dir='ltr'><strong>cognitam,</strong></span> <span class='ocrx_word' id='word_1_685' title='bbox 2529 3335 2650 3372; x_wconf 92' lang='lat' dir='ltr'><strong>non</strong></span> <span class='ocrx_word' id='word_1_686' title='bbox 2695 3319 2823 3373; x_wconf 89' lang='lat' dir='ltr'><strong>sine</strong></span> <span class='ocrx_word' id='word_1_687' title='bbox 2881 3316 3178 3390; x_wconf 88' lang='lat' dir='ltr'><strong>probabili</strong></span> <span class='ocrx_word' id='word_1_688' title='bbox 3209 3333 3398 3372; x_wconf 88' lang='lat' dir='ltr'><strong>causa</strong></span> <span class='ocrx_word' id='word_1_689' title='bbox 3455 3305 3800 3371; x_wconf 81' lang='lat' dir='ltr'><strong>tacuisse?Si</strong></span> 
     </span>
    </p>
   </div>
   <div class='ocr_carea' id='block_1_94' title="bbox 2180 3397 3802 3480">
    <p class='ocr_par' dir='ltr' id='par_1_94' title="bbox 2180 3397 3802 3480">
     <span class='ocr_line' id='line_1_95' title="bbox 2180 3397 3802 3480; baseline -0.014 -12"><span class='ocrx_word' id='word_1_690' title='bbox 2180 3409 2502 3468; x_wconf 86' lang='lat' dir='ltr'><strong>Athanasio</strong></span> <span class='ocrx_word' id='word_1_691' title='bbox 2524 3407 2728 3480; x_wconf 89' lang='lat' dir='ltr'><strong>judice</strong></span> <span class='ocrx_word' id='word_1_692' title='bbox 2761 3407 2822 3462; x_wconf 92' lang='lat' dir='ltr'><strong>in</strong></span> <span class='ocrx_word' id='word_1_693' title='bbox 2854 3407 3027 3479; x_wconf 89' lang='lat' dir='ltr'><strong>epist.</strong></span> <span class='ocrx_word' id='word_1_694' title='bbox 3051 3406 3127 3462; x_wconf 89' lang='lat' dir='ltr'><strong>ad</strong></span> <span class='ocrx_word' id='word_1_695' title='bbox 3155 3406 3549 3463; x_wconf 79' lang='lat' dir='ltr'><strong>Rufinianum</strong></span> <span class='ocrx_word' id='word_1_696' title='bbox 3570 3397 3802 3476; x_wconf 85' lang='lat' dir='ltr'><strong>ejusdem</strong></span> 
     </span>
    </p>
   </div>
   <div class='ocr_carea' id='block_1_95' title="bbox 2179 3485 3807 3557">
    <p class='ocr_par' dir='ltr' id='par_1_95' title="bbox 2179 3485 3807 3557">
     <span class='ocr_line' id='line_1_96' title="bbox 2179 3485 3807 3557; baseline -0.012 0"><span class='ocrx_word' id='word_1_697' title='bbox 2179 3501 2336 3557; x_wconf 90' lang='lat' dir='ltr'><strong>vocis</strong></span> <span class='ocrx_word' id='word_1_698' title='bbox 2363 3498 2610 3554; x_wconf 82' lang='lat' dir='ltr'><strong>sublatae</strong></span> <span class='ocrx_word' id='word_1_699' title='bbox 2641 3503 3104 3552; x_wconf 81' lang='lat' dir='ltr'><strong>consentaneam</strong></span> <span class='ocrx_word' id='word_1_700' title='bbox 3145 3497 3595 3553; x_wconf 83' lang='lat' dir='ltr'><strong>excusationem</strong></span> <span class='ocrx_word' id='word_1_701' title='bbox 3622 3485 3807 3546; x_wconf 88' lang='lat' dir='ltr'><strong>attule—</strong></span> 
     </span>
    </p>
   </div>
   <div class='ocr_carea' id='block_1_96' title="bbox 2179 3583 3806 3659">
    <p class='ocr_par' dir='ltr' id='par_1_96' title="bbox 2179 3583 3806 3659">
     <span class='ocr_line' id='line_1_97' title="bbox 2179 3583 3806 3659; baseline -0.013 -9"><span class='ocrx_word' id='word_1_702' title='bbox 2179 3597 2322 3650; x_wconf 90' lang='lat' dir='ltr'><strong>runt</strong></span> <span class='ocrx_word' id='word_1_703' title='bbox 2349 3590 2780 3656; x_wconf 80' lang='lat' dir='ltr'><strong>Ariminenses,</strong></span> <span class='ocrx_word' id='word_1_704' title='bbox 2803 3605 2909 3643; x_wconf 89' lang='lat' dir='ltr'><strong>cur</strong></span> <span class='ocrx_word' id='word_1_705' title='bbox 2939 3587 3208 3659; x_wconf 90' lang='lat' dir='ltr'><strong>ejusdem</strong></span> <span class='ocrx_word' id='word_1_706' title='bbox 3235 3583 3617 3644; x_wconf 89' lang='lat' dir='ltr'><strong>solummodo</strong></span> <span class='ocrx_word' id='word_1_707' title='bbox 3634 3586 3806 3636; x_wconf 84' lang='lat' dir='ltr'><strong>tacen-</strong></span> 
     </span>
    </p>
   </div>
   <div class='ocr_carea' id='block_1_97' title="bbox 2179 3661 3814 3751">
    <p class='ocr_par' dir='ltr' id='par_1_97' title="bbox 2179 3661 3814 3751">
     <span class='ocr_line' id='line_1_98' title="bbox 2179 3661 3814 3751; baseline -0.011 -13"><span class='ocrx_word' id='word_1_708' title='bbox 2179 3683 2270 3738; x_wconf 69' lang='lat' dir='ltr'><strong>dae</strong></span> <span class='ocrx_word' id='word_1_709' title='bbox 2298 3679 2596 3751; x_wconf 86' lang='lat' dir='ltr'><strong>legitimas</strong></span> <span class='ocrx_word' id='word_1_710' title='bbox 2643 3676 2861 3749; x_wconf 88' lang='lat' dir='ltr'><strong>Cyrillo</strong></span> <span class='ocrx_word' id='word_1_711' title='bbox 2914 3675 3178 3731; x_wconf 86' lang='lat' dir='ltr'><strong>rationes</strong></span> <span class='ocrx_word' id='word_1_712' title='bbox 3237 3675 3508 3732; x_wconf 84' lang='lat' dir='ltr'><strong>defuisse</strong></span> <span class='ocrx_word' id='word_1_713' title='bbox 3535 3661 3814 3728; x_wconf 76' lang='lat' dir='ltr'><strong>dicemus?</strong></span> 
     </span>
    </p>
   </div>
   <div class='ocr_carea' id='block_1_98' title="bbox 2183 3752 3812 3838">
    <p class='ocr_par' dir='ltr' id='par_1_98' title="bbox 2183 3752 3812 3838">
     <span class='ocr_line' id='line_1_99' title="bbox 2183 3752 3812 3838; baseline -0.01 -10"><span class='ocrx_word' id='word_1_714' title='bbox 2183 3769 2452 3828; x_wconf 90' lang='lat' dir='ltr'><strong>Secundo</strong></span> <span class='ocrx_word' id='word_1_715' title='bbox 2513 3768 2736 3838; x_wconf 87' lang='lat' dir='ltr'><strong>itaque,</strong></span> <span class='ocrx_word' id='word_1_716' title='bbox 2800 3765 3024 3820; x_wconf 90' lang='lat' dir='ltr'><strong>silentii</strong></span> <span class='ocrx_word' id='word_1_717' title='bbox 3088 3765 3269 3837; x_wconf 90' lang='lat' dir='ltr'><strong>hujus</strong></span> <span class='ocrx_word' id='word_1_718' title='bbox 3333 3763 3715 3836; x_wconf 90' lang='lat' dir='ltr'><strong>multiplicem</strong></span> <span class='ocrx_word' id='word_1_719' title='bbox 3761 3752 3812 3806; x_wconf 88' lang='lat' dir='ltr'><strong>in</strong></span> 
     </span>
    </p>
   </div>
   <div class='ocr_carea' id='block_1_99' title="bbox 2183 3842 3814 3932">
    <p class='ocr_par' dir='ltr' id='par_1_99' title="bbox 2183 3842 3814 3932">
     <span class='ocr_line' id='line_1_100' title="bbox 2183 3842 3814 3932; baseline -0.014 -16"><span class='ocrx_word' id='word_1_720' title='bbox 2183 3859 2314 3932; x_wconf 86' lang='lat' dir='ltr'><strong>[CL]</strong></span> <span class='ocrx_word' id='word_1_721' title='bbox 2346 3857 2564 3930; x_wconf 85' lang='lat' dir='ltr'><strong>Cyrillo</strong></span> <span class='ocrx_word' id='word_1_722' title='bbox 2595 3871 2836 3911; x_wconf 88' lang='lat' dir='ltr'><strong>causam</strong></span> <span class='ocrx_word' id='word_1_723' title='bbox 2865 3854 3170 3927; x_wconf 87' lang='lat' dir='ltr'><strong>assignare</strong></span> <span class='ocrx_word' id='word_1_724' title='bbox 3199 3869 3541 3924; x_wconf 88' lang='lat' dir='ltr'><strong>possumus.</strong></span> <span class='ocrx_word' id='word_1_725' title='bbox 3569 3842 3814 3905; x_wconf 87' lang='lat' dir='ltr'><strong>Catecbe—</strong></span> 
     </span>
    </p>
   </div>
   <div class='ocr_carea' id='block_1_100' title="bbox 2185 3936 3814 4013">
    <p class='ocr_par' dir='ltr' id='par_1_100' title="bbox 2185 3936 3814 4013">
     <span class='ocr_line' id='line_1_101' title="bbox 2185 3936 3814 4013; baseline -0.014 -9"><span class='ocrx_word' id='word_1_726' title='bbox 2185 3949 2300 4004; x_wconf 89' lang='lat' dir='ltr'><strong>sim</strong></span> <span class='ocrx_word' id='word_1_727' title='bbox 2324 3953 2381 4002; x_wconf 91' lang='lat' dir='ltr'><strong>et</strong></span> <span class='ocrx_word' id='word_1_728' title='bbox 2405 3944 2846 4002; x_wconf 88' lang='lat' dir='ltr'><strong>institutionem</strong></span> <span class='ocrx_word' id='word_1_729' title='bbox 2863 3942 3104 3998; x_wconf 89' lang='lat' dir='ltr'><strong>rudium</strong></span> <span class='ocrx_word' id='word_1_730' title='bbox 3133 3942 3480 4000; x_wconf 85' lang='lat' dir='ltr'><strong>existimare</strong></span> <span class='ocrx_word' id='word_1_731' title='bbox 3501 3936 3814 4013; x_wconf 83' lang='lat' dir='ltr'><strong>potuit,ver-</strong></span> 
     </span>
    </p>
   </div>
   <div class='ocr_carea' id='block_1_101' title="bbox 2185 4023 3818 4106">
    <p class='ocr_par' dir='ltr' id='par_1_101' title="bbox 2185 4023 3818 4106">
     <span class='ocr_line' id='line_1_102' title="bbox 2185 4023 3818 4106; baseline -0.012 -14"><span class='ocrx_word' id='word_1_732' title='bbox 2185 4037 2278 4093; x_wconf 89' lang='lat' dir='ltr'><strong>bis</strong></span> <span class='ocrx_word' id='word_1_733' title='bbox 2309 4053 2379 4093; x_wconf 87' lang='lat' dir='ltr'><strong>ex</strong></span> <span class='ocrx_word' id='word_1_734' title='bbox 2409 4053 2522 4091; x_wconf 93' lang='lat' dir='ltr'><strong>usu</strong></span> <span class='ocrx_word' id='word_1_735' title='bbox 2544 4033 2851 4090; x_wconf 92' lang='lat' dir='ltr'><strong>communi</strong></span> <span class='ocrx_word' id='word_1_736' title='bbox 2883 4031 3471 4106; x_wconf 89' lang='lat' dir='ltr'><strong>sumptis,siquidem</strong></span> <span class='ocrx_word' id='word_1_737' title='bbox 3493 4023 3818 4086; x_wconf 81' lang='lat' dir='ltr'><strong>illasuflice-</strong></span> 
     </span>
    </p>
   </div>
   <div class='ocr_carea' id='block_1_102' title="bbox 2185 4107 3814 4196">
    <p class='ocr_par' dir='ltr' id='par_1_102' title="bbox 2185 4107 3814 4196">
     <span class='ocr_line' id='line_1_103' title="bbox 2185 4107 3814 4196; baseline -0.012 -13"><span class='ocrx_word' id='word_1_738' title='bbox 2185 4132 2338 4196; x_wconf 86' lang='lat' dir='ltr'><strong>rent,</strong></span> <span class='ocrx_word' id='word_1_739' title='bbox 2369 4125 2845 4194; x_wconf 89' lang='lat' dir='ltr'><strong>informandam;</strong></span> <span class='ocrx_word' id='word_1_740' title='bbox 2879 4141 2991 4180; x_wconf 90' lang='lat' dir='ltr'><strong>nec</strong></span> <span class='ocrx_word' id='word_1_741' title='bbox 3020 4123 3442 4180; x_wconf 89' lang='lat' dir='ltr'><strong>admiscendas</strong></span> <span class='ocrx_word' id='word_1_742' title='bbox 3475 4135 3643 4176; x_wconf 88' lang='lat' dir='ltr'><strong>voces</strong></span> <span class='ocrx_word' id='word_1_743' title='bbox 3679 4107 3814 4169; x_wconf 84' lang='lat' dir='ltr'><strong>auri-</strong></span> 
     </span>
    </p>
   </div>
   <div class='ocr_carea' id='block_1_103' title="bbox 2184 4203 3813 4296">
    <p class='ocr_par' dir='ltr' id='par_1_103' title="bbox 2184 4203 3813 4296">
     <span class='ocr_line' id='line_1_104' title="bbox 2184 4203 3813 4296; baseline -0.005 -24"><span class='ocrx_word' id='word_1_744' title='bbox 2184 4218 2296 4273; x_wconf 91' lang='lat' dir='ltr'><strong>bus</strong></span> <span class='ocrx_word' id='word_1_745' title='bbox 2316 4217 2582 4289; x_wconf 89' lang='lat' dir='ltr'><strong>ipsorum</strong></span> <span class='ocrx_word' id='word_1_746' title='bbox 2605 4216 2894 4283; x_wconf 89' lang='lat' dir='ltr'><strong>insuetas,</strong></span> <span class='ocrx_word' id='word_1_747' title='bbox 2917 4231 3050 4286; x_wconf 67' lang='lat' dir='ltr'><strong>quae</strong></span> <span class='ocrx_word' id='word_1_748' title='bbox 3067 4215 3406 4286; x_wconf 69' lang='lat' dir='ltr'><strong>prmsertim</strong></span> <span class='ocrx_word' id='word_1_749' title='bbox 3427 4228 3589 4270; x_wconf 63' lang='lat' dir='ltr'><strong>novas</strong></span> <span class='ocrx_word' id='word_1_750' title='bbox 3619 4203 3813 4296; x_wconf 68' lang='lat' dir='ltr'><strong>essent.</strong></span> 
     </span>
    </p>
   </div>
   <div class='ocr_carea' id='block_1_104' title="bbox 2187 4303 3811 4364">
    <p class='ocr_par' dir='ltr' id='par_1_104' title="bbox 2187 4303 3811 4364">
     <span class='ocr_line' id='line_1_105' title="bbox 2187 4303 3811 4364; baseline -0.001 -1"><span class='ocrx_word' id='word_1_751' title='bbox 2187 4306 2446 4364; x_wconf 88' lang='lat' dir='ltr'><strong>necdum</strong></span> <span class='ocrx_word' id='word_1_752' title='bbox 2477 4323 2588 4362; x_wconf 91' lang='lat' dir='ltr'><strong>usu</strong></span> <span class='ocrx_word' id='word_1_753' title='bbox 2621 4305 2874 4362; x_wconf 90' lang='lat' dir='ltr'><strong>solemni</strong></span> <span class='ocrx_word' id='word_1_754' title='bbox 2909 4309 2968 4360; x_wconf 90' lang='lat' dir='ltr'><strong>et</strong></span> <span class='ocrx_word' id='word_1_755' title='bbox 2997 4305 3135 4360; x_wconf 90' lang='lat' dir='ltr'><strong>trito</strong></span> <span class='ocrx_word' id='word_1_756' title='bbox 3176 4305 3594 4360; x_wconf 89' lang='lat' dir='ltr'><strong>auctoritatem</strong></span> <span class='ocrx_word' id='word_1_757' title='bbox 3638 4303 3811 4362; x_wconf 63' lang='lat' dir='ltr'><strong>aequ&quot;</strong></span> 
     </span>
    </p>
   </div>
   <div class='ocr_carea' id='block_1_105' title="bbox 2187 4387 3813 4466">
    <p class='ocr_par' dir='ltr' id='par_1_105' title="bbox 2187 4387 3813 4466">
     <span class='ocr_line' id='line_1_106' title="bbox 2187 4387 3813 4466; baseline -0.013 -13"><span class='ocrx_word' id='word_1_758' title='bbox 2187 4397 2480 4453; x_wconf 89' lang='lat' dir='ltr'><strong>sivissent.</strong></span> <span class='ocrx_word' id='word_1_759' title='bbox 2513 4398 2592 4451; x_wconf 88' lang='lat' dir='ltr'><strong>Eo</strong></span> <span class='ocrx_word' id='word_1_760' title='bbox 2611 4396 2812 4452; x_wconf 89' lang='lat' dir='ltr'><strong>animo</strong></span> <span class='ocrx_word' id='word_1_761' title='bbox 2843 4394 3038 4466; x_wconf 90' lang='lat' dir='ltr'><strong>ipsum</strong></span> <span class='ocrx_word' id='word_1_762' title='bbox 3061 4393 3338 4450; x_wconf 88' lang='lat' dir='ltr'><strong>existimo</strong></span> <span class='ocrx_word' id='word_1_763' title='bbox 3372 4409 3494 4448; x_wconf 92' lang='lat' dir='ltr'><strong>non</strong></span> <span class='ocrx_word' id='word_1_764' title='bbox 3524 4388 3594 4445; x_wconf 88' lang='lat' dir='ltr'><strong>ab</strong></span> <span class='ocrx_word' id='word_1_765' title='bbox 3618 4387 3813 4441; x_wconf 79' lang='lat' dir='ltr'><strong>hocse-</strong></span> 
     </span>
    </p>
   </div>
   <div class='ocr_carea' id='block_1_106' title="bbox 2185 4466 3812 4555">
    <p class='ocr_par' dir='ltr' id='par_1_106' title="bbox 2185 4466 3812 4555">
     <span class='ocr_line' id='line_1_107' title="bbox 2185 4466 3812 4555; baseline -0.009 -12"><span class='ocrx_word' id='word_1_766' title='bbox 2185 4485 2332 4555; x_wconf 91' lang='lat' dir='ltr'><strong>lum,</strong></span> <span class='ocrx_word' id='word_1_767' title='bbox 2360 4485 2463 4542; x_wconf 91' lang='lat' dir='ltr'><strong>sed</strong></span> <span class='ocrx_word' id='word_1_768' title='bbox 2493 4485 2626 4542; x_wconf 91' lang='lat' dir='ltr'><strong>aliis</strong></span> <span class='ocrx_word' id='word_1_769' title='bbox 2658 4485 2860 4552; x_wconf 89' lang='lat' dir='ltr'><strong>etiam,</strong></span> <span class='ocrx_word' id='word_1_770' title='bbox 2918 4489 3169 4551; x_wconf 81' lang='lat' dir='ltr'><strong>naturm,</strong></span> <span class='ocrx_word' id='word_1_771' title='bbox 3231 4480 3598 4546; x_wconf 62' lang='lat' dir='ltr'><strong>substantiae,</strong></span> <span class='ocrx_word' id='word_1_772' title='bbox 3629 4466 3812 4528; x_wconf 71' lang='grc' dir='ltr'><strong>οὐσίας,</strong></span> 
     </span>
    </p>
   </div>
   <div class='ocr_carea' id='block_1_107' title="bbox 2193 4555 3816 4648">
    <p class='ocr_par' dir='ltr' id='par_1_107' title="bbox 2193 4555 3816 4648">
     <span class='ocr_line' id='line_1_108' title="bbox 2193 4555 3816 4648; baseline -0.012 -17"><span class='ocrx_word' id='word_1_773' title='bbox 2193 4592 2490 4648; x_wconf 61' lang='lat' dir='ltr'><strong>personas,</strong></span> <span class='ocrx_word' id='word_1_774' title='bbox 2514 4575 3078 4648; x_wconf 84' lang='lat' dir='ltr'><strong>hypostaseos,etc.,</strong></span> <span class='ocrx_word' id='word_1_775' title='bbox 3102 4573 3482 4630; x_wconf 84' lang='lat' dir='ltr'><strong>vocabulisin</strong></span> <span class='ocrx_word' id='word_1_776' title='bbox 3501 4555 3816 4648; x_wconf 78' lang='lat' dir='ltr'><strong>explicando</strong></span> 
     </span>
    </p>
   </div>
   <div class='ocr_carea' id='block_1_108' title="bbox 2185 4645 3814 4720">
    <p class='ocr_par' dir='ltr' id='par_1_108' title="bbox 2185 4645 3814 4720">
     <span class='ocr_line' id='line_1_109' title="bbox 2185 4645 3814 4720; baseline -0.009 0"><span class='ocrx_word' id='word_1_777' title='bbox 2185 4645 2471 4720; x_wconf 82' lang='lat' dir='ltr'><strong>&#39;l‘rinitate</strong></span> <span class='ocrx_word' id='word_1_778' title='bbox 2503 4645 2882 4720; x_wconf 75' lang='lat' dir='ltr'><strong>abstinuisse.</strong></span> <span class='ocrx_word' id='word_1_779' title='bbox 2936 4665 3231 4718; x_wconf 79' lang='lat' dir='ltr'><strong>Praeterea</strong></span> <span class='ocrx_word' id='word_1_780' title='bbox 3260 4679 3383 4718; x_wconf 91' lang='lat' dir='ltr'><strong>non</strong></span> <span class='ocrx_word' id='word_1_781' title='bbox 3441 4659 3582 4716; x_wconf 90' lang='lat' dir='ltr'><strong>satis</strong></span> <span class='ocrx_word' id='word_1_782' title='bbox 3613 4655 3720 4709; x_wconf 83' lang='lat' dir='ltr'><strong>fixa</strong></span> <span class='ocrx_word' id='word_1_783' title='bbox 3764 4645 3814 4698; x_wconf 67' lang='grc' dir='ltr'>εἴ</span> 
     </span>
    </p>
   </div>
   <div class='ocr_carea' id='block_1_109' title="bbox 2184 4746 3813 4830">
    <p class='ocr_par' dir='ltr' id='par_1_109' title="bbox 2184 4746 3813 4830">
     <span class='ocr_line' id='line_1_110' title="bbox 2184 4746 3813 4830; baseline -0.009 -18"><span class='ocrx_word' id='word_1_784' title='bbox 2184 4762 2345 4812; x_wconf 81' lang='lat' dir='ltr'><strong>certa</strong></span> <span class='ocrx_word' id='word_1_785' title='bbox 2362 4757 2473 4812; x_wconf 81' lang='lat' dir='ltr'><strong>hoc</strong></span> <span class='ocrx_word' id='word_1_786' title='bbox 2496 4763 2762 4830; x_wconf 89' lang='lat' dir='ltr'><strong>tempore</strong></span> <span class='ocrx_word' id='word_1_787' title='bbox 2783 4755 2964 4811; x_wconf 90' lang='lat' dir='ltr'><strong>videri</strong></span> <span class='ocrx_word' id='word_1_788' title='bbox 2992 4761 3225 4827; x_wconf 90' lang='lat' dir='ltr'><strong>poterat</strong></span> <span class='ocrx_word' id='word_1_789' title='bbox 3244 4746 3813 4812; x_wconf 72' lang='lat' dir='ltr'><strong>consubstantialisvo-</strong></span> 
     </span>
    </p>
   </div>
   <div class='ocr_carea' id='block_1_110' title="bbox 2185 4837 3811 4926">
    <p class='ocr_par' dir='ltr' id='par_1_110' title="bbox 2185 4837 3811 4926">
     <span class='ocr_line' id='line_1_111' title="bbox 2185 4837 3811 4926; baseline -0.01 -23"><span class='ocrx_word' id='word_1_790' title='bbox 2185 4846 2379 4903; x_wconf 89' lang='lat' dir='ltr'><strong>cabuli</strong></span> <span class='ocrx_word' id='word_1_791' title='bbox 2411 4847 2808 4920; x_wconf 85' lang='lat' dir='ltr'><strong>signiﬁcatio;</strong></span> <span class='ocrx_word' id='word_1_792' title='bbox 2843 4845 2960 4902; x_wconf 89' lang='lat' dir='ltr'><strong>alia</strong></span> <span class='ocrx_word' id='word_1_793' title='bbox 3017 4845 3177 4901; x_wconf 90' lang='lat' dir='ltr'><strong>enim</strong></span> <span class='ocrx_word' id='word_1_794' title='bbox 3212 4845 3340 4918; x_wconf 86' lang='lat' dir='ltr'><strong>ejus</strong></span> <span class='ocrx_word' id='word_1_795' title='bbox 3390 4842 3546 4916; x_wconf 90' lang='lat' dir='ltr'><strong>apud</strong></span> <span class='ocrx_word' id='word_1_796' title='bbox 3575 4837 3811 4926; x_wconf 61' lang='lat' dir='ltr'><strong>Athana:</strong></span> 
     </span>
    </p>
   </div>
   <div class='ocr_carea' id='block_1_111' title="bbox 2184 4919 3807 5017">
    <p class='ocr_par' dir='ltr' id='par_1_111' title="bbox 2184 4919 3807 5017">
     <span class='ocr_line' id='line_1_112' title="bbox 2184 4919 3807 5017; baseline -0.007 -26"><span class='ocrx_word' id='word_1_797' title='bbox 2184 4937 2339 4993; x_wconf 87' lang='lat' dir='ltr'><strong>sium</strong></span> <span class='ocrx_word' id='word_1_798' title='bbox 2371 4942 2430 4991; x_wconf 91' lang='lat' dir='ltr'><strong>et</strong></span> <span class='ocrx_word' id='word_1_799' title='bbox 2455 4919 2793 4992; x_wconf 86' lang='lat' dir='ltr'><strong>Catholicos</strong></span> <span class='ocrx_word' id='word_1_800' title='bbox 2832 4935 3146 5008; x_wconf 91' lang='lat' dir='ltr'><strong>explicatio</strong></span> <span class='ocrx_word' id='word_1_801' title='bbox 3205 4943 3369 5003; x_wconf 89' lang='lat' dir='ltr'><strong>erat;</strong></span> <span class='ocrx_word' id='word_1_802' title='bbox 3428 4933 3544 4990; x_wconf 84' lang='lat' dir='ltr'><strong>alia</strong></span> <span class='ocrx_word' id='word_1_803' title='bbox 3597 4919 3807 5017; x_wconf 51' lang='lat' dir='ltr'><strong>Eusebii</strong></span> 
     </span>
    </p>
   </div>
   <div class='ocr_carea' id='block_1_112' title="bbox 2182 5013 3805 5104">
    <p class='ocr_par' dir='ltr' id='par_1_112' title="bbox 2182 5013 3805 5104">
     <span class='ocr_line' id='line_1_113' title="bbox 2182 5013 3805 5104; baseline -0.009 -22"><span class='ocrx_word' id='word_1_804' title='bbox 2182 5026 2568 5082; x_wconf 71' lang='lat' dir='ltr'><strong>Caesariensis</strong></span> <span class='ocrx_word' id='word_1_805' title='bbox 2625 5025 2686 5080; x_wconf 91' lang='lat' dir='ltr'><strong>in</strong></span> <span class='ocrx_word' id='word_1_806' title='bbox 2720 5025 2974 5097; x_wconf 86' lang='lat' dir='ltr'><strong>epistola</strong></span> <span class='ocrx_word' id='word_1_807' title='bbox 3031 5025 3107 5081; x_wconf 86' lang='lat' dir='ltr'><strong>ad</strong></span> <span class='ocrx_word' id='word_1_808' title='bbox 3137 5043 3278 5082; x_wconf 88' lang='lat' dir='ltr'><strong>suos</strong></span> <span class='ocrx_word' id='word_1_809' title='bbox 3325 5041 3490 5081; x_wconf 89' lang='lat' dir='ltr'><strong>num.</strong></span> <span class='ocrx_word' id='word_1_810' title='bbox 3517 5024 3587 5085; x_wconf 84' lang='lat'><strong>5;</strong></span> <span class='ocrx_word' id='word_1_811' title='bbox 3617 5013 3727 5104; x_wconf 67' lang='lat' dir='ltr'><strong>alia</strong></span> <span class='ocrx_word' id='word_1_812' title='bbox 3753 5013 3805 5104; x_wconf 26' lang='lat' dir='ltr'><strong>lin</strong></span> 
     </span>
    </p>
   </div>
   <div class='ocr_carea' id='block_1_113' title="bbox 2183 5099 3805 5188">
    <p class='ocr_par' dir='ltr' id='par_1_113' title="bbox 2183 5099 3805 5188">
     <span class='ocr_line' id='line_1_114' title="bbox 2183 5099 3805 5188; baseline -0.011 -18"><span class='ocrx_word' id='word_1_813' title='bbox 2183 5115 2443 5172; x_wconf 89' lang='lat' dir='ltr'><strong>Marcelli</strong></span> <span class='ocrx_word' id='word_1_814' title='bbox 2498 5115 2560 5170; x_wconf 92' lang='lat' dir='ltr'><strong>in</strong></span> <span class='ocrx_word' id='word_1_815' title='bbox 2588 5114 3018 5186; x_wconf 88' lang='lat' dir='ltr'><strong>discipulorum</strong></span> <span class='ocrx_word' id='word_1_816' title='bbox 3051 5131 3176 5182; x_wconf 91' lang='lat' dir='ltr'><strong>ore,</strong></span> <span class='ocrx_word' id='word_1_817' title='bbox 3210 5113 3505 5188; x_wconf 87' lang='lat' dir='ltr'><strong>siquidem</strong></span> <span class='ocrx_word' id='word_1_818' title='bbox 3535 5109 3605 5164; x_wconf 92' lang='lat' dir='ltr'><strong>de</strong></span> <span class='ocrx_word' id='word_1_819' title='bbox 3635 5099 3805 5158; x_wconf 90' lang='lat' dir='ltr'><strong>Trini-</strong></span> 
     </span>
    </p>
   </div>
   <div class='ocr_carea' id='block_1_114' title="bbox 2181 5190 3804 5278">
    <p class='ocr_par' dir='ltr' id='par_1_114' title="bbox 2181 5190 3804 5278">
     <span class='ocr_line' id='line_1_115' title="bbox 2181 5190 3804 5278; baseline -0.014 -16"><span class='ocrx_word' id='word_1_820' title='bbox 2181 5212 2298 5263; x_wconf 88' lang='lat' dir='ltr'><strong>tate</strong></span> <span class='ocrx_word' id='word_1_821' title='bbox 2323 5223 2498 5278; x_wconf 87' lang='lat' dir='ltr'><strong>prave</strong></span> <span class='ocrx_word' id='word_1_822' title='bbox 2521 5205 2815 5261; x_wconf 87' lang='lat' dir='ltr'><strong>sentirent</strong></span> <span class='ocrx_word' id='word_1_823' title='bbox 2840 5206 3026 5277; x_wconf 89' lang='lat' dir='ltr'><strong>;quod</strong></span> <span class='ocrx_word' id='word_1_824' title='bbox 3055 5206 3274 5278; x_wconf 86' lang='lat' dir='ltr'><strong>Cyrillo</strong></span> <span class='ocrx_word' id='word_1_825' title='bbox 3288 5205 3532 5262; x_wconf 87' lang='lat' dir='ltr'><strong>dubium</strong></span> <span class='ocrx_word' id='word_1_826' title='bbox 3545 5212 3659 5254; x_wconf 92' lang='lat' dir='ltr'><strong>non</strong></span> <span class='ocrx_word' id='word_1_827' title='bbox 3677 5190 3804 5247; x_wconf 87' lang='lat' dir='ltr'><strong>erat.</strong></span> 
     </span>
    </p>
   </div>
   <div class='ocr_carea' id='block_1_115' title="bbox 2180 5281 3804 5367">
    <p class='ocr_par' dir='ltr' id='par_1_115' title="bbox 2180 5281 3804 5367">
     <span class='ocr_line' id='line_1_116' title="bbox 2180 5281 3804 5367; baseline -0.01 -16"><span class='ocrx_word' id='word_1_828' title='bbox 2180 5297 2296 5352; x_wconf 89' lang='lat' dir='ltr'><strong>Cur</strong></span> <span class='ocrx_word' id='word_1_829' title='bbox 2323 5311 2461 5367; x_wconf 86' lang='lat' dir='ltr'><strong>ergo</strong></span> <span class='ocrx_word' id='word_1_830' title='bbox 2511 5296 2752 5350; x_wconf 67' lang='lat' dir='ltr'><strong>incerta}</strong></span> <span class='ocrx_word' id='word_1_831' title='bbox 2798 5295 3251 5366; x_wconf 81' lang='lat' dir='ltr'><strong>significationis</strong></span> <span class='ocrx_word' id='word_1_832' title='bbox 3281 5291 3560 5352; x_wconf 85' lang='lat' dir='ltr'><strong>vocabulo</strong></span> <span class='ocrx_word' id='word_1_833' title='bbox 3593 5281 3804 5341; x_wconf 86' lang='lat' dir='ltr'><strong>rudium</strong></span> 
     </span>
    </p>
   </div>
   <div class='ocr_carea' id='block_1_116' title="bbox 2179 5382 3802 5462">
    <p class='ocr_par' dir='ltr' id='par_1_116' title="bbox 2179 5382 3802 5462">
     <span class='ocr_line' id='line_1_117' title="bbox 2179 5382 3802 5462; baseline -0.011 -21"><span class='ocrx_word' id='word_1_834' title='bbox 2179 5402 2354 5442; x_wconf 83' lang='lat' dir='ltr'><strong>aures</strong></span> <span class='ocrx_word' id='word_1_835' title='bbox 2371 5384 2827 5440; x_wconf 85' lang='lat' dir='ltr'><strong>conturbasset?</strong></span> <span class='ocrx_word' id='word_1_836' title='bbox 2857 5384 3120 5454; x_wconf 69' lang='lat' dir='ltr'><strong>Accedit,</strong></span> <span class='ocrx_word' id='word_1_837' title='bbox 3137 5387 3298 5456; x_wconf 90' lang='lat' dir='ltr'><strong>quod</strong></span> <span class='ocrx_word' id='word_1_838' title='bbox 3321 5402 3390 5441; x_wconf 90' lang='lat' dir='ltr'><strong>eo</strong></span> <span class='ocrx_word' id='word_1_839' title='bbox 3414 5382 3802 5462; x_wconf 24' lang='lat' dir='ltr'><strong>tempore‘con-</strong></span> 
     </span>
    </p>
   </div>
   <div class='ocr_carea' id='block_1_117' title="bbox 2181 5459 3802 5547">
    <p class='ocr_par' dir='ltr' id='par_1_117' title="bbox 2181 5459 3802 5547">
     <span class='ocr_line' id='line_1_118' title="bbox 2181 5459 3802 5547; baseline -0.014 -17"><span class='ocrx_word' id='word_1_840' title='bbox 2181 5475 2443 5531; x_wconf 89' lang='lat' dir='ltr'><strong>tentiosa</strong></span> <span class='ocrx_word' id='word_1_841' title='bbox 2471 5492 2575 5530; x_wconf 86' lang='lat' dir='ltr'><strong>vox</strong></span> <span class='ocrx_word' id='word_1_842' title='bbox 2609 5480 2756 5543; x_wconf 89' lang='lat' dir='ltr'><strong>erat,</strong></span> <span class='ocrx_word' id='word_1_843' title='bbox 2786 5474 3020 5547; x_wconf 86' lang='lat' dir='ltr'><strong>magnis</strong></span> <span class='ocrx_word' id='word_1_844' title='bbox 3041 5475 3100 5530; x_wconf 89' lang='lat' dir='ltr'><strong>in</strong></span> <span class='ocrx_word' id='word_1_845' title='bbox 3125 5475 3389 5531; x_wconf 90' lang='lat' dir='ltr'><strong>Ecclesia</strong></span> <span class='ocrx_word' id='word_1_846' title='bbox 3415 5459 3802 5547; x_wconf 66' lang='lat' dir='ltr'><strong>disputationi-</strong></span> 
     </span>
    </p>
   </div>
   <div class='ocr_carea' id='block_1_118' title="bbox 2183 5540 3796 5640">
    <p class='ocr_par' dir='ltr' id='par_1_118' title="bbox 2183 5540 3796 5640">
     <span class='ocr_line' id='line_1_119' title="bbox 2183 5540 3796 5640; baseline -0.014 -19"><span class='ocrx_word' id='word_1_847' title='bbox 2183 5565 2294 5621; x_wconf 91' lang='lat' dir='ltr'><strong>bus</strong></span> <span class='ocrx_word' id='word_1_848' title='bbox 2326 5565 2578 5636; x_wconf 86' lang='lat' dir='ltr'><strong>agitata:</strong></span> <span class='ocrx_word' id='word_1_849' title='bbox 2614 5569 2716 5620; x_wconf 89' lang='lat' dir='ltr'><strong>aut</strong></span> <span class='ocrx_word' id='word_1_850' title='bbox 2743 5540 2920 5638; x_wconf 60' lang='lat' dir='ltr'><strong>ergo:</strong></span> <span class='ocrx_word' id='word_1_851' title='bbox 2941 5565 3098 5637; x_wconf 91' lang='lat' dir='ltr'><strong>quod</strong></span> <span class='ocrx_word' id='word_1_852' title='bbox 3125 5565 3316 5620; x_wconf 85' lang='lat' dir='ltr'><strong>visum</strong></span> <span class='ocrx_word' id='word_1_853' title='bbox 3346 5550 3692 5630; x_wconf 75' lang='lat' dir='ltr'><strong>Theophani,</strong></span> <span class='ocrx_word' id='word_1_854' title='bbox 3722 5540 3796 5640; x_wconf 70' lang='lat' dir='ltr'><strong>of-</strong></span> 
     </span>
    </p>
   </div>
   <div class='ocr_carea' id='block_1_119' title="bbox 2177 5647 3796 5725">
    <p class='ocr_par' dir='ltr' id='par_1_119' title="bbox 2177 5647 3796 5725">
     <span class='ocr_line' id='line_1_120' title="bbox 2177 5647 3796 5725; baseline -0.007 -16"><span class='ocrx_word' id='word_1_855' title='bbox 2177 5653 2512 5710; x_wconf 84' lang='lat' dir='ltr'><strong>fensionem</strong></span> <span class='ocrx_word' id='word_1_856' title='bbox 2564 5653 2960 5725; x_wconf 87' lang='lat' dir='ltr'><strong>plurimorum</strong></span> <span class='ocrx_word' id='word_1_857' title='bbox 3011 5655 3152 5711; x_wconf 91' lang='lat' dir='ltr'><strong>huic</strong></span> <span class='ocrx_word' id='word_1_858' title='bbox 3190 5656 3316 5712; x_wconf 86' lang='lat' dir='ltr'><strong>voci</strong></span> <span class='ocrx_word' id='word_1_859' title='bbox 3346 5651 3696 5710; x_wconf 87' lang='lat' dir='ltr'><strong>infensorum</strong></span> <span class='ocrx_word' id='word_1_860' title='bbox 3723 5647 3796 5684; x_wconf 64' lang='grc' dir='ltr'><strong>η’</strong></span> 
     </span>
    </p>
   </div>
  </div>
