2012 3189
87 193 127 223 191

815 196 1079 230 DISSERTATIO
1101 199 1154 231 ill.

1777 212 1835 242 198

86 261 215 291 cessioues
228 271 312 292 cum
324 274 367 294 eo
388 268 559 303 admittat,
570 277 627 296 non
642 268 678 297 ad
692 276 759 296 eum
777 266 893 303 dirigat.
911 267 948 293 At
963 265 990 298 Α
1006 264 1083 300 lunt,
1101 269 1169 302 etc.,
1187 268 1217 296 in
1233 270 1354 304 nostris,
1371 274 1459 307 prout
1473 273 1588 301 occasio
1605 282 1637 301 se
1652 275 1744 308 dedit,
1757 279 1837 306 notis

89 308 112 335 in
123 308 208 344 primo
226 309 307 338 loco
327 312 486 348 Cyrillus
504 314 589 342 Pauli
600 313 949 348 verba,intercessionem

90 354 301 390 haucSpiritus
337 357 548 387 afﬁrmantis
577 359 750 396 simpliciter
775 358 877 390 refert,
895 365 950 385 nec

97 400 169 428 alium
182 401 222 428 eis
236 410 388 431 sensum
401 405 479 441 subj
486 405 581 433 ecisse
594 405 760 433 censendus
776 407 829 439 est,
841 406 950 439 praeter

100 445 164 473 illum
175 446 391 476 verissimum
412 458 506 484 sane,
525 450 693 486 quicunque
709 450 759 477 ille
777 450 825 483 sit,
843 448 894 485 qui
918 448 949 475 in

103 491 210 528 Apostoli
226 493 434 522 testimonio
453 495 646 523 continetur:
663 495 742 531 quod
758 495 950 529 nimirum,ut

101 538 181 565 Patres
195 537 483 574 interpretantur,
509 540 641 568 formans
666 541 696 568 in
712 540 884 568 hominibus
900 549 948 577 ge-

100 582 174 610 mitus
188 585 219 610 et
236 583 427 619 orationes,
447 586 515 622 ipse
531 594 647 622 gemere
663 587 693 613 et
707 585 858 621 postulare
879 594 949 613 cen-

99 630 192 655 seatur.
209 629 287 661 Qum
322 629 552 666 interpretatio
581 631 666 659 alteri
687 630 751 658 loco
765 639 800 658 ex
829 633 885 658 cat.
904 632 947 664 17,

98 673 171 709 cujus
185 681 302 702 sensus
321 677 376 702 est
393 676 532 704 maxime
546 676 676 704 incertus
693 678 722 703 et
737 675 891 711 obscurus,
902 684 949 703 ac-

97 719 275 746 commodari
289 722 405 755 potest
415 729 423 755 ;
435 720 587 757 siquidem
596 721 637 748 ibi
652 721 688 749 de
699 721 884 757 Spiritu,non
893 729 947 749 au—

99 767 150 791 tem
164 764 198 792 de
215 765 338 792 Christi
357 766 555 794 humanitate
579 767 617 794 sit
631 774 740 794 sermo.
765 766 819 794 Sed
835 768 898 793 esto
914 767 946 793 ut

105 809 220 845 Spiritus
235 813 390 845 sanctus,
418 819 454 838 ex
481 811 583 847 Cyrilli
599 811 743 846 doctrina,
769 820 822 847 per
837 820 867 838 se
882 811 944 846 ipse

102 853 262 883 intercedat
277 855 370 892 apud
383 856 497 890 Deum;
510 855 684 891 quidinde?
701 857 761 884 Non
779 856 943 892 magistnrc

101 897 250 935 derogant
267 900 412 938 Spiritus
426 901 575 937 majestati
589 902 865 937 intercessio,quam
879 901 942 928 Filii

101 942 275 991 dignitatem
290 945 415 974 minuit
431 946 565 982 ejusdem
588 947 745 979 sententia,
772 955 830 982 qua
857 949 941 974 aiter-
959 959 982 991 Β

105 988 301 1020 “Christo
318 993 472 1028 tauquam
485 991 578 1019 Verbo
593 992 720 1028 imputat
730 992 941 1019 sacerdotium.

108 1035 318 1074 “mm-3,
347 1038 433 1066 salva
457 1041 571 1066 natura;
593 1039 717 1071 unitate,
744 1039 774 1066 in
791 1039 942 1075 personali

111 1078 299 1123 Mone
327 1083 370 1111 ad
385 1083 612 1120 distinguendas
643 1093 760 1119 quoque
777 1085 943 1112 voluntates

107 1124 252 1157 σευέἁῇ
262 1127 326 1156 loci
343 1128 526 1156 existimavit
541 1137 615 1157 esse.
633 1130 778 1156 Cmterum
801 1130 942 1165 Spiritum

103 1174 321 1202 animi“
341 1181 431 1202 secus
460 1169 494 1201 ac
523 1175 639 1201 Patrem
658 1174 804 1201 orandum
835 1183 899 1202 esse
914 1179 943 1203 et

103 1212 422 1256 Mnsipere,
438 1219 596 1246 manifesta
618 1219 719 1256 Cyrilli
750 1219 884 1247 doctrina
899 1223 944 1247 est

111 1260 170 1299 ixi
398 1264 524 1292 solemni
535 1264 673 1292 Ecclesia)
683 1265 713 1291 in
730 1265 791 1292 suis
803 1265 941 1301 precibus

111 1306 250 1344 Spiritu
271 1305 452 1338 Wtione
478 1309 619 1345 loquitur.
643 1309 691 1337 Ait
720 1312 777 1337 cat.
810 1311 835 1344 3,
867 1311 942 1344 n.3,

111 1360 229 1390 am
250 1352 417 1392 simplicem
433 1363 486 1391 per
500 1354 627 1390 Spiritus
654 1355 759 1388 sancti,
775 1355 894 1388 Christi,
913 1358 942 1382 et

95 1397 206 1427 Patris
228 1397 462 1433 ﬁwcationem,
491 1400 548 1427 vim
579 1400 745 1428 sanctitatis
774 1400 938 1435 acquirere.

90 1442 160 1472 CII.
174 1441 230 1480 19,
247 1451 282 1478 a,
296 1444 326 1479 ’1,
338 1452 450 1481 panem
466 1447 495 1472 et
517 1445 620 1473 vinum
641 1445 871 1473 eucharisticum
888 1454 941 1481 per

88 1487 260 1520 Trinitatis
274 1488 508 1523 invocationem,
522 1490 630 1518 Christi
645 1499 753 1526 corpus
769 1493 798 1518 et
821 1491 938 1525 sangui-

88 1533 253 1570 ncltﬁeti
265 1542 275 1570 ;
289 1533 373 1571 quod
389 1534 510 1570 quidem
528 1535 621 1563 solius
637 1535 762 1571 Spiritus
779 1535 940 1562 invocatio-

90 1578 356 1609 ιὶςωωιίοιιθω
370 1579 494 1614 faciens,
511 1581 619 1616 repetit
634 1583 691 1614 cat,
709 1582 753 1614 2t,
782 1589 811 1607 ιι.
830 1581 855 1607 3.
874 1581 938 1616 Ipse

89 1622 243 1660 Spin'hm
257 1627 400 1654 sanctum
416 1625 542 1660 invocat,
558 1627 614 1653 cat.
635 1627 677 1659 16,
695 1634 724 1653 n.
747 1627 799 1659 23;
817 1628 872 1653 cat.
893 1628 933 1660 t7,

87 1676 123 1697 ιι.
140 1668 188 1698 ﬂ.
216 1682 219 1683 ν

439 1750 553 1779 CAPUT
574 1751 605 1778 V-

175 1808 177 1818 ³
200 1809 243 1843 De
257 1813 424 1850 angelorum
433 1814 552 1850 peccatis
569 1814 667 1849 Cyrilli
682 1815 829 1843 sententia.

129 1894 235 1930 Itane
253 1896 372 1934 angelis
389 1898 418 1924 et
442 1896 627 1925 daemonibus
655 1907 748 1934 pauca
771 1899 933 1926 admodum

89 1942 178 1971 σθαι
189 1942 222 1971 et
234 1941 411 1970 indubitata
426 1940 484 1970 fide
508 1942 636 1971 tenenda
652 1944 840 1978 accepimus:
859 1953 932 1971 non-

85 1985 191 2022 nulla,
202 1986 269 2016 sive
284 1995 323 2014 ex
345 1987 435 2014 veteri
462 1987 654 2015 ecclesiarum
678 1989 849 2022 traditione,
874 1990 933 2016 sive

85 2038 126 2059 ex
140 2033 358 2060 consentanea
370 2031 439 2059 fidei
450 2040 484 2060 ac
495 2032 603 2060 rationi
616 2033 755 2068 opinione
768 2035 889 2062 tandem
903 2035 932 2061 in

84 2072 233 2104 Ecclesia
246 2075 339 2112 longo
354 2084 410 2104 usu
438 2077 621 2113 praiscripta,
642 2086 707 2105 eam
724 2081 930 2107 auctoritatem

86 2117 271 2157 obtinere,
285 2121 366 2149 utin
381 2121 418 2149 iis
431 2130 490 2150 uno
506 2130 582 2158 pene
598 2131 745 2151 consensu
762 2125 931 2160 acquiesca-

87 2173 163 2195 m
178 2172 311 2195 omnes:
325 2165 384 2194 alia
398 2166 520 2195 tandem
536 2166 669 2203 opinioni
693 2171 722 2196 et
737 2169 931 2205 disputationi

83 2211 258 2247 permissa.
273 2211 350 2239 Hinc
366 2214 426 2240 tam
437 2211 559 2240 diversa:
570 2221 637 2240 cum
650 2214 728 2249 apud
740 2217 931 2249 veteres,tum

85 2254 173 2292 apud
187 2256 376 2286 taeentiores
391 2257 544 2294 theologos
559 2258 597 2285 de
614 2258 730 2294 angelis
756 2260 910 2288 sententim
925 2269 930 2287 :

91 2303 224 2336 mn
238 2301 345 2330 multa:
359 2310 394 2330 ex
409 2302 588 2338 apocryphis
613 2303 707 2336 libris,
733 2304 778 2331 vel
794 2305 927 2340 philoso-

91 2342 223 2381 ἥ
237 2347 397 2384 gentilium
405 2350 436 2375 et
449 2347 480 2375 in
489 2348 594 2383 primis
603 2348 826 2377 Platonicorum
837 2350 926 2377 fonti—

298 2391 422 2429 hnustze,
436 2393 571 2428 quamvis
586 2396 616 2421 et
639 2394 749 2421 multos
765 2396 794 2421 et
809 2395 924 2422 nobiles

88 2435 306 2474 Maiores
320 2436 490 2471 habuerint,
505 2437 569 2474 ipsa
584 2438 704 2466 tandem
721 2447 774 2466 sua
796 2440 923 2468 vanitate

90 2478 279 2509 ειωίιίηιε
293 2480 486 2515 ceciderunt;
509 2481 576 2509 alim
600 2481 720 2510 caducis
746 2483 923 2512 inconsulta:

90 2523 295 2563 Min
307 2525 512 2555 fundamentis
533 2529 754 2563 snperstructae,
780 2528 844 2564 jam
862 2537 923 2557 me-

302 2570 432 2607 aplosm
447 2573 477 2598 et
491 2571 593 2607 ejectis
608 2574 696 2606 sunt;
719 2572 786 2600 aliae
803 2574 922 2602 tandem

91 2618 287 2651 aII-nostr.
298 2615 498 2651 ignomtionis
513 2615 701 2644 confessione
717 2617 748 2645 in
764 2621 922 2654 utramque

92 2655 318 2694 patentibus
332 2661 495 2698 agitantur.
526 2661 596 2694 Qua)
622 2661 714 2689 fuerit
727 2663 830 2699 Cyrilli
847 2672 920 2691 sen-

95 2702 186 2734 ὶιει
198 2704 236 2738 de
249 2705 428 2744 angolmm
439 2708 469 2734 et
479 2705 649 2734 damonum
660 2709 810 2742 natura,et
819 2711 920 2737 utrum

95 2751 226 2788 σαμκὶ
237 2757 338 2782 me
347 2751 424 2786 sint,
439 2749 477 2780 de
491 2759 594 2780 eorum
607 2758 744 2787 numero,
765 2754 920 2783 ordinibus

97 2799 127 2822 η
146 2796 385 2832 “actionibus
419 2795 552 2832 diversis,
591 2796 713 2826 sedibus
739 2806 813 2834 quas
835 2799 919 2828 inco-

121 2859 320 2915 “m’u,
332 2855 393 2908 t9;-

179 3077 366 3117 δὲ.

1006 312 1188 347 aperuimus.
1205 315 1313 349 Unum,
1332 317 1473 351 quoniam
1490 318 1681 354 prolixiorem
1699 321 1834 358 disputa-

1006 356 1117 385 tionem
1134 359 1315 396 requirebat,
1327 361 1357 388 in
1367 361 1420 389 has
1430 362 1655 393 dissertationes
1664 356 1836 402 rejeeimus;

1005 401 1148 430 nimirum
1164 404 1194 431 id
1210 405 1289 439 quod
1304 405 1346 433 ait
1365 410 1469 435 auctor
1493 411 1549 436 cat.
1576 411 1602 443 2,
1619 418 1649 437 ιι.
1668 401 1710 446 1ο,
1729 401 1834 449 Deum,

1005 447 1085 481 quod
1099 447 1188 476 etiam
1204 448 1342 477 fidelibus
1363 461 1377 475 «
1394 452 1507 488 angelis
1535 453 1686 482 condonet
1713 447 1835 485 habere.

1007 492 1201 526 «Nescimus,
1229 494 1337 530 inquit,
1367 497 1544 531 quantaille
1574 499 1689 535 angelis
1716 509 1835 537 quoque

1005 547 1020 562 ιι
1036 538 1350 573 condonaverit;nam
1368 544 1397 568 et
1424 541 1485 570 illis
1512 543 1671 580 condonat,
1697 546 1835 581 quando-

1006 592 1019 607 (ι
1036 583 1156 618 quidem
1173 593 1250 612 unus
1266 588 1311 613 est
1327 586 1408 614 solus
1431 587 1495 615 sine
1519 591 1653 624 peccato,
1680 591 1730 626 qui
1746 599 1802 620 nos
1819 600 1836 620 a

1006 638 1015 652 ι
1034 629 1164 663 peccatis
1180 633 1287 667 purgat
1300 631 1394 659 Jesus.

1038 675 1082 701 30.
1096 675 1326 713 Quadruplicem
1343 686 1377 706 ea
1392 678 1428 706 de
1443 687 1475 706 re
1491 679 1570 715 apud
1580 683 1694 709 veteres
1711 682 1833 711 observo

1002 721 1192 749 sententiam.
1211 723 1319 757 Prima,
1352 732 1441 759 quam
1465 728 1546 753 certa
1571 726 1687 754 ratione
1705 730 1734 755 et
1749 729 1833 756 suffl—

1001 764 1091 791 cienti
1107 767 1283 795 auctoritate
1300 768 1456 797 subnixam
1465 770 1528 805 jam
1545 779 1649 799 omnes
1665 772 1707 799 uti
1720 775 1831 801 certam

1001 813 1030 838 et
1046 812 1132 839 unice
1150 822 1248 841 veram
1276 817 1421 849 tenemus,
1441 825 1472 843 ea
1500 819 1540 843 est
1560 826 1565 843 :
1591 818 1712 854 angelos
1736 819 1829 846 bonos

999 859 1158 891 postquam
1188 858 1255 885 tidei
1272 861 1372 894 gratim
1389 869 1443 887 usu
1465 870 1552 896 pravo
1570 863 1726 890 rebellium
1746 865 1830 892 soda-

1000 901 1071 928 lium
1091 903 1226 938 exemplo
1241 904 1421 938 restiterc,in
1437 915 1497 933 sum
1514 909 1742 942 perseverantize
1754 918 1831 944 pra:-

999 947 1091 974 mium
1109 948 1231 983 adeptos
1248 958 1264 976 a
1294 950 1363 983 Deo,
1381 953 1413 977 ut
1439 952 1570 986 perfecta
1595 953 1781 981 beatitudine
1797 963 1830 982 ac

998 992 1047 1019 Dei
1065 996 1227 1028 conspectu
1244 994 1357 1028 donati,
1375 1004 1430 1023 nec
1446 997 1551 1024 cadere
1575 1006 1628 1025 nec
1644 1007 1767 1034 peccare
1784 1001 1828 1027 ul-

998 1040 1042 1064 tra
1058 1041 1189 1073 possent,
1209 1039 1298 1074 idque
1315 1040 1370 1074 ipsi
1396 1041 1561 1069 certissime
1587 1043 1708 1071 scirent.
1731 1046 1828 1080 Ange-

997 1082 1040 1109 los
1058 1083 1107 1109 Dei
1122 1084 1282 1118 prmsentia
1298 1087 1326 1111 et
1342 1085 1453 1113 visione
1470 1087 1538 1120 frui,
1555 1088 1643 1115 certis
1662 1089 1829 1125 Scriptura—

995 1137 1061 1155 rnm
1080 1129 1349 1156 asseverationibus
1366 1131 1494 1165 scimus;
1514 1133 1563 1159 Dei
1582 1134 1721 1162 mandata
1735 1138 1764 1162 et
1778 1145 1829 1163 v0—

995 1173 1124 1201 luntatcs
1142 1174 1316 1201 fidelissime
1334 1178 1362 1201 et
1382 1178 1623 1205 constantissime
1649 1179 1825 1215 adimplere,

995 1218 1097 1244 eadem
1114 1219 1288 1245 auctoritate
1306 1223 1431 1252 constat,
1448 1224 1476 1247 et
1491 1222 1629 1249 Ecclesia)
1646 1232 1714 1250 voce
1732 1225 1760 1251 in
1779 1234 1827 1252 so—

994 1262 1143 1290 lemnibus
1161 1264 1221 1290 suis
1236 1264 1373 1299 precibus
1390 1266 1572 1301 consignata.
1600 1268 1729 1295 Tandem
1754 1278 1825 1305 pec-

995 1317 1060 1336 care
1076 1318 1135 1336 non
1154 1319 1252 1345 posse,
1271 1310 1332 1345 ipse
1350 1311 1471 1338 visionis
1489 1313 1633 1341 bcatitlcm
1655 1318 1758 1348 status,
1775 1318 1825 1352 qui

993 1362 1060 1381 cum
1076 1355 1218 1390 peccandi
1236 1358 1381 1390 potestate
1392 1360 1478 1384 rectm
1490 1358 1615 1385 rationis
1627 1360 1741 1394 judicio
1754 1370 1825 1388 con—

993 1399 1086 1426 ciliari
1102 1408 1161 1426 non
1179 1402 1286 1435 potest,
1305 1401 1433 1427 ostendit
1462 1402 1589 1436 Cyrillus
1606 1403 1640 1429 dc
1657 1404 1753 1439 primo
1770 1414 1826 1433 no-

992 1445 1107 1472 biscum
1138 1446 1295 1472 consentit.
1319 1447 1388 1472 Nam
1421 1450 1448 1473 et
1465 1448 1586 1482 angelos
1615 1449 1721 1476 divinzn
1738 1451 1823 1478 faciei

992 1490 1244 1525 contemplatione
1258 1491 1314 1517 frui
1328 1492 1474 1525 concedit,
1486 1495 1541 1520 cat.
1555 1494 1579 1524 6,
1599 1502 1626 1520 ιι.
1644 1496 1669 1526 6,
1685 1498 1712 1521 et
1724 1498 1769 1522 cat
1795 1498 1821 1529 Τ,

991 1545 1020 1562 n.
1040 1537 1080 1562 11.
1100 1537 1138 1562 De
1154 1536 1283 1563 secundo
1302 1537 1409 1571 partim
1422 1539 1568 1568 convenit,
1583 1540 1689 1574 partim
1706 1540 1822 1568 disseri-

992 1581 1034 1607 tit.
1054 1581 1125 1607 Nam
1142 1581 1171 1607 in
1189 1580 1269 1607 callis
1283 1581 1333 1608 Dei
1348 1582 1530 1610 voluntatem
1548 1584 1583 1610 ab
1601 1585 1714 1620 angelis
1727 1586 1822 1614 adim—

951 1641 971 1674 C
991 1626 1076 1662 pleri,
1091 1627 1133 1653 uti
1151 1635 1213 1653 rem
1230 1630 1339 1654 certam
1358 1631 1386 1655 et
1403 1632 1584 1664 compertam
1599 1630 1687 1657 tradit
1703 1634 1758 1659 cat.
1776 1634 1820 1666 23,

990 1681 1019 1700 ιι.
1041 1673 1080 1706 14,
1098 1673 1173 1699 hanc
1189 1673 1333 1700 orationis
1352 1674 1694 1710 Dominicmpctitionem
1709 1685 1715 1703 :
1729 1689 1742 1701 α
1759 1678 1823 1704 Fiat

988 1730 1001 1743 ‹‹
1019 1717 1155 1745 voluntas
1173 1721 1222 1745 tua
1249 1718 1325 1745 sicut
1341 1719 1370 1745 in
1402 1719 1475 1746 cosio
1501 1723 1531 1747 et
1546 1721 1576 1747 in
1610 1724 1687 1749 terra
1702 1722 1734 1755 κ’,
1749 1732 1760 1747 ιι
1782 1724 1821 1751 ita

988 1764 1200 1799 interpretans,
1218 1765 1302 1798 quasi
1320 1766 1517 1800 postulemus,
1535 1769 1568 1793 ut
1583 1779 1596 1792 (ί
1615 1768 1692 1795 sicut
1717 1768 1746 1796 in
1764 1778 1817 1796 διι-

988 1821 1001 1834 ‹‹
1018 1809 1091 1844 gelis
1108 1809 1159 1836 Dei
1186 1809 1218 1836 fit
1233 1809 1380 1844 voluntas,
1395 1811 1436 1838 ita
1458 1814 1487 1837 et
1507 1811 1537 1838 in
1554 1812 1639 1839 nobis
1656 1814 1716 1840 fiat.
1735 1825 1748 1839 ››
1769 1815 1820 1842 Ve-

987 1862 1052 1881 rum
1070 1862 1136 1881 cum
1155 1854 1184 1880 in
1202 1854 1244 1881 eis
1255 1854 1386 1881 admittit
1400 1856 1612 1890 peccata,levia
1628 1857 1750 1892 quidem
1767 1859 1820 1886 illa

987 1902 1016 1926 et
1031 1898 1209 1931 veniabilia;
1229 1898 1408 1926 voluntatem
1431 1900 1480 1926 Dei
1498 1900 1534 1927 ab
1550 1900 1610 1927 illis
1636 1902 1818 1938 quandoque

987 1943 1173 1979 prmtermitti
1191 1952 1312 1970 necesse
1329 1946 1374 1970 est
1389 1947 1421 1971 ut
1432 1945 1568 1972 fateatur.
1582 1946 1732 1977 Quatenus
1749 1956 1817 1975 vero

987 1999 1045 2017 non
1063 1998 1129 2016 cum
1146 1988 1287 2024 peccandi
1306 1992 1450 2023 potestate
1468 1990 1576 2023 solum,
1602 1999 1702 2018 verum
1729 1992 1817 2020 etiam

987 2044 1053 2063 cum
1070 2038 1190 2070 peccato
1209 2035 1270 2070 ipso
1288 2035 1409 2062 visionis
1423 2035 1567 2062 beatifica:
1585 2039 1693 2064 statum
1718 2039 1819 2066 conci-

986 2082 1036 2109 liet
1053 2081 1126 2108 nihil
1144 2081 1179 2108 ad
1196 2090 1259 2108 nos.

1022 2127 1065 2153 31.
1085 2126 1219 2153 Secunda
1235 2126 1335 2161 opinio
1350 2126 1483 2163 (trigonis
1500 2130 1551 2162 est,
1572 2128 1615 2155 vel
1632 2128 1658 2155 ei
1673 2129 1818 2164 imputata

986 2172 1055 2205 (non
1066 2170 1146 2197 enim
1156 2171 1217 2197 hmc
1227 2170 1317 2205 hujus
1330 2170 1385 2197 loci
1396 2171 1567 2206 disquisitio
1578 2173 1632 2207 est)
1644 2181 1650 2205 ;
1661 2173 1815 2207 nimirum,

986 2225 1052 2243 cum
1067 2215 1126 2242 sive
1142 2215 1238 2251 angeli
1256 2215 1314 2243 sive
1332 2216 1484 2243 daemones
1500 2217 1586 2244 liberi
1612 2217 1727 2245 arbitrii
1744 2219 1814 2252 sint,

984 2261 1114 2296 primum
1132 2260 1252 2296 angelos
1268 2260 1361 2287 bonos
1385 2261 1490 2288 cadere
1505 2270 1592 2297 posse
1621 2265 1650 2289 et
1664 2262 1816 2291 daemones

945 2326 967 2357 D
985 2306 1063 2339 fieri;
1082 2305 1111 2332 id
1123 2305 1232 2332 diserte
1245 2304 1330 2332 docet
1341 2305 1391 2332 lib.
1411 2307 1465 2333 iDe
1478 2307 1616 2342 princip,
1628 2315 1692 2343 cap.
1717 2310 1732 2334 ὅ
1744 2311 1773 2335 et
1787 2310 1814 2341 6,

984 2355 1012 2379 et
1027 2351 1079 2378 lib.
1097 2359 1127 2384 ιι,
1144 2359 1168 2378 c.
1187 2351 1221 2383 3;
1239 2350 1370 2378 secundo
1387 2351 1538 2379 dzemones
1553 2353 1634 2388 ipsos
1656 2356 1814 2389 postquam

981 2396 1127 2432 supplicia
1143 2398 1346 2423 consentanea
1362 2396 1482 2431 luerint,
1501 2397 1588 2424 variis
1599 2397 1750 2433 profectus
1766 2398 1816 2426 de-

980 2441 1075 2469 cursis
1091 2440 1232 2477 gradibus
1247 2440 1283 2468 ad
1313 2441 1473 2477 pristinum
1503 2445 1613 2469 statum
1630 2450 1813 2477 reversuros,

979 2486 1056 2514 lib.t
1084 2487 1122 2513 De
1147 2486 1282 2521 princip,
1314 2494 1378 2522 cap.
1402 2487 1427 2514 6.
1459 2486 1531 2513 Vide
1562 2489 1591 2514 et
1619 2488 1691 2514 tom.
1716 2495 1766 2522 χιι,
1784 2488 1812 2515 in

977 2531 1074 2559 Matth.
1093 2538 1158 2566 pag.
1176 2531 1237 2558 332.
1254 2531 1290 2558 At
1305 2530 1341 2558 de
1358 2530 1476 2558 diabolo
1492 2531 1556 2566 ipso
1572 2531 1702 2559 affirmat
1718 2531 1770 2560 lib.
1790 2541 1810 2566 1,

978 2585 1041 2612 cap.
1058 2577 1084 2608 8,
1101 2576 1142 2603 ita
1159 2583 1226 2603 eum
1243 2584 1274 2603 se
1288 2575 1408 2609 habere,
1425 2578 1458 2603 ut
1473 2576 1604 2604 revocari
1625 2577 1719 2612 magis
1735 2578 1813 2607 nolit

978 2629 1067 2658 quam
1075 2630 1134 2648 non
1143 2621 1236 2657 possit
1247 2630 1252 2654 ;
1263 2624 1293 2649 at
1303 2621 1354 2649 lib.
1368 2629 1410 2654 ιιι,
1420 2629 1472 2657 cap
1497 2623 1523 2656 6,
1532 2623 1730 2650 revocandum
1741 2631 1812 2659 quo-

977 2676 1034 2703 que
1046 2669 1212 2700 asseverat;
1232 2670 1250 2694 t.
1264 2675 1330 2694 xvnt
1344 2668 1370 2693 in
1383 2668 1463 2695 Joan.
1477 2676 1504 2703 p.
1522 2669 1744 2702 254-,existimat
1755 2669 1812 2697 ali-

977 2721 1052 2748 quos
1068 2720 1103 2739 ex
1118 2712 1317 2745 daemonibus,
1334 2712 1442 2740 Christi
1461 2713 1594 2748 potentia
1610 2716 1638 2740 et
1653 2714 1808 2742 divinitate

975 2756 1119 2793 ]CLXIIII]
1135 2756 1407 2793 obstupefactos,ad
1423 2766 1491 2785 eum
1506 2766 1559 2794 per
1569 2758 1657 2786 ﬁdem
1670 2762 1699 2787 et
1713 2759 1810 2795 pceni—

975 2801 1100 2830 tentiam
1117 2801 1295 2838 confugisse.
1315 2802 1366 2830 Hic
1382 2802 1417 2830 de
1432 2802 1527 2830 salute
1545 2805 1573 2830 et
1588 2804 1807 2833 restauratione
