4024 6384
181 379 281 444 101

1569 364 2093 432 DISSER'I‘A'I‘IO
2141 374 2244 435 III.

3492 376 3612 436 202

180 516 412 582 idolatr.,
432 528 570 586 cap.
589 512 642 567 9.
674 515 733 567 et
755 512 835 568 De
852 509 1108 566 vetandis
1127 509 1289 579 virg.,
1311 524 1439 580 cap.
1460 511 1491 561 7
1517 523 1531 575 ;
1555 504 1838 578 Origenes
1870 502 1920 569 Α
1950 505 2110 562 circa
2136 511 2357 565 terram
2388 516 2689 568 versantes
2719 511 2999 568 humanis
3028 486 3284 584 negotiis
3315 525 3612 583 occupan-

181 611 326 665 hom.
361 607 429 660 15
469 605 534 658 in
572 605 762 658 Iesum
797 603 973 669 Nave,
1005 616 1135 674 pag.
1178 600 1302 655 353.
1347 602 1404 654 et
1445 597 1552 652 lib.
1598 613 1649 651 ιν
1687 599 1834 651 cont.

190 700 404 764 Celsum,
431 710 571 768 pag.
605 695 712 748 226
740 710 755 761 ;
789 690 1278 757 Commodianus,
1309 705 1475 746 num.
1505 689 1560 756 4,
1589 687 1837 743 Lactan-

203 792 336 856 tius,
358 787 454 843 lib.
481 803 547 854 ιι,
583 801 716 856 cap.
740 785 846 850 14ς
879 783 1128 838 Severus
1155 780 1470 853 Sulpicius,
1493 778 1600 834 lib.
1623 795 1642 834 ι
1690 779 1836 834 Hist.

211 894 394 944 sacra“;
422 874 803 945 Ambrosius,
837 873 943 929 lib.
978 875 1053 929 De
1087 874 1218 938 Noe,
1259 888 1388 944 cap.
1421 871 1475 937 4,
1515 887 1574 925 ιι.
1606 869 1640 925 8
1671 873 1730 923 et
1765 871 1837 939 9;

205 971 410 1042 Apolog.
447 966 660 1037 David,
693 981 822 1038 cap.
859 964 912 1035 1,
942 981 1003 1020 ιι.
1037 965 1067 1018 3
1095 982 1111 1035 ;
1142 965 1199 1018 in
1222 979 1311 1034 ps.
1352 977 1543 1029 cxvm,
1577 976 1754 1017 serm.
1783 961 1838 1028 8,

193 1079 244 1117 ιι.
272 1063 331 1115 58
355 1078 372 1127 ;
401 1057 516 1113 lib.
540 1074 560 1112 ι
585 1057 660 1112 De
679 1054 1012 1126 virginibus,
1041 1071 1092 1110 c.
1118 1055 1170 1108 8.
1204 1069 1264 1108 n.
1292 1054 1360 1107 52
1386 1056 1445 1106 et
1460 1053 1562 1118 53;
1596 1049 1840 1106 Nazian-

187 1168 364 1222 zenus,
396 1165 594 1204 carm.
631 1149 683 1203 3.
727 1163 857 1219 pag.
892 1147 980 1200 64.
1028 1145 1145 1200 Hac
1190 1142 1412 1216 [CLXV]
1461 1145 1663 1198 autem
1711 1139 1840 1213 opi-

188 1242 366 1301 nionis
398 1237 786 1297 absurditate
816 1235 1017 1293 deludi
1048 1252 1111 1292 se
1140 1251 1351 1308 passus
1379 1250 1501 1290 non
1533 1237 1624 1289 est
1652 1231 1840 1305 Cyril-

179 1337 263 1392 lus
289 1338 523 1399 noster,
559 1330 668 1403 qui
699 1344 905 1385 revera
933 1344 1269 1400 corporeos,
1305 1330 1365 1382 et
1409 1325 1842 1382 sacrificiorum

180 1425 542 1500 liguritores,
577 1436 722 1477 cum
753 1418 1034 1475 omnibus
1055 1434 1207 1491 pene
1238 1417 1514 1474 Patribus
1543 1414 1843 1471 damones

175 1515 442 1587 agnovit;
475 1516 544 1568 at
577 1527 687 1567 eos
720 1525 839 1566 una
867 1526 1001 1566 cum
1041 1507 1302 1579 diabolo,
1337 1507 1737 1578 seductosque
1767 1503 1839 1559 ab

180 1611 292 1682 ipso
319 1607 506 1662 initio
537 1602 855 1660 cecedisse
886 1602 1076 1671 docet,
1109 1601 1203 1658 his
1232 1599 1426 1656 verbis
1455 1603 1569 1655 cat.
1603 1601 1658 1664 2,
1691 1613 1752 1652 n.
1785 1597 1838 1664 4,

173 1709 278 1758 Iste
302 1707 512 1756 cadens
561 1703 782 1752 multos
829 1717 1013 1751 secum
1060 1700 1359 1751 abstraxit.
1407 1688 1573 1745 Unde
1617 1687 1843 1742 daemo-

173 1808 292 1860 nas,
311 1789 400 1845 uti
423 1786 779 1843 imitatores
806 1790 862 1840 et
883 1783 1169 1839 satellites
1195 1781 1417 1837 diaboli
1444 1779 1678 1852 ipsique
1702 1775 1839 1833 sub-

1943 599 2060 662 tur,
2093 597 2298 654 alteris
2326 617 2454 656 esse
2476 602 2909 658 mutabiliores.
2935 601 3024 657 Ad
3047 601 3325 658 eumdem
3352 600 3600 658 modum

1945 685 2001 740 S.
2036 687 2346 758 Maximus,
2378 690 2442 746 in
2473 691 2717 748 scholiis
2743 692 2818 748 ad
2848 691 3074 748 librum
3103 703 3184 750 De
3231 701 3434 750 caelest.
3491 699 3609 751 hie-

1943 776 2248 842 rarch.,ad
2295 793 2434 844 cap.,
2488 781 2542 830 11
2594 797 2716 846 pag.
2753 782 2837 833 157
2885 781 2998 831 ait:
3031 781 3327 845 Angelicas
3376 781 3602 846 quidem

1932 869 2246 930 potestates,
2276 871 2594 928 superiores
2613 872 2884 934 videlicet,
2902 887 3027 934 prce
3073 871 3380 922 vehementi
3411 874 3540 922 volu
3552 887 3611 921 n-

1944 966 2055 1008 tate
2087 958 2341 1010 habitum
2373 962 2660 1026 quemdam
2690 963 2763 1012 ad
2809 963 3017 1011 bonum
3069 963 3438 1020 contraxisse,
3487 979 3600 1028 quo

1939 1049 2040 1110 ﬁat
2069 1063 2141 1098 ne
2167 1050 2359 1100 cadere
2377 1052 2633 1113 possint:
2667 1053 2891 1116 angelos
2943 1067 3087 1110 vero,
3119 1051 3218 1101 hoc
3270 1061 3349 1101 est
3383 1062 3608 1115 postre-

1943 1154 2060 1188 mos
2089 1147 2140 1188 et
2173 1140 2322 1190 circa
2347 1142 2628 1190 mundum
2658 1149 2964 1204 occupatos,
3002 1156 3166 1203 posse
3220 1143 3482 1202 fortassis
3538 1143 3604 1192 in

1942 1239 2163 1288 malum
2182 1240 2457 1300 perverti.
2503 1227 2645 1291 Τοὺς
2696 1225 2754 1284 δὲ
2804 1227 3096 1304 ἀγγέλους,
3120 1228 3369 1283 τουτέστι
3415 1225 3607 1284 τελευ-

1943 1317 2152 1390 ταίους,
2186 1315 2541 1392 διακόσμσυς,
2603 1316 2918 1394 ἐνδέχεσθαι
2970 1317 3110 1382 ’ἰσως
3139 1319 3230 1373 καὶ
3276 1317 3366 1374 ἐπὶ
3390 1317 3453 1374 τὸ
3486 1325 3608 1395 χεῖ-

1946 1429 2038 1485 ρον
2060 1415 2357 1485 τραπῆναι.
2393 1411 2448 1466 S.
2482 1411 2782 1482 Ephraam,
2815 1411 2877 1466 in
2902 1410 3371 1482 reprehensione
3423 1410 3515 1466 sui
3550 1415 3608 1467 et

1943 1509 2344 1578 confessione,
2369 1510 2589 1565 Latinae
2614 1510 2754 1566 edit.
2780 1526 2912 1582 pag.
2946 1511 3072 1577 602,
3111 1510 3324 1564 Graacaa
3358 1525 3490 1582 pag.
3516 1511 3610 1580 86,

1945 1600 2198 1650 Naturas
2249 1600 2544 1650 constituit
2573 1601 2744 1662 Deus,
2797 1597 3072 1648 hominum
3128 1596 3372 1664 [CLXVI]
3412 1602 3464 1646 et
3512 1613 3609 1647 an-
3675 1611 3682 1618 '

1943 1697 2188 1762 gelorum
2241 1697 2502 1763 intellige,
2527 1699 2788 1762 ipsasque
2826 1699 3015 1758 utpote
3063 1696 3363 1745 mutabiles
3395 1697 3611 1745 miseri-

1942 1787 2146 1838 cordiae
2167 1788 2422 1851 indigere
2449 1787 2803 1850 deprehendit
2824 1805 2841 1847 ;
2871 1786 3024 1837 novit
3045 1787 3199 1836 enim
3229 1801 3319 1836 eas
3336 1788 3608 1850 ampliori

170 1884 366 1954 jectos,
398 1893 628 1934 vocare
663 1874 818 1930 SOlet
843 1873 983 1923 ma“
1001 1872 1244 1935 spiritus
1268 1871 1358 1927 vel
1382 1869 1525 1920 mali
1543 1875 1834 1931 Ροεεδεαεεε
1863 1875 1912 1942 Β
1940 1880 2132 1944 gratia
2187 1880 2492 1928 subsistere
2514 1896 2531 1928 :
2568 1887 2794 1928 naturae
2845 1878 3018 1936 enim,
3067 1886 3132 1927 ut
3178 1877 3461 1936 subsistat,
3509 1879 3607 1928 sui

183 1971 260 2028 Ad
286 1971 431 2026 alios
462 1967 675 2023 venio.
710 1966 768 2023 S.
813 1969 1037 2036 martyr
1070 1963 1327 2036 lgnatius
1377 1961 1618 2034 angelos
1648 1959 1836 2014 bonos

1943 1970 2438 2034 participationem
2484 1969 2787 2019 admensus
2835 1979 2932 2018 est.
2991 1968 3261 2017 Uberiora
3303 1984 3429 2017 vero
3463 1971 3609 2019 dona

186 2061 435 2118 nondum
465 2056 702 2115 Christi
737 2055 1022 2111 adventus
1065 2059 1328 2126 tempore
1378 2055 1602 2108 certam
1634 2049 1697 2104 in
1729 2065 1835 2104 SUO
1938 2075 2178 2124 parcens
2213 2060 2356 2121 ipsis
2398 2068 2449 2108 et
2484 2060 2782 2108 consulens
2818 2058 3144 2107 reservavit.
3170 2058 3280 2106 Pro
3330 2058 3609 2123 cujusque

189 2150 334 2207 felici
353 2155 513 2204 statu
538 2146 893 2203 ﬁrmitatem
911 2147 1214 2200 assecutos
1235 2142 1440 2209 fuisse,
1465 2139 1608 2196 satis
1638 2137 1836 2194 decla-

187 2248 278 2298 rat
305 2240 393 2296 his
421 2236 703 2312 epistolas
735 2251 856 2290 suae
886 2233 962 2290 ad
993 2234 1328 2306 Smyrnzeos
1359 2248 1524 2287 num.
1557 2229 1592 2284 6
1621 2227 1834 2284 verbis.

181 2327 392 2399 Μηδεὶς
425 2326 749 2389 πλανὰσθω·
777 2321 868 2378 καὶ
913 2322 981 2377 τὰ
1028 2321 1343 2396 ἐπουράνια,
1374 2319 1464 2376 καὶ
1495 2320 1531 2388 ἡ
1565 2314 1693 2389 δόξα
1727 2316 1835 2371 τῶν

183 2417 462 2495 ἀγγέλων,
489 2417 581 2471 καὶ
615 2416 671 2470 οἱ
700 2415 966 2488 ἄρχοντες
1006 2413 1192 2488 ὁρατοί
1223 2433 1282 2468 τε
1335 2409 1426 2466 καὶ
1473 2407 1696 2483 ἀόρατοι
1743 2404 1840 2495 γέδιν

198 2494 278 2581 Pii
309 2506 669 2562 πιστεῦσωσιν
719 2504 798 2568 εἷς
846 2504 983 2576 αἷμα
1031 2506 1289 2578 Χριστοῦ,
1339 2499 1612 2560 κακεῖνοις
1659 2494 1839 2573 κρίσις

200 2597 371 2653 ἐστίν·
430 2596 458 2650 ὁ
509 2599 694 2670 χωρῶν
744 2592 1021 2670 χωρείτω.
1099 2604 1272 2654 Aemo
1327 2601 1595 2664 fallatur.
1646 2596 1840 2645 Etiam

201 2690 456 2745 celestia,
488 2695 540 2734 et
566 2685 744 2748 gloria
774 2685 1130 2748 angelorum,
1173 2692 1225 2733 et
1245 2682 1542 2746 principes
1581 2692 1711 2729 cum
1755 2676 1840 2724 vi-

189 2771 384 2820 sibiles
402 2778 524 2817 tum
556 2765 885 2829 invisibiles,
908 2765 1028 2816 nisi
1047 2765 1388 2815 crediderint
1411 2763 1475 2813 in
1495 2758 1841 2824 sanguinem

184 2853 413 2910 Christi,
453 2850 598 2912 ipsis
640 2864 856 2914 quoque
891 2847 1187 2910 judicium
1216 2855 1315 2896 est.
1367 2845 1475 2900 Qui
1524 2856 1718 2905 capere
1743 2854 1842 2902 po-

173 2945 295 2992 εεεεν
323 2934 540 2996 capiat.
577 2933 885 3004 Gregorius
917 2931 1314 2986 Nazianzenus
1344 2929 1407 2984 in
1439 2926 1704 2984 carmine
1747 2941 1842 2980 ar-

177 3044 324 3083 cano
345 3030 400 3092 6,
426 3040 565 3097 pag.
594 3025 717 3089 169,
740 3022 956 3096 agitata
973 3022 1300 3094 quastione
1321 3036 1463 3076 num
1485 3016 1679 3091 angeli
1697 3013 1840 3071 boni

186 3114 626 3190 empeccabiles
659 3113 798 3180 sint,
833 3111 890 3166 id
941 3111 1167 3179 statuit,
1215 3107 1374 3187 φύσιν
1422 3104 1718 3183 ἀγγελικὴν
1766 3101 1844 3168 εἷς

186 3204 366 3260 main
399 3201 718 3277 δύστροπον
751 3201 908 3268 εἶναι,
941 3210 1252 3272 angelicam
1283 3210 1553 3257 naturam
1601 3203 1843 3270 difﬁcile

183 3298 252 3345 ad
278 3297 498 3345 malum
523 3293 672 3340 verti
691 3309 711 3350 ;
737 3309 854 3347 non
885 3308 1062 3347 ausus
1095 3290 1292 3346 dicere
1323 3289 1608 3364 ἄτρεπτον,
1640 3287 1837 3337 incon-

183 3387 518 3439 rertibilent.
555 3384 709 3437 Item
757 3386 904 3438 orat.
937 3382 1028 3449 34,
1077 3398 1208 3454 pag.
1251 3381 1378 3447 560,
1409 3379 1654 3452 angelos
1706 3393 1841 3432 cum

189 3475 564 3532 dubitatione
599 3471 764 3539 dicit,
796 3470 930 3545 πρὸς
961 3469 1022 3524 τὸ
1048 3476 1241 3546 χεῖρον
1277 3468 1572 3538 ἀκινήτους
1599 3469 1636 3536 ἢ
1665 3463 1848 3521 δυσκι-

192 3567 399 3635 νήτους,
431 3574 511 3622 ad
539 3571 826 3621 deteriora
853 3570 1181 3628 immobiles,
1211 3572 1296 3620 vel
1326 3570 1567 3635 difﬁcile
1595 3569 1844 3619 mobiles.

197 3658 544 3712 Atoratione
563 3655 657 3719 38,
681 3671 738 3725 p.
763 3652 1142 3720 617,Luciferi
1164 3653 1335 3725 lapsu
1358 3651 1659 3725 prohiberi
1686 3669 1747 3708 se
1765 3652 1851 3708 ait

203 3764 268 3801 ne
289 3743 613 3815 ἆγινήτους,
637 3742 963 3812 immobiles,
986 3742 1165 3809 dicat,
1191 3741 1372 3796 Πείθει
1393 3737 1451 3795 δὲ
1469 3761 1534 3815 με
1556 3741 1632 3814 μή
1655 3740 1844 3810 ἀκινή-

199 3857 314 3897 τους
341 3834 493 3892 ἀλλᾶ
519 3831 879 3902 δυσκινήτους
909 3831 1001 3886 καὶ
1036 3826 1445 3905 ὑπολαμϐάνειν
1501 3831 1698 3894 ταύτας
1757 3828 1847 3886 καὶ

190 3924 384 4000 λέγειν,
411 3925 443 3979 ὁ
481 3921 579 3978 διὰ
609 3922 710 3992 τὴν
743 3918 1108 3995 λαμπρότητα
1146 3919 1449 3999 ἑωσφόρος,
1510 3920 1705 3982 σκότος
1759 3917 1852 3975 διὰ

182 4020 282 4086 τήν
336 4015 572 4091 ἔπαρσιν
605 4013 696 4068 καὶ
734 4011 1025 4087 γενόμενος
1069 4014 1160 4068 καὶ
1209 4011 1529 4089 λεγόμενος.
1577 4014 1851 4071 Nondum

184 4110 362 4182 igitur
391 4109 471 4166 ab
506 4107 613 4162 illo
642 4111 906 4178 tempore
939 4105 1000 4161 in
1030 4105 1190 4162 bono
1221 4107 1611 4163 conﬁrmatos
1643 4123 1855 4163 cense-

183 4201 296 4257 bat.
347 4201 564 4255 Exstat
613 4195 1020 4252 memorabilis
1071 4196 1299 4268 Synesii
1342 4197 1508 4253 locus
1539 4198 1713 4270 epist.
1759 4198 1850 4269 57,

188 4309 310 4364 pag.
347 4292 475 4357 199,
509 4296 578 4346 Si
607 4295 847 4357 angelus
868 4295 1145 4356 potuisset
1173 4312 1354 4359 supra
1385 4300 1636 4363 triginta
1673 4318 1855 4353 annos

187 4398 310 4430 cum
341 4376 677 4429 hominibus
706 4376 788 4425 ita
818 4391 1184 4437 cousuescere,
1218 4388 1282 4428 ut
1312 4381 1482 4431 nulla
1511 4397 1581 4430 ex
1606 4385 1856 4434 materia

190 4472 445 4535 contagio
477 4467 768 4519 malorum
809 4470 873 4519 in
901 4484 1028 4519 eum
1071 4470 1431 4530 redundaret,
1463 4473 1603 4537 quid
1635 4491 1856 4526 necessc

199 4560 387 4616 fuerat
434 4561 548 4610 Dei
596 4559 815 4609 Filium
861 4554 1240 4611 descendere?
1293 4555 1426 4610 novi
1489 4559 1546 4611 et
1575 4556 1839 4629 imperiti

205 4643 448 4716 theologi
480 4641 798 4697 sententia.
848 4641 1265 4714 Hieronymus,
1309 4644 1412 4701 lib.
1465 4662 1530 4701 ιιι

210 4730 382 4791 Epist.
408 4732 484 4788 ad
513 4747 645 4802 cap.
676 4746 752 4795 VI,
783 4745 931 4785 vers.
967 4735 1018 4800 1,
1045 4733 1161 4788 ait:
1196 4735 1391 4786 Sciens
1425 4735 1666 4793 Paulus,
1696 4752 1855 4787 exce-

195 4830 292 4882 pta
349 4821 652 4876 Trinitate,
696 4834 914 4869 omnem
961 4831 1287 4888 creaturan,
1340 4825 1471 4875 licet
1517 4843 1622 4877 non
1644 4838 1849 4897 peccet,

205 4920 380 4960 tamen
403 4925 572 4973 posse
584 4925 833 4972 peccare.
855 4913 1076 4969 Auctor
1096 4925 1469 4989 Dialogorum
1492 4928 1556 4977 de
1574 4928 1859 4978 Trinitate

204 5002 305 5056 sub
333 4999 648 5057 Athanasii
691 5001 957 5069 nomine,
992 5004 1217 5079 Dialog.
1263 5011 1313 5075 1,
1345 5024 1404 5063 n.
1441 5011 1530 5077 24,
1566 5025 1698 5083 pag.
1731 5012 1858 5079 487,

202 5107 330 5146 cum
353 5091 470 5147 sibi
499 5089 909 5162 proposuisset
929 5095 1322 5162 quaestionem
1344 5113 1490 5154 num
1510 5098 1704 5172 angeli
1731 5115 1865 5172 pec-

204 5205 334 5245 care
364 5189 625 5261 possint,
655 5188 977 5260 respondet
1026 5193 1410 5267 posse;idque
1458 5196 1672 5268 probat
1719 5197 1861 5269 quia

206 5279 480 5335 nonnulli
500 5295 573 5333 ex
588 5278 674 5334 eis
692 5277 837 5332 olim
858 5295 1192 5350 peccavere.
1210 5284 1539 5354 Nemesius,
1563 5296 1638 5343 De
1658 5303 1865 5344 natura

209 5378 464 5440 hominis,
498 5385 628 5440 cap.
661 5369 751 5434 41,
786 5367 1170 5427 Bibliotheca
1202 5374 1444 5430 Patrum
1477 5377 1862 5444 Cresco—Lat,

210 5465 345 5517 tom.
385 5462 457 5525 ΙΙ,
491 5474 621 5531 pag.
658 5461 1038 5524 547,naturas
1062 5461 1488 5520 immateriales
1515 5465 1576 5520 in
1599 5465 1748 5522 duos
1769 5483 1868 5522 or-

211 5548 376 5606 dines
412 5547 768 5621 distinguit:
805 5552 863 5601 et
893 5564 991 5604 eas
1023 5551 1286 5622 quidem,
1319 5570 1453 5625 quas
1500 5555 1616 5611 Deo
1642 5573 1747 5628 per
1769 5574 1868 5613 na-

211 5639 353 5692 tura
403 5636 816 5709 prastantiam
866 5638 1328 5711 propinquiores
1377 5649 1538 5706 sunt.
1588 5645 1868 5703 immotas

215 5741 455 5783 manere
487 5728 570 5784 ait
594 5742 945 5799 quanquam
968 5727 1171 5785 liberas
1198 5733 1508 5803 potestatis
1532 5753 1546 5803 ;
1579 5753 1712 5808 quae
1734 5755 1868 5795 vero

549 5848 824 5910 ΡΑΤιιοι..
870 5847 985 5908 Gn.
1029 5847 1304 5913 XXXIII.

1946 2149 2169 2200 viribus
2199 2149 2404 2199 tribuit
2435 2150 2795 2212 intelligendi
2810 2150 3238 2211 facultatem,ne
3266 2147 3390 2197 illis
3410 2163 3608 2210 super-

1949 2240 2053 2291 bia:
2081 2240 2421 2289 occasionem
2437 2241 2920 2290 subministraret.
2954 2239 3106 2294 Quod
3135 2252 3328 2299 capere
3343 2246 3612 2299 poterant

1947 2331 2116 2390 dedit,
2145 2330 2286 2396 quod
2335 2345 2442 2380 non
2464 2338 2729 2392 poterant
2776 2331 3122 2382 condonavit.
3174 2327 3324 2382 Sunt
3352 2328 3454 2398 qui
3507 2344 3613 2384 an-

1947 2413 2111 2486 gelos
2141 2413 2333 2468 bonos
2364 2411 2712 2468 firmitatem
2743 2418 2802 2467 et
2830 2413 3313 2473 immobilitatem
3345 2418 3407 2473 in
3430 2417 3610 2487 bono,

1948 2503 2204 2559 adventu
2235 2501 2453 2557 Christi
2484 2507 2788 2557 assecutos
2819 2519 2950 2558 esse
2991 2506 3359 2565 censuerint.
3395 2508 3617 2580 Hippo-

1949 2594 2110 2666 lytus
2139 2592 2507 2659 Portuensis,
2541 2591 2634 2646 vel
2666 2591 2939 2664 quisquis
2964 2600 3172 2651 auctor
3203 2602 3294 2653 est
3323 2597 3606 2671 fragmen

1951 2689 2148 2739 torum
2180 2677 2388 2738 contra
2435 2683 2725 2737 Beronem
2777 2689 2836 2737 et
2885 2684 3147 2741 Helicem
3177 2687 3250 2742 ab
3299 2689 3612 2746 Anastasio

1949 2773 2363 2843 collectorum,
2388 2777 2493 2827 eta
2511 2771 2827 2828 Sirmondo
2847 2772 3170 2842 editorum,
3185 2777 3612 2850 aitfragmento

1950 2867 2005 2935 2,
2041 2871 2330 2922 Christum
2360 2870 2537 2920 Deum
2573 2871 2634 2920 in
2666 2885 2836 2921 carne
2863 2873 3017 2923 mira
3043 2875 3259 2936 fecisse,
3281 2864 3372 2920 ἳνα
3416 2865 3506 2920 καὶ
3547 2865 3615 2920 τὰ

1949 2963 2069 3018 κατ’
2094 2959 2357 3036 οὐρανοὺς
2391 2961 2518 3034 ἅγια
2544 2959 2793 3036 τάγματα
2842 2966 2950 3017 τῶν
3011 2969 3214 3040 νοερῶν
3249 2965 3450 3019 οὐσιῶν
3485 2985 3614 3020 στο-

1955 3053 2113 3126 μώσῃ
2132 3051 2271 3127 πρὸς
2305 3050 2562 3125 ἀτρεψίαν
2599 3049 2680 3124 τῷ
2714 3054 3004 3127 μυστηρίῳ
3043 3061 3142 3124 τῆς
3199 3055 3368 3110 αὐτοῦ
3423 3077 3614 3130 σωμα-

1950 3161 2194 3203 τωσεως.
2235 3152 2320 3207 Ut,
2350 3157 2403 3200 et
2430 3159 2648 3200 sanctos
2699 3152 2761 3200 in
2793 3154 2945 3203 caelis
2975 3154 3457 3206 i-ntellectualium
3492 3157 3616 3205 sub-

1867 3260 1912 3331 α
1949 3243 2301 3292 stantiarum
2328 3241 2553 3290 ordines
2579 3243 2840 3304 ﬁrmaret
2869 3259 2935 3293 ac
2980 3245 3234 3305 duraret,
3269 3247 3351 3295 ita
3379 3256 3442 3295 ut
3492 3262 3612 3295 con-

1950 3332 2094 3382 verti
2111 3347 2224 3381 non
2231 3332 2597 3394 possint,suce
2617 3331 3038 3383 incarnationis
3059 3328 3614 3398 mysterio.Nicctas,

1954 3415 2017 3470 in
2050 3413 2382 3470 orationem
2415 3413 2678 3486 Gregorii
2706 3414 3053 3471 Nazianzeni
3084 3418 3172 3485 42,
3200 3421 3344 3474 nota
3376 3421 3430 3488 2,
3463 3419 3617 3474 hanc

1953 3503 2235 3577 proponit
2265 3503 2610 3575 opinionem
2643 3519 2656 3558 :
2686 3513 2933 3576 Angelos
2957 3515 3142 3574 bonos,
3162 3516 3264 3578 qui
3289 3524 3417 3565 ante
3433 3532 3618 3565 resur-

1954 3603 2254 3652 rectionem
2279 3601 2487 3651 Christi
2507 3602 2824 3666 difﬁculter
2860 3603 3165 3653 admalum
3206 3608 3419 3656 moveri
3457 3615 3614 3668 pote-

1956 3701 2102 3751 rant,
2111 3707 2220 3754 per
2253 3706 2376 3740 eam
2403 3699 2698 3749 assecutos,
2717 3700 2781 3740 ut
2812 3708 2880 3740 ne
2912 3695 3125 3743 moveri
3149 3695 3378 3759 quidem
3407 3698 3614 3759 gratiae

1956 3783 2244 3845 adiutorio
2263 3781 2511 3844 passi-nt.
2545 3773 2703 3828 Nihil
2733 3789 2804 3828 ex
2831 3774 3047 3830 Christi
3079 3776 3308 3832 meritis
3340 3777 3413 3832 ad
3430 3793 3614 3850 ange-

1957 3865 2047 3922 los
2079 3863 2283 3935 Cyrilli
2315 3863 2614 3918 sententia
2643 3863 3010 3936 pervenisse,
3031 3882 3102 3920 ex
3121 3865 3241 3922 alto
3281 3867 3410 3938 ejus
3446 3885 3517 3923 ea
3548 3867 3620 3924 de

1959 3970 2021 4010 re
2049 3953 2288 4010 silentio
2320 3951 2600 4026 colligere
2622 3952 2782 4009 licet.
2816 3953 2996 4008 Plura
3013 3954 3084 4010 de
3123 3955 3435 4012 beneﬁciis
3458 3957 3623 4012 Chri-

1961 4044 2036 4100 sti
2079 4043 2140 4098 in
2190 4041 2430 4115 angelos
2481 4041 2812 4098 secundum
2873 4042 3244 4100 diversorum
3301 4046 3622 4118 Opiniones

1963 4133 2140 4208 paulo
2190 4137 2324 4205 post
2372 4131 2590 4188 dicam.

2033 4224 2123 4279 34.
2171 4224 2392 4289 Quarta
2421 4223 2661 4278 tandem
2712 4225 3009 4282 sententia
3039 4227 3240 4298 Cyrilli
3276 4229 3464 4284 nostri
3516 4235 3625 4299 est,

1966 4315 2067 4386 qui
2099 4313 2340 4386 angelos
2370 4313 2559 4368 bonos
2590 4315 2720 4370 sine
2743 4320 2929 4371 status
2955 4317 3044 4371 sui
3062 4317 3348 4389 periculo,
3389 4319 3452 4374 in
3474 4319 3631 4375 levia

1969 4403 2262 4476 quaedam,
2287 4419 2418 4474 quae
2437 4404 2592 4458 Deus
2613 4403 2805 4459 facilis
2827 4405 3144 4474 condonet,
3179 4407 3300 4463 labi
3324 4409 3627 4465 interdum

1968 4497 2210 4566 peccata
2241 4491 2430 4548 docet.
2463 4494 2531 4548 In
2563 4509 2693 4549 eam
2717 4495 3075 4551 sententiam
3107 4496 3428 4554 adductum
3462 4516 3524 4555 se
3553 4499 3631 4554 si-

1971 4581 2216 4656 gnificat
2246 4599 2317 4638 ex
2348 4582 2450 4637 illo
2471 4583 2737 4656 generali
2770 4586 2968 4656 eﬂ‘ato,
3003 4610 3187 4644 unum
3234 4597 3420 4646 solum
3451 4613 3486 4647 a
3513 4613 3635 4660 pec.

1562 4645 1624 4740 ξπ
1661 4648 1848 4701 θαῖαε·
1882 4649 1926 4713 D
1957 4645 2096 4722 catis
2127 4670 2371 4722 liberum
2391 4645 2522 4730 esse,
2545 4674 2648 4737 qui
2679 4682 2872 4723 nostra
2884 4645 3131 4737 peccata,
3146 4685 3384 4740 purgat,

1969 4753 2438 4810 Innumerabilia
2458 4759 2694 4831 patrum
2718 4757 3064 4813 testimonia
3094 4759 3339 4830 produci
3363 4764 3634 4830 possunt,

1969 4844 2070 4915 qui
2104 4845 2299 4900 solum
2330 4845 2517 4900 Deum
2547 4845 2638 4900 vel
2658 4845 2958 4902 Christum
3004 4854 3246 4920 peccato
3269 4865 3472 4904 carere
3494 4848 3637 4903 deli-

1969 4934 2163 4990 niunt.
2197 4933 2471 4990 Clemens
2507 4935 2853 5005 Alexandr.,
2886 4936 2990 4991 lib.
3027 4955 3041 4992 ι
3072 4938 3328 5009 Psedag.,
3354 4941 3553 5010 cap.2,
3579 4943 3640 4992 et

1969 5024 2328 5097 lib.Ill,cap.
2362 5025 2598 5093 ultimo,
2635 5026 2830 5082 solum
2861 5027 3160 5083 Christum
3192 5033 3361 5084 vocat
3401 5027 3645 5102 ἀναμάρ-

1969 5113 2324 5185 τητον,(]ι1οἀ
2357 5114 2639 5188 intelligit
2660 5115 2732 5171 de
2760 5117 3057 5172 vacuitate
3097 5118 3348 5189 peccati.
3373 5118 3538 5175 Idem
3558 5136 3647 5175 as-

1975 5204 2120 5259 serit
2150 5203 2426 5275 Ephraam
2468 5213 2543 5262 De
2575 5214 2816 5262 secundo
2843 5216 3113 5272 adventu,
3148 5208 3242 5262 Gr.
3297 5225 3356 5279 ρ.
3412 5210 3537 5279 355,
3591 5210 3649 5263 et

1975 5292 2256 5364 Origenes
2301 5291 2460 5347 hom.
2498 5295 2527 5347 3
2557 5293 2620 5347 in
2656 5292 2907 5362 Cantic.,
2941 5310 3071 5368 pag.
3113 5296 3255 5364 616;
3291 5297 3645 5354 Theodoret.

1976 5382 2194 5446 Quaast.
2227 5383 2258 5435 9
2289 5383 2350 5435 in
2381 5384 2568 5451 Num.,
2594 5399 2725 5455 pag.
2756 5383 2876 5439 144.
2904 5384 3181 5457 Plerique
3206 5402 3275 5442 ex
3301 5387 3422 5442 illis
3450 5387 3523 5443 de
3542 5389 3649 5443 ho-

1977 5469 2243 5525 minibus
2276 5469 2470 5526 solum
2516 5471 2699 5526 locuti
2725 5473 3165 5539 videntur;cum
3218 5481 3420 5532 tamen
3469 5494 3652 5550 gene—

1979 5557 2088 5615 rali
2123 5563 2368 5614 utantur
2384 5561 2700 5631 sententia,
2722 5563 2866 5634 quid
2888 5564 3166 5636 prohibet
3195 5567 3518 5637 quominus
3541 5567 3652 5624 ali-

1979 5648 2106 5720 qui,
2139 5653 2206 5705 ut
2233 5650 2512 5722 Cyrillus,
2538 5669 2670 5710 eam
2695 5654 2769 5711 ad
2798 5655 3042 5731 angelos
3074 5656 3257 5714 etiam
3307 5657 3651 5714 extendisse

1981 5740 2388 5796 censeantur?
2417 5741 2531 5798 Sed
2554 5745 2938 5816 producenda
2967 5746 3319 5804 testimonia
3361 5765 3493 5819 quae
3525 5762 3652 5801 rem

3296 5869 3330 5926 Ἷ
