4024 6402
462 372 583 435 203

1757 354 1860 414 DE
1906 349 2090 411 Vl'l‘A
2137 349 2203 408 S.
2251 344 2586 408 CYRILLI.

3731 351 3826 413 ιω

467 512 735 567 nostram
772 501 1092 578 specialius
1127 500 1438 571 attingant.
1467 497 1556 552 Ita
1583 492 1771 566 aliqui
1803 492 1989 548 Deum
2019 502 2113 544 so-
2147 484 2198 552 Α
2228 482 2432 578 Solum
2453 480 2770 555 prmseutis
2793 485 2854 537 et
2871 481 3079 578 futuri,
3103 481 3207 578 sed
3243 481 3424 578 etiam
3452 484 3833 578 prateritorum

469 601 595 657 lum
628 596 860 672 peccati
891 596 1198 665 expertem
1231 605 1360 646 esse
1391 585 1802 660 pronuntiant,
1826 586 1893 638 ut
1920 579 1980 635 id
2001 583 2126 633 tan-

475 706 656 764 quam
686 687 801 761 ipsi
831 687 1141 760 proprium
1173 690 1233 740 et
1278 682 1448 739 nulla
1489 696 1628 737 cum
1668 680 1943 733 creatura
1967 685 2126 727 com-

474 777 839 838 municabile
891 783 1158 850 spectare
1207 780 1542 836 videantur.
1590 768 2012 839 Tertullianus,
2047 780 2126 828 De

472 882 690 941 anima,
727 885 855 942 cap.
887 870 976 933 41,
1021 874 1190 924 Solus
1237 872 1389 921 Deus
1431 866 1555 916 sine
1585 868 1827 926 peccato,
1873 867 1927 908 et
1970 859 2126 908 solus

473 972 633 1021 homo
660 971 786 1018 sine
805 973 1029 1030 peccato
1051 961 1328 1018 Christus,
1373 956 1514 1022 quia
1558 962 1608 1002 et
1658 951 1802 1001 Deus
1845 949 2126 1000 Christus.

475 1051 834 1110 Prudentius
865 1049 926 1103 in
957 1052 1270 1116 Apotheosi,
1300 1056 1430 1112 cap.
1462 1040 1515 1106 5,
1550 1035 1621 1090 de
1652 1038 1867 1089 natura
1885 1033 2124 1099 animm,

473 1161 623 1201 vers.
661 1141 788 1209 108,
809 1145 1052 1197 Miraris
1094 1154 1326 1206 peccare
1375 1137 1652 1191 animam,
1693 1146 1821 1181 cum
1847 1138 2031 1192 peccet
2077 1138 2128 1178 et

475 1243 594 1305 ipse
623 1236 938 1301 Angelus...
975 1233 1140 1283 Solus
1171 1227 1292 1280 labe
1319 1233 1468 1278 caret
1488 1222 1704 1288 peccati
1749 1219 2016 1305 Conditor
2043 1235 2129 1268 or-

482 1304 566 1384 bis
595 1322 887 1390 Ambros,
942 1324 1006 1373 in
1026 1338 1120 1385 ps.
1167 1312 1572 1384 cxvm,ser.23,
1604 1323 1775 1366 num.
1820 1304 1926 1360 27:
1960 1307 2131 1357 Nemo

475 1427 604 1476 sine
621 1433 846 1488 peccato
875 1430 992 1474 est:
1032 1434 1238 1486 negare
1283 1415 1384 1464 hoc
1429 1409 1798 1474 sacrilegium
1844 1411 1940 1460 est,
1977 1398 2130 1488 solus

471 1520 622 1570 enim
650 1519 800 1568 Deus
822 1516 947 1564 sine
957 1520 1198 1576 peccato.
1217 1503 1402 1567 Quam
1425 1492 1782 1553 sententiam
1804 1481 2133 1576 generatim

477 1601 554 1658 ad
581 1613 760 1656 omne
782 1596 942 1670 quod
960 1575 1117 1651 Deus
1137 1609 1261 1648 non
1292 1593 1382 1645 est
1401 1580 1858 1646 extendendam,
1879 1575 2133 1630 demon-

477 1696 628 1748 strat
655 1689 785 1762 ejus
827 1685 1262 1761 argumentatio
1300 1681 1405 1738 lib.
1438 1696 1498 1736 ιιι
1533 1687 1614 1736 De
1665 1679 1893 1744 Spiritu
1943 1681 2134 1762 sancto

479 1799 608 1855 cap.
647 1759 733 1850 lS,
777 1759 944 1836 num.
980 1779 1105 1846 133,
1150 1782 1211 1833 et
1260 1791 1410 1845 seq.,
1451 1785 1572 1842 qua
1623 1765 1835 1840 probat
1881 1759 2135 1855 Spiritus

2239 572 2618 640 saaculorum,
2649 577 2709 628 et
2740 588 2861 628 non
2895 571 3088 628 solum
3115 572 3379 628 humano
3401 573 3534 629 huic
3557 573 3729 630 ordini
3748 579 3830 632 sed

2237 662 2416 718 etiam
2474 662 2815 718 caelestibus
2863 661 3184 718 virtutibus
3244 663 3540 735 proﬁciat.
3585 665 3831 722 Craterum

2235 752 2396 809 haud
2423 753 2577 808 clam
2597 769 2694 809 me
2726 757 2818 808 est
2845 753 3115 826 Origenis
3159 751 3335 824 stylo,
3365 753 3614 820 calestia,
3641 756 3830 812 calestes

2237 846 2489 914 virtutes,
2540 859 2662 898 non
2723 842 2918 899 solum
2977 842 3219 916 angelos
3273 842 3484 912 bonos,
3535 843 3638 900 sed
3685 846 3825 902 etiam

2239 933 2544 990 daemones
2563 933 2920 1005 signiﬁcare.
2945 934 3162 989 Verum
3183 933 3336 988 nihil
3357 950 3466 990 nos
3477 933 3728 1006 prohibet
3742 951 3832 989 am.

2239 1023 2522 1096 biguitate
2554 1023 2881 1078 testimonii
2907 1023 3016 1091 uti,
3045 1040 3180 1078 cum
3212 1023 3438 1096 alioqui
3470 1023 3710 1080 sciamus
3727 1041 3830 1080 eum

2239 1114 2302 1168 in
2324 1112 2554 1185 angelis
2575 1113 2754 1168 etiam
2783 1113 2959 1169 bonis
2979 1112 3315 1171 admittere.

2310 1220 2398 1276 35.
2433 1217 2721 1290 Didymus
2771 1219 3044 1291 Origenis
3095 1218 3324 1275 assecla
3354 1218 3426 1274 ab
3457 1219 3564 1274 hac
3617 1220 3830 1293 magistri

2241 1307 2512 1364 doctrina
2527 1323 2648 1363 non
2675 1307 2940 1362 recessit.
2957 1307 3061 1364 lnl
3083 1308 3238 1363 Petri
3264 1309 3472 1380 Epist.,
3495 1324 3618 1380 cap.
3647 1324 3724 1374 ιιι,
3741 1309 3831 1364 hac

2242 1398 2458 1454 habet:
2491 1397 2656 1446 Sicut
2676 1411 2784 1458 per
2829 1397 3048 1446 Filium
3079 1397 3183 1446 Dei
3222 1398 3523 1446 essentiam
3565 1403 3745 1447 cuncta
3766 1413 3830 1445 ra-

2243 1486 2543 1538 tionabilia
2569 1484 2912 1546 habuerunt,-
2945 1485 3026 1535 sic
3051 1501 3162 1548 per
3172 1500 3300 1536 eum
3321 1488 3574 1536 omnium
3593 1501 3762 1536 eorum
3775 1502 3832 1535 se-

2241 1579 2334 1628 lus
2363 1579 2559 1642 eﬂ'ecta
2587 1575 2839 1630 est.0uia
2869 1576 3023 1625 enim
3052 1591 3166 1625 non
3184 1576 3632 1626 substantialiter
3654 1576 3738 1626 scd
3771 1590 3832 1625 ac-

2241 1667 2510 1732 quisitive
2536 1667 2892 1716 sanctitatem
2908 1665 3262 1730 habent,cum
3291 1675 3564 1716 creaturae
3589 1667 3710 1728 sint,
3730 1667 3835 1727 jure

2235 1756 2510 1820 purgatio
2543 1759 2696 1817 facta
2741 1764 2822 1805 est
2865 1757 3021 1806 circa
3049 1764 3254 1806 cuncta
3303 1756 3404 1806 hoc
3454 1756 3608 1806 modo
3632 1755 3834 1806 habentia

483 1844 676 1926 sancti
702 1844 1071 1925 divinitatem
1093 1844 1164 1922 ex
1180 1881 1248 1920 eo
1273 1844 1432 1935 quOd
1465 1859 1592 1916 sine
1616 1858 1858 1929 peccato
1885 1851 1981 1921 sit,
1999 1869 2138 1910 nam
2165 1867 2218 1936 Β
2247 1847 2566 1906 ὺοηίεαεενη,
2597 1847 2747 1896 unde
2774 1847 2945 1897 etiam
2973 1847 3317 1897 sublimiora
3343 1848 3714 1897 correctionem
3731 1844 3834 1895 reci-

483 1961 612 2016 siue
665 1963 906 2032 peccato
969 1956 1274 2013 nemiuem
1324 1968 1454 2009 esse
1521 1946 1637 2004 nisi
1688 1959 1874 1999 unum
1923 1943 2130 2001 Deum.

485 2050 765 2124 [CLXVII]
789 2048 1203 2120 Hieronymus,
1229 2045 1290 2100 in
1312 2041 1553 2114 Dialogo
1579 2041 1610 2095 3
1641 2051 1834 2099 contra
1869 2045 2135 2109 Pelagia-

481 2176 600 2219 nos,
624 2142 940 2216 superbam
964 2139 1181 2194 horum
1210 2133 1604 2192 assertionem
1625 2131 1786 2204 quod
1806 2132 1983 2187 homo
2006 2128 2135 2183 sine

479 2243 724 2317 peccato
754 2248 890 2290 esse
912 2228 1122 2303 possit,
1144 2226 1256 2317 hoc
1285 2225 1636 2317 argumento
1663 2223 1964 2317 retundit:
1989 2229 2062 2317 Si.
2083 2229 2137 2279 σε

457 2308 582 2392 ille.
633 2328 704 2384 de
746 2327 864 2382 Deo
897 2320 1174 2390 loquens,
1207 2308 1610 2385 ἀναμάρτητος,
1657 2317 1709 2365 et
1747 2328 1844 2381 ego
1891 2313 2134 2390 ἀναμάρ-

469 2442 658 2494 τητος,
691 2442 818 2491 quae
849 2427 998 2474 inter
1026 2434 1115 2470 me
1151 2427 1203 2468 et
1239 2415 1416 2463 Deum
1463 2410 1574 2458 erit
1622 2414 1900 2465 αι’,ςεαηεία
1917 2417 1943 2466 ρ
1990 2406 2134 2462 san-

471 2519 601 2570 ctus
631 2507 1018 2572 Athanasius,
1065 2507 1215 2561 orat.
1241 2505 1276 2557 2
1307 2515 1504 2558 contra
1537 2506 1801 2565 Arianae,
1825 2499 1962 2568 n.6,
1993 2498 2132 2554 inde

472 2601 685 2675 probat
705 2598 874 2655 Verbi
898 2594 1291 2660 divinitatem,
1307 2589 1467 2662 quod
1491 2587 1690 2645 omnis
1706 2593 1976 2644 creatura
1997 2595 2133 2645 ante

479 2692 584 2749 Dei
599 2691 986 2762 conspectum
1009 2679 1338 2757 judicanda
1359 2678 1561 2746 stabit,
1577 2677 1761 2733 Filius
1782 2683 1980 2733 autem
2011 2695 2134 2735 non

468 2779 838 2855 judicandus
867 2776 972 2832 sed
1004 2772 1382 2847 judicaturus
1427 2767 1638 2824 aderit.
1692 2766 1913 2822 Eodem
1962 2783 2133 2837 argu-

465 2875 672 2928 mento
703 2868 890 2924 utitur
935 2860 1307 2929 Ambrosius,
1355 2859 1458 2914 lib.
1509 2875 1540 2912 v
1595 2867 1670 2916 De
1728 2865 1857 2931 ﬁde,
1907 2858 2131 2930 cap.ll,

477 2978 645 3020 num.
690 2960 814 3024 142,
837 2961 898 3014 et
945 2953 1202 3027 Cyrillus
1233 2948 1692 3018 Alexandrinus,
1733 2958 2008 3012 Thesauri
2039 2967 2134 3006 as-
2187 2986 2192 2991 -

489 3055 632 3108 sert.
665 3052 753 3116 21,
783 3062 914 3119 pag.
945 3045 1076 3105 213.
1107 3040 1274 3107 Quod
1317 3044 1736 3112 argumentum
1769 3039 1894 3098 leve
1941 3052 2049 3113 est,
2087 3049 2138 3104 si

472 3137 789 3212 judicandi
820 3151 958 3192 cum
981 3130 1329 3188 hominibus
1359 3146 1480 3184 non
1502 3127 1748 3186 stabunt
1763 3134 1978 3205 angeli.
2021 3139 2134 3195 Sed

471 3234 603 3286 uta
631 3223 1012 3315 generalibus
1062 3219 1376 3315 sententiis
1424 3218 1499 3274 ad
1549 3219 1832 3315 specialia
1876 3227 2131 3301 veniam,
2163 3243 2212 3315 ρ

475 3317 649 3376 multi
673 3333 784 3372 nec
811 3315 972 3386 ipsos
993 3311 1183 3367 bonos
1204 3309 1446 3382 angelos
1466 3309 1695 3380 peccati
1719 3319 1990 3383 expertes
2009 3333 2139 3382 esse

473 3406 790 3466 deﬁniunt.
823 3401 1092 3476 Origenis
1115 3399 1412 3456 sententia
1436 3398 1547 3454 fuit
1569 3398 1867 3457 Christum
1887 3419 2006 3462 non
2027 3427 2137 3482 pro

471 3495 814 3555 hominibus
845 3497 1098 3561 tantum,
1123 3488 1226 3547 sed
1249 3494 1308 3545 et
1353 3504 1458 3561 pro
1497 3488 1775 3546 omnibus
1809 3494 2138 3556 rationabi-

473 3588 632 3646 libus
655 3583 1008 3642 substantiis
1037 3595 1303 3655 passum,
1334 3583 1404 3635 ut
1431 3578 1702 3635 omnium
1731 3589 1976 3652 peccata
1995 3605 2140 3661 pur.

473 3685 682 3755 garet:
715 3683 862 3734 tom.
893 3693 911 3732 ι
967 3681 1030 3730 in
1059 3683 1246 3738 Joan.,
1296 3670 1524 3745 pag.38:
1557 3678 1881 3734 Absurdum
1912 3696 1994 3737 est
2028 3705 2140 3753 pro

483 3780 783 3830 hominum
796 3773 1043 3838 peccatis
1072 3773 1261 3834 ipsum
1279 3778 1536 3834 gustasse
1553 3779 1808 3832 mortem,
1839 3783 1890 3824 et
1910 3792 2016 3828 non
2028 3795 2139 3842 pro

477 3872 676 3938 quovis
720 3869 836 3919 alio
877 3872 1094 3930 prater
1135 3861 1387 3913 homines
1447 3861 1513 3910 in
1534 3863 1778 3923 peccatis
1801 3867 2138 3932 exsistente;

482 3961 630 4010 velut
649 3973 758 4021 pro
779 3955 972 4017 astris,
1002 3967 1130 4018 qua:
1150 3966 1263 4000 non
1300 3957 1436 3999 sunt
1454 3963 1696 4012 prorsus
1743 3963 1902 4012 pura
1952 3971 2138 4008 coram

475 4041 610 4092 Deo.
643 4037 762 4086 le.
808 4048 902 4084 vm
951 4040 1146 4082 contra
1198 4030 1440 4086 Celsum,
1501 4043 1620 4093 pag.
1677 4027 1770 4078 417
1822 4033 2137 4087 :Christus

477 4141 693 4191 magna
713 4124 973 4188 potentia
998 4118 1301 4170 seminavit
1334 4125 1442 4167 toto
1475 4116 1602 4166 orbe
1643 4117 1874 4170 verbum
1903 4125 2140 4185 pietatis

475 4214 866 4282 purissimum
895 4225 1008 4260 non
1041 4207 1226 4258 solum
1253 4206 1598 4267 hominibus,
1633 4208 1728 4260 sed
1759 4214 1948 4276 etiam,
1994 4217 2141 4267 citra

481 4307 840 4360 mendacium
865 4303 1006 4361 dico,
1035 4300 1171 4350 aliis
1205 4299 1486 4349 creaturis
1514 4303 1894 4356 rationalibus
1913 4309 2140 4371 quibus.

480 4411 704 4461 cunque
741 4409 880 4457 opus
911 4400 992 4442 est
1046 4388 1398 4447 correctione,
1442 4391 1753 4452 sanatione,
1798 4397 2135 4447 mutatione-

475 4501 584 4553 que
641 4500 678 4535 α
707 4483 870 4534 vitiis
890 4483 962 4532 ad
1005 4480 1286 4532 virtutem.
1319 4477 1462 4534 Vide
1493 4481 1700 4550 homil,
1733 4484 2049 4556 ejusdeml
2081 4493 2138 4542 in

487 4567 688 4625 Levit.,
722 4581 774 4630 p.
827 4563 934 4622 115,
979 4563 1168 4612 homil.
1212 4566 1274 4615 29
1328 4567 1519 4631 Num.,
1569 4584 1621 4634 p.
1669 4571 1799 4623 293:
1843 4574 2136 4639 Indigent,

476 4645 682 4713 inquit,
710 4645 1119 4711 puriﬁcatione
1161 4660 1268 4696 non
1309 4649 1494 4699 solum
1541 4666 1658 4714 qua
1689 4653 1754 4702 in
1789 4661 1942 4704 terra
1979 4665 2132 4715 sunt,

476 4741 572 4791 sed
589 4749 640 4792 et
669 4754 794 4803 quae
817 4737 876 4786 in
899 4735 1071 4795 caelis,
1095 4737 1352 4788 imminet
1368 4755 1611 4806 namque
1627 4751 1679 4791 et
1699 4745 1824 4794 cwli
1859 4747 2126 4808 perditio.

476 4829 574 4886 Ait
602 4821 811 4882 homil.
848 4823 911 4874 10
955 4821 1017 4869 in
1046 4823 1178 4874 Luc.
1212 4824 1594 4892 praesentiam
1624 4826 1858 4882 Domini
1889 4829 2026 4884 Jesu
2071 4836 2132 4886 et

476 4912 988 4991 dispensationem
1001 4908 1184 4976 illius,
1200 4927 1321 4966 non
1340 4912 1534 4968 solum
1553 4918 1810 4987 terrena,
1827 4917 1934 4973 sed
1950 4918 2129 4976 etiam

477 5005 740 5064 caelestia
751 5001 996 5074 juvisse,
1025 5015 1274 5072 eamque
1299 5006 1359 5056 et
1379 5003 1440 5058 in
1463 5003 1627 5060 ccelis
1650 5010 1708 5060 et
1729 5005 1791 5060 in
1815 5010 1974 5063 terra
1992 5025 2128 5080 pro-

475 5097 679 5152 fuisse.
702 5094 825 5149 Lib.
867 5107 898 5143 ν
929 5103 992 5152 in
1021 5099 1280 5165 Epist.ad
1293 5102 1473 5160 Rom.,
1497 5093 1572 5148 ad
1593 5109 1719 5166 cap.
1747 5111 1825 5163 v1,
1847 5095 2130 5153 refellens

477 5202 578 5242 eos
601 5185 702 5258 qui
723 5186 962 5242 aiebant
980 5201 1224 5242 necesse
1247 5200 1377 5240 esse
1401 5189 1467 5239 ut
1504 5183 1774 5240 Christus
1815 5184 1878 5240 in
1911 5185 2130 5244 futuris

475 5276 709 5332 saeculis
731 5276 937 5332 eadem
954 5276 1046 5332 vel
1067 5275 1288 5331 similia
1306 5279 1626 5347 pateretur,
1647 5278 1714 5328 ut
1733 5273 2132 5334 liberarentur

473 5366 654 5421 etiam
684 5364 742 5418 hi
769 5381 916 5436 quos
948 5366 1011 5420 in
1040 5365 1320 5436 praesenti
1357 5363 1476 5419 vita
1505 5363 1970 5434 dispensationis
1996 5367 2128 5438 ejus

473 5452 774 5510 medicina
803 5469 1015 5509 sanare
1053 5470 1174 5508 non
1205 5453 1430 5524 potuit:
1465 5452 1552 5508 ait
1573 5455 1798 5507 tantam
1839 5468 1968 5508 esse
2005 5455 2124 5510 vim

472 5543 666 5600 crucis
693 5543 932 5611 Christi,
952 5548 1019 5599 u’t
1059 5542 1130 5598 ad
1160 5542 1474 5598 sanitatem
1505 5545 1564 5598 et
1609 5540 1944 5598 remedium
1993 5562 2113 5603 non

541 5695 588 5730 ¹⁰
618 5693 841 5751 Coloss.
874 5712 914 5766 1,
943 5698 1034 5764 20,

2236 1939 2431 2002 piunt.
2466 1957 2494 1986 «
2522 1938 2850 2003 Paciﬁcavit
2891 1937 3040 1990 enim
3087 1939 3254 1988 Jesus
3270 1953 3380 2002 per
3407 1938 3724 2001 sanguinem
3742 1951 3836 1984 cru-

2243 2030 2326 2079 cis
2353 2045 2491 2090 suae,
2519 2029 2637 2078 sive
2664 2044 2789 2093 qua
2819 2030 2882 2078 in
2913 2030 3083 2078 terris
3111 2029 3229 2080 sive
3257 2030 3460 2094 quain
3488 2028 3636 2079 cali:
3650 2026 3834 2076 sunt”;

2245 2120 2500 2182 Subjecti
2527 2127 2664 2169 sunt
2707 2120 2761 2169 ei
2787 2120 3042 2183 angeli...
3072 2121 3222 2170 sicut
3241 2121 3399 2171 enim
3431 2120 3671 2170 homines
3707 2117 3837 2166 absti-

2245 2219 2437 2260 nentes
2464 2225 2502 2260 a
2542 2211 2788 2273 peccatis
2815 2211 3056 2272 subjecti
3081 2219 3219 2260 sunt
3249 2209 3492 2273 Christo,
3523 2212 3601 2260 ita
3627 2216 3672 2258 et
3712 2220 3837 2268 supt-

2245 2301 2400 2350 riora
2428 2300 2760 2358 rationalia,
2792 2309 3042 2350 correcta
3069 2302 3401 2362 spontaneis
3425 2299 3603 2363 culpis
3615 2313 3737 2364 quas
3754 2299 3838 2357 for-

2243 2390 2396 2440 sitan
2425 2390 2684 2448 habuere,
2715 2391 2768 2440 ei
2813 2389 3067 2451 subiecta
3107 2398 3262 2448 sunt,
3299 2391 3568 2453 completa
3607 2389 3838 2450 dispensa-

2244 2480 2397 2530 tione
2413 2478 2606 2530 habita
2623 2495 2734 2542 pro
2759 2480 2946 2530 salute
2964 2487 3316 2530 cunctorum.
3331 2481 3706 2553 Hieronymus
3716 2491 3836 2533 eam-

2243 2571 2379 2626 dem
2411 2570 2747 2626 doctrinam
2781 2570 3050 2642 sequitur
3063 2575 3122 2626 et
3141 2569 3214 2625 ad
3238 2570 3594 2644 Didymique
3614 2573 3667 2626 et
3681 2566 3836 2638 Orige-

2243 2661 2337 2717 nis
2369 2659 2677 2735 [CLXVIII]
2709 2661 3266 2733 interpretationem
3301 2677 3418 2717 nos
3442 2662 3602 2734 juvat
3619 2661 3675 2714 in
3699 2656 3838 2728 Epist.

2245 2749 2318 2807 ad
2337 2751 2548 2822 Ephes.
2577 2767 2706 2822 cap.
2741 2766 2781 2819 ι,
2805 2766 2955 2805 vers.
2981 2751 3072 2805 22:
3100 2749 3442 2812 Curautem,
3461 2749 3660 2822 inquit,
3679 2742 3834 2797 omnia

2244 2839 2306 2889 id
2323 2847 2404 2887 est
2425 2838 2637 2902 angeli,
2659 2837 2870 2900 throni,
2893 2838 3336 2900 dominationes,
3349 2845 3697 2903 potestates,et
3715 2835 3840 2884 virtu-

2245 2934 2323 2976 tes
2361 2935 2590 2990 cteterw,
2647 2943 2768 2992 quc
2797 2943 3098 2992 nunquam
3121 2932 3377 2990 fuerunt
3427 2927 3703 2980 contraria
3743 2923 3841 2977 Dea.

2241 3016 2370 3076 eius
2392 3015 2622 3079 pedibus
2664 3015 3069 3080 subjiciuntur,
3113 3018 3352 3068 videtur
3383 3021 3676 3069 obscurum.
3702 3014 3844 3064 Potest

2245 3107 2434 3172 itaque
2467 3108 2810 3169 responderi,
2837 3109 2986 3172 quod
3009 3107 3218 3174 absque
3236 3120 3472 3171 peccato
3505 3107 3685 3158 nullus
3707 3103 3782 3162 sit,
3809 3106 3845 3147 ιε

2245 3197 2432 3247 sidera
2479 3198 2606 3260 ipsa
2642 3213 2753 3246 non
2785 3199 2906 3248 sint
2960 3199 3176 3248 munda
3231 3215 3430 3251 cor-am
3462 3201 3582 3260 Deo,
3608 3193 3845 3256 omnisgue

2247 3295 2512 3338 creatura
2544 3295 2748 3350 paveat
2807 3289 3086 3339 Creatoris
3116 3289 3442 3342 adventum.
3507 3289 3642 3340 Unde
3666 3293 3710 3335 et
3731 3293 3840 3333 crux

2245 3377 2580 3437 Salvatoris,
2612 3393 2723 3427 non
2753 3379 2939 3429 solum
2968 3394 3033 3429 ea
3058 3394 3186 3444 qua:
3218 3380 3282 3430 in
3321 3390 3491 3440 terra,
3521 3379 3604 3429 sed
3622 3375 3760 3424 etiam
3786 3382 3837 3415 ea

2245 3481 2372 3534 qua
2401 3468 2464 3518 in
2497 3469 2652 3519 culis
2685 3479 2847 3519 erant
2869 3485 3150 3534 purgasse
3168 3471 3521 3532 perhibetur.
3547 3466 3668 3525 Vide
3703 3475 3842 3518 eum—

2247 3558 2458 3616 demin
2478 3577 2607 3633 cap.
2634 3577 2691 3629 ιι,
2713 3577 2864 3616 vers.
2891 3562 3456 3635 16.01ympiodorus
3477 3566 3678 3620 catena:
3697 3553 3745 3610 in
3761 3548 3838 3606 Job

2245 3665 2376 3722 pag.
2405 3651 2527 3714 149,
2554 3652 2675 3718 150,
2703 3649 2773 3706 ad
2821 3649 2970 3706 illud
2991 3651 3118 3719 Job,
3140 3667 3214 3719 ιν,
3256 3655 3344 3722 18,
3371 3649 3678 3710 secundum
3701 3639 3836 3698 LXX:

2245 3739 2313 3788 Si
2332 3737 2535 3800 pueris
2561 3739 2687 3786 suis
2717 3754 2830 3788 non
2853 3741 3044 3798 credit,
3074 3749 3126 3789 et
3146 3749 3347 3792 contra
3367 3741 3584 3806 angelos
3610 3748 3721 3786 suos
3739 3727 3841 3780 obli-

2244 3832 2422 3882 quum
2450 3818 2592 3882 quid
2623 3827 2675 3867 et
2703 3820 2924 3868 malum
2953 3821 3254 3884 cogitavit;
3286 3822 3415 3880 hac
3445 3820 3647 3878 habet:
3676 3806 3840 3872 Angeli

2242 3906 2671 3969 reprehensione
2689 3924 2796 3960 non
2828 3915 3037 3967 carent.
3063 3926 3197 3960 nam
3223 3919 3274 3959 et
3295 3911 3414 3974 ipsi
3422 3905 3698 3960 mutabilis
3713 3903 3840 3946 natu-

2246 4013 2345 4047 ra.
2380 3997 2443 4051 Ol
2474 3994 2739 4073 ἅγγελλοι
2800 4001 2878 4073 μή
2938 3999 3243 4075 ἄμεμπτοι,
3291 4007 3532 4078 τρεπτῆς
3557 3998 3650 4074 γὰρ
3674 3991 3839 4071 φύσεως

2242 4081 2334 4142 καὶ
2365 4085 2540 4142 αὐτοί.
2575 4095 2654 4145 Ac
2685 4091 2896 4142 divina:
2914 4091 3143 4157 quidem
3165 4091 3537 4154 perfectionis
3556 4089 3844 4147 respectu.“

2244 4185 2359 4247 ipsi
2391 4185 2613 4249 quidem
2637 4182 2758 4232 veri
2807 4197 2872 4232 ac
2898 4181 3109 4231 sinceri
3137 4181 3265 4242 ejus
3287 4182 3441 4230 servi
3468 4187 3519 4228 et
3545 4169 3772 4226 ministri
3793 4163 3842 4212 in

2245 4275 2492 4324 omnibus
2528 4273 2858 4338 ﬁdelitatem
2908 4287 2975 4320 ac
3001 4269 3338 4336 ﬁrmitatem
3389 4270 3602 4320 habent.
3650 4265 3706 4314 Et
3727 4259 3847 4307 hunc

2244 4366 2460 4431 quidem
2479 4379 2706 4414 sensum
2728 4363 3094 4428 Symmachus
3115 4363 3409 4423 expressit,
3433 4375 3556 4410 cum
3568 4353 3734 4410 vertit;
3751 4367 3772 4390 ε
3790 4343 3843 4393 In

2243 4456 2422 4505 servis
2451 4455 2577 4517 eius
2631 4453 3034 4511 inconstantia,
3064 4460 3116 4501 et
3151 4453 3215 4502 in
3242 4451 3461 4515 angelis
3507 4447 3624 4498 suis
3651 4435 3846 4502 reperiet

2245 4545 2572 4594 vanitatem.
2595 4563 2622 4589 ι
2644 4544 2924 4600 Finitima
2935 4547 3176 4616 peccato
3191 4541 3529 4616 ignorantia
3540 4535 3847 4616 est.l’atrum_

2171 4629 2218 4694 D
2249 4652 2383 4690 vero
2415 4635 2696 4707 permulti
2729 4634 2974 4708 angelos
2995 4650 3184 4705 usque
3214 4633 3289 4688 ad
3319 4632 3630 4688 adventum
3653 4616 3848 4679 Domini

2241 4729 2300 4780 et
2329 4725 2815 4796 praedicationem
2846 4723 3345 4796 evangelicam,in
3376 4720 3748 4779 maximarum
3776 4719 3847 4804 rc-

2240 4831 2372 4870 rum
2405 4815 2774 4888 ignoratione
2803 4819 3064 4870 versatos
3095 4813 3364 4869 arbitrati
3396 4815 3568 4876 sunt;
3601 4819 3733 4877 quas
3753 4807 3848 4888 §IV0

2239 4921 2276 4962 a
2302 4887 2534 4960 Christo
2556 4903 2676 4960 sive
2699 4905 2770 4960 ab
2798 4903 3140 4960 hominibus
3165 4899 3623 4975 praedicantibus
3644 4887 3846 4948 tandem

2241 4993 2580 5051 didicerint.
2614 4995 2680 5050 In
2712 4994 2785 5049 iis
2806 4993 2984 5050 rebus
3006 4998 3146 5048 sunt
3174 4991 3526 5055 incarnatio,
3556 4984 3642 5042 vel
3673 4977 3851 5036 saltem

2241 5085 2369 5156 ejus
2399 5085 2633 5152 modus,
2667 5083 2865 5157 passio
2899 5087 2958 5140 et
2985 5083 3342 5139 resurrectio
3373 5065 3851 5144 Christi,ejusdem

2238 5173 2533 5242 ascensio,
2582 5176 2808 5230 vocatio
2861 5173 3168 5247 gentium;
3201 5173 3328 5228 haec
3380 5169 3576 5225 indico
3634 5161 3852 5216 tantum:

2239 5263 2380 5336 quia
2411 5263 2661 5318 eruditis
2691 5263 2835 5319 satis
2865 5268 3029 5318 nota.

2301 5371 2387 5424 36.
2423 5370 2503 5424 Ex
2533 5367 2627 5424 his
2659 5369 2936 5424 omnibus
2963 5387 3094 5441 quas
3127 5367 3428 5441 disputata
3453 5349 3852 5428 sunt,quaedam

2237 5458 2536 5515 corollarii
2569 5476 2733 5515 more
2763 5459 3120 5532 colligenda.
3157 5459 3376 5525 Primo,
3409 5455 3560 5509 hanc
3592 5447 3659 5503 de
3687 5443 3850 5532 bono'

2237 5564 2370 5604 rum
2385 5547 2560 5604 etiam
2587 5531 2937 5623 angelorum
2967 5549 3247 5622 peccatis,
3262 5545 3486 5606 multos
3509 5535 3660 5613 apud
3679 5531 3853 5588 Patres
