2012 3186
100 172 154 204 205

783 169 1039 201 DlSSER’I‘ATlO
1062 170 1117 200 Ιῐῐ.

1756 175 1816 204 206

102 241 308 276 sutiragatores
323 238 480 267 habuisse.
498 239 643 273 Secundo,
667 240 743 268 hanc
768 248 803 266 ex
828 238 930 266 multis
947 239 971 271 Α
988 240 1016 264 et
1028 238 1109 273 regni
1121 237 1263 265 caelorum
1276 240 1407 266 extorres
1419 238 1531 274 absque
1542 239 1605 267 ulla
1617 240 1816 276 spebmcqui

103 284 257 320 Scriptura;
274 283 436 311 sententiis
452 283 644 312 iuformatam
660 284 752 312 fuisse
767 292 774 317 ς
791 284 821 310 in
833 282 939 319 primis

108 341 141 359 ex
149 331 197 358 illo
207 329 298 358 modo
309 332 480 357 memorato
490 330 555 358 Jobi
566 330 735 358 testimonio
746 338 752 357 :
762 330 936 364 iterumque

112 376 208 404 exalio
217 383 281 411 cap.
293 383 341 410 xv,
354 383 433 402 vers.
454 377 499 409 15,
511 376 562 411 qui
578 375 619 403 sic
632 375 738 411 legitur
751 374 783 402 in
800 374 872 401 LXX
886 381 892 401 ι
909 367 941 401 Si

115 422 207 449 sanctis
217 429 270 448 non.
296 420 394 454 credit,
411 420 566 455 metumque
577 429 681 455 purum
700 428 756 447 non
773 422 813 447 est
828 419 859 446 in
874 426 940 446 con—

115 470 197 502 spectu
211 466 292 501 ejus:
309 465 390 501 quod
404 465 599 501 Symmachus
615 465 701 493 vertit
715 473 721 493 :
739 465 811 492 Ecce
826 465 856 491 in
879 471 942 491 san-

113 513 158 539 ctis
170 512 229 546 ejus
246 511 341 538 nullus
366 510 559 545 immutabilis,
584 518 672 545 neque
699 509 795 537 ccelum
824 508 940 536 macula:

110 564 202 592 expers
212 565 224 588 ;
232 558 340 591 quanto
351 556 439 590 magis
450 555 541 583 homo.
549 555 582 583 In
593 555 693 583 codice
704 557 804 582 autem
815 554 940 581 Alexan-

107 601 190 628 drino
221 601 267 628 sic
290 600 382 628 habet
396 602 549 636 postrema
572 608 639 636 pars
660 600 818 627 versiculi:
838 598 940 628 Cwlum

108 650 199 675 autem
208 654 320 682 purum
341 654 396 674 non
416 649 454 673 est
469 647 498 673 in
514 649 657 681 conspectu
672 646 740 681 ejus,
755 648 780 673 et
796 648 871 673 astra
884 652 940 672 non

106 691 328 728 reprehensionis
349 693 481 727 empertia.
507 691 610 726 Quam,
621 691 666 718 vel
678 691 704 718 ei
716 690 839 718 omnino
851 690 941 717 ﬁniti-

107 746 184 765 mam
200 737 369 765 lectionem
381 737 473 764 secuti
484 738 554 764 sunt
565 736 715 772 Origenes,
729 735 938 771 Hieronymus,

108 783 214 818 aliique
226 782 321 810 multi
331 783 443 809 Patres.
452 781 486 808 In
497 780 633 809 eamdem
646 781 825 809 sententiam
839 779 875 807 de
888 788 938 807 an-

109 828 240 864 gelorum
253 826 389 854 hominis
398 826 540 854 custodire
556 826 784 862 prmpositorum
796 825 937 861 peccatis,

108 873 191 901 modo
200 872 321 900 laudati
333 872 472 908 Origenes
484 875 513 900 et
523 872 719 907 Hieronymus
728 870 936 907 reprehensi0<

106 917 191 945 nibus
206 916 390 953 angelorum
405 916 435 943 in
444 916 620 952 Apocalypsi
632 915 780 943 contentis
792 914 936 942 adductos

110 971 138 990 se
152 971 213 990 non
228 962 361 989 obscure
374 961 527 989 insinuant
539 970 545 989 :
561 964 652 996 utque
663 961 695 988 in
708 960 847 988 omnibus
856 968 937 987 crea-

113 1008 180 1035 turis
195 1009 322 1043 peccata
338 1009 533 1043 agnoscerent
545 1015 562 1033 a
583 1006 699 1033 Christo
715 1005 878 1042 purganda,
892 1005 936 1033 fe-

115 1061 175 1080 cere
189 1051 342 1080 nonnulla
356 1051 487 1087 Apostoli
502 1051 590 1079 verba
609 1059 674 1087 qua:
699 1050 937 1086 redemptionem

116 1097 216 1124 Christi
224 1100 255 1125 et
265 1096 462 1132 apostolicam
472 1096 715 1132 praedicationem
726 1096 800 1123 coelo
811 1098 840 1122 et
850 1096 938 1123 terris

111 1142 255 1178 profuisse
284 1141 455 1177 signiﬁcant
480 1149 487 1168 :
517 1141 658 1168 nimirum
687 1140 798 1168 Coloss.
830 1149 849 1174 1,
878 1141 936 1174 20;

110 1187 217 1223 Ephes.
233 1195 277 1220 in,
293 1187 338 1220 10,
354 1188 411 1214 eto.
428 1185 581 1213 Generalis
596 1194 715 1221 quoque
732 1185 879 1212 sententia
903 1185 938 1212 de

116 1232 261 1259 creaturis
272 1231 407 1259 omnibus
417 1231 568 1266 injudicio
580 1231 694 1258 Christo
709 1230 861 1263 sistendis,
870 1229 941 1256 fecit

122 1279 155 1303 ut
165 1276 285 1312 angelos
295 1277 374 1304 etiam
378 1276 494 1312 judicio
505 1274 939 1312 comprehenderent.Tandem

126 1322 253 1350 maxime
269 1321 496 1358 valuitgenerale
508 1321 584 1349 illud
593 1321 724 1355 effatum,
737 1320 834 1348 solum
846 1320 940 1347 Deum

119 1376 152 1395 ac
168 1367 312 1394 Christum
328 1366 429 1394 delicti
454 1368 615 1402 expertem.
632 1367 746 1394 Tertio:
771 1365 841 1392 Huic
867 1373 941 1400 quo-

115 1412 276 1441 dammodo
300 1412 448 1440 tolerabili
466 1412 502 1440 de
517 1412 630 1440 levibus
646 1420 680 1440 ac
704 1411 870 1439 venialibus
887 1419 941 1438 an-

111 1458 245 1495 gelorum
259 1457 396 1485 ﬁdelium
409 1457 539 1493 peccatis
553 1460 582 1484 et
593 1457 692 1491 malis,
708 1456 838 1484 absurda
849 1455 943 1483 multa

112 1503 264 1540 Origenes,
290 1502 403 1538 aliique
427 1503 524 1538 ipsum
549 1502 697 1530 incautius
721 1502 814 1529 secuti
839 1509 942 1537 super-

116 1552 246 1576 struxere
259 1557 267 1582 ;
287 1556 354 1583 quin
366 1547 493 1583 Cyrillus
502 1550 605 1575 noster
612 1547 845 1584 prudentissime
856 1547 944 1574 evita—

115 1595 168 1623 vit:
184 1596 217 1621 ut
232 1593 412 1629 opinionem
427 1592 510 1620 illam
525 1592 656 1628 [CLXIX]
670 1601 736 1628 quae
750 1600 830 1620 nunc
852 1599 942 1628 gene—

115 1640 196 1666 ratim
205 1638 288 1666 falsa
299 1638 494 1671 existimatur,
506 1638 585 1665 intra
594 1637 820 1674 angustissimos
830 1637 942 1664 limites

111 1683 308 1716 continuerit,
325 1683 362 1710 ab
375 1682 512 1710 omnibus
528 1691 604 1719 pene
620 1685 725 1710 contra
748 1682 942 1718 Scripturam,

112 1730 320 1763 traditionem,
337 1730 366 1755 et
381 1730 492 1756 rectam
510 1728 658 1756 rationem
688 1727 840 1755 erroribus
868 1727 940 1755 libe-

119 1783 185 1802 ram.

439 1818 553 1846 CAPUT
574 1819 618 1846 VI.

363 1862 405 1886 De
414 1867 525 1893 peccata
539 1862 689 1893 originali.

151 1905 192 1933 37.
209 1905 314 1932 Unum
329 1911 366 1930 ex
379 1903 536 1939 praecipuis
556 1903 732 1931 Christianas
757 1902 826 1930 ﬁdei
851 1902 943 1930 docu-

119 1950 224 1977 mentis
240 1948 388 1984 originale
404 1951 557 1984 peccatum
573 1951 626 1982 est,
640 1948 718 1983 quod
731 1947 851 1975 disertis
867 1947 943 1975 Scri-

115 1999 273 2030 pturarum
290 1993 468 2021 testimoniis
483 1996 640 2027 assertum,
657 1993 875 2028 antiquissimis
889 1993 942 2020 Ec-

116 2040 211 2067 clesiae
231 2039 421 2067 caeremoniis
437 2039 652 2074 consignatum,
670 2039 879 2073 constantique
893 2039 943 2065 l’a-

115 2087 191 2112 trum
205 2083 368 2112 traditione
379 2083 546 2119 praeditum,
558 2083 633 2110 nulli
646 2092 777 2118 unquam
794 2083 942 2110 Catholiro

113 2130 158 2158 vel
177 2130 209 2157 in
225 2129 445 2157 dubitationem
462 2128 618 2162 adducere,
636 2129 680 2155 vel
697 2129 785 2156 etiam
807 2129 942 2163 ignorare

113 2174 216 2208 licuit;
233 2181 314 2205 cum.
330 2175 364 2200 ut
378 2172 513 2200 observat
529 2174 720 2209 Augustinus,
739 2173 789 2200 lib.
804 2175 943 2208 Περαίθο-

119 2223 146 2247 to
159 2218 309 2254 originali,
325 2218 355 2245 in
369 2226 458 2246 causa
475 2218 601 2246 duorum
621 2219 788 2251 hominum,
815 2227 941 2253 quorum

116 2273 166 2300 per
181 2264 312 2292 alterum
327 2263 446 2299 perditi,
463 2272 514 2299 per
536 2263 663 2290 alterum
684 2263 800 2290 liberati
827 2272 939 2295 sumus,

996 282 1140 316 docuerit,
1155 282 1180 309 is
1191 283 1308 310 etiamsi
1322 283 1466 319 originale
1478 286 1634 320 peccatum
1649 293 1711 313 non
1724 287 1822 314 nomi<

996 329 1056 360 net,
1070 335 1133 354 rem
1149 329 1253 354 tamen
1269 330 1360 355 totam
1376 328 1530 365 originalis
1545 330 1658 365 peccati
1676 333 1778 365 tenet;
1797 335 1826 359 et

996 372 1020 399 si
1032 374 1186 407 peccatum
1202 372 1294 399 libera
1307 381 1339 400 ac
1351 373 1517 401 voluntaria
1529 375 1764 411 transgressione
1777 376 1825 404 de-

996 417 1115 451 ﬁniens,
1124 417 1263 445 homines
1275 418 1339 446 sine
1350 422 1471 455 peccato
1480 420 1754 456 nascipronuntiet,
1765 425 1825 450 tota

996 462 1127 490 nominis
1143 471 1176 490 ac
1193 463 1326 490 vocabuli
1343 464 1467 499 quwstio
1483 464 1583 492 futura
1599 468 1653 493 est.
1670 467 1710 493 Ea
1735 475 1824 502 porro

996 507 1093 542 capita
1101 507 1201 535 omnia
1212 508 1384 544 gravissime
1396 511 1425 536 et
1435 509 1553 545 copiose
1566 512 1762 547 propugnavit
1773 512 1825 547 Cy-

995 552 1091 585 rillus,
1104 552 1241 580 homines
1257 553 1346 581 etiam
1362 562 1466 581 omnes
1483 555 1602 582 nemine
1620 558 1740 592 excepto
1758 565 1827 591 poc—

996 597 1064 625 catz's
1080 601 1201 625 mortuos
1217 598 1376 626 deﬁniens.

1032 642 1074 669 38.
1092 643 1190 670 Primo
1206 643 1287 670 enim
1303 644 1344 671 ita
1359 644 1488 680 explicat
1502 645 1620 672 ruinam
1637 646 1760 673 humani
1771 655 1825 682 ge—

994 688 1075 715 neris
1091 690 1213 724 propter
1227 691 1381 724 peccatum
1397 689 1477 723 Adae,
1494 692 1528 717 ut
1546 698 1580 718 eo
1602 699 1658 718 nos
1686 691 1826 726 deceptos

995 733 1130 768 periisse,
1140 733 1293 767 cecidisse,
1305 737 1466 762 excaecatos
1475 743 1551 769 esse,
1559 735 1682 763 claudos
1692 736 1823 770 etchtos,

995 778 1026 805 in
1042 786 1159 805 summa
1174 781 1307 806 mortuos
1325 788 1390 807 esse
1407 779 1495 807 dicat.
1523 781 1596 808 Nam
1626 783 1683 808 cat.
1700 782 1726 814 2,
1757 789 1825 808 cum

995 826 1268 857 commemorasset,
1281 832 1310 851 n.
1323 825 1350 858 4,
1365 825 1454 860 primi
1470 825 1602 860 parentis
1619 825 1735 861 lapsum
1748 826 1825 862 ejus-

995 877 1052 904 que
1063 869 1241 905 ejectionem
1254 871 1593 905 exparadiso,continuo
1607 871 1735 907 subjicit.
1746 881 1774 899 n.
1790 873 1823 898 :

995 924 1008 939 ‹‹
1015 914 1090 946 Quid
1097 914 1552 952 igitur,dixeritaliquis,decepti
1560 916 1826 952 perivimus;nulla-

991 970 1005 984 «
1013 967 1050 986 ne
1057 959 1198 995 deinceps
1205 959 1478 988 salus?Cecidimus
1487 970 1493 995 ;
1503 970 1574 989 num
1582 970 1642 989 non
1649 962 1820 990 licetresur-

991 1015 1004 1029 ι(
1012 1004 1248 1040 gere?Excaecati
1256 1013 1358 1032 sumus
1369 1005 1427 1038 ;fas
1435 1014 1494 1033 non
1505 1009 1549 1034 est
1558 1007 1652 1034 visum
1661 1015 1805 1043 recupera
1813 1023 1821 1027 -

992 1058 1044 1076 «re
1051 1049 1171 1077 ?Claudi
1180 1058 1282 1077 sumus
1289 1051 1386 1078 etl‘ecti
1397 1060 1402 1084 ;
1411 1059 1477 1086 spes
1485 1059 1544 1078 non
1555 1054 1599 1079 est
1605 1052 1766 1087 aliquando
1774 1060 1822 1079 re-

991 1094 1259 1122 cteincedendi‘nn
1272 1103 1388 1123 summa
1400 1095 1507 1128 dicam,
1517 1097 1626 1124 mortui
1634 1105 1736 1124 sumus
1745 1106 1751 1130 ;
1760 1105 1822 1124 non

992 1151 1006 1165 «
1015 1139 1334 1175 licetutresurgamus‘?
1342 1151 1355 1164 ››
1363 1141 1482 1168 Fatetur
1488 1141 1541 1168 hos
1550 1150 1654 1169 omnes
1661 1142 1749 1177 primi
1757 1150 1824 1177 pec-

993 1185 1050 1212 cati
1067 1185 1199 1218 eﬂ‘ectus,
1216 1187 1333 1212 tantum
1349 1188 1436 1222 negat
1464 1186 1682 1214 immedicabile
1711 1187 1824 1214 malum

994 1237 1068 1257 esse.
1079 1229 1144 1256 Alio
1154 1229 1184 1256 in
1197 1229 1262 1257 loco
1272 1238 1376 1258 omnes
1387 1230 1417 1257 in
1434 1231 1546 1258 mundo
1559 1231 1696 1259 homines
1713 1240 1825 1268 reprcu-

995 1277 1102 1307 sentat,
1119 1274 1161 1301 uti
1177 1275 1306 1309 peccatis
1321 1278 1466 1310 mortuos,
1481 1276 1656 1312 ignorantiae
1672 1276 1750 1304 fame
1774 1285 1828 1312 per

994 1319 1167 1346 universum
1179 1319 1282 1347 orbem
1292 1320 1487 1353 tabescentes,
1496 1324 1686 1356 peccatorum
1699 1321 1825 1349 vinculis

995 1364 1182 1397 constrictos,
1192 1368 1311 1400 peccato
1319 1365 1466 1392 dotentos.
1476 1366 1629 1394 Catechesi
1637 1366 1774 1394 videlicet
1782 1367 1813 1393 13
1820 1387 1827 1394 .

995 1418 1025 1437 n.
1044 1411 1055 1436 i
1070 1417 1076 1436 :
1090 1408 1124 1436 Ti
1139 1407 1167 1435 δὲ
1183 1409 1251 1446 πρὸς
1265 1408 1328 1439 τοὺς
1344 1408 1370 1436 ἐν
1385 1411 1419 1446 τῇ
1435 1409 1583 1447 οἰκουμένῃ
1598 1413 1657 1442 ταῖς
1682 1410 1828 1450 ἁμαρτίαις

995 1452 1212 1490 νενεκρωμένοος
1229 1462 1236 1487 ;
1252 1453 1315 1485 τοὺς
1329 1453 1520 1489 λεμώσσοντοις
1540 1454 1566 1482 ἐν
1596 1455 1718 1493 ἀγνωσῖᾳ
1748 1468 1826 1485 κατι-

996 1499 1085 1533 τιάσην
1102 1498 1151 1532 τήν
1168 1497 1333 1534 οἶχουμένην
1352 1508 1395 1533 ;.,.
1412 1500 1445 1527 Tt
1462 1500 1530 1537 πρὸς
1547 1501 1622 1537 ἡμᾶς
1637 1500 1749 1537 πάντας,
1765 1503 1829 1535 τοὺς

997 1545 1056 1574 ταῖς
1078 1545 1181 1581 σειραῖς
1212 1545 1267 1570 τῶν
1292 1544 1433 1581 ἁμαρτιῶν
1463 1546 1544 1581 ἡμῶν
1572 1545 1827 1584 καταδεδεμένους;

1002 1591 1053 1617 Nos
1064 1597 1162 1617 ommes
1170 1589 1211 1616 ait
1221 1592 1411 1625 peccatorum
1427 1593 1596 1619 nostrorum
1612 1592 1739 1621 vinculis
1753 1602 1827 1621 con-

1000 1635 1119 1662 strictos
1133 1642 1138 1661 :
1151 1634 1230 1670 quod
1244 1634 1352 1661 iterum
1364 1635 1482 1670 repetit,
1493 1638 1524 1663 ut
1536 1637 1688 1665 neminem
1705 1647 1827 1674 prorsus

999 1678 1137 1707 excludat
1146 1688 1153 1712 ;
1163 1678 1205 1706 ait
1214 1679 1294 1706 enim
1304 1679 1453 1707 Christum
1465 1681 1648 1716 expedivisse
1656 1691 1759 1711 omnes
1772 1685 1825 1712 sub

998 1726 1120 1761 peccato
1136 1723 1282 1758 detentos,
1308 1727 1338 1751 et
1352 1724 1525 1753 universum
1540 1727 1686 1755 mundum
1710 1728 1825 1765 [CLXX]

998 1769 1165 1802 hominum,
1174 1777 1226 1796 seu
1236 1769 1391 1796 universos
1403 1769 1540 1798 homines
1549 1771 1579 1798 in
1594 1772 1706 1800 mundo
1718 1773 1826 1810 degen-

999 1816 1043 1841 tes
1058 1813 1239 1841 liberavisse.
1259 1825 1273 1839 »
1285 1812 1386 1841 Ἑλυσε
1401 1813 1503 1846 πάντας
1518 1814 1582 1846 τοὺς
1599 1815 1650 1843 ὑπὸ
1674 1819 1724 1851 τῆς
1739 1817 1829 1854 ἁμαρ-

996 1857 1056 1889 τίας
1070 1857 1282 1894 κατεχομένους,
1298 1857 1343 1884 καὶ
1358 1857 1460 1894 κόσμον
1488 1857 1553 1886 ὅλον
1580 1860 1731 1895 ἀνθρώπων
1759 1860 1826 1888 ἐλυ-

998 1903 1233 1940 ρώσατοἚειιθοι·
1248 1903 1296 1930 hic
1320 1903 1510 1939 potissimum
1536 1906 1665 1934 actualia
1690 1910 1719 1934 et
1741 1916 1826 1935 com-

998 1949 1150 1977 missionis
1166 1951 1287 1984 peccata
1302 1949 1419 1984 respici.
1438 1950 1478 1977 Ne
1493 1953 1593 1978 autem
1610 1952 1769 1988 quisquam
1791 1963 1825 1981 ex

997 1995 1085 2023 ruina
1100 2002 1188 2030 quam
1205 1995 1340 2030 deplorat
1351 1995 1456 2023 ductor
1466 1996 1640 2032 excipiatur,
1653 1998 1824 2027 universum

999 2049 1076 2074 stupe
1092 2049 1184 2072 genus
1202 2040 1325 2075 periisse
1342 2040 1421 2067 dicit.
1441 2041 1501 2068 Cat.
1523 2043 1564 2074 1'2,
1583 2051 1612 2069 n.
1630 2045 1654 2076 Et,
1674 2044 1823 2071 diabolum

999 2085 1116 2112 exhibet
1133 2088 1199 2120 post
1213 2085 1316 2112 Adami
1332 2086 1448 2121 lapsum
1466 2087 1579 2114 homini
1600 2088 1714 2124 dejecto
1731 2090 1824 2117 insul-

1000 2133 1122 2163 tantem,
1140 2130 1302 2166 Ἰίζπὲχαιρεν
1327 2130 1340 2156 ὁ
1372 2129 1470 2167 ἐχθρὸς
1484 2130 1638 2159 πεπτωκότι
1668 2135 1706 2168 τῷ
1723 2140 1824 2172 φῦσιν.)-

999 2174 1079 2205 οέντγ
1099 2176 1175 2210 quod
1193 2183 1229 2202 ne
1245 2176 1279 2202 de
1295 2175 1356 2202 solo
1374 2176 1485 2203 Artamo
1499 2177 1691 2214 intelligatur,
1703 2180 1825 2215 subjun-

998 2220 1048 2254 git,
1066 2228 1185 2254 mquum
1202 2229 1261 2246 non
1277 2220 1379 2251 fuisse,
1397 2224 1427 2247 ut
1442 2221 1562 2249 homine
1576 2223 1604 2249 in
1617 2223 1671 2251 hac
1682 2225 1828 2252 ruinadru

999 2264 1113 2295 relicto,
1126 2264 1261 2291 diabolus
1278 2264 1381 2291 eadem
1399 2274 1517 2300 semper
1533 2268 1660 2302 gannit-re
1673 2270 1826 2304 permitto-

122 2309 196 2337 salus
209 2312 316 2337 nostra
331 2308 481 2336 consistat.
503 2308 559 2335 Sed
589 2308 668 2343 quod
694 2309 855 2344 Augustino
886 2309 940 2343 ipsi

999 2311 1089 2335 retur.
1105 2311 1172 2344 Ἀρα
1188 2305 1307 2334 ἐϐούλου
1326 2319 1411 2344 μενειν
1425 2310 1556 2347 χαίροντα
1572 2311 1616 2337 τὸν
1636 2311 1733 2350 ὲγθρόν
1752 2323 1757 2347 ;
1772 2316 1825 2342 Ea-

124 2353 258 2382 adversus
274 2353 451 2381 Mauichaaos
466 2353 640 2389 disputanti,
658 2353 736 2380 idem
751 2353 858 2388 Cyrillo
877 2362 942 2380 eos-

122 2398 182 2426 dem
198 2398 385 2426 adversarios
396 2398 577 2434 oppugnanti
594 2398 727 2434 contigit,
744 2401 777 2425 ut
797 2399 943 2426 nonnulla

119 2447 219 2472 contra
229 2443 399 2472 doctrinam
411 2443 563 2479 originalis
575 2444 687 2479 peccati
700 2444 839 2471 effudisse
852 2444 946 2471 vidca-

120 2491 173 2517 tur.
186 2491 355 2524 Antequam
368 2497 416 2515 eas
428 2488 618 2515 difﬁcultates
635 2488 841 2521 discutiamus,
854 2491 945 2516 totum

119 2534 181 2569 ejus
195 2535 232 2562 de
242 2535 298 2562 hoc
310 2536 485 2569 argumento
498 2533 664 2561 doctrinam
677 2538 892 2569 reprznsenlaro
902 2535 948 2568 ju-

120 2582 172 2606 vat.
190 2579 273 2612 Quod
290 2587 325 2607 ea
337 2579 372 2606 de
387 2587 417 2605 rc
432 2578 668 2613 docctEcclcsia,
682 2579 755 2606 illud
771 2582 825 2611 est,
842 2588 947 2606 omnes

119 2623 253 2652 homines
269 2624 352 2652 nasci
366 2623 466 2659 quoad
478 2623 584 2650 animm
596 2624 684 2651 vitam
697 2627 839 2657 mortuos,
852 2627 881 2651 et
896 2634 949 2651 no-

119 2676 156 2696 voa
185 2669 324 2698 nativitas
359 2671 502 2705 egentes;
532 2669 590 2695 Deo
624 2672 747 2704 propter
783 2672 948 2704 peccatum,

120 2721 207 2742 unam
223 2715 331 2742 divinae
347 2714 400 2741 ira:
416 2721 549 2747 causam,
566 2721 670 2740 exosos
687 2717 715 2740 et
737 2714 873 2741 inimicos
893 2724 899 2747 ς
917 2724 949 2742 ac

121 2761 342 2788 reconciliatore
354 2767 390 2787 ac
401 2758 563 2785 liberatore
575 2766 649 2794 opus
660 2758 803 2786 habentes
813 2768 819 2791 ;
830 2759 883 2786 sub
892 2760 950 2787 (tia-

124 2802 180 2832 boli
195 2807 343 2842 potestate
360 2805 452 2838 atque
469 2802 595 2837 imperio
612 2802 771 2839 degentes;
799 2804 912 2831 alienos
936 2814 952 2832 a

120 2849 217 2887 salute,
236 2855 267 2880 et
289 2851 352 2879 nisi
367 2847 513 2884 baptismi
529 2848 694 2876 remedium
710 2853 872 2883 succurrat,
888 2851 952 2877 vitae

1002 2354 1069 2381 dem
1086 2355 1209 2386 cutech.,
1229 2363 1309 2381 num.
1330 2357 1370 2387 iii,
1387 2356 1558 2383 universum
1570 2357 1724 2386 hominum
1735 2369 1828 2395 genus

1004 2403 1121 2434 peccato
1149 2399 1310 2433 obligatum
1339 2400 1420 2432 dicit,
1447 2401 1463 2434 ἡ
1493 2401 1670 2437 ἀνθρωπότης
1700 2404 1827 2440 ἀμαρτω-

1003 2443 1061 2474 λύς,
1079 2445 1220 2478 pecmzlrid:
1236 2444 1404 2471 hlunanilas.
1422 2446 1579 2472 Peccatum
1595 2446 1676 2481 dicit,
1693 2455 1775 2475 num.
1802 2452 1828 2481 Τ,

1003 2489 1281 2515 171tLt'l/Ilfllllllllllldllt
1305 2490 1409 2523 generis
1442 2490 1548 2521 rulnus,
1583 2491 1709 2526 μέγιστον
1740 2492 1772 2525 ἦν
1800 2494 1829 2519 τὸ

1002 2535 1142 2570 τραῦμα...
1170 2533 1203 2559 τὰ
1231 2536 1281 2566 τῆς
1312 2532 1522 2569 ἐπι-[Οβίυπότητος
1551 2534 1702 2570 τραύματα.
1733 2539 1830 2566 (ἐι-ηιμ.

1005 2582 1137 2605 nostrum
1157 2579 1184 2605 in
1203 2578 1353 2604 interitum
1372 2581 1535 2605 extremum
1552 2580 1653 2607 nim-ns
1675 2591 1691 2608 ξι
1717 2583 1831 2611 Christo

1005 2632 1064 2650 non
1081 2623 1253 2658 ti(‘>}>t‘.ctlllll
1270 2626 1357 2657 atque
1375 2623 1496 2658 insuper
1513 2625 1645 2652 habitum
1658 2628 1832 2662 gratulatur,

1007 2677 1122 2695 numer.
1142 2670 1167 2695 8.
1186 2667 1238 2703 οὐχ
1258 2667 1395 2703 ὑπερεῖδεν
1411 2668 1443 2694 τὸ
1468 2668 1542 2705 γένης
1572 2671 1651 2706 ἡμῶν
1674 2671 1834 2709 ἀπολλύμε-

1005 2725 1060 2742 νον,
1080 2715 1205 2741 Vulnera
1222 2722 1309 2749 porro
1328 2714 1449 2741 humani
1468 2717 1584 2749 generis
1602 2718 1675 2744 nihil
1692 2719 1770 2747 aliud
1785 2728 1836 2754 po—

1008 2760 1156 2787 tissimum
1173 2762 1241 2785 sunt.
1259 2761 1364 2793 printer
1380 2764 1544 2795 peccatum.
1563 2763 1642 2797 quod
1659 2763 1730 2791 satis
1742 2764 1772 2791 in
1788 2773 1835 2792 su-

1008 2804 1174 2840 pel‘iOI‘iblls
1201 2804 1379 2831 testimoniis
1397 2806 1562 2841 expressit;
1580 2815 1613 2833 ac
1629 2807 1751 2836 definite
1772 2818 1841 2844 pro-

1014 2850 1131 2878 nuntiat
1147 2854 1202 2876 cat.
1220 2850 1246 2881 2,
1264 2857 1293 2875 ιι.
1312 2851 1337 2882 1,
1357 2858 1415 2885 qua
1426 2850 1467 2877 ait
1483 2860 1488 2877 :
1503 2852 1571 2878 Dira
1584 2859 1625 2878 rrs
1638 2856 1676 2879 est
1688 2856 1842 2887 peccatum,
