4024 6400
395 331 512 390 207

1681 323 1784 383 DE
1830 321 2011 383 VlTA
2057 323 2122 384 S.
2169 321 2510 383 CYBILLI.

3713 332 3818 393 208

394 471 445 512 et
475 463 703 511 morbus
733 465 943 510 anima:
972 458 1381 514 atrocissimus,
1411 456 1718 521 iniquitas;
1765 471 1890 520 quos
1919 456 2052 519 gui-
2081 459 2136 527 Α
2169 463 2246 504 tes
2279 455 2338 504 in
2369 458 2570 518 fugam
2601 464 2754 519 agat.
2795 457 2892 512 Es
2949 457 3339 513 cmremonia
3401 462 3524 515 tam
3581 464 3820 532 parvulis

395 553 518 601 dem
547 560 599 600 et
619 565 814 599 nervos
850 549 1017 598 illius
1045 547 1302 610 succidit,
1335 556 1386 595 et
1415 555 1691 596 mternum
1733 545 1921 608 ignem
1944 544 2059 606 ipsi

399 643 682 694 conciliat.

471 740 558 792 39.
595 734 889 803 Secundo,
925 738 1037 790 cat.
1090 732 1175 799 13,
1203 750 1262 788 ιι.
1299 734 1388 799 33,
1421 731 1744 787 universim
1792 746 2058 802 pronun-

399 833 509 883 tiat
537 842 745 882 omnes
801 824 1076 880 homines
1122 823 1401 878 inimicos
1451 821 1570 877 Deo
1601 821 1785 876 fuisse
1818 825 2060 892 propter

400 921 799 990 peccatum,et
830 914 1050 970 idcirco
1084 913 1260 969 morti
1285 929 1317 968 a
1350 913 1467 966 Deo
1498 910 1786 966 addictos.
1832 905 2057 981 'ElOpoi

400 1007 542 1079 ἦμεν
576 1009 708 1060 Θεοῦ
742 1001 813 1060 δι’
853 1004 1145 1078 ἁμαρτίας,
1177 1001 1270 1057 καὶ
1303 1002 1495 1078 ὥρισεν
1531 1001 1558 1054 ὁ
1592 999 1719 1061 Θεὸς
1759 999 1851 1053 τὸν
1882 999 2059 1071 ἁμαρ-

401 1097 634 1152 τάνοντα
660 1094 1047 1165 ἆπυθνήσκειν.
1081 1096 1227 1151 Cum
1261 1095 1438 1166 igitur
1470 1091 1671 1147 nullus
1698 1107 1732 1146 a
1771 1095 1960 1146 morte
1985 1089 2062 1145 sit

408 1186 967 1256 immunis,nullum
1000 1201 1238 1257 quoque
1269 1200 1302 1239 a
1332 1189 1572 1256 peccato
1606 1182 1903 1236 insontem
1937 1180 2062 1235 exi-

403 1279 682 1333 stimavit.
718 1275 940 1342 Quaerit
967 1274 1182 1330 deinde
1215 1273 1357 1345 quid
1391 1274 1506 1328 Deo
1538 1268 1880 1326 faciendum
1912 1273 2058 1336 erat;

405 1383 501 1434 an,
535 1370 602 1422 ut
630 1364 852 1420 decreti
882 1364 971 1418 sui
999 1362 1338 1418 ﬁrmitatem
1373 1365 1652 1427 servaret,
1695 1374 1904 1414 omnes
1955 1357 2063 1412 ho-

404 1455 597 1511 mines
627 1454 898 1509 funditus
945 1452 1231 1508 tolleret?
1261 1451 1333 1506 Ἦ
1374 1447 1714 1519 ἀληθεύοντα
1763 1445 1891 1501 Θεὸν
1925 1442 2063 1500 stiv-

399 1563 493 1606 τας
536 1541 741 1598 ἀνελεῖν
775 1563 789 1612 ;
821 1561 898 1600 an
929 1542 1296 1615 benignitate
1328 1557 1434 1596 sua
1484 1538 1843 1595 sententiam
1891 1555 2060 1593 com-

403 1635 704 1691 mutaret?
735 1634 829 1688 Ait
859 1649 996 1688 eum
1037 1631 1333 1686 invenisse
1383 1630 1559 1697 viam,
1595 1646 1732 1701 qua,
1785 1633 2063 1684 manente

402 1725 612 1780 mortis
635 1723 954 1791 sententia,
979 1721 1253 1777 homines
1278 1720 1421 1776 salvi
1457 1719 1838 1774 efﬁcerentur
1861 1736 1874 1772 :
1899 1718 2064 1774 Chri-

405 1820 561 1870 stum
592 1828 806 1883 nempe
839 1811 1064 1884 peccati
1094 1809 1748 1882 supplicium,mortem
1780 1808 2065 1864 nimirum

403 1906 469 1961 in
494 1921 553 1960 se
585 1904 932 1976 sumpsisse,
988 1907 1234 1973 tumque
1276 1905 1518 1973 propter
1566 1899 2062 1971 superabundan-

409 2003 550 2062 tem,
587 2000 645 2050 et
674 1993 931 2066 peccatis
963 1992 1276 2046 hominum
1309 1990 1598 2062 majorem
1632 1989 2059 2061 suijustitiam,

407 2088 594 2142 Deum
626 2082 969 2152 placavisse.
1018 2069 1102 2136 En
1134 2097 1342 2135 omnes
1375 2080 1652 2135 homines
1705 2079 1921 2134 Christi
1953 2095 2060 2150 pro

407 2175 665 2250 peccatis
697 2173 1008 2229 hominum
1026 2171 1340 2226 morientis
1382 2169 1674 2224 beneﬁcio
1705 2168 2061 2224 reconcilia-

408 2263 931 2334 tos.Nonloquitur
944 2262 1040 2316 hic
1055 2261 1125 2316 de
1140 2266 1327 2316 morte
1344 2260 1630 2332 corporis,
1656 2275 1773 2329 qua
1794 2259 2061 2314 Christus

403 2356 709 2412 neminem
739 2352 1031 2418 liberavit,
1066 2351 1169 2406 sed
1201 2351 1272 2405 de
1306 2356 1495 2405 morte
1553 2348 1818 2403 extrema
1875 2354 1932 2403 et
1961 2365 2063 2418 ge-

402 2449 616 2502 hennae
649 2443 978 2515 suppliciis.
1012 2442 1229 2506 Tertio,
1253 2441 1554 2495 Christum
1577 2456 1788 2494 omnes
1817 2456 2061 2511 prorsus

402 2536 676 2592 homines
707 2533 1051 2589 liberavisse
1079 2537 1138 2587 et
1167 2531 1494 2587 redemisse
1519 2535 1802 2585 constans
1836 2536 1925 2585 est
1954 2531 2060 2601 Cy-

400 2626 523 2681 rilli
555 2624 872 2680 sententia.
905 2623 1027 2677 Cat.
1074 2622 1160 2689 13,
1212 2638 1272 2676 n.
1313 2623 1361 2689 1,
1400 2620 1735 2668 Universum
1765 2618 2061 2668 hominum

402 2715 683 2764 mundum
712 2712 983 2771 redemit;
1015 2728 1073 2766 ιι.
1107 2713 1158 2778 4,
1219 2711 1434 2760 Passus
1482 2719 1562 2758 est
1595 2710 1764 2758 Jesus
1811 2725 1934 2757 vere
1954 2724 2062 2771 pro

402 2805 667 2855 omnibus
696 2802 1061 2862 hominibus,-
1092 2818 1259 2858 num,
1292 2804 1345 2869 6,
1379 2801 1557 2857 Nosti,
1590 2797 1948 2863 quamobrem
1977 2798 2064 2848 be-

404 2897 622 2959 πίθηκε
655 2893 933 2944 Dominus
962 2900 1196 2940 mortem
1214 2906 1324 2940 non
1340 2891 1672 2940 declinari"
1712 2891 1777 2939 Ut
1801 2905 1870 2940 ne
1898 2897 2063 2947 totus,

404 2987 520 3054 νει,
551 2994 610 3034 tn
644 2993 821 3034 totum
844 2983 1089 3045 peccatis
1113 2983 1373 3032 interiret
1395 2981 1663 3030 mundus.
1686 2983 1803 3037 Ἵνα
1829 2981 1904 3054 μὴ
1931 2979 2063 3042 ὅλος

405 3077 532 3148 (alii
565 3075 702 3130 libri
729 3072 900 3144 ὅλως)
952 3075 1073 3132 ταῖς
1107 3069 1400 3144 ἁμαρτίαις
1436 3067 1712 3141 ἀπόληται
1773 3071 1800 3124 ὁ
1857 3068 2064 3144 κόσμος

405 3169 494 3222 En
524 3165 823 3220 Christum
850 3167 907 3218 et
932 3179 1036 3234 pro
1055 3159 1331 3216 omnibus
1355 3166 1678 3230 mortuum,
1705 3167 1761 3216 et
1787 3178 1891 3233 pro
1925 3178 2064 3232 pec-

406 3257 553 3312 catis
584 3254 777 3310 solum
831 3255 1171 3317 mortuum;
1217 3267 1425 3306 omnes
1470 3250 1649 3324 igitur
1676 3257 1919 3323 peccato
1953 3249 2056 3306 ob-
2093 3223 2136 3291 θ

403 3343 584 3400 noxii.
622 3341 902 3415 Ejusdem
946 3339 1273 3396 catechesis
1316 3357 1480 3398 num.
1515 3344 1548 3394 2
1575 3341 1738 3409 dicit,
1795 3341 2054 3414 primum

404 3434 709 3490 hominem
745 3430 1140 3486 universalem
1172 3435 1426 3486 mortem
1458 3431 1750 3498 attulisse,
1787 3431 1814 3483 ὁ
1845 3428 2056 3504 πρωτό-

403 3520 647 3583 πλαστος
692 3519 915 3595 ἤνεγκεν
991 3518 1370 3590 οἱκουμενικὸν
1450 3517 1696 3574 θάνατον’
1757 3521 2054 3576 Christum

403 3631 540 3670 vero
572 3630 708 3669 cum
739 3628 868 3667 sese
899 3611 960 3667 in
999 3611 1257 3683 pretium
1288 3627 1392 3683 pro
1415 3611 1761 3666 hominibus
1780 3610 2054 3666 tradidis-

406 3709 516 3773 set,
550 3701 736 3757 ἑαυτὸν
780 3697 1096 3774 ἀντίλυτρον
1159 3695 1454 3768 παραδούς,
1490 3702 1591 3757 Dei
1649 3702 1799 3757 iram
1830 3700 2055 3756 dissol-

408 3795 739 3851 visse.Mors
761 3792 887 3847 haec
908 3789 1265 3846 universalis
1289 3807 1408 3846 non
1436 3797 1525 3847 est
1546 3790 1732 3847 solius
1745 3791 2011 3863 corporis
2042 3808 2055 3846 :

408 3885 711 3941 neminem
743 3882 904 3937 enim
936 3881 1007 3936 ab
1039 3897 1110 3936 ea
1136 3880 1411 3936 liberavit
1440 3881 1707 3936 Christus
1733 3897 1745 3936 :
1779 3898 1940 3936 mors
1973 3886 2062 3936 est

408 3975 590 4030 totius
618 3973 905 4038 hominis,
939 3987 1097 4025 mors
1143 3970 1366 4042 absque
1398 3971 1523 4026 ulla
1580 3990 1705 4044 spe,
1737 3990 1856 4044 qua
1884 3975 2061 4028 homo

405 4062 678 4118 funditus
707 4060 962 4132 [CLXXI]
1005 4060 1228 4114 interit.
1264 4061 1414 4115 Mors
1457 4077 1563 4132 per
1602 4062 1752 4117 iram
1794 4062 1897 4118 Dei
1930 4079 2064 4134 pro-

408 4157 542 4224 pter
572 4153 882 4223 peccatum
915 4147 1164 4214 inﬂicta,
1205 4153 1270 4203 ut
1300 4148 1362 4204 in
1409 4150 1670 4205 secundo
1717 4158 2066 4226 argumento

410 4239 871 4296 observavimus.

478 4333 569 4386 40.
603 4331 844 4395 Quarto,
907 4325 1182 4381 homines
1241 4343 1450 4383 omnes
1508 4334 1645 4384 ante
1703 4330 2069 4404 baptismum

411 4420 520 4477 sub
552 4421 784 4475 Satanas
816 4420 1111 4488 potestate
1145 4433 1296 4484 esse,
1332 4417 1603 4475 doctrina
1641 4427 1732 4477 est
1763 4423 1943 4479 totius
1974 4426 2075 4479 Ec-

412 4509 631 4576 clesiae,
666 4504 1034 4573 exorcismis,
1070 4505 1598 4575 insufﬂationibus,
1616 4511 1866 4584 aliisque
1889 4529 2072 4570 caere-

2161 563 2341 617 quam
2364 546 2692 618 majoribus
2715 545 3178 603 adhibebantur.
3210 550 3291 603 At
3325 549 3590 620 Cyrillus
3610 552 3821 611 nullum

2161 636 2345 692 alium
2365 636 2675 692 exorcismi
2689 637 3059 692 etunctionis
3084 638 3376 694 eﬁ‘ectum
3391 651 3819 712 commemorat,

2163 743 2342 798 quam
2372 731 2438 782 ut
2462 731 2705 798 peccata
2733 734 3151 800 purgarentur,
3171 727 3685 804 abigerenturque
3717 734 3816 790 daa-

2165 834 2374 873 mones
2401 835 2414 883 ;
2439 817 2647 873 eadem
2679 823 2817 885 cat.,
2841 835 2900 873 n.
2934 822 2987 884 2,
3022 819 3105 874 ait
3134 819 3528 876 auditoribus
3550 823 3818 892 suis,ante

2167 923 2371 962 eorum
2404 906 2766 979 baptismum
2812 908 2872 963 in
2906 925 3114 965 eorum
3159 908 3466 964 membris
3514 910 3818 969 stabulasse

2163 997 2488 1053 daemones.
2521 999 2648 1059 Τοῖς
2676 995 2863 1068 μὲλεσι
2894 1001 3010 1058 τοῖς
3057 996 3356 1071 ὑμετέροις
3390 995 3718 1076 ἐνεφώλιυον
3767 1005 3813 1056 1i

2166 1085 2528 1158 αντικείμεναι
2562 1083 2838 1158 δυνάμεις.
2868 1091 2942 1142 At
2970 1088 3214 1142 nonnisi
3251 1106 3366 1160 per
3397 1096 3706 1161 peccatum
3735 1093 3816 1147 h0-

2166 1193 2262 1231 mo
2293 1193 2327 1232 a
2359 1177 2475 1232 Deo
2507 1176 2632 1232 suis
2666 1177 2924 1232 inimicis
2957 1177 3236 1246 deditur;
3270 1178 3336 1233 id
3379 1179 3681 1251 signiﬁcat
3723 1188 3814 1236 cat.

2165 1267 2220 1333 2,
2246 1283 2305 1322 n.
2332 1269 2417 1334 11,
2445 1267 2587 1322 dum
2635 1267 2914 1323 Davidem
2946 1267 3091 1323 dicit
3114 1285 3222 1323 sua
3245 1269 3682 1341 priusjustitia
3700 1288 3814 1342 pro-

2170 1363 2410 1428 tectum,
2443 1363 2576 1431 post
2596 1365 2904 1431 peccatum
2922 1361 3126 1416 hostes
3143 1360 3446 1416 habuisse
3468 1360 3546 1416 ad
3569 1362 3814 1418 invaden-

2168 1447 2310 1503 dum
2342 1465 2478 1504 eum
2509 1449 2889 1522 paratos,nisi
2925 1450 2982 1506 id
3012 1451 3377 1522 pmnitentia
3391 1453 3814 1517 antevertisset;

2169 1539 2476 1610 speciatim
2507 1555 2642 1595 vero
2675 1539 2950 1595 homines
2982 1557 3042 1595 se
3075 1539 3324 1596 diabolo
3349 1542 3599 1614 propria
3628 1541 3808 1597 volun-

2171 1633 2291 1684 tate
2323 1630 2699 1702 mancipasse
2759 1630 2940 1685 tradit
2995 1636 3108 1686 cat.
3161 1635 3212 1702 '7,
3251 1649 3428 1688 num.
3463 1635 3551 1688 12.
3611 1632 3815 1699 Quinto,

2169 1719 2475 1774 neminem
2504 1721 2681 1775 etiam
2714 1719 2887 1775 bonis
2919 1720 3199 1792 operibus
3224 1722 3602 1777 instructum
3624 1721 3815 1792 absque

2177 1809 2474 1882 baptismo
2505 1810 2682 1865 vitam
2713 1816 2999 1866 aeternam
3031 1817 3089 1866 et
3118 1828 3379 1884 regnum
3404 1812 3688 1868 cmlorum
3715 1811 3814 1866 adi-

2178 1899 2326 1971 pisci
2356 1899 2548 1966 docet,
2583 1900 2843 1972 exceptis
2876 1901 3237 1973 martyribus
3274 1903 3449 1971 solis,
3477 1903 3580 1974 qui
3611 1901 3813 1974 prOprio

2173 1989 2461 2062 sanguine
2493 1990 2883 2061 baptizantur.
2916 1991 3060 2045 Cum
3088 2008 3224 2046 vero
3259 1991 3530 2064 Cyrillus
3578 1991 3808 2047 medium

2172 2080 2406 2135 nullum
2438 2080 2593 2135 inter
2617 2081 2952 2152 gehennam
2972 2086 3031 2136 et
3053 2081 3347 2138 cmlorum
3373 2099 3624 2155 regnum
3650 2080 3808 2136 admi-

2172 2170 2315 2226 serit
2345 2169 2564 2241 locum,
2597 2170 2755 2242 quod
2804 2177 2967 2243 patet
2996 2189 3068 2227 ex
3097 2178 3211 2228 cat.
3250 2174 3304 2241 1,
3339 2191 3402 2228 ιι.
3437 2177 3491 2238 2,
3529 2173 3588 2228 in
3618 2189 3724 2244 qua
3748 2173 3803 2228 ad

2171 2259 2474 2316 sinistram
2506 2261 2678 2333 ponit
2707 2277 2843 2316 cum
2874 2261 3182 2317 haedorum
3215 2279 3397 2336 grege
3427 2282 3440 2331 ;
3475 2280 3678 2318 omnes
3722 2263 3803 2334 qui

2169 2350 2385 2407 lavacri
2415 2353 2884 2426 regenerationis
2913 2359 3187 2424 expertes
3219 2354 3711 2422 fuerint,necesse
3730 2356 3802 2408 est

2170 2447 2236 2496 ut
2265 2458 2366 2497 eos
2396 2442 2495 2513 qui
2528 2442 2823 2514 baptismo
2854 2442 3023 2498 nulla
3063 2461 3170 2500 sua
3213 2445 3400 2518 culpa
3449 2443 3695 2500 fraudati
3719 2441 3802 2496 de-

2171 2533 2482 2600 cesserint,
2512 2532 2782 2604 gehenne
2822 2532 3075 2588 addicat.
3128 2535 3313 2607 Atqui
3365 2535 3747 2590 exclusionem
3773 2548 3798 2585 ει

2171 2639 2354 2696 regno
2377 2622 3210 2690 coelorum,etdamnationem
3243 2625 3308 2680 in
3331 2626 3664 2698 gehennam
3683 2621 3798 2677 solis

2172 2717 2294 2772 illis
2327 2713 2596 2770 decernit
2624 2718 2736 2767 cat.
2776 2714 2860 2780 18,
2896 2730 2955 2767 ιι.
2989 2716 3079 2782 20,
3109 2719 3167 2768 et
3188 2719 3306 2770 cat.
3345 2717 3436 2785 15,
3469 2732 3528 2771 n.
3561 2715 3624 2768 23
3654 2719 3703 2767 et
3724 2712 3790 2772 2t,

2174 2808 2274 2881 qui
2306 2810 2686 2879 peccatorum
2718 2809 2890 2859 notas
2919 2805 2982 2860 in
3011 2806 3216 2862 anima
3239 2812 3302 2863 et
3332 2822 3582 2879 corpore
3603 2805 3658 2860 in
3672 2801 3792 2875 judi-

2173 2899 2264 2955 cio
2321 2895 2698 2969 gestaverint.
2756 2897 2958 2950 Restat
3013 2895 3217 2968 igitur,
3251 2903 3320 2954 ut
3360 2914 3570 2954 omnes
3593 2907 3797 2967 prorsus

2174 2988 2274 3060 qui
2308 2987 2435 3042 sine
2484 2984 2782 3056 baptismo
2838 2983 3156 3055 decedunt,
3189 3004 3268 3043 ex
3326 2987 3534 3062 Cyrilli
3565 2982 3794 3042 doctrina

2176 3081 2556 3148 peccatorum
2588 3073 2746 3129 notis
2777 3073 3074 3130 deformes
3106 3075 3250 3133 sint.

2244 3167 2333 3220 41.
2369 3165 2539 3220 Sexto
2567 3162 3125 3235 demum,baptismi
3158 3167 3416 3222 effectus
3439 3180 3588 3238 smpe
3608 3159 3797 3218 descri-

2173 3255 2280 3321 bit,
2316 3260 2374 3309 et
2395 3254 2456 3308 in
2487 3253 2764 3309 omnibus
2795 3252 2942 3308 locis
2964 3253 3083 3308 illis
3110 3257 3537 3313 remissionem
3565 3254 3794 3326 peccato-

2166 3361 2304 3400 rum
2335 3343 2426 3400 vel
2457 3348 2524 3398 ut
2553 3343 2770 3408 solum,
2802 3343 2894 3399 vel
2952 3349 3016 3399 ut
3046 3344 3316 3416 primum
3345 3363 3417 3402 ac
3474 3341 3786 3418 precipuum

2163 3434 2443 3506 baptismi
2460 3433 2710 3490 fructum
2737 3439 3024 3490 recenset.
3043 3435 3395 3492 Procatech.
3417 3423 3792 3494 num.16,mul-

2167 3531 2226 3580 ta
2251 3523 2518 3579 cumulat
2538 3523 2817 3595 baptismi
2839 3523 3084 3578 nomina
3113 3524 3201 3579 vel
3227 3526 3448 3600 elogia,
3475 3539 3596 3596 quae
3627 3511 3796 3573 omnia

2165 3630 2316 3686 pene
2349 3613 2761 3668 remissionem
2787 3618 3164 3684 peccatorum
3183 3617 3367 3672 unice
3392 3615 3623 3670 sonant:
3645 3607 3799 3671 «δειν-

2169 3725 2197 3752 ‹‹
2231 3703 2466 3770 tismus,
2491 3702 2705 3774 inquit,
2739 3702 2983 3774 captivis
3006 3703 3292 3775 pretium,
3328 3707 3685 3778 peccatorum
3721 3707 3796 3746 re-

2169 3814 2197 3844 ι(
2221 3791 2450 3859 missio,
2468 3807 2630 3846 mors
2651 3791 2899 3862 peccati,
2919 3792 3134 3847 animae
3158 3792 3554 3866 regeneratio,
3583 3783 3796 3842 lumino-

2173 3903 2199 3935 ι
2221 3899 2351 3938 sum
2369 3879 3193 3953 indumentum,signaculum
3210 3890 3491 3940 sanctum
3523 3869 3793 3935 indissolu-

2176 3994 2204 4024 ς(
2237 3971 2378 4039 bile,
2411 3971 2748 4028 vehiculum
2765 3970 2838 4026 ad
2854 3972 3090 4039 coelum,
3115 3974 3386 4044 paradisi
3405 3970 3645 4032 deliciae,
3665 3953 3796 4031 regni

2177 4089 2203 4115 «
2228 4063 2537 4119 obtinendi
2551 4063 3092 4135 causa,adoptionis
3106 4063 3359 4121 donum.
3379 4051 3798 4130 iiQuatuorprio-

2181 4176 2276 4214 res
2293 4157 2728 4230 appellationes
2741 4156 2814 4212 ad
2829 4157 3245 4214 remissionem
3265 4162 3638 4231 peccatorum
3654 4146 3801 4201 direc-

2182 4255 2237 4304 te
2253 4248 2573 4321 pertinent.
2599 4245 2819 4302 Eodem
2836 4247 3015 4302 etiam
3029 4252 3276 4303 caateras
3303 4253 3566 4320 spectare
3590 4235 3738 4294 facile
3750 4244 3802 4321 et

2181 4319 2384 4410 Cy—rilli
2403 4335 2989 4407 doctrinaprobatur.
3018 4319 3358 4408 Baptismug
3382 4333 3732 4391 indumentum
3745 4319 3804 4410 est

2187 4426 2676 4495 luminosum,novi
2693 4426 2976 4480 nimirum
2992 4425 3252 4482 hominis
3267 4424 3614 4490 induti,loco
3629 4405 3803 4468 veteris

2189 4517 2517 4572 secundum
2551 4515 2768 4570 erroris
2803 4514 3100 4570 desideria
3127 4517 3418 4588 corrupti,
3466 4513 3527 4568 in
3559 4495 3800 4582 [CLXXII]

412 4596 882 4668 moniis,quibus
913 4594 1152 4650 daemon
1187 4613 1217 4652 e
1249 4596 1617 4670 baptizandis
1636 4603 1840 4659 anima
1870 4609 1929 4660 et
1960 4623 2078 4662 cor-
2117 4604 2157 4668 D
2191 4624 2309 4679 quo
2337 4605 2717 4660 stabulabant
2745 4621 2812 4659 ac
2844 4604 3272 4660 nidulabantur
3301 4604 3557 4661 inimicae
3580 4593 3800 4679 potesta-

413 4705 556 4763 pore
591 4687 868 4760 abigitur,
904 4689 1140 4740 testata.
1179 4688 1364 4744 Nemo
1397 4689 1610 4747 harum
1660 4710 1904 4764 precum
1938 4697 2084 4752 eﬁ‘e-

416 4783 547 4833 ctus
576 4775 796 4849 Cyrillo
823 4773 1110 4830 disertius
1135 4779 1446 4848 expressit.
1473 4783 1702 4838 Procat.
1745 4801 1802 4838 n.
1825 4787 1879 4853 9,
1912 4802 2084 4841 exor—

418 4869 589 4926 cismi
624 4865 971 4923 describens
1001 4870 1384 4936 potestatem,
1418 4869 1556 4926 dum
1591 4872 1767 4928 homo
1803 4877 2091 4933 exorciza-

418 4964 516 5014 tur
541 4976 555 5014 :
587 4957 779 5020 Fugit,
814 4957 1030 5029 inquit,
1065 4957 1329 5008 inimicus
1351 4959 1586 5018 daemon,
1613 4970 1664 5010 et
1683 4964 1882 5013 anima
1905 4981 2090 5028 αρέσ-

419 5048 558 5096 catis
588 5056 898 5111 repurgata
927 5053 1175 5100 salutem
1207 5051 1602 5113 consequitur;
1641 5058 1700 5107 et
1729 5071 1910 5125 supra
1940 5056 2089 5112 deﬁ-

419 5137 530 5191 nit,
562 5135 772 5199 absque
803 5141 1136 5190 exorsis-mis
1167 5141 1424 5190 animam
1482 5142 1728 5205 purgari
1774 5159 1885 5192 non
1905 5160 2085 5207 posse.

420 5223 586 5278 Idem
617 5222 689 5278 de
722 5224 853 5280 oleo
881 5230 1228 5296 exorcizato,
1255 5247 1370 5302 quo
1389 5229 2086 5307 baptizandipriusquam

423 5317 913 5387 demergerentur
964 5319 1026 5376 in
1080 5322 1331 5389 fontem,
1363 5327 1485 5379 toto
1536 5340 1785 5396 corpore
1835 5326 2086 5401 inunge-

422 5405 666 5468 bantur,
700 5405 784 5459 ait
814 5411 926 5460 cat.
962 5410 1050 5478 20,
1083 5427 1142 5465 ιι,
1179 5413 1248 5466 3;
1285 5410 1480 5460 Oleum
1532 5411 1630 5462 hoc
1683 5414 2086 5478 exorcizatum,

428 5508 534 5555 per
588 5494 992 5544 invocationem
1061 5499 1166 5548 Dei
1221 5509 1269 5547 et
1315 5501 1644 5551 orationem.
1697 5512 1912 5554 tantam
1972 5509 2086 5559 vini

422 5585 682 5642 assumit,
718 5593 781 5633 ut
812 5600 923 5634 non
954 5589 1139 5639 solum
1198 5592 1410 5641 urendo
1473 5594 1707 5657 vestigia
1732 5606 2086 5658 peccatorum

425 5685 717 5740 expurget,
779 5676 876 5726 sed
923 5686 976 5728 et
1021 5695 1212 5731 omnes
1269 5683 1586 5735 invisibiles
1648 5688 1791 5738 mali
1841 5699 2087 5753 potesta-

2198 4674 2307 4764 tes,
2329 4703 2440 4752 cat.
2478 4699 2567 4763 20,
2601 4713 2657 4751 n.
2679 4697 3099 4765 2,5:‘gnaculum
3128 4704 3381 4752 sanctum
3402 4700 3506 4758 est;
3539 4682 3680 4760 quod
3703 4674 3800 4733 ovi-

2197 4790 2307 4844 bus
2339 4787 2412 4842 ad
2443 4787 2743 4843 dexteram
2778 4787 2837 4841 in
2887 4786 3116 4858 judicio
3149 4786 3430 4842 sistendis
3475 4771 3800 4858 conceditur,

2199 4889 2266 4939 ut
2291 4899 2372 4937 ea:
2404 4880 2476 4936 ab
2505 4878 2694 4934 haedis
2724 4855 3102 4951 peccatorum
3150 4879 3469 4950 asperitate
3513 4862 3716 4925 villosis
3756 4855 3802 4951 ei

2198 4971 2477 5038 horridis,
2510 4969 2610 5041 qui
2643 4969 2704 5024 in
2737 4969 2980 5024 sinistra
3026 4974 3192 5041 parte
3236 4957 3624 5024 constituendi
3670 4948 3801 5041 sunt:

2199 5039 2649 5125 discernantur;
2676 5063 2789 5114 cat.
2818 5061 2868 5124 1,
2902 5076 2960 5113 n.
2993 5039 3048 5126 2,
3079 5058 3390 5114 vehiculum
3421 5059 3495 5110 est
3525 5047 3596 5106 ad
3621 5039 3799 5100 caelum:

2198 5150 2562 5224 paradisum,
2598 5153 2655 5203 et
2679 5164 2966 5219 regnum;
3001 5165 3133 5220 quas
3181 5147 3312 5203 loca
3341 5142 3509 5202 nobis
3548 5133 3662 5191 solo
3690 5136 3800 5224 P‘f‘j‘

2199 5215 2328 5298 cato
2352 5215 2610 5307 occlusa,
2635 5215 2825 5302 cati—1,
2848 5255 2908 5292 ιι.
2928 5237 2992 5305 2;
3017 5215 3130 5294 cat.
3149 5241 3202 5305 2,
3229 5254 3290 5292 n.
3313 5239 3374 5291 4:
3407 5235 3514 5289 cat.
3537 5229 3616 5291 17,
3647 5215 3798 5309 η--ξδσ

2199 5301 2607 5403 Adoptionem'
2625 5301 2868 5383 tandem
2917 5301 3217 5395 conciliat,
3269 5341 3385 5397 qua
3427 5337 3494 5377 ex
3541 5301 3800 5403 ﬁliis-dia:

2198 5393 2648 5475 boli-efﬁcimur
2703 5417 2804 5472 Dei
2839 5417 2967 5485 ﬁlii,
3019 5423 3131 5472 cat.
3165 5393 3219 5485 '7,
3256 5393 3314 5471 ιι..
3363 5414 3422 5466 13
3454 5413 3511 5464 et
3556 5404 3632 5457 14.
3678 5393 3800 5492 in":

2197 5527 2408 5565 omnes
2429 5508 2709 5580 baptismi
2740 5507 3127 5562 caeremonias
3159 5506 3245 5562 sic
3277 5499 3510 5574 exponit
3538 5483 3691 5583 quasji
3730 5477 3800 5583 ui!

2197 5599 2272 5657 ad
2295 5598 2711 5655 remissionem
2725 5601 3107 5669 peccatorum
3125 5575 3797 5669 ρθιιιὶῐιθτπιιιι.Ειίοιηίςίδῑιιξι

2197 5688 2460 5744 animam
2487 5702 2522 5742 a
2551 5685 2821 5741 daemone
2838 5685 3080 5742 liberari
3113 5662 3171 5741 et
3200 5702 3235 5742 a
3264 5675 3513 5756 peccatis
3533 5662 3794 5738 resurgam
