4024 6406
217 443 324 521 Ἣδῆ

1595 451 2120 516 DISSERTATIO
2163 454 2274 517 III.

3536 463 3656 523 210

238 594 383 649 docet
401 595 620 664 procat.
643 607 706 646 n.
735 593 794 646 9.
828 592 1410 651 Abrenuntiationes
1434 593 1882 663 interpretatur,
1912 585 1970 654 Α
1999 591 2220 647 mirum
2251 591 2512 663 primum
2544 591 2694 648 illud
2743 591 2885 648 Adae
2929 595 3241 664 peccatum
3300 596 3656 649 casterorum

240 685 388 758 quasi
415 681 632 738 diaboli
664 685 1074 755 tyrannidem
1111 685 1492 752 deseramus;
1525 683 1618 738 cui
1671 686 1882 754 sponte

245 792 454 832 eramus
478 773 758 846 subjecti,
790 780 915 831 cat.
956 780 1044 844 19,
1076 793 1136 832 n.
1168 778 1216 848 8,
1254 776 1363 832 sub
1395 790 1576 832 onere
1607 776 1881 846 peccato-

248 884 366 922 rum
394 865 750 933 laborantes,
814 883 878 921 n.
916 869 990 934 3;
1026 867 1212 939 pactis
1261 884 1396 923 cum
1457 867 1673 921 Satana
1704 869 1761 919 et
1791 862 1886 917 in-

243 957 388 1013 ferno
411 955 760 1024 fcederibus,
796 974 860 1013 ιι.
897 960 971 1024 9;
1007 957 1470 1013 denudationem
1521 955 1886 1028 baptismum

241 1045 680 1103 antecedentem
695 1053 932 1119 spectat
947 1048 1030 1102 uti
1050 1047 1386 1120 symbolum
1397 1047 1612 1102 veteris
1625 1043 1888 1101 hominis

233 1154 354 1193 cum
388 1137 516 1192 suis
549 1136 792 1192 actibus
818 1138 1002 1206 exuti,
1055 1143 1166 1196 cat.
1191 1141 1280 1206 20,
1303 1154 1360 1192 n.
1388 1141 1458 1207 2;
1509 1136 1609 1208 qui
1643 1134 1887 1208 quidem

227 1235 385 1283 vetus
397 1227 585 1283 homo
612 1227 770 1282 nihil
792 1227 956 1283 aliud
982 1232 1073 1284 est
1093 1227 1206 1283 nisi
1221 1227 1538 1283 dominans
1556 1227 1848 1299 cupiditas
1872 1243 1887 1283 :

222 1318 422 1389 quain
454 1334 524 1372 re
564 1318 707 1389 ipsa
763 1317 956 1373 forma
1015 1323 1073 1372 et
1102 1317 1249 1373 ratio
1309 1317 1536 1390 peccati
1594 1317 1888 1374 consistit.

216 1409 650 1464 Inunctionem
709 1424 786 1463 ex
837 1409 965 1464 oleo
1025 1409 1350 1464 exorcizato
1382 1408 1458 1464 ad
1508 1407 1892 1481 expurganda

214 1507 605 1572 peccatorum
625 1499 878 1572 vestigia
901 1505 959 1554 et
988 1498 1311 1572 abigendos
1334 1499 1634 1554 dasmones
1658 1497 1785 1554 dari
1809 1498 1892 1554 ait

216 1589 382 1654 ibid.,
415 1606 597 1644 num.
631 1592 686 1659 3,
711 1589 1159 1644 immersionem
1176 1594 1234 1644 et
1259 1590 1655 1645 emersionem
1674 1589 1892 1644 trinam

227 1679 294 1735 de
315 1686 508 1736 morte
538 1685 602 1735 et
627 1696 787 1735 nova
809 1680 922 1735 vita
951 1679 1378 1751 interpretatur
1397 1697 1565 1735 num.
1591 1682 1644 1747 4,
1691 1679 1892 1751 aitque

221 1774 458 1838 cat.3,n.
472 1774 492 1825 1
504 1769 950 1838 ‘2,descendere
968 1787 1078 1824 nos
1095 1769 1155 1824 in
1169 1769 1456 1841 piscinam
1472 1770 1729 1842 peccatis
1743 1786 1896 1824 mor-

219 1867 372 1933 tuos,
395 1868 458 1917 et
488 1860 834 1916 ascendere
867 1859 1186 1915 viviﬁcatos
1215 1859 1278 1914 in
1301 1859 1556 1931 justitia.
1574 1861 1756 1915 Porro
1790 1859 1895 1914 ba-

2000 683 2269 737 omnium
2300 682 2525 739 fontem
2559 689 2616 738 et
2644 682 2928 751 radicem,
2949 682 3021 738 de
3053 699 3169 755 quo
3204 683 3328 738 solo
3359 683 3656 756 agendum

1999 773 2234 840 fuisset,
2265 789 2402 829 cum
2458 773 2588 845 ipsa
2642 773 2870 845 peccati
2928 774 3101 841 ratio,
3136 789 3335 842 causa,
3389 778 3447 828 et
3495 773 3656 846 origo

2003 869 2405 937 quaereretur:
2433 865 2546 920 hoc
2573 870 2772 921 autem
2804 882 2921 936 quo
2941 881 3149 920 omnes
3178 870 3384 937 postea
3413 863 3658 936 obligati

2002 954 2224 1012 fuimus
2253 955 2430 1027 primi
2465 956 2728 1027 parentis
2751 959 3083 1027 peccatum,
3115 955 3292 1027 plane
3315 954 3663 1022 liberum,et

2004 1047 2173 1103 nulla
2201 1047 2557 1103 necessitate
2579 1046 2967 1102 commissum
2987 1046 3190 1101 fuisse.
3218 1046 3351 1100 Haac
3375 1045 3658 1118 Augusti-

2005 1139 2201 1195 nianaa
2233 1138 2640 1212 responsionis
2673 1155 3068 1209 summa,quae
3091 1137 3281 1193 fusius
3309 1135 3663 1210 exprimitur

2004 1230 2109 1286 lib.
2147 1247 2165 1285 ι
2197 1230 2388 1300 Operis
2418 1232 2666 1300 imper/1,
2697 1246 2824 1301 cap.
2858 1231 2960 1283 104
2984 1234 3042 1283 et
3073 1245 3268 1300 seqq.,
3294 1233 3352 1282 et
3381 1230 3664 1283 Retracta-

2008 1324 2223 1377 tionum
2253 1319 2354 1375 lib.
2391 1337 2427 1389 ι,
2462 1336 2591 1392 cap.
2629 1320 2714 1386 13,
2749 1336 2809 1374 n.
2831 1322 2901 1388 5;
2932 1319 3125 1390 capite
3148 1321 3237 1384 45,
3269 1335 3328 1373 n.
3362 1321 3418 1386 2,
3451 1319 3504 1383 3,
3528 1319 3582 1386 4,
3606 1319 3658 1388 6,

2009 1419 2067 1470 et
2095 1429 2224 1484 cap.
2262 1415 2347 1478 17,
2381 1429 2440 1466 n.
2474 1415 2527 1478 2,
2561 1416 2619 1464 et
2648 1410 2783 1465 aliis
2813 1410 2875 1464 in
2908 1409 3075 1464 locis.
3109 1410 3247 1474 Quas
3307 1412 3511 1463 autem
3542 1409 3663 1462 Au-

2007 1503 2249 1577 gustini,
2282 1502 2490 1557 eadem
2522 1506 2580 1555 et
2609 1499 2811 1571 Cyrilli
2843 1516 3041 1557 causa.
3069 1500 3324 1570 Uterque
3347 1497 3662 1554 adversum

2008 1592 2363 1649 Manichaeos
2396 1591 2692 1663 disputat;
2726 1595 2978 1661 uterque
3037 1588 3108 1644 de
3165 1589 3294 1661 ipso
3337 1587 3564 1660 peccati
3595 1604 3663 1642 ac

2009 1683 2152 1740 mali
2184 1681 2511 1755 primordio
2543 1680 2832 1751 inquirit,
2866 1685 3116 1751 uterque
3149 1683 3288 1734 ante
3316 1683 3519 1734 natam
3549 1677 3665 1732 haz-

2009 1776 2192 1831 resim
2227 1773 2605 1846 Pelagianam
2639 1771 2906 1827 securius
2931 1770 3444 1842 loquitur.Vereor
3465 1775 3664 1824 tamen

2010 1866 2214 1922 uthmc
2244 1862 2552 1936 responsio
2576 1860 2792 1934 Cyrillo
2814 1862 2892 1917 sit
2938 1859 3294 1933 applicanda
3320 1878 3335 1927 ;
3359 1864 3483 1915 tota
3504 1859 3666 1914 enim

225 1953 478 2022 ptismus
510 1968 644 2007 non
661 1950 887 2006 adultis
911 1949 1419 2017 solumm0d0,Sed
1435 1955 1494 2006 et
1513 1949 1775 2022 parvulis
1797 1949 1904 2010 da-
1934 1979 1981 2045 Β
2013 1957 2171 2012 inter
2199 1956 2396 2026 ipsum
2417 1960 2474 2009 et
2491 1953 2846 2008 Manichaaos
2868 1950 2941 2006 de
2967 1957 3210 2023 peccato
3244 1949 3404 2022 quod
3434 1949 3665 2005 actuale

229 2043 416 2111 batur,
447 2059 564 2098 nec
600 2043 670 2098 in
698 2042 790 2097 eis
819 2041 1184 2113 baptizandis
1216 2040 1542 2112 quidquam
1579 2041 1650 2096 de
1703 2040 1894 2097 solitis

237 2135 603 2190 cazremoniis
624 2132 1067 2188 remittebatur.
1087 2133 1205 2204 Ipsi
1229 2132 1409 2205 igitur
1423 2132 1650 2204 parvuli
1677 2133 1895 2188 remis-

244 2225 460 2279 sionem
481 2240 734 2296 quoque
759 2223 982 2295 peccati
1016 2222 1722 2296 consequebantur,quod
1743 2241 1897 2297 pras-

242 2321 334 2370 ter
363 2315 649 2388 originale
681 2314 922 2369 nullum
955 2313 1119 2370 aliud
1149 2318 1295 2370 erat.

313 2426 404 2478 42.
436 2423 584 2478 Huic
614 2421 904 2477 doctrinas
963 2421 1258 2477 nonnulla
1289 2437 1359 2477 ex
1415 2422 1634 2494 Cyrillo
1681 2422 1902 2494 opponi

251 2518 528 2584 possunt.
547 2512 970 2584 Primum,ejus
989 2511 1256 2567 deﬁnitio
1280 2512 1506 2583 peccati
1530 2529 1710 2584 quam
1733 2514 1907 2568 affert

270 2607 388 2656 cat.
414 2605 474 2665 2,
501 2601 590 2656 lbi
621 2603 762 2656 enim
796 2602 869 2656 de
901 2601 1044 2656 mali
1076 2602 1304 2675 origine
1335 2602 1743 2674 disputans,ac
1763 2603 1908 2674 quid

275 2691 353 2746 sit
380 2696 672 2762 peccatum
701 2691 1035 2763 inquirens,
1055 2698 1364 2764 peccatum
1391 2693 1454 2748 in
1484 2692 1677 2748 libera
1697 2692 1909 2748 volun-

268 2781 402 2837 tatis
421 2783 908 2855 transgressione,
929 2799 997 2838 ac
1025 2799 1201 2854 prava
1223 2781 1556 2839 delectione
1579 2783 1910 2839 constituit.

256 2895 282 2921 «ι
303 2871 543 2939 Malum,
573 2872 770 2943 inquit
791 2889 852 2930 n.
876 2875 925 2941 1,
970 2889 1038 2927 ex
1062 2872 1250 2928 libero
1274 2872 1531 2940 delectu,
1564 2873 1912 2928 voluntariae

257 2985 282 3012 ιι
298 2962 482 3018 animi
499 2961 865 3018 inductionis
879 2964 1295 3036 germen.Nam
1309 2963 1466 3034 quod
1480 2964 1722 3036 propria
1736 2980 1913 3036 spon-

266 3059 348 3107 .te
361 3051 736 3123 arbitrioque
750 3052 1286 3125 peccemuspalam
1303 3052 1915 3125 dicitpropheta,etc.;

269 3146 412 3207 «n.2,
438 3141 744 3206 Quidnam
761 3141 998 3197 tandem
1014 3147 1104 3197 est
1114 3147 1424 3214 peccatum
1447 3141 1474 3197 ‘I
1490 3143 1792 3198 animaIne
1807 3148 1916 3210 est,

271 3252 293 3281 ι
310 3249 378 3286 an
389 3231 671 3305 angelus,
692 3231 782 3285 vel
795 3229 1054 3286 daemon?
1069 3248 1200 3302 quae
1216 3246 1311 3285 res
1330 3229 1612 3303 esthujus
1628 3229 1922 3286 effectrix?

2004 2051 2258 2109 dicimus
2282 2044 2605 2117 disputatio
2629 2041 2744 2096 fuit
2765 2040 3071 2096 Manichazi
3105 2040 3440 2095 doctrinam
3461 2039 3669 2094 Eccle-

2007 2143 2110 2199 siae
2142 2139 2214 2195 de
2240 2139 2480 2208 peccato
2513 2130 2788 2204 originali
2817 2129 3086 2185 funditus
3123 2130 3429 2202 ignorasse
3460 2128 3664 2183 viden-

2007 2237 2137 2299 tur;
2170 2241 2468 2297 nusquam
2500 2222 2661 2278 enim
2692 2220 2892 2276 videas
2924 2236 3055 2275 eam
3087 2218 3158 2274 ab
3206 2218 3329 2274 illis
3355 2217 3665 2274 catholicas

2007 2319 2284 2378 Ecclesia:
2317 2315 2634 2387 objectam,
2660 2311 2818 2382 quod
2849 2327 2972 2365 non
2994 2309 3271 2365 videntur
3300 2307 3666 2382 praetermis-

2011 2411 2134 2470 suri
2164 2409 2370 2474 fuisse,
2396 2405 2445 2460 si
2477 2403 2800 2459 novissent.
2834 2402 2979 2456 Cum
3012 2400 3212 2471 itaque
3245 2399 3468 2455 malum
3502 2397 3666 2453 dice-

2011 2507 2149 2558 rent
2177 2495 2606 2559 necessarium,
2638 2509 2758 2548 non
2781 2497 3090 2564 peccatum
3113 2489 3360 2564 originis
3383 2489 3662 2561 respicie-

2012 2597 2194 2662 bant;
2229 2591 2334 2648 sed
2363 2587 2699 2645 voluntaria
2727 2586 2834 2642 illa
2888 2585 3069 2654 mala,
3128 2584 3345 2656 quibus
3403 2585 3668 2640 humana

2014 2692 2230 2744 natura
2252 2682 3008 2750 deformatur,peccataque
3031 2675 3134 2731 illa
3155 2693 3287 2746 qua:
3306 2674 3378 2730 ab
3402 2671 3670 2730 hominis

2014 2777 2318 2834 voluntate
2351 2768 2646 2845 proflcisci
2677 2784 2788 2824 nec
2846 2766 2960 2838 ipsi
3000 2765 3317 2838 negabant.
3372 2767 3449 2820 At
3477 2764 3671 2836 ipsam

2021 2869 2384 2925 voluntatem
2399 2877 2714 2934 pravorum
2727 2859 3042 2914 hominum
3063 2857 3136 2912 ad
3151 2855 3520 2928 peccandum
3543 2855 3673 2927 cogi

2020 2953 2378 3022 aiebant,vel
2391 2952 2578 3025 ipsius
2607 2955 2835 3007 naturae
2851 2965 2884 3004 a
2900 2947 3273 3020 principibus
3289 2945 3674 3002 tenebrarum

2021 3052 2290 3108 formata:
2321 3045 2484 3109 vitio,
2517 3042 2608 3098 vel
2655 3039 2919 3096 siderum
2968 3038 3402 3104 natalitiorum,
3439 3041 3543 3091 aut
3569 3036 3676 3091 fati

2026 3140 2176 3195 dura
2198 3131 2637 3192 etineluctabili
2661 3130 3036 3186 necessitate.
3070 3127 3420 3200 Nihiligitur
3435 3126 3677 3198 mirum,

2030 3232 2078 3287 si
2112 3229 2149 3284 ii
2184 3228 2285 3300 qui
2318 3243 2418 3281 eos
2448 3221 2732 3278 refellunt
2758 3221 2964 3275 Patres
2997 3219 3068 3274 de
3091 3218 3229 3274 unis
3261 3218 3382 3273 illis
3399 3216 3680 3290 peccatis,

274 3342 294 3369 ε
316 3324 435 3377 Non
459 3328 557 3377 est
577 3321 792 3384 hostis,
808 3337 840 3375 o
859 3321 1056 3386 homo,
1072 3321 1173 3392 qui
1197 3325 1252 3375 te
1277 3321 1534 3376 exterius
1549 3319 1917 3387 invadat,sed
1949 3347 1992 3414 ρ
2032 3321 2189 3376 circa
2211 3334 2341 3389 quae
2373 3320 2496 3369 tota
2517 3311 2861 3368 versabatur
2881 3308 3497 3378 controversia,locuti
3520 3311 3682 3373 sunt;

262 3413 453 3468 «mala
465 3411 831 3468 sobolesate
845 3411 969 3483 ipso
985 3427 1390 3483 procrescens.
1408 3410 1917 3482 »Secundo,cat.4,

266 3520 424 3559 num.
463 3505 556 3569 16,
591 3501 858 3556 animam
880 3518 1014 3556 cum
1038 3501 1099 3556 in
1123 3518 1338 3573 corpus
1358 3500 1540 3568 venit,
1561 3500 1787 3572 peccati
1819 3517 1921 3556 ex-

276 3601 493 3665 pertem
518 3609 660 3650 esse
683 3591 1045 3664 pronuntiat.
1067 3614 1087 3640 ιι
1107 3592 1226 3648 Hoc
1243 3607 1480 3663 quoque
1497 3590 1926 3662 addisce,quod

273 3707 296 3732 ιι
321 3685 683 3756 priusquam
706 3680 907 3736 anima
926 3680 987 3736 in
1007 3680 1165 3736 hunc
1187 3678 1481 3734 mundum
1502 3677 1750 3746 veniret,
1773 3678 1926 3733 nihil

279 3771 712 3846 «peccavit;sed
723 3788 856 3826 cum
871 3770 1092 3842 absque
1105 3775 1345 3843 peccato
1361 3768 1734 3842 ἀναμάρτητοι
1750 3784 1924 3824 vene-

285 3889 302 3913 ι
329 3866 538 3933 rimus,
563 3879 730 3918 nunc
755 3878 824 3917 ex
840 3861 1023 3917 libera
1044 3860 1344 3916 voluntate
1366 3875 1700 3932 peccamus.
1730 3881 1758 3910 ››
1783 3857 1928 3915 Ani-

268 3973 427 4012 mam
441 3960 776 4024 antequam
791 3969 900 4007 usu
914 3951 1118 4007 liberm
1130 3950 1449 4007 voluntatis
1462 3954 1689 4023 peccet,
1717 3945 1928 4022 ἀνειμᾶ-

269 4062 495 4117 ρτητον,
520 4059 558 4098 a
575 4047 820 4114 peccato
844 4041 1092 4095 liberam
1110 4040 1330 4095 diserte
1349 4039 1798 4108 statuit.Tertio,
1833 4055 1901 4094 ca
1915 4070 1929 4080 -

269 4137 424 4192 tech.
446 4133 819 4203 2,n.4,docet
838 4133 1200 4196 diabolum,«
1226 4148 1347 4186 non
1370 4148 1441 4187 ex
1462 4130 1930 4202 natura,peccati

270 4253 298 4280 α
323 4225 594 4299 quadam
609 4223 962 4280 necessitate
977 4221 1683 4294 obligatum,peccavisse;
1704 4221 1931 4292 alioqui

275 4343 298 4369 ιι
311 4321 370 4374 in
386 4333 530 4374 eum
545 4315 652 4386 qui
673 4314 850 4370 talem
864 4312 1034 4368 illum
1046 4311 1443 4383 fecisset,ipsa
1454 4311 1741 4383 peccandi
1754 4327 1934 4367 causa

276 4410 677 4464 «recurreret.
704 4427 732 4455 ιι
755 4405 936 4459 Porro
950 4402 1174 4476 peccati
1189 4400 1497 4474 originalis
1512 4418 1580 4457 ea
1593 4406 1682 4456 est
1694 4405 1931 4470 natura,

281 4507 348 4554 ut
375 4499 450 4554 ab
483 4497 621 4569 ipsa
648 4494 954 4551 nativitate
1012 4497 1070 4548 et
1099 4491 1508 4564 conceptione,
1567 4491 1794 4564 peccati
1826 4506 1936 4546 ne-

280 4590 561 4645 cessitate
595 4583 840 4658 obligati
871 4587 930 4638 et
958 4582 1184 4638 astricti
1219 4581 1578 4637 simus.Haec
1596 4581 1776 4654 igitur
1808 4579 1938 4636 cul-

289 4695 378 4749 pa,
405 4676 639 4750 Cyrillo
662 4673 888 4747 judice.
922 4674 984 4728 in
1015 4674 1200 4729 Deum
1231 4672 1428 4744 ipsum
1460 4688 1495 4728 a
1525 4671 1698 4727 nobis
1730 4675 1934 4726 trans-

294 4767 533 4824 ferenda
565 4771 744 4822 esset.

355 4879 443 4932 43.
477 4877 611 4931 Non
644 4879 843 4930 tamen
876 4871 1045 4928 deest
1090 4870 1182 4926 his
1241 4869 1694 4926 difﬁcultatibus
1725 4869 1943 4924 idonea

285 4966 622 5040 responsio.
656 4963 744 5019 Ad
793 4963 1048 5036 primam
1081 4961 1239 5017 enim
1298 4960 1506 5017 eadem
1537 4959 1943 5016 confutatione

283 5059 370 5112 uti
403 5071 744 5129 possumus,
778 5069 896 5125 qua
924 5051 1272 5124 Pelagianos
1303 5050 1668 5124 Augustinus
1699 5049 1942 5117 refellit,

291 5164 423 5204 cum
449 5148 562 5204 sibi
587 5145 872 5201 adversus
910 5147 1221 5214 peccatum
1260 5141 1505 5214 originis
1537 5139 1839 5213 [CLXXIII]
1869 5139 1944 5194 il-

291 5238 382 5294 las
402 5237 632 5311 peccati
655 5233 1039 5291 deﬁnitiones
1063 5231 1410 5302 objicerent,
1438 5231 1724 5302 quosipse
1745 5231 1807 5285 in
1822 5229 1946 5286 suis

292 5336 502 5384 contra
524 5325 880 5382 Manichasos
902 5322 1072 5377 libris
1093 5321 1408 5378 attulerat:
1432 5343 1461 5371 «
1487 5323 1802 5377 Peccatum
1825 5336 1945 5375 non

291 5426 418 5476 «est
431 5418 548 5475 nisi
563 5416 835 5472 voluntas
849 5411 1146 5469 retinendi
1163 5410 1582 5467 etadmittendi
1598 5410 1948 5484 quodjusti-

297 5534 318 5559 α
345 5511 618 5576 tiavetat,
643 5513 701 5562 et
721 5504 882 5562 unde
900 5503 1156 5558 liberum
1179 5506 1270 5557 est
1289 5500 1610 5557 abstinere.
1635 5503 1736 5557 Et:
1757 5516 1947 5572 usque

292 5623 320 5650 ιι
352 5601 506 5657 adeo
519 5602 830 5672 peccatum
850 5592 1274 5660 voluntarium,
1308 5589 1532 5646 malum
1561 5595 1666 5658 est,
1693 5597 1760 5645 ut
1779 5588 1946 5644 nullo

295 5692 509 5748 omodo
525 5691 600 5746 sit
614 5690 928 5762 peccatum
942 5683 1055 5740 nisi
1071 5681 1578 5739 sitvoluntarium.
1591 5680 1951 5754 nRespondit

298 5783 655 5856 Augustinus
672 5776 995 5835 deﬁnitum
1009 5791 1042 5831 a
1056 5789 1118 5829 se
1134 5789 1263 5829 esse
1284 5777 1614 5846 peccatum,
1639 5771 1797 5844 quod
1821 5777 1949 5827 tan-

298 5872 598 5934 tummodo
619 5869 947 5948 peccatum
962 5864 1182 5939 sit,non
1193 5867 1390 5921 autem
1402 5879 1577 5936 poena
1590 5862 1839 5935 peccati;
1858 5861 1918 5916 ni
1930 5890 1951 5903 -

2031 3427 2144 3466 nec
2173 3409 2348 3464 aliter
2378 3421 2445 3460 ac
2474 3403 2728 3475 Cyrillus
2768 3400 3054 3456 adversus
3102 3417 3203 3456 eos
3234 3399 3395 3455 ullus
3441 3400 3686 3453 Patrum

2031 3497 2372 3572 disputavit.
2405 3492 2748 3550 Secundum
2781 3489 3155 3546 difﬁcultatis
3182 3495 3361 3562 caput
3380 3505 3500 3544 non
3532 3503 3686 3561 mgre

2032 3604 2268 3662 quoque
2297 3583 2663 3641 dissolvitur.
2715 3581 2923 3655 Agitur
2951 3579 3025 3634 de
3056 3579 3162 3635 illa
3218 3578 3687 3644 Platonicorum,

2034 3694 2213 3752 quam
2253 3676 2535 3748 Origenes
2567 3677 2807 3728 secutus
2830 3669 3540 3741 existimatur,opinione,
3573 3683 3692 3739 qua

2031 3767 2325 3844 putabant
2353 3765 2606 3832 animas,
2641 3779 2778 3817 cum
2798 3759 3045 3829 dudum,
3065 3765 3389 3830 antequam
3421 3757 3693 3830 corpori-

2033 3859 2147 3914 bus
2178 3856 2572 3929 illigarentur,
2595 3850 2982 3916 exstitissent,
3006 3849 3068 3904 in
3092 3848 3428 3903 voluntaria
3448 3851 3695 3918 peccata

2037 3947 2345 4014 cecidisse,
2369 3943 2586 4016 quibus
2607 3943 2755 3997 iram
2779 3940 2881 3995 Dei
2904 3939 3691 4009 commeruissent,quorum

2035 4032 2102 4095 in
2139 4053 2374 4111 poenam
2407 4035 2468 4090 in
2491 4035 2617 4090 hac
2648 4031 2954 4088 terrestria
2975 4046 3225 4102 corpora
3253 4027 3509 4085 fuissent
3537 4027 3697 4082 rele-

2038 4135 2208 4203 gataa.
2268 4126 2472 4182 Merito
2532 4123 2747 4182 asserit
2802 4121 3059 4192 Cyrillus
3118 4120 3384 4176 animam
3442 4119 3505 4174 in
3534 4117 3696 4175 hunc

2039 4218 2333 4275 mundum
2362 4216 2586 4283 venire,
2607 4213 2679 4270 ab
2714 4212 2876 4268 omni
2896 4217 3138 4283 peccato
3170 4226 3362 4283 pravae
3383 4208 3698 4266 electionis

2040 4307 2293 4364 liberam
2323 4324 2335 4361 :
2368 4323 2436 4362 ac
2469 4310 2594 4360 tum
2615 4304 2880 4376 primum
2910 4301 3128 4357 divinas
3160 4299 3306 4373 legis
3329 4303 3540 4372 sponte
3573 4298 3697 4353 vio-

2042 4391 2176 4446 latae
2207 4405 2373 4446 ream
2406 4386 2558 4455 ﬁeri,
2583 4402 2717 4442 cum
2747 4384 2936 4440 libere
2957 4383 3323 4438 voluntatem
3341 4397 3510 4438 suam
3533 4379 3691 4436 malo

2043 4481 2324 4556 applicat,
2378 4494 2445 4534 ac
2494 4490 2740 4548 corpore
2800 4473 2913 4530 sibi
2955 4473 3030 4529 ad
3086 4472 3382 4528 bonorum
3441 4486 3690 4544 operum

2044 4570 2392 4630 exercitium
2424 4567 2560 4623 dato
2593 4566 2744 4622 faade
2775 4564 2848 4620 ad
2879 4563 3244 4635 voluptatem
3277 4568 3335 4618 et
3381 4566 3696 4635 peccatum

2045 4664 2328 4730 abutitur,
2364 4663 2477 4715 cat.
2511 4660 2566 4728 4,
2598 4673 2765 4713 num.
2823 4658 2912 4712 23.
2945 4653 3228 4722 Tandem,
3279 4652 3439 4726 quod
3470 4651 3544 4710 ad
3576 4657 3695 4707 ter-

1966 4733 2013 4798 Ι)
2046 4755 2195 4810 tium
2227 4750 2582 4824 objectionis
2634 4753 2812 4819 caput
2858 4746 3140 4819 pertinet,
3183 4745 3358 4816 longe
3390 4740 3702 4799 dissimilis

2051 4842 2297 4911 diaboli,
2331 4842 2380 4897 si
2413 4839 2608 4896 malus
2639 4844 2854 4894 natura
2882 4854 2918 4893 a
2947 4837 3065 4892 Deo
3118 4839 3353 4890 creatus
3383 4831 3616 4897 fuisset,
3651 4834 3711 4885 et

2051 4933 2316 4990 hominis
2345 4931 2524 5004 primi
2555 4928 2823 5003 parentis
2855 4932 3098 5000 peccato
3126 4923 3319 4979 vitiati
3354 4927 3413 4978 et
3441 4919 3707 4991 corrupti

2055 5022 2548 5083 causa.Diabolus
2580 5022 2626 5078 si
2650 5019 2845 5078 malus
2867 5017 3142 5075 conditus
3174 5011 3585 5081 esset,nullius
3606 5011 3712 5068 illa

2053 5122 2454 5191 prasterquam
2484 5113 2746 5170 auctoris
2770 5129 2837 5168 ac
2863 5108 3147 5166 creatoris
3171 5105 3366 5178 culpa;
3399 5104 3577 5160 homo
3609 5121 3712 5159 ve-

2054 5225 2121 5263 ro
2155 5222 2263 5262 sua
2294 5206 2421 5278 ipse
2468 5204 2580 5260 sibi
2631 5203 2821 5258 ruinae
2853 5199 3087 5266 artifex,
3148 5213 3287 5253 cum
3344 5195 3613 5263 nolente,
3645 5211 3715 5251 ac

2057 5297 2276 5355 severis
2307 5294 2604 5352 mandatis
2635 5291 3008 5364 prohibente,
3033 5289 3348 5360 minasque
3381 5286 3713 5343 intentante

2058 5390 2198 5457 Deo,
2231 5388 2294 5443 in
2325 5385 2791 5459 praanuntiatum
2825 5381 2936 5438 sibi
2970 5380 3217 5436 exitium
3249 5379 3392 5434 ruit.

2517 5499 2821 5575 [CLXXIV]
2861 5499 3094 5556 CAPUT
3133 5498 3252 5556 v11.

2059 5620 2140 5672 De
2167 5619 2373 5671 diving
2388 5617 2593 5682 gratia
2608 5615 2874 5673 auxiliis,
2903 5631 3096 5665 eorum
3115 5614 3455 5664 necessitate.
3460 5611 3717 5676 gratuita

2121 5703 2170 5743 et
2193 5691 2568 5755 prevenienti
2596 5689 2914 5751 largitione,
2959 5688 3297 5753 efﬁcacitate
3324 5700 3388 5735 ae
3440 5683 3718 5733 distribu—

2124 5767 2275 5816 tione
2308 5764 2394 5812 vel
2422 5761 2827 5811 subtractione.

2137 5858 2227 5910 44.
2262 5853 2542 5911 Nonnulli
2579 5852 2919 5924 scriptores,
2957 5865 3092 5908 cum
3142 5846 3442 5920 prioribus
3485 5840 3719 5918 paginis
