4024 6406
189 389 297 472 “lxi

1581 386 2109 460 DISSERTATIO
2152 385 2262 448 IIl.

3515 375 3636 435 2η

225 553 332 620 φάε
354 559 508 597 suam
535 540 722 605 ipsius
756 540 966 591 vitam
982 555 1096 603 pro
1121 539 1256 587 Jesu
1284 537 1523 586 daturus
1553 538 1631 582 est
1668 528 1785 580 nisi
1811 528 1874 577 in
1908 525 1964 592 Α
1990 535 2208 584 semper
2232 523 2487 568 sanctam
2516 514 2864 572 Trinitatem,
2897 516 3007 568 etc.
3059 512 3273 565 Preces
3317 508 3437 563 illm
3478 511 3642 563 tanto

226 613 427 699 Spiritu
446 625 760 699 [CLXXVI]
777 631 989 673 sancto
1008 623 1030 672 i
1050 623 1257 678 Totum
1282 623 1556 676 nostrum
1597 613 1879 671 adversus

233 722 558 783 tentationes
582 714 955 788 praesidium
988 715 1051 769 in
1074 712 1322 785 Spiritus
1345 707 1534 765 sancti
1558 703 1777 762 auxilio
1794 717 1885 756 re-

236 815 394 890 ponit
416 817 514 867 cat.
546 810 638 874 16,
672 822 737 861 n.
773 806 845 860 19
875 822 889 861 :
928 806 1198 867 Magnum
1226 815 1263 851 a
1290 802 1401 850 Deo
1428 796 1695 848 habemus
1720 790 1884 842 auxi-

241 885 472 958 liator-ein
494 913 557 947 ac
579 904 969 959 protectorem
1006 907 1270 956 magnum
1297 889 1560 939 Ecclesiae
1610 885 1884 934 doctorem

239 1006 283 1047 et
294 1008 391 1058 pro
416 989 572 1040 nobis
601 994 1113 1050 propugnatorem.
1168 984 1250 1033 Ne
1275 979 1648 1044 formidamus
1681 975 1887 1024 daemo-

232 1104 316 1138 nes
342 1099 515 1149 neque
544 1080 884 1141 diabolum;
934 1077 1125 1139 maior
1153 1083 1230 1125 est
1279 1073 1431 1123 enim
1465 1070 1566 1136 qui
1586 1082 1695 1131 pro
1728 1063 1886 1116 nobis

224 1180 467 1230 domitu.

283 1262 371 1315 46.
407 1255 721 1313 Creditam
754 1259 813 1308 et
842 1250 1176 1308 confessam
1206 1265 1241 1304 δ.
1270 1245 1488 1320 Cyrillu
1513 1240 1699 1298 divini
1719 1237 1886 1296 auxi-

216 1353 274 1407 lii
303 1346 771 1415 necessitatem,
802 1348 869 1399 ut
897 1342 1096 1398 divina
1126 1337 1409 1397 mandata
1438 1352 1574 1392 cum
1614 1331 1890 1388 observe-

212 1446 506 1509 mus,tum
519 1437 850 1493 observare
861 1424 1745 1506 perseveremus,efﬁcacissime
1763 1437 1893 1494 pro-

212 1533 354 1589 bant
364 1530 501 1602 ejus
515 1526 925 1583 catecheseon
940 1516 1603 1589 conclusiones,quibus
1616 1526 1894 1586 appreca-

218 1616 718 1678 turauditoribus
731 1613 1141 1671 uteosDeusin
1154 1609 1316 1667 omni
1330 1608 1486 1663 bono
1499 1603 1897 1661 constituatet

225 1713 552 1768 conservet.
580 1707 716 1761 Cat.
743 1709 796 1775 1,
821 1722 881 1761 n.
905 1708 957 1773 6,
984 1705 1134 1752 Deus
1156 1715 1246 1750 vos
1267 1712 1456 1747 omnes
1483 1693 1595 1744 sibi
1612 1693 1894 1756 placentes

221 1800 521 1860 custodiat,-
544 1796 670 1852 hoc
693 1800 808 1864 est,
831 1795 1007 1851 faciat
1026 1810 1127 1849 vos
1148 1792 1261 1849 sibi
1281 1791 1609 1864 placentes,
1627 1790 1683 1840 et
1706 1784 1768 1838 in
1794 1779 1897 1837 tali

1989 610 2297 684 amplioris
2322 607 2612 665 momenti
2636 609 2794 672 sunt,
2818 602 2978 676 quod
3001 617 3072 658 ex
3092 599 3369 656 Ecclesia;
3391 614 3643 654 consue-

1992 703 2196 760 tudine
2227 706 2286 757 et
2315 699 2467 772 stylo
2504 702 2778 770 sumptae,
2802 712 2924 752 non
2948 691 3150 766 Cyrilli
3179 690 3386 758 solius,
3420 687 3525 744 sed
3556 691 3643 742 to-

1990 793 2109 849 tius
2131 792 2410 848 Ecclesias
2433 794 2697 845 mentem
2719 792 2778 842 et
2799 784 3161 842 sententiam
3185 781 3258 837 de
3280 779 3466 835 divini
3485 777 3651 835 auxi-

1990 884 2055 939 lii
2088 882 2444 939 necessitate
2476 878 2829 935 efﬁcacitate
2889 876 3365 947 reprtesentent;
3415 867 3648 924 inanis-

1994 989 2109 1045 que
2140 976 2202 1028 et
2230 969 2519 1028 derisoria
2548 968 2745 1041 potius
2786 981 2966 1038 quam
3020 979 3159 1019 vera
3210 966 3269 1016 et
3297 960 3551 1029 sincera,
3584 961 3651 1013 ut

1993 1064 2267 1119 observat
2303 1061 2688 1134 Augustinus,
2722 1055 3052 1130 [CLXXVII]
3084 1053 3272 1110 oratio
3322 1054 3530 1107 nostra
3557 1048 3650 1107 fu-

1995 1160 2129 1210 tura
2159 1158 2267 1221 est,
2302 1153 2351 1208 si
2382 1150 2443 1207 id
2474 1167 2508 1207 a
2539 1151 2657 1205 Deo
2705 1148 2987 1220 petimus,
3039 1143 3198 1216 quod
3228 1143 3356 1214 ipse
3386 1141 3448 1196 in
3474 1138 3653 1196 liberi

2000 1244 2192 1300 nostri
2224 1241 2455 1298 arbitrii
2488 1242 2779 1313 potestate
2828 1234 3162 1306 reliquerit.
3196 1233 3301 1288 Hic
3357 1230 3537 1286 etiam
3566 1228 3657 1284 lo-

1999 1352 2135 1391 cum
2168 1333 2390 1389 habere
2418 1334 2669 1403 possunt
2698 1328 2968 1395 diversae,
3002 1339 3256 1396 quarum
3283 1321 3397 1377 vim
3419 1337 3486 1376 ac
3519 1335 3657 1376 sen-

2000 1441 2131 1481 sum
2158 1422 2413 1495 Cyrillus
2438 1419 2678 1492 exponit
2699 1423 2811 1474 cat-
2834 1418 2924 1485 23,
2949 1433 3008 1471 n.
3037 1416 3096 1470 ll
3127 1418 3187 1469 et
3207 1428 3397 1484 seqq.,
3433 1409 3658 1466 oratio-

2001 1515 2096 1570 nis
2119 1512 2440 1570 Dominicm
2457 1510 2798 1583 petitiones.
2824 1507 2923 1561 Ait
2941 1504 3125 1571 enim,
3144 1521 3204 1560 n.
3234 1504 3320 1573 l2,
3339 1517 3374 1556 a
3395 1502 3512 1556 Deo
3534 1497 3658 1573 peti

2003 1611 2069 1661 ut
2094 1604 2482 1667 sanctiﬁcetur
2508 1601 2571 1651 in
2596 1599 2754 1649 nobis
2778 1597 2905 1657 eius
2930 1596 3151 1645 nomen:
3177 1591 3334 1665 quod
3365 1596 3493 1647 tum
3516 1606 3662 1646 con-

2004 1697 2178 1770 tingit
2206 1710 2333 1744 cum
2363 1709 2462 1743 nos
2492 1691 2936 1756 sanctiﬁcamur,
2992 1695 3045 1736 et
3098 1684 3545 1749 sanctiﬁcatione
3581 1682 3641 1730 di
3683 1705 3702 1717 -

2002 1803 2117 1851 gna
2137 1801 2302 1849 opera
2322 1785 2595 1847 facimus;
2624 1798 2790 1838 num.
2828 1782 2912 1850 14,
2943 1783 3010 1834 ul;
3040 1778 3195 1833 sicut
3220 1776 3285 1825 in
3309 1774 3531 1837 angelis
3556 1773 3662 1822 Dei

224 1894 428 1950 habitu
450 1893 870 1950 conservetac
893 1890 1144 1942 tueatur.
1176 1884 1298 1938 Cat.
1329 1882 1383 1949 6,
1408 1897 1469 1935 n.
1503 1880 1591 1946 35,
1616 1876 1689 1932 de
1712 1871 1894 1929 Mani-
1930 1904 1979 1972 B
2009 1878 2324 1927 voluntates
2351 1874 2692 1938 facientibus
2724 1874 2788 1937 ﬁt
2815 1871 3077 1919 voluntas
3105 1867 3228 1925 Dei,
3252 1867 3335 1923 ita
3350 1882 3530 1938 super
3546 1868 3664 1919 ter.

225 1987 525 2041 chaeorum
541 1996 761 2039 errore
783 1996 851 2035 ac
873 1973 1192 2033 seducendi
1207 1977 1332 2029 arte
1349 1970 1625 2041 loquens:
1651 1966 1761 2016 Nos
1789 1962 1901 2011 Do-

227 2076 413 2124 minus
435 2089 473 2123 a
507 2080 681 2123 tanto
713 2067 976 2130 defendat
1010 2077 1230 2123 errore;
1259 2075 1425 2125 eaque
1452 2058 1603 2108 vobis
1628 2056 1898 2105 adversus

234 2165 513 2214 draconem
529 2159 855 2213 inimicitia
874 2157 1259 2213 tribuatur,ut
1278 2168 1387 2217 quo
1402 2149 1559 2200 modo
1580 2148 1693 2211 ipsi
1728 2147 1896 2196 calca-

239 2272 398 2305 κεκτη
408 2263 661 2304 vestrum
673 2247 1077 2306 observant,ita
1085 2255 1133 2295 et
1152 2260 1243 2294 vos
1254 2250 1420 2306 caput
1432 2242 1670 2292 illorum
1682 2235 1901 2288 concul-

230 2346 383 2395 cetis.
414 2347 532 2401 Cat,
568 2346 661 2413 14,
690 2359 753 2398 ιι,
791 2342 878 2410 16,
910 2341 1016 2395 30:
1051 2339 1202 2387 Deus
1241 2334 1516 2385 custodiat
1550 2331 1776 2382 animas
1810 2343 1899 2377 ve-

228 2446 378 2486 stras
406 2450 421 2496 ;
452 2437 849 2485 inconcussam
875 2428 1401 2491 immutabilemque
1421 2432 1665 2473 vestram
1692 2422 1752 2471 in
1770 2434 1901 2469 eum

243 2526 348 2588 qui
376 2524 686 2573 resurrexit
712 2536 868 2584 spem
892 2526 1172 2570 conservet
1191 2535 1211 2578 ;
1229 2517 1401 2566 simul
1420 2514 1719 2565 exsuscitet
1733 2526 1822 2580 vos
1833 2524 1903 2559 ex

258 2612 504 2661 mortuis
554 2611 774 2673 peccatis
820 2609 1023 2658 vestris
1075 2608 1146 2657 ad
1191 2606 1401 2656 donum
1448 2618 1622 2653 suum
1655 2601 1903 2660 caeleste;

265 2704 469 2767 dignos
500 2702 791 2765 case/ﬁdat
820 2700 924 2764 qui
939 2697 1259 2761 rapiamini
1287 2694 1610 2746 innubibus
1632 2693 1696 2742 in
1713 2705 1903 2740 occur-

257 2800 381 2833 sum
416 2783 661 2833 Domini.
693 2785 780 2838 En
809 2783 1035 2838 donum
1067 2778 1617 2853 perseverantiae,et
1644 2775 1903 2848 optima-

251 2892 381 2930 rum
413 2874 489 2930 ad
519 2873 816 2946 baptisma
842 2872 1323 2944 dispositionum,
1357 2885 1425 2925 ac
1453 2867 1747 2923 bonorum
1771 2880 1906 2936 ope-

251 2982 383 3021 rum
415 2964 637 3037 quibus
667 2963 923 3019 salutem
956 2977 1256 3017 meremur
1285 2964 1608 3015 auctorem.
1640 2956 1763 3011 Cat.
1817 2957 1904 3021 15,

250 3074 311 3111 n.
341 3056 444 3110 33:
512 3053 925 3103 Universorum
967 3053 1117 3101 Deus
1148 3066 1239 3099 vos
1266 3062 1455 3098 omnes
1498 3045 1793 3103 custodiat,
1825 3045 1906 3093 si-

251 3161 485 3207 gnorum
516 3142 1026 3193 consummationis
1056 3146 1399 3199 memores,et
1426 3137 1661 3188 invictos
1702 3138 1769 3187 ab
1790 3134 1909 3185 An-

254 3236 495 3286 tiehrista
554 3241 870 3284 manentes.
920 3234 1043 3290 Cat.
1076 3237 1164 3303 17,
1197 3250 1258 3289 n.
1292 3233 1382 3301 38,
1413 3231 1563 3280 Deus
1621 3227 1907 3292 Spiritum

249 3336 495 3376 sanetum
521 3323 601 3375 ad
630 3339 726 3372 vos
754 3323 989 3381 emittat,
1011 3338 1225 3388 perque
1244 3322 1396 3372 hunc
1422 3330 1471 3370 et
1492 3336 1590 3370 nos
1613 3317 1906 3375 custodiat,

241 3430 595 3467 communem
620 3413 886 3465 omnibus
919 3412 1075 3466 nobis
1115 3412 1537 3478 beneficentiam
1566 3409 1918 3472 impertiens,

243 3519 301 3558 ut
322 3511 489 3558 omni
526 3516 781 3569 tempore
808 3506 991 3555 sancti
1032 3504 1290 3566 Spiritus
1329 3504 1555 3566 fructus
1583 3500 1885 3551 reddamus
1903 3517 1920 3551 .-

257 3599 604 3657 charitatem,
654 3597 951 3662 gaudium,
981 3611 1196 3659 pacem,
1252 3594 1559 3651 lenitatem,
1596 3592 1920 3655 benignita-

258 3698 371 3749 tem,
394 3692 734 3747 bonitatem,
752 3689 936 3753 ﬁdem,
957 3671 1472 3743 mansuetudinem,
1494 3683 1918 3735 continentiam.

271 3786 349 3840 En
372 3802 592 3842 omnes
623 3781 764 3838 illas
786 3780 1281 3850 virtutes,fructus
1312 3784 1372 3836 et
1402 3778 1647 3835 ell‘ectus
1667 3775 1922 3848 Spiritus

266 3877 439 3931 sancti
474 3876 540 3930 in
576 3872 755 3929 nobis
785 3871 1031 3945 agentis.
1064 3872 1186 3927 Cat.
1224 3870 1308 3939 18,
1342 3885 1507 3926 num.
1542 3870 1631 3938 20,
1686 3866 1922 3916 xEterno

258 3981 424 4029 regno
457 3981 552 4012 vos
586 3978 778 4012 omnes
825 3977 932 4011 sua
986 3961 1168 4022 ipsius
1197 3959 1389 4022 gratia
1434 3958 1635 4021 dignos
1665 3959 1815 4007 Deus
1844 3959 1923 4019 ef-

252 4057 438 4121 ﬁciat;
470 4072 534 4110 ιι,
586 4052 823 4118 31,Vita
850 4060 1058 4101 (eterna
1100 4052 1317 4099 utinam
1350 4065 1451 4098 uos
1504 4062 1712 4111 omnes,
1743 4054 1794 4096 et
1822 4047 1924 4111 qui

254 4146 514 4196 docemus
544 4150 599 4193 et
629 4140 735 4207 qui
761 4140 997 4200 auditis,
1023 4141 1126 4190 Dei
1159 4140 1351 4204 gratia
1378 4137 1557 4200 potiri
1594 4138 1921 4200 contingat;

255 4243 313 4292 et,
336 4254 398 4294 ιι,
434 4238 527 4291 35,
562 4234 714 4282 Deus
762 4231 849 4280 det
878 4230 1028 4280 vobis
1077 4229 1342 4293 spiritum
1373 4228 1664 4291 sapientis
1693 4233 1745 4276 et
1772 4241 1926 4276 rece-

257 4326 499 4376 Iationis
528 4325 594 4374 in
627 4322 919 4386 agnitione
941 4322 1052 4380 sui,
1104 4320 1464 4370 illuminatos
1511 4319 1690 4369 oculos
1720 4318 1928 4368 mentis

258 4428 305 4467 et
337 4416 624 4468 custodiat
656 4429 747 4464 vos
768 4415 875 4477 per
904 4428 1064 4462 omne
1099 4420 1317 4475 tempus
1348 4412 1412 4460 in
1446 4412 1781 4473 operibus,et
1809 4425 1927 4459 ser-

262 4510 555 4570 monibus,
583 4515 638 4556 et
658 4505 915 4570 cogitatis
946 4503 1118 4555 bonis.
1152 4505 1307 4561 Nihil
1339 4503 1726 4576 praetermisit
1769 4502 1928 4576 quod

270 4600 386 4656 Deo
438 4615 569 4655 non
604 4596 876 4665 referret,
907 4595 1311 4668 cognitionem
1343 4594 1469 4666 Dei,
1515 4610 1717 4666 opera,
1750 4593 1928 4662 dicta,

285 4696 339 4743 et
355 4687 747 4764 cogitationes
775 4686 983 4742 bonas.
1018 4685 1250 4741 Catech.
1282 4684 1372 4752 20,
1404 4700 1463 4739 n.
1491 4684 1561 4737 8:
1600 4682 1806 4732 Potens
1852 4690 1931 4732 est

292 4778 437 4838 Deus,
471 4777 580 4844 qui
610 4792 703 4826 vos
724 4784 995 4840 tanquam
1023 4790 1091 4822 ex
1118 4773 1360 4825 mortuis
1384 4774 1537 4823 vivos
1570 4781 1932 4835 representa-

280 4870 375 4931 cit,
406 4868 559 4921 vobis
589 4868 727 4917 dare
750 4874 813 4916 ut
843 4867 905 4916 in
928 4865 1171 4915 novitate
1198 4867 1329 4916 vita:
1350 4862 1671 4928 ambuletis,
1694 4864 1817 4923 Cat.
1840 4866 1930 4938 23,

279 4979 338 5018 ιι.
370 4966 473 5018 23:
514 4962 665 5011 Deus
687 4960 850 5022 pacis
879 4958 1189 5024 sanctiﬁcet
1242 4973 1332 5008 vos
1366 4966 1519 5020 totos,
1576 4965 1627 5006 et
1658 4956 1935 5020 integrum

276 5061 527 5101 vestrum
563 5066 774 5113 corpus,
811 5058 859 5099 et
884 5051 1082 5099 anima
1110 5055 1161 5097 et
1179 5047 1424 5111 spiritus
1450 5046 1515 5095 in
1534 5046 1777 5096 adventu
1797 5046 1936 5095 Jesu

280 5142 489 5194 Christi
516 5150 794 5190 servetur.
827 5139 1091 5212 Epistola
1120 5138 1195 5195 ad
1210 5138 1541 5206 Constant.,
1573 5154 1632 5192 n.
1656 5140 1686 5190 7
1711 5153 1724 5191 :
1752 5135 1938 5198 Hujus

275 5246 325 5286 te
347 5236 544 5299 gratia
573 5250 641 5285 ac
654 5232 915 5297 potentia
940 5234 1246 5294 protectum
1276 5238 1443 5294 atque
1459 5230 1758 5287 letantem,
1794 5230 1938 5281 illu-

275 5326 689 5390 strioribusque
717 5338 783 5374 ac
837 5320 1154 5383 majoribus
1197 5320 1422 5382 pietatis
1456 5319 1664 5385 ofﬁciis
1694 5321 1944 5370 condeco-

283 5427 538 5467 ratum...
574 5418 725 5466 Deus
761 5415 934 5464 totius
994 5412 1122 5461 boni
1178 5410 1423 5475 largitor
1450 5419 1766 5473 conservet;
1794 5429 1854 5469 ιι,
1888 5414 1942 5483 8,

298 5507 589 5559 Valentem
619 5514 668 5556 te
694 5515 744 5556 et
776 5504 936 5555 omni
963 5511 1230 5553 ornatum
1266 5502 1491 5563 virtute,
1519 5510 1947 5570 consuetamque

291 5615 420 5650 cum
436 5599 686 5651 Romani
704 5594 939 5660 imperii
958 5603 1080 5645 tum
1099 5601 1428 5643 sanctarum
1447 5591 1833 5643 Ecclesiarum
1852 5608 1948 5644 cu-

296 5706 423 5742 ram
445 5700 747 5756 gerentem,
781 5695 837 5738 et
889 5685 1263 5750 amplioribus
1314 5683 1540 5748 pietatis
1560 5685 1824 5748 praemiis
1852 5700 1950 5735 etc-

295 5784 736 5845 splendentem...
798 5782 953 5831 Deus
982 5778 1140 5828 nobis
1198 5775 1489 5837 concedat;
1538 5776 1948 5841 gloriﬁcantem

2008 1986 2136 2026 ram
2168 1971 2231 2025 in
2263 1968 2436 2024 nobis
2469 1968 2666 2035 flat;n.
2697 1968 2784 2033 17,
2816 1968 2936 2019 uta
2966 1961 3293 2017 tentatione
3316 1974 3437 2014 non
3457 1956 3666 2012 obrua-

2006 2078 2160 2130 mur,
2196 2060 2299 2116 sed
2328 2073 2614 2133 generose
2644 2061 2704 2111 et
2730 2054 2967 2111 fortiter
2996 2052 3313 2108 evadamus
3338 2067 3352 2117 ;
3385 2066 3445 2104 n.
3468 2049 3558 2117 18,
3589 2050 3656 2101 ut

2005 2152 2331 2207 liberemur
2351 2166 2386 2205 a
2407 2147 2666 2204 diabolo.
2685 2145 2908 2200 Eodem
2934 2143 3143 2199 referri
3166 2144 3419 2214 possunt
3437 2138 3656 2212 gratia-

2005 2258 2139 2297 rum
2172 2240 2455 2296 actiones.
2488 2238 2586 2293 Ait
2614 2242 2727 2293 cat.
2758 2237 2851 2303 23,
2884 2251 2943 2290 n.
2978 2237 3030 2301 5,
3073 2233 3209 2280 Vere
3235 2229 3456 2294 gratias
3494 2239 3660 2290 agere

2006 2330 2280 2389 debemus,
2309 2329 2456 2393 quod
2503 2341 2631 2376 cum
2679 2324 2910 2387 inpigni
2941 2335 3202 2382 essemus,
3251 2319 3325 2368 ad
3354 2323 3564 2368 tantam
3598 2328 3664 2363 ac

2007 2422 2179 2472 talem
2210 2435 2311 2470 nos
2340 2418 2552 2467 vocavit
2580 2415 2831 2479 gratiam
2851 2429 2870 2463 :
2913 2410 3063 2476 quod
3106 2424 3235 2461 cum
3263 2406 3492 2458 inimici
3525 2417 3664 2455 esse-

2008 2529 2156 2574 mus,
2193 2527 2292 2562 nos
2326 2508 2750 2567 reconciliavit;
2782 2505 2928 2571 quod
2962 2502 3191 2565 Spiritu
3244 2497 3557 2561 adoptionis
3586 2499 3668 2546 est

2010 2602 2391 2667 dignatus.En
2404 2599 2772 2657 vocationem
2794 2589 3664 2660 nostram,reconciliationem,

2012 2690 2581 2765 adoptionem,dona
2602 2687 2705 2743 Dei
2726 2684 2982 2760 gratuito
3004 2687 3065 2739 et
3083 2678 3541 2737 immerentibus
3555 2693 3668 2733 con

2015 2801 2203 2853 cessa,
2222 2782 2328 2839 sed
2345 2780 2489 2854 quid
2505 2795 2727 2848 moror,
2748 2775 2984 2849 singula
2998 2772 3351 2829 Christianas
3374 2770 3505 2825 vitae
3533 2767 3665 2823 offi-

2015 2876 2107 2932 cia
2140 2872 2544 2947 particulatim
2569 2869 2830 2943 probans
2852 2883 2924 2922 ex
2950 2864 3191 2937 Cyrillo,
3229 2862 3441 2918 divinae
3463 2858 3668 2934 gratim

2015 2962 2379 3022 adminiculo
2419 2960 2625 3035 perfici
2646 2959 2674 3015 ‘l
2701 2958 2795 3014 Sic
2823 2956 2927 3012 ille
2958 2954 3162 3012 omnia
3190 2960 3521 3018 enumerat,
3551 2955 3664 3004 cat.

2018 3059 2106 3124 16,
2165 3072 2225 3111 n.
2286 3055 2374 3122 12,
2437 3050 2648 3100 Anima
2718 3046 3027 3111 peccatrix,
3095 3058 3203 3105 per
3267 3040 3669 3104 paenitentiam

2016 3145 2271 3207 Spiritus
2300 3141 2484 3191 sancti
2513 3139 2654 3189 dono
2683 3136 2928 3201 dignata,
2970 3133 3226 3195 justitiae
3266 3144 3507 3180 racemos
3532 3143 3672 3192 por-

2021 3245 2120 3287 tat.
2156 3237 2406 3299 Cumque
2433 3233 2534 3282 ille
2566 3231 2746 3281 unius
2795 3236 2847 3278 et
2875 3227 3125 3289 ejusdem
3170 3224 3324 3274 modi
3350 3223 3442 3284 sit,
3472 3221 3679 3272 multi-

2015 3327 2194 3391 plices
2225 3335 2411 3376 tamen
2441 3323 2651 3372 virtute
2674 3328 2959 3384 operatur.
2990 3317 3138 3368 Nam
3166 3315 3407 3366 alterius
3452 3311 3681 3378 quidem

2020 3420 2212 3470 utitur
2239 3417 2446 3480 lingua
2475 3414 2549 3465 ad
2596 3412 2958 3476 sapientiam,
3014 3409 3256 3460 alterius
3284 3413 3529 3457 mentem
3543 3418 3683 3467 pro-

2012 3508 2212 3574 phetia
2226 3509 2507 3563 illustrat,
2522 3503 2659 3554 huic
2671 3501 3068 3566 fugandorum
3099 3501 3421 3549 daemonum
3443 3502 3684 3560 potesta-

2025 3605 2133 3647 tem
2165 3595 2439 3658 impertit,
2455 3593 2551 3643 illi
2572 3591 2799 3642 divinas
2826 3590 3160 3651 Scripturas
3181 3584 3555 3649 interpretari
3573 3584 3687 3634 lar-

2021 3689 2201 3752 gitur.
2230 3684 2485 3736 Alterius
2543 3680 2976 3745 temperantiam
3027 3678 3128 3737 (vel
3159 3675 3319 3726 aliter
3349 3675 3684 3735 castitatem)

2025 3776 2353 3835 corroborat,
2398 3774 2584 3825 alium
2629 3787 2755 3837 qua:
2784 3771 2857 3821 ad
2910 3768 3378 3825 misericordiam,
3404 3766 3496 3821 vel
3525 3765 3682 3821 elee.

2026 3884 2337 3943 mosynam
2350 3866 2681 3929 pertineant
2697 3864 2865 3924 docet;
2879 3862 3065 3911 alium
3080 3859 3348 3921 jejunare
3367 3865 3419 3905 et
3436 3854 3683 3905 asceticae

2026 3961 2157 4010 vitae
2215 3957 2640 4008 exercitationes
2675 3954 2911 4003 tolerare
2964 3951 3129 4012 docet,
3183 3949 3367 3999 alium
3402 3945 3686 4017 commoda

2028 4051 2277 4115 corporis
2297 4047 2683 4107 contemnere}
2703 4045 2887 4097 alium
2909 4044 2983 4094 ad
3006 4041 3359 4106 martyrium
3372 4045 3685 4103 praeparat.

2030 4134 2179 4200 Quid
2198 4134 2260 4189 in
2282 4133 2549 4190 animam
2570 4128 2834 4185 hominis
2853 4127 3097 4183 veniens
3118 4124 3298 4181 faciat
3318 4121 3572 4194 Spiritus
3597 4136 3691 4177 ex-

2029 4224 2201 4298 ponit
2229 4242 2288 4280 ιι,
2323 4225 2411 4289 16,
2447 4221 2611 4269 Venit
2667 4219 2906 4274 salvare,
2939 4227 3166 4280 sanare,
3207 4213 3413 4270 docere,
3444 4224 3688 4267 monere,

2031 4317 2309 4378 roborare,
2340 4309 2639 4369 consolari,
2678 4309 2978 4360 illustrare
3006 4313 3247 4355 mentem
3268 4298 3528 4366 primum
3564 4301 3692 4362 eius

2033 4423 2069 4458 a
2096 4422 2205 4472 quo
2237 4404 2570 4467 suscipitur,
2602 4399 2802 4453 dehinc
2829 4406 2879 4448 et
2916 4398 3169 4449 aliorum
3202 4396 3382 4457 hujus
3410 4407 3609 4457 opera;
3638 4395 3693 4443 et

2036 4514 2089 4549 n.
2118 4498 2199 4556 22,
2236 4494 2499 4557 Conspice
2526 4492 2806 4555 cujusque
2836 4489 3021 4555 gentis
3076 4488 3355 4551 episcopos
3401 4486 3693 4551 presbyte-

2034 4606 2146 4653 ros,
2178 4588 2455 4645 diaeonos,
2488 4583 2786 4635 monachos
2811 4582 3082 4645 virgines,
3114 4588 3167 4630 et
3210 4578 3459 4643 reliquos
3480 4577 3690 4631 laicos:

1961 4668 2009 4736 D
2038 4690 2091 4731 et
2119 4681 2242 4730 vide
2272 4692 2549 4742 magnum
2577 4683 2839 4726 rectorem
2876 4686 2942 4722 ac
2976 4670 3271 4736 prcesidem
3308 4670 3695 4733 donorumque

2042 4774 2392 4837 largitorem,
2425 4768 2692 4836 quomodo
2743 4767 2807 4816 in
2861 4764 2990 4815 orbe
3034 4771 3142 4812 toto
3198 4763 3294 4812 illi
3346 4760 3693 4823 pudicitiam

2041 4864 2142 4915 isti
2161 4870 2495 4926 perpetuam
2524 4854 3065 4922 virginitatem,huic
3097 4852 3565 4911 misericordiam,
3586 4840 3696 4899 alii

2034 4950 2395 5016 paupertatis
2416 4948 2666 4998 studium
2695 4944 2979 4996 attribuit.
3013 4945 3203 5013 Atque
3223 4940 3349 4997 haec
3380 4938 3558 5011 plane
3580 4936 3697 4994 suf-

2045 5045 2277 5113 ﬁciunt,
2297 5046 2364 5098 ut
2383 5041 2752 5114 intelligatur
2770 5034 2973 5110 Cyrilli
2996 5030 3296 5089 sententia.
3313 5028 3539 5084 bonum
3559 5026 3699 5085 nul-

2045 5134 2172 5190 lum
2203 5149 2356 5203 esse,
2415 5131 2577 5204 quod
2607 5148 2641 5187 a
2672 5129 2776 5185 Dei
2833 5125 3054 5182 auxilio
3111 5138 3232 5178 non
3262 5119 3700 5193 proficiscatur.

2049 5226 2189 5290 Quze
2220 5222 2464 5295 quidem
2508 5218 2786 5294 pluribus
2814 5215 2947 5272 aliis
2999 5210 3358 5268 testimoniis
3392 5209 3514 5267 sive
3546 5226 3579 5265 a
3607 5225 3703 5266 me

2052 5314 2301 5370 inferius
2332 5309 2722 5377 adducendis,
2758 5307 2875 5363 sive
2908 5304 2982 5361 ob
3014 5302 3264 5360 nimiam
3297 5301 3530 5375 capiam
3561 5318 3707 5373 pras-

2051 5403 2348 5462 termissis
2377 5402 2554 5475 plane
2586 5398 3041 5456 confirmantur.

2167 5506 2249 5554 De
2273 5504 2535 5568 gratuita
2562 5516 2628 5552 ac
2653 5496 3024 5562 ,orcevenienti
3043 5496 3248 5560 gratiae
3278 5493 3604 5558 largitione.

2126 5589 2217 5641 47.
2251 5586 2559 5658 Praecipua
2584 5582 2788 5657 gratiae
2842 5579 2948 5636 dos
3006 5583 3115 5645 est,
3150 5594 3282 5648 quas
3340 5576 3470 5649 ejus
3527 5576 3708 5631 etiam

2057 5676 2300 5734 nomine
2332 5676 2693 5743 continetur,
2723 5676 2790 5728 ut
2816 5669 3075 5745 gratuita
3104 5669 3201 5738 sit,
3229 5671 3287 5723 et
3332 5665 3706 5723 immerenti-

2056 5769 2169 5826 bus
2199 5767 2327 5825 sola
2348 5766 2449 5823 Dei
2479 5764 2844 5838 benignitate
2866 5774 3189 5819 concessa:
3212 5755 3540 5815 ut‘me’ritis
3569 5753 3704 5811 niil-
