4024 6422
310 360 430 422 215
1608 349 1710 412 DE
1753 349 1941 415 VITA
1983 345 2002 410 ε

2120 348 2428 418 iYRILLI.
3627 351 3766 413 216

312 495 390 552 lis
420 495 494 552 ab
525 493 771 550 homine
787 495 1184 566 comparetur,
1200 490 1305 547 sed
1327 491 1456 562 ipsa
1477 487 1839 543 voluntatem
1861 485 1969 540 hu-
1996 482 2050 551 Α
2081 493 2314 545 mentes
2337 489 2686 548 inductione
2715 507 2728 546 :
2753 495 2814 547 at
2841 507 2948 564 ego
2971 494 3029 546 te
3049 485 3447 545 nihilominus
3467 483 3761 564 admitto,

319 603 559 642 manam
582 583 1223 657 prmveniatznullaque
1238 577 1974 650 hominispraaparatione,
2083 592 2331 650 sperans
2362 587 2566 637 nostro
2597 581 2800 638 labore
2836 586 2895 636 et
2923 579 3142 636 Christi
3172 578 3380 652 gratia,
3405 593 3591 650 pravo
3613 577 3761 632 ani.

321 675 536 744 studio,
563 681 665 731 aut
685 675 780 747 pio
808 673 1104 729 desiderio
1128 670 1521 744 prmveniatur
1543 686 1557 734 ;
1582 668 1663 723 ita
1684 671 1748 722 ut
1782 666 1830 722 si
1863 681 1970 737 ρο·
2081 669 2161 724 mi
2194 670 2398 726 habitu
2429 671 2685 744 abjecto,
2721 678 2778 727 te
2809 671 2884 727 ad
2929 670 3178 726 meliora
3233 683 3589 724 conversum
3620 667 3760 734 iri.)

322 767 601 823 steriores
621 771 678 820 et
697 763 1018 836 ampliores
1038 762 1257 835 gratias
1279 760 1518 833 pietatis
1545 757 1811 830 profectu
1837 772 1973 827 pro—
2081 759 2204 814 Cat.
2242 763 2328 828 16,
2361 778 2527 818 num.
2563 765 2648 830 19,
2673 761 2862 818 multa
2880 759 3297 833 prmvenientis
3316 758 3522 831 gratim
3546 773 3756 812 exem-

320 862 620 912 mereatur
651 860 708 910 et
736 853 1005 924 acquirat
1035 853 1234 918 homo,
1274 850 1553 906 meritum
1585 847 1737 902 illud
1759 846 1972 918 priori-
2082 849 2183 920 pla
2205 858 2651 908 commemorat:
2681 852 2748 901 Si
2779 851 3004 916 quando
3027 849 3240 900 sedenti
3271 849 3457 897 tibide
3485 847 3758 896 castitate

320 947 430 1002 bus
455 945 660 1019 gratiis
689 943 860 999 nobis
891 943 1266 1006 donatum,et
1288 941 1346 996 in
1379 939 1552 995 nobis
1574 939 1853 994 etl'ectum
1877 935 1971 992 sit.

321 1038 444 1102 Quo
478 1036 564 1099 ﬁt,
595 1040 662 1090 ut
691 1039 874 1089 totum
905 1033 1116 1088 salutis
1146 1036 1366 1086 DOStFtB
1391 1046 1540 1101 opus
1562 1027 1774 1082 divinae
1805 1025 1976 1080 mise-

320 1125 591 1182 ricordiae
624 1124 931 1190 debeatur,
961 1127 1020 1176 et
1048 1122 1166 1177 vita
1195 1125 1438 1186 interna,
1465 1133 1809 1190 quanquam
1833 1115 1976 1170 solis

317 1217 616 1272 bonorum
647 1231 896 1286 operum
927 1211 1157 1268 meritis
1179 1211 1431 1283 justitias
1465 1209 1634 1264 titulo
1669 1222 1974 1273 concessa,

320 1307 452 1380 ipsa
508 1306 687 1362 etiam
727 1304 916 1377 gratia
973 1304 1089 1370 sit;
1144 1302 1430 1373 quoniam
1493 1299 1706 1355 merita
1760 1296 1978 1369 quibus

320 1394 677 1469 [CLXXVIII]
717 1398 1114 1466 comparatur,
1147 1391 1404 1465 gratuita
1462 1394 1603 1445 sunt
1665 1387 1765 1443 Dei
1797 1386 1975 1442 dona.

324 1485 457 1542 Haec
481 1485 683 1541 omnia
703 1483 956 1555 Cyrillus
979 1487 1183 1538 noster
1204 1485 1263 1536 et
1281 1479 1516 1552 agnovit
1537 1483 1596 1534 et
1616 1476 1977 1550 praedicavit.

325 1576 525 1632 Primo
558 1575 719 1632 enim
751 1573 799 1629 si
832 1573 906 1630 ad
939 1589 1116 1628 omne
1146 1588 1295 1644 opus
1328 1570 1552 1626 bonum
1599 1565 1982 1624 efficiendum

2080 957 2173 996 aut
2201 950 2534 1011 virginitate
2565 952 2850 1000 succurrit
2873 950 3150 1014 cogitatio,
3179 947 3635 1010 Spiritussancti
3655 946 3760 995 do-

2083 1043 2268 1091 ctrina
2302 1050 2396 1092 est.
2432 1044 2630 1093 Nonne
2653 1045 2940 1093 multoties
2960 1042 3161 1104 puella
3181 1041 3312 1102 jam
3354 1041 3426 1089 ad
3456 1040 3758 1100 nuptiates

2085 1130 2355 1180 thalamos
2386 1135 2688 1184 constituta
2718 1133 2970 1196 aufugit,
3003 1133 3106 1182 illo
3135 1131 3200 1180 de
3234 1130 3575 1194 virginitate
3625 1143 3755 1177 eru-

2084 1221 2268 1272 diente
2287 1226 2310 1272 τ
2338 1224 2519 1273 nonne
2546 1240 2792 1287 perscepe
2820 1225 2979 1274 homo
3009 1224 3071 1272 in
3093 1222 3336 1285 palatiis
3384 1220 3751 1282 conspicuus,

2085 1326 2210 1372 opes
2243 1319 2292 1360 et
2322 1312 2658 1375 dignitatem
2685 1313 2946 1375 conspuit
2969 1328 3004 1362 a
3035 1311 3264 1374 Spiritu
3282 1317 3473 1359 sancto
3502 1307 3760 1357 edoctus?

2087 1417 2272 1452 nonne
2295 1403 2636 1468 plerumque
2654 1404 2986 1462 adolescens,
3019 1402 3316 1466 speciosam
3345 1405 3599 1463 formam
3623 1414 3760 1448 con-

2085 1486 2348 1550 spiciens,
2378 1488 2564 1536 oculos
2594 1489 2936 1550 compressit,
2959 1496 3009 1537 et
3033 1488 3223 1538 videre
3250 1484 3584 1542 declinavit,
3600 1490 3655 1532 et
3678 1484 3762 1532 in-

2086 1577 2516 1640 quinamentum
2538 1578 2763 1642 eﬁugitl
2776 1580 2926 1628 unde
2946 1577 3096 1628 illud
3112 1580 3349 1638 factum,
3367 1573 3763 1638 mgasISpiri-

327 1665 660 1722 necesssria
691 1664 769 1719 sit
798 1663 1008 1735 gratia,
1039 1666 1106 1716 ut
1136 1660 1311 1716 modo
1346 1676 1415 1714 ex
1442 1657 1660 1730 Cyrillo
1712 1656 1981 1730 probaVi-
2091 1674 2180 1712 tus
2201 1675 2430 1716 sanctus
2475 1667 2838 1718 adolescentis
2861 1675 3097 1717 mentem
3118 1667 3348 1716 edocuit.
3362 1665 3450 1715 Tot
3464 1670 3606 1713 sunt
3637 1677 3764 1712 aca-

330 1754 762 1825 mus,sequitur
781 1753 1032 1824 gratiam
1054 1750 1236 1807 nullis
1257 1749 1431 1806 bonis
1453 1749 1732 1821 operibus
1754 1765 1982 1820 praeve-
2090 1757 2246 1805 rilice
2262 1757 2597 1818 cupiditates
2634 1760 2696 1808 in
2729 1758 2956 1816 mundo,
2985 1765 3037 1806 et
3071 1764 3466 1819 paupertatem
3498 1754 3761 1802 volunta-

332 1845 470 1912 niri,
506 1848 564 1899 et
594 1841 701 1900 sub
756 1842 1036 1898 meritum
1075 1857 1194 1896 non
1228 1839 1464 1906 cadere,
1522 1839 1804 1910 quoniam
1833 1837 1984 1892 nihil
2017 1864 2065 1931 Β
2105 1846 2255 1896 riam
2297 1848 2910 1899 ectanturChristiani:
2933 1847 3307 1912 quamobrem?
3327 1853 3561 1908 propter
3577 1841 3764 1892 sancti

331 1935 494 1993 aliud
515 1949 647 1989 eam
669 1932 784 1988 nisi
807 1931 966 1988 bona
986 1947 1167 2003 opera
1188 1929 1514 2003 promereri
1540 1933 1809 2001 possunt.
1835 1930 1988 1984 Prm-

331 2032 495 2081 terea
524 2024 802 2079 meritum
837 2038 1013 2078 omne
1046 2020 1162 2076 ﬁde
1188 2026 1245 2075 et
1276 2019 1543 2076 oratione
1574 2022 1982 2090 comparatur;

329 2115 607 2185 donaque
644 2129 750 2168 sua
781 2113 983 2168 omnia
1014 2113 1166 2166 Deus
1193 2109 1265 2165 ab
1297 2110 1564 2166 oratione
1598 2107 1983 2181 suspendisse

332 2205 583 2271 videtur,
619 2208 684 2258 ut
716 2208 773 2257 et
802 2201 1056 2272 Cyrillus
1089 2202 1215 2272 ipse
1247 2199 1454 2254 homil.
1484 2200 1542 2253 in
1587 2197 1983 2269 paralyticum,

333 2311 499 2352 num.
533 2295 588 2362 4,
620 2293 828 2350 docet:
863 2299 922 2348 at
952 2290 1130 2346 fidem
1165 2296 1223 2345 et
1251 2289 1585 2344 orationem
1617 2287 1806 2359 ipsius
1846 2303 1986 2342 sen-

333 2385 521 2440 tentia
549 2383 751 2456 gratiae
775 2382 1000 2437 fructus
1024 2396 1152 2435 esse
1175 2377 1556 2450 probavimus
1576 2377 1756 2449 hujus
1778 2375 1988 2447 capitis

337 2489 501 2530 num.
545 2475 612 2527 44
635 2478 693 2527 et
713 2474 801 2527 45.
833 2470 942 2526 Sed
967 2470 1096 2542 jam
1128 2469 1350 2524 diserta
1378 2466 1582 2539 Cyrilli
1615 2465 1686 2520 de
1735 2465 1990 2536 gratuita

340 2580 408 2620 ac
437 2562 651 2619 merita
670 2560 1055 2634 praevenienti
1087 2559 1289 2632 gratiae
1311 2556 1624 2630 largitione
1649 2554 1991 2611 testimonia

338 2651 697 2726 proferenda
726 2655 885 2706 sunt.
915 2650 1044 2705 lam
1074 2647 1383 2704 attulimus
1415 2646 1610 2702 locum
1643 2663 1714 2701 ex
1753 2649 1866 2702 cat.
1897 2645 1987 2713 23,

341 2761 401 2800 ιι.
436 2746 489 2810 5,
525 2757 640 2814 quo
673 2740 978 2814 explicans
1007 2738 1186 2794 verba
1207 2737 1478 2810 Liturgiae
1505 2736 1723 2786 Gratias
1753 2749 1991 2798 agamus

340 2833 595 2891 Domino,
629 2832 714 2888 ait
753 2847 864 2886 nos
920 2829 1138 2904 gratias
1197 2844 1368 2902 agere
1426 2825 1641 2882 debere
1688 2824 1836 2890 quod
1865 2838 1992 2872 cum

339 2923 569 2989 indigni
631 2938 894 2981 essemus,
925 2923 998 2972 ad
1033 2929 1248 2970 tantam
1307 2934 1403 2968 nos
1458 2923 1670 2968 vocavit
1707 2915 1992 2980 gratiam;

336 3032 464 3066 cum
493 3015 715 3068 inimici
745 3028 990 3064 essemus
1026 3028 1126 3061 nos
1170 3008 1556 3062 reconciliavit
1587 3016 1638 3058 et
1678 3006 1995 3070 adoptionis

335 3106 561 3169 Spiritu
594 3105 795 3171 dignos
828 3105 1032 3170 ejfeoit,
1067 3103 1249 3159 simili
1298 3101 1474 3158 modo
1513 3099 1717 3174 p0puli
1748 3115 1993 3171 respon-

339 3196 593 3265 sionem,
642 3194 888 3257 Dignum
923 3201 969 3241 ει
1000 3190 1224 3253 iustum
1252 3199 1348 3249 εει.
1391 3191 1715 3263 explicans,
1749 3190 1996 3262 ejusque

343 3289 461 3344 vim
510 3287 824 3360 aperiens:
858 3285 1002 3334 Dum
1060 3283 1280 3347 gratias
1328 3297 1576 3348 agimus,
1634 3281 1850 3353 inquit,
1881 3294 2000 3328 rem

347 3372 580 3442 dignam
612 3377 839 3439 agimus
869 3383 917 3424 et
947 3371 1202 3436 justam;
1240 3373 1356 3435 ipse
1389 3380 1578 3421 autem
1608 3386 1720 3421 non
1731 3371 1894 3433 juste
1911 3368 2006 3418 sed

350 3477 564 3532 praeter
581 3465 814 3529 justum
845 3480 1014 3529 agens
1045 3463 1204 3514 nobis
1235 3461 1518 3524 benefecit,
1551 3462 1829 3525 tantisque
1849 3460 2006 3510 bonis

349 3555 549 3621 dignos
578 3554 778 3622 eiecit.
813 3554 1232 3612 Misericordiae
1255 3554 1434 3627 igitur
1453 3552 1636 3608 solius
1659 3569 1808 3624 opus
1831 3555 1922 3607 est
1951 3555 2010 3606 et

355 3645 810 3705 immerentibus
866 3661 1238 3710 concessum,
1295 3642 1355 3698 id
1386 3648 1574 3698 totum
1605 3641 1765 3714 quod
1795 3658 1904 3698 nos
1936 3640 2010 3696 ad

345 3738 646 3812 justitiam
671 3742 730 3793 et
752 3737 1004 3793 salutem
1027 3734 1291 3791 deduxit.
1317 3735 1686 3806 Quapropter
1709 3733 1768 3788 in
1799 3731 2008 3788 lauda-

353 3831 428 3886 tis
442 3829 593 3903 jam.
618 3844 786 3884 num.
813 3829 903 3899 46,
927 3825 1159 3882 duobus
1183 3842 1253 3880 ex
1276 3830 1388 3880 cat.
1415 3825 1503 3892 18,
1536 3822 1705 3893 locis,
1738 3840 1844 3879 sua
1873 3839 2011 3895 gra-

353 3922 436 3977 tia
466 3921 652 3978 Deum
680 3935 788 3975 nos
820 3917 895 3974 ad
926 3916 1105 3973 vitam
1133 3921 1419 3972 aeternam
1452 3912 1777 3987 perducere
1829 3912 2014 3967 conﬁ-

353 4013 528 4065 tetur.
563 4013 757 4080 Atque
785 4013 854 4064 ut
883 4006 955 4063 ab
987 4007 1132 4078 ipsis
1167 4005 1376 4061 salutis
1409 4004 1596 4059 initiis
1619 3999 2016 4074 incipiam,ad

353 4110 537 4154 unam
571 4095 818 4154 viventis
873 4101 931 4152 et
961 4094 1386 4166 triumphantis
1441 4092 1708 4149 cruciﬁxi
1741 4092 2017 4147 virtutem

353 4189 557 4259 refert,
583 4186 742 4259 quod
775 4182 1138 4257 baptismum
1171 4182 1520 4254 requisituri
1545 4181 1619 4237 ad
1659 4180 2018 4238 catechesim

355 4277 659 4336 auditores
691 4275 783 4332 sui
815 4274 1226 4340 convenerint,
1261 4277 1373 4328 cat.
1414 4273 1502 4340 13,
1531 4289 1591 4326 n.
1625 4274 1694 4326 40
1726 4288 1738 4326 ;
1773 4271 1878 4320 Hoc
1934 4271 2021 4332 ip.

355 4388 481 4426 sum
517 4373 665 4439 quod
697 4388 852 4424 nunc
885 4369 1032 4435 ades,
1071 4370 1348 4437 Cruciﬁxi
1364 4370 1636 4420 virtutem
1655 4370 1762 4420 tibi
1780 4385 2023 4439 persuaf

354 4466 497 4516 deat.
535 4463 673 4520 Quis
723 4460 874 4514 enim
911 4472 961 4512 te
991 4478 1145 4514 nunc
1174 4462 1248 4512 ad
1299 4462 1454 4512 hunc
1493 4471 1686 4511 coetum
1743 4435 2022 4511 adduxitg

355 4558 459 4622 qui
487 4557 700 4607 milites
719 4557 744 4604 Ρ
771 4554 976 4620 quibus
1009 4570 1064 4603 es
1100 4553 1346 4604 vinculis
1368 4562 1586 4603 coactus
1608 4553 1627 4603 τ
1647 4569 1772 4617 qua
1793 4561 1844 4602 te
1869 4568 2024 4602 nunc

354 4645 580 4698 adursit
598 4641 823 4708 judicis
852 4644 1170 4695 sententia!
1226 4658 1418 4693 verum
1454 4643 1708 4693 salutare
1740 4643 1878 4693 Jesu
1909 4651 2023 4692 tro-
2051 4624 2100 4690 Ῑ)

348 4753 563 4802 pwum,
595 4751 756 4795 crux,
793 4747 979 4784 omnes
1010 4732 1123 4782 huc
1159 4733 1352 4797 coegit.
1387 4735 1562 4791 Natat
1605 4739 1830 4806 procat.
1872 4749 1932 4791 ιι,
1964 4736 2017 4805 5,

356 4829 566 4886 multos
590 4827 692 4900 qui
725 4826 860 4882 flete
888 4829 948 4880 et
975 4822 1254 4881 simulate
1281 4824 1597 4897 pravisque
1619 4823 2023 4880 voluntatibus

366 4921 443 4980 ad
472 4919 836 4994 baptismum
893 4915 1268 4983 accederent,
1303 4913 1522 4971 Christi
1583 4913 1760 4972 hamo
1801 4920 2024 4988 captos,

361 5011 584 5085 Spiritu
643 5010 896 5067 salutem
951 5011 1322 5064 consecutos.
1384 5006 1564 5062 Ilami,
1592 5005 1808 5077 inquit,
1840 5004 2030 5054 illece-

365 5109 528 5160 bram
561 5123 742 5166 sumo,
774 5122 839 5157 ac
866 5105 1076 5169 recipio
1111 5114 1162 5155 te
1190 5102 1335 5154 malo
1365 5104 1591 5167 quidem
1620 5103 1910 5166 proposito
1941 5117 2030 5151 ve-

365 5199 632 5257 nientem,
663 5206 722 5247 at
757 5211 852 5258 spe
907 5198 1049 5246 bona
1097 5194 1455 5246 saloandum.
1496 5194 1612 5246 Quo
1667 5193 1900 5253 venires,
1932 5209 2031 5242 cu-

354 5289 616 5354 jusmodi
653 5296 704 5338 te
739 5295 854 5336 rete
910 5288 1203 5348 exciperet,
1235 5289 1384 5349 forte
1418 5284 1714 5335 neseiebas.
1773 5282 2032 5334 lnoidisti

363 5374 428 5430 in
459 5381 606 5430 retia
633 5377 1020 5434 ecclesiastica,
1057 5377 1219 5426 vivus
1251 5377 1490 5438 capiare,
1525 5392 1594 5426 ne
1621 5377 1838 5440 fugias.
1867 5377 2032 5438 Capit

363 5471 522 5522 enim
554 5477 603 5518 te
623 5469 790 5519 hamo
816 5468 1006 5522 Jesus.
1036 5470 1052 5540 (
1087 5470 1174 5523 Ita
1203 5467 1445 5540 quidem
1487 5468 1686 5525 locum
1735 5467 2028 5537 intelligo,

369 5561 472 5634 qui
504 5563 706 5616 tamen
732 5559 892 5615 hunc
923 5573 1167 5614 sensum
1189 5556 1311 5629 pati
1337 5562 1574 5630 potest:
1604 5557 1828 5614 Venisti
1853 5574 2030 5631 prava

442 5711 486 5752 ¹¹
518 5713 683 5771 Rom.
718 5727 833 5768 vm.
865 5711 954 5783 28,
1029 5709 1076 5746 υ
1107 5709 1256 5768 ibid.

2098 1937 2413 2010 [CLXXIX]
2466 1939 2712 2000 Spiritus
2742 1940 3008 1989 intimam
3031 1939 3483 2001 pmoeptionem.
3530 1935 3612 1989 De
3667 1933 3765 2005 pio

2099 2026 2353 2095 latrone,
2379 2033 2490 2083 cat.
2530 2031 2616 2096 13,
2648 2044 2709 2086 n.
2744 2032 2832 2096 31,
2868 2035 3002 2102 post
3032 2027 3389 2085 recensitam
3421 2030 3481 2081 et
3524 2021 3764 2095 exposi-

2100 2120 2222 2170 tam
2253 2115 2636 2173 domissionis
2657 2135 2724 2173 ac
2753 2119 3120 2190 pmnitentite
3142 2118 3383 2189 plenam
3407 2113 3488 2186 pii
3512 2112 3766 2168 latronis

2100 2205 2433 2260 orationem
2485 2206 2559 2261 ad
2590 2207 2912 2276 Christum,
2973 2209 3035 2263 in
3065 2207 3193 2262 hinc
3219 2205 3398 2262 verba
3428 2202 3764 2260 exclamat:

2102 2295 2236 2347 (luce
2258 2305 2322 2352 te,
2355 2311 2385 2344 ο
2408 2296 2573 2354 latro,
2606 2297 2965 2350 illuminavit
2986 2305 3230 2360 potestas
3253 2297 3276 2344 l
3304 2296 3434 2360 quis
3472 2293 3669 2342 docuit
3705 2299 3770 2340 ut

2103 2393 2479 2447 contemptum
2508 2395 2558 2435 et
2590 2397 2767 2438 tecum
2801 2404 2920 2437 una
2963 2389 3305 2452 cruciﬁxum
3332 2384 3639 2434 adoraresi
3675 2399 3759 2438 re-

2102 2475 2394 2548 spondet:
2429 2478 2469 2528 Ο
2499 2478 2678 2528 lucem
2700 2487 2964 2527 aeternam
2994 2493 3119 2542 quae
3145 2477 3388 2537 iacentes
3418 2475 3482 2522 in
3528 2473 3768 2522 tenebris

2102 2574 2402 2623 illuminat
2425 2576 2444 2621 Ι
2472 2569 2696 2628 Deinde
2718 2570 3016 2625 Christum
3037 2568 3482 2640 sicloquentem
3507 2565 3761 2620 inducit:

2107 2663 2244 2714 Veni
2298 2671 2361 2712 ut
2382 2676 2614 2724 pascam
2672 2659 2734 2708 in
2763 2659 2960 2718 hortis,
3014 2673 3167 2708 ovem
3213 2654 3503 2719 perditam
3557 2655 3764 2710 inveni.

2102 2769 2224 2804 eam
2260 2754 2324 2804 in
2354 2752 2615 2802 humeros
2645 2766 2794 2800 meos
2818 2750 3068 2812 accipio;
3095 2748 3270 2798 credit
3298 2745 3473 2796 enim.

2176 2867 2266 2921 48.
2300 2866 2439 2931 Quae
2471 2880 2541 2919 ex
2575 2863 2793 2934 Cyrillo
2820 2861 3102 2917 adversus
3131 2857 3604 2933 praavenientem
3643 2874 3764 2931 gra-

2108 2957 2206 3010 tim
2238 2955 2356 3010 vim
2387 2955 2479 3009 vel
2509 2953 2746 3025 objecta
2776 2958 2934 3020 sunt,
2967 2950 3058 3007 vel
3089 2957 3342 3023 possunt
3361 2949 3567 3022 objici,
3603 2947 3770 3003 facile

2107 3045 2442 3100 diluuntur.
2474 3044 2672 3099 Primo
2702 3043 2787 3098 ait
2815 3047 3038 3115 procat.
3072 3057 3238 3097 num.
3271 3043 3294 3094 1
3327 3057 3340 3096 :
3374 3062 3403 3090 ‹‹
3452 3038 3774 3100 Diligenti-

2107 3137 2209 3184 bus
2242 3135 2420 3182 Deum
2457 3133 2650 3182 omnia
2680 3140 3050 3194 cooperantur
3079 3131 3142 3179 in
3176 3131 3381 3180 bonum
3404 3129 3467 3178 ²¹.
3498 3148 3526 3174 ι
3558 3130 3776 3178 Libera-

2031 3244 2075 3313 ρ
2116 3226 2191 3274 lis
2220 3232 2298 3272 est
2331 3226 2480 3273 Deus
2527 3223 2599 3272 ad
2627 3221 3086 3284 benefaciendum
3114 3238 3133 3281 ;
3181 3229 3447 3270 cwterum
3501 3227 3777 3281 exspectat

2113 3315 2392 3378 cujusque
2427 3313 2707 3362 sinceram
2759 3312 3102 3361 voluntatem
3123 3328 3142 3360 :
3189 3319 3491 3374 propterea
3537 3309 3774 3369 subjecit

2113 3408 2429 3470 Apostolus,
2465 3425 2491 3452 «
2532 3405 2622 3455 his
2670 3406 2781 3468 pui
2824 3404 3134 3454 secundum
3183 3405 3535 3466 propositum
3590 3400 3769 3448 uocati

2114 3507 2249 3548 sunt
2269 3501 2329 3557 υ,
2351 3518 2378 3544 ι
2401 3499 2705 3548 Since’rum
2718 3499 3076 3560 propositum
3102 3511 3230 3544 cum
3250 3493 3522 3557 adfuerit,
3539 3493 3679 3554 facit
3710 3500 3772 3540 ut

2115 3598 2339 3640 vocatus
2382 3589 2500 3649 sis;
2530 3605 2696 3645 num.
2726 3591 2793 3644 8:
2826 3587 2990 3638 Nihil
3037 3587 3202 3636 aliud
3255 3602 3290 3635 a
3324 3584 3483 3634 nobis
3530 3583 3776 3648 requirit

2115 3684 2265 3733 Deus
2287 3690 2500 3743 praeter
2529 3679 2907 3729 inductionem
2927 3677 3115 3727 animi
3143 3677 3362 3728 bonam.
3396 3678 3520 3733 Cat.
3545 3679 3596 3741 1,
3620 3692 3683 3732 n.
3710 3677 3740 3729 3
3765 3691 3777 3729 :

2127 3773 2194 3821 Ut
2253 3771 2298 3821 ii
2358 3771 2460 3836 qui
2488 3771 2701 3820 milites
2753 3768 3134 3830 conscripturi
3161 3774 3317 3825 sunt,
3351 3765 3779 3829 allegendorum

2119 3869 2308 3911 mtates
2338 3869 2388 3910 et
2431 3875 2661 3923 corpora
2690 3860 3025 3921 explorant;
3057 3859 3140 3907 ila
3197 3857 3478 3906 Dominus
3507 3855 3779 3904 delectum

2121 3953 2337 4015 faciens
2359 3952 3030 4010 animarum,voluntates
3057 3949 3307 4014 inquirit
3330 3963 3341 3998 :
3377 3949 3430 3998 ei
3458 3947 3512 3996 si
3530 3948 3660 4012 quis
3679 3945 3782 4010 hy—

2115 4044 2396 4105 pocrisim
2431 4043 2681 4093 abditam
2710 4049 2888 4104 gerat,
2924 4041 3076 4090 hunc
3100 4040 3277 4089 veluti
3305 4038 3378 4088 ad
3403 4053 3591 4087 ceram
3624 4037 3790 4086 mili-

2125 4137 2265 4184 tiam
2297 4134 2552 4196 ineptum
2583 4133 2812 4193 reiicit;
2842 4133 2894 4182 si
2924 4147 3050 4181 vero
3075 4131 3317 4195 dignum
3343 4128 3791 4192 deprehenderit,

2125 4215 2258 4266 huic
2305 4215 2727 4278 promptissime
2775 4216 2986 4275 confert
3031 4213 3300 4277 gratiam.
3343 4214 3415 4267 Et
3443 4210 3668 4266 infra...
3720 4209 3792 4258 Ut

2125 4306 2277 4355 enim
2309 4305 2524 4355 calamo
2584 4303 2882 4366 scriptorio
2939 4303 3026 4352 vel
3056 4303 3162 4351 telo
3218 4301 3532 4351 necessaria
3574 4301 3793 4350 utentis

2127 4412 2294 4460 opera
2327 4405 2423 4452 est,
2477 4397 2559 4446 ita
2588 4404 2638 4445 et
2667 4395 2860 4458 gratia
2910 4394 3260 4444 credentibus
3303 4408 3442 4456 opus
3476 4392 3653 4442 habet.
3689 4393 3792 4447 Se-

2129 4488 2347 4555 eundo,
2379 4487 2451 4542 de
2483 4487 2672 4560 gratia
2712 4486 2965 4559 Spiritus
2995 4484 3206 4555 sancti,
3240 4484 3323 4540 ait
3353 4500 3484 4540 eam
3514 4487 3787 4556 paratam

2130 4578 2406 4634 omnibus
2437 4593 2500 4632 se
2531 4577 2672 4633 dare
2705 4576 2752 4631 si
2785 4577 3052 4648 recipere
3096 4574 3300 4645 velint,
3355 4574 3595 4646 pulsare
3626 4578 3687 4629 et
3717 4591 3789 4630 ex

2133 4673 2399 4740 spectare
2423 4666 2566 4722 dum
2588 4665 2676 4721 illi
2701 4666 2852 4722 ostia
2872 4666 3230 4738 aperiamus.
3255 4665 3377 4721 Cat.
3414 4667 3502 4733 16,
3520 4667 3788 4736 numJQ,

2132 4760 2214 4814 De
2239 4757 2458 4830 Spiritu
2481 4761 2687 4813 sancto
2710 4756 2812 4812 ait:
2846 4755 3094 4805 Tantum
3131 4755 3226 4804 illi
3247 4755 3391 4804 ostia
3424 4752 3791 4816 aperiamus,-

2137 4846 2401 4898 circumit
2429 4847 2580 4897 enim
2633 4861 2894 4911 quaerens
2917 4847 3137 4909 dignos.
3181 4854 3231 4895 et
3261 4846 3558 4910 requirens
3600 4860 3794 4908 quem-

2137 4952 2269 4986 nam
2300 4935 2632 4984 muneribus
2648 4933 2975 4996 impertiat;
3005 4938 3064 4989 et
3092 4951 3152 4988 η·
3183 4935 3251 4988 22
3276 4950 3288 4988 :
3317 4931 3794 4985 Quemadmodum

2137 5027 2243 5075 lux
2271 5041 2385 5074 uno
2415 5024 2566 5074 radii
2595 5023 2845 5084 conjecta
2887 5023 3079 5072 omnia
3131 5023 3428 5072 collustrat
3457 5022 3540 5071 sic
3594 5031 3645 5072 et
3673 5025 3801 5086 Spi-

2137 5117 2289 5166 ritus
2318 5122 2548 5165 sanctus
2582 5129 2670 5163 eos
2719 5113 2822 5177 qui
2851 5113 3038 5162 oculos
3070 5111 3272 5162 habent
3303 5112 3623 5162 illuminat.
3653 5113 3802 5163 Nam

2137 5206 2190 5255 si
2218 5206 2349 5270 quis
2383 5204 2682 5254 caecutiens
2706 5204 2894 5266 gratia
2929 5203 3169 5252 minime
3211 5203 3474 5261 donatur,
3523 5218 3594 5252 ne
3625 5205 3809 5266 Spiri-

2141 5305 2262 5346 tum
2313 5295 2430 5353 ille,
2462 5293 2556 5342 sed
2609 5309 2774 5342 suam
2833 5293 3019 5355 ipsius
3050 5293 3506 5342 incredulitatem
3563 5303 3800 5344 accuset.

2140 5389 2261 5443 Cat.
2289 5387 2377 5455 17,
2400 5401 2566 5440 num.
2594 5387 2657 5438 19
2683 5399 2696 5438 :
2728 5383 2988 5445 Spiritus
3016 5391 3248 5432 sanctus
3278 5399 3554 5446 personas
3582 5398 3696 5433 non
3726 5399 3805 5433 re-

2137 5477 2344 5539 spicit;
2373 5489 2486 5524 non
2515 5473 2672 5523 enim
2703 5473 3004 5536 dignitates
3053 5474 3280 5538 quaerit,
3314 5474 3409 5523 sed
3445 5475 3656 5524 animce
3675 5478 3803 5537 pie-

2142 5573 2367 5616 tatem..
2425 5572 2651 5615 tantum
2709 5562 3104 5628 unusquisque
3133 5579 3190 5612 se
3237 5571 3465 5626 apparet
3494 5563 3568 5614 ad
3621 5566 3800 5617 susci-
