4024 6434
212 441 314 510 21Ἷ

1628 455 2148 527 DISSEBTATIO
2191 469 2298 530 Ill.

3568 478 3692 540 218

219 592 464 685 Ρίεηξῖαπι
516 592 850 685 fde-“mit
1255 590 1466 685 Tertio,
1517 592 1711 685 Deum
1738 597 1798 685 et
1846 594 1920 650 ad
1951 596 2005 666 Α
2036 605 2364 675 sanctoque
2392 604 2768 678 baptismatis
2825 609 3152 684 signaculo.
3213 610 3483 668 Secundo
3515 627 3692 685 argu-

234 673 645 734 conierendam
685 677 979 748 gratiam
1032 680 1202 736 initia
1225 680 1494 753 quadam
1552 698 1587 736 a
1616 681 1787 738 nobis
1819 700 1921 738 ex-

250 772 511 842 spectare,
544 772 608 821 et
644 769 931 841 gratiam
967 771 1158 826 semel
1187 771 1381 828 datam
1412 771 1658 828 arbitrio
1715 780 1919 829 nostro

265 860 338 916 ad
362 859 827 915 conservandum
858 861 1210 933 reliquisse,
1243 862 1335 918 his
1368 863 1722 920 testimoniis
1768 864 1919 920 forte

271 951 528 1006 videbitur
541 949 966 1008 existimasse.
988 953 1220 1008 Procat.
1243 969 1405 1008 num.
1433 957 1496 1008 17
1519 971 1532 1010 :
1561 974 1588 1006 α
1609 955 1801 1010 Meum
1833 960 1923 1010 est

273 1041 677 1110 adicere,tuum
693 1057 840 1096 vero
859 1043 1106 1115 aggredi
1121 1042 1192 1097 ad
1209 1043 1532 1114 opus,»hoc
1548 1050 1639 1100 est
1657 1043 1921 1101 volunta-

258 1138 363 1186 tem
395 1135 452 1184 et
481 1128 882 1186 sedulitatem
924 1131 1000 1187 ad
1060 1132 1348 1204 imperata
1401 1132 1676 1190 facienda
1705 1133 1919 1208 adjun—

243 1236 425 1292 gere,u
437 1220 543 1274 Dei
556 1237 703 1277 vero
719 1221 1040 1292 perﬁcere.
1053 1223 1154 1276 »Et
1166 1222 1917 1295 infra,aiensDeum«posse

241 1335 266 1362 α
289 1327 358 1364 ex
382 1311 622 1367 inﬁdeli
658 1311 909 1367 ﬁdelem
926 1312 1144 1380 facere,
1171 1312 1498 1386 subjungit:
1531 1313 1578 1369 si
1610 1313 1786 1370 modo
1818 1331 1920 1370 cor

238 1428 262 1453 α
289 1403 382 1457 illi
406 1402 764 1475 prmbuerit.
795 1423 825 1454 π
847 1403 970 1459 Cat.
1001 1406 1052 1472 l,
1075 1418 1239 1459 num.
1261 1404 1329 1459 4-:
1354 1425 1381 1453 «
1401 1403 1541 1476 Ejus
1563 1403 1804 1475 quidem
1829 1409 1919 1460 est

234 1514 266 1547 α
299 1493 453 1563 (Dei)
485 1491 771 1564 plantrre
799 1497 860 1547 et
889 1492 1099 1564 rigore,
1134 1497 1299 1547 tuum
1329 1509 1465 1549 vero
1508 1493 1768 1548 fructum
1797 1493 1915 1549 fer-

237 1606 268 1633 ι
298 1600 363 1638 re
390 1599 406 1637 :
439 1583 552 1637 Dei
583 1587 682 1638 est
704 1582 963 1655 gratiam
994 1581 1283 1649 conferre,
1318 1587 1486 1638 tuum
1518 1600 1652 1639 vero
1684 1584 1918 1656 accipe-

241 1694 264 1723 ι
295 1690 358 1728 re
389 1679 452 1729 et
481 1673 825 1729 custodire.
856 1677 976 1728 Cat.
1013 1676 1100 1742 l7,
1133 1690 1194 1728 n.
1227 1674 1294 1728 34
1319 1691 1333 1731 :
1358 1675 1635 1730 Nostrum
1663 1679 1753 1730 est
1783 1691 1919 1731 cou-

232 1788 262 1815 α
298 1764 532 1828 testari,
582 1769 762 1819 tuum
821 1780 954 1819 vero
1012 1780 1253 1832 cavere;
1288 1769 1344 1820 et
1377 1781 1542 1822 num.
1576 1767 1679 1820 37:
1735 1765 1917 1832 Quid-

228 1877 259 1905 ‹‹
293 1872 442 1910 nam
475 1854 676 1928 igitur
707 1859 819 1923 est,
879 1853 1101 1923 dilecti,
1159 1855 1407 1927 gratiam
1466 1856 1668 1911 tueri?
1695 1877 1724 1907 »ι
1755 1855 1916 1928 quod

227 1946 313 2001 ita
344 1945 565 2001 malim
593 1950 834 2000 vertere
871 1960 976 2016 per
1023 1943 1502 2013 admirationem,
1562 1968 1590 1996 (ι
1624 1951 1915 2018 quantum
1949 1980 1996 2046 Β
2026 1943 2286 2045 ignaros,

236 2042 424 2105 «est,»
454 2053 648 2108 quam
671 2035 844 2091 utilis
867 2042 924 2090 et
939 2036 1205 2107 proﬁcua
1220 2053 1313 2092 res
1335 2037 1585 2108 gratiam
1607 2037 1758 2093 tueri
1783 2037 1796 2094 ι
1817 2053 1914 2094 cu-

241 2127 342 2198 jus
358 2126 746 2182 conservatio
776 2125 1217 2194 tantanobis,ut
1237 2126 1413 2183 modo
1431 2127 1730 2200 descripta
1751 2133 1910 2196 sunt,

256 2216 742 2273 bonaconciliat.
779 2239 808 2266 ‹‹
840 2217 1033 2272 Parati
1093 2221 1280 2272 estote
1338 2218 1409 2273 ad
1469 2219 1911 2292 suscipiendam

246 2331 277 2357 ‹‹
315 2309 588 2380 gratiam,
617 2307 928 2378 semelque
954 2312 1289 2379 susceptam
1313 2324 1386 2364 ne
1405 2307 1725 2381 abjiciatis.
1746 2332 1766 2359 ι
1797 2310 1909 2364 Ho-

238 2415 378 2454 rum
410 2397 890 2453 testimoniarum
906 2414 1118 2453 sensus
1131 2397 1368 2470 penitus
1383 2399 1511 2471 jam
1530 2398 1908 2471 aperiendus.

337 2564 434 2618 59.
463 2564 543 2617 Ac
571 2562 754 2633 primo
786 2561 1052 2634 quidem,
1083 2563 1250 2618 nulla
1277 2567 1366 2619 est
1417 2563 1478 2618 in
1538 2579 1910 2619 commemo-

268 2650 426 2705 ratis
457 2650 634 2721 priori
663 2655 996 2723 argumento
1024 2651 1382 2707 testimoniis
1409 2651 1752 2708 difﬁcultas.
1786 2655 1912 2709 Non

268 2741 370 2796 hic
398 2741 593 2813 agitur
617 2741 682 2797 de
709 2742 900 2814 prima
931 2759 1062 2814 qua;
1091 2743 1321 2799 homini
1353 2743 1593 2800 advenit
1626 2743 1911 2816 [CLXXX]

251 2828 466 2901 gratia,
501 2828 604 2884 sed
634 2829 704 2884 de
735 2831 922 2902 gratia
949 2831 1316 2903 baptismali,
1359 2849 1490 2903 qua}
1517 2833 1758 2889 nonnisi
1790 2833 1916 2890 sin—

249 2937 388 2976 cere
419 2921 744 2992 conversis,
794 2939 860 2978 ac
917 2922 1322 2994 credentibus,
1375 2924 1824 2997 poznitentibus,
1859 2931 1918 2982 et

247 3011 427 3082 longo
460 3011 759 3068 bonorum
791 3030 1036 3085 operum
1059 3014 1340 3071 exercitio
1363 3014 1537 3088 digne
1569 3017 1917 3088 praeparatis

250 3121 284 3158 a
315 3105 433 3159 Deo
465 3102 840 3161 conceditur.
875 3104 938 3160 Id
967 3106 1440 3177 procatechesim
1470 3111 1529 3161 et
1557 3107 1916 3162 catechesim

251 3194 506 3264 primam
540 3192 637 3248 vel
669 3193 1068 3266 perfunctorie
1100 3195 1343 3268 legenti,
1383 3213 1452 3252 ac
1507 3197 1696 3252 sancti
1726 3197 1918 3252 Patris

253 3284 312 3338 in
341 3290 601 3355 utraque
637 3283 902 3340 oratione
939 3287 1314 3358 propositum
1375 3287 1780 3342 consideranti
1812 3304 1918 3360 per

2032 697 2236 747 mento
2260 694 2468 751 eadem
2491 715 2643 769 pene
2665 701 3173 757 accommodanda
3193 701 3523 773 responsio.
3550 703 3689 756 Ter-

2029 779 2180 845 iium
2207 783 2365 838 enim
2388 785 2450 841 in
2472 803 2540 842 eo
2573 797 3104 846 commemoratum
3130 809 3199 845 ex
3231 795 3340 846 cat.
3381 794 3467 859 17,
3499 808 3560 845 n.
3599 794 3687 857 19,

2034 869 2466 945 testimonium,
2525 880 2836 950 perspicue
2895 881 3014 954 agit
3067 881 3138 936 de
3195 881 3369 936 donis
3431 880 3684 951 Spiritus

2032 961 2242 1028 sancti,
2269 962 2646 1036 baptismatis
2663 970 2754 1025 vel
2772 971 3249 1026 conﬁrmationis
3267 977 3530 1042 tempore
3554 988 3686 1025 sus-

2031 1051 2346 1122 cipiendis,
2375 1056 2654 1129 idemque
2686 1060 2940 1117 duorum
2997 1062 3266 1134 priorum
3310 1078 3521 1117 sensus
3553 1078 3682 1116 esse

2028 1147 2244 1213 potest.
2274 1146 2349 1199 At
2378 1147 2610 1203 etiamsi
2643 1150 2717 1205 de
2749 1151 3015 1224 simplice
3046 1152 3298 1224 Spiritus
3329 1154 3520 1208 sancti
3549 1169 3684 1224 gra-

2031 1240 2113 1297 tia
2141 1249 2368 1315 agatur,
2405 1246 2464 1301 in
2495 1249 2588 1303 his
2618 1250 2832 1306 veritas
2889 1252 3228 1307 continetur
3257 1269 3292 1308 a
3346 1251 3586 1307 nemine
3618 1252 3681 1306 in

2029 1331 2275 1389 dubium
2297 1338 2660 1408 revocanda;
2709 1341 3112 1398 Christianum
3142 1359 3357 1415 nempe
3384 1343 3680 1417 adultum,

2030 1422 2132 1493 qui
2166 1423 2254 1479 vel
2276 1424 2603 1498 baptizatus
2626 1429 2723 1498 sit,
2743 1430 2832 1486 vel
2856 1431 2993 1487 ﬁdei
3021 1438 3240 1488 nostra:
3261 1433 3546 1505 mysteria
3575 1449 3681 1487 no-

2026 1513 2196 1585 verit,
2229 1515 2479 1588 Spiritus
2510 1520 2696 1575 sancti
2729 1522 2917 1594 gratia
2938 1539 3057 1578 non
3079 1539 3281 1578 carere
3311 1523 3427 1578 nisi
3451 1522 3524 1578 ob
3555 1521 3684 1578 cul-

2027 1620 2164 1676 pam
2193 1609 2251 1660 et
2275 1606 2692 1666 inﬁdelitatem
2725 1628 2914 1667 suam.
2978 1613 3034 1668 Si
3079 1613 3241 1668 enim
3268 1630 3338 1668 ex
3370 1612 3508 1683 ﬁde,
3542 1630 3682 1684 sup-

2025 1696 2166 1768 plici
2199 1700 2466 1757 aratione
2499 1703 2752 1774 Spiritus
2783 1705 2971 1760 sancti
3030 1704 3188 1760 dona
3217 1705 3566 1777 postularet,
3624 1710 3683 1761 et

2027 1803 2148 1844 non
2179 1798 2559 1863 negarentur.
2585 1797 2659 1848 At
2674 1796 3090 1865 prmvenientis
3110 1802 3200 1851 est
3219 1795 3469 1867 Spiritus
3493 1797 3682 1850 sancti

2025 1880 2229 1953 gratiae
2259 1887 2326 1937 ut
2354 1899 2524 1939 orare
2556 1901 2666 1940 nos
2698 1885 2929 1956 doceat,
2963 1886 3260 1958 quomodo
3284 1885 3572 1942 orandum
3607 1887 3685 1941 sit

2319 1979 2386 2028 ut
2416 1975 2542 2046 ipse
2572 1977 2786 2032 asserit
2813 1977 3068 2050 Cyrillus
3099 1983 3195 2033 cat
3276 1981 3361 2045 l6,
3391 1993 3556 2032 num.
3589 1979 3678 2032 45.

2020 2071 2127 2143 Agi
2160 2075 2361 2126 autem
2394 2072 2466 2128 de
2499 2074 2779 2130 ﬁdelibus
2814 2075 3196 2148 perspicuum
3221 2080 3347 2130 est:
3380 2075 3490 2131 hos
3521 2075 3680 2130 solos

2020 2160 2278 2217 habebat
2308 2161 2368 2216 in
2428 2163 2744 2222 auditorio.
2807 2165 2922 2220 Hos
2954 2164 3002 2220 si
3039 2165 3290 2236 Spiritus
3341 2165 3530 2238 gratia
3559 2166 3684 2237 pri-

2019 2257 2250 2323 vantur,
2282 2252 2701 2309 inﬁdelitatem
2740 2271 2907 2310 suam
2941 2271 3220 2310 accusare
3267 2254 3475 2326 jubet:
3508 2256 3678 2326 cujus

2019 2343 2507 2415 reprehensionis
2538 2344 2825 2401 immunis
2853 2352 2941 2402 est
2985 2346 3058 2416 is,
3094 2345 3195 2417 qui
3226 2345 3380 2400 nihil
3407 2361 3674 2415 unquam

2019 2433 2246 2489 audivit
2275 2433 2346 2489 de
2377 2435 2517 2492 Deo.
2553 2437 2679 2490 Non
2712 2451 2848 2509 ergo
2873 2436 2968 2491 hic
2999 2437 3193 2509 agitur
3218 2434 3290 2490 de
3319 2435 3513 2507 prima
3542 2450 3676 2507 gra-

2021 2525 2104 2578 tia
2133 2541 2240 2596 per
2269 2541 2447 2596 quam
2481 2531 2800 2598 sequentes
2821 2543 3142 2594 meremur,
3170 2525 3272 2581 sed
3293 2525 3363 2580 de
3395 2525 3516 2581 illis
3541 2542 3686 2580 con-

2021 2615 2411 2685 sequentibus
2443 2632 2589 2687 quas
2630 2618 2784 2672 Deus
2841 2617 3003 2685 ﬁdei,
3037 2616 3325 2672 orationis
3383 2621 3440 2671 et
3498 2616 3688 2671 bono-

2023 2720 2154 2758 rum
2181 2721 2429 2777 Operum
2451 2706 2660 2761 merito
2684 2706 2967 2779 illigavit:
3001 2706 3160 2778 quod
3183 2706 3380 2778 ipsum
3403 2706 3686 2760 meritum

2025 2801 2250 2874 alioqui
2283 2819 2316 2858 a
2339 2805 2456 2860 Deo
2489 2822 2600 2859 nos
2622 2805 2838 2860 mereri
2870 2803 3126 2860 faciente
3148 2803 3685 2876 proﬁciscitur.Ni-

2025 2892 2148 2948 hilo
2180 2893 2316 2964 plus
2348 2895 2520 2950 estin
2555 2895 2727 2950 tertio
2761 2899 3112 2968 argumento
3169 2893 3421 2949 roboris.
3471 2895 3537 2948 In
3569 2891 3683 2948 ad-

2027 2983 2220 3039 ductis
2249 2983 2329 3038 ibi
2361 2985 2744 3056 testimoniis,
2770 2985 2913 3058 quid
2945 2985 3138 3041 nostri
3155 2984 3333 3040 ofﬁcii
3364 2985 3439 3038 sit
3462 2983 3685 3038 descri-

2023 3072 2113 3129 bit
2141 3073 2416 3145 Cyrillus,
2450 3091 2571 3131 non
2603 3075 2762 3147 quod
2794 3076 2856 3131 in
2888 3080 3092 3132 nostra
3122 3079 3416 3147 potestate
3451 3074 3578 3128 sine
3602 3072 3688 3126 di-

2026 3172 2164 3228 vino
2198 3173 2417 3229 auxilio
2437 3191 2568 3230 esse
2583 3175 3051 3247 putet.0fﬁcium
3074 3174 3534 3248 praedicatorum
3553 3189 3682 3228 esse

2026 3263 2110 3319 ait
2138 3269 2296 3319 recte
2350 3281 2636 3332 monere;
2695 3266 3056 3337 auditorum,
3117 3266 3408 3339 imperata
3465 3264 3681 3320 facere.

251 3391 311 3429 se
341 3353 526 3446 patet.
594 3374 877 3430 Homines
934 3353 1147 3431 novum
1204 3380 1425 3432 statum
1482 3353 1830 3451 ingressos;
1857 3381 1916 3433 et
1945 3367 1988 3436 C
2027 3353 2338 3451 [CLXXXU
2367 3358 2887 3451 Aﬁqvalllmulﬁs
2917 3357 3067 3451 locis
3089 3375 3220 3430 suP-
3241 3359 3502 3421 ηοω-44»
3529 3373 3685 3411 com‘

246 3464 626 3537 baptismum
658 3469 928 3536 petentes
974 3465 1318 3538 alloquitur,
1353 3465 1455 3538 qui
1487 3482 1560 3522 ex
1609 3483 1776 3522 more
1807 3468 1918 3522 Ec~

251 3556 446 3611 clesiae
484 3554 660 3610 duris
687 3571 793 3627 per
822 3561 1007 3611 totam
1061 3556 1584 3630 quadragesimum
1614 3555 1920 3613 laboribus

255 3644 546 3720 purgandi
584 3650 648 3700 et
675 3644 750 3700 ad
781 3645 1140 3718 baptismum
1168 3647 1549 3720 praeparandi
1585 3652 1791 3703 erant:
1828 3647 1919 3703 his

253 3737 420 3810 hujus
489 3736 954 3810 prazparationis
1015 3738 1434 3794 necessitatem
1490 3737 1754 3810 exponit,
1788 3755 1920 3810 quae

255 3831 410 3882 tanta
439 3827 624 3897 sit,ut
653 3842 789 3881 cum
822 3825 996 3900 digne
1023 3829 1338 3900 praeparati
1377 3827 1552 3884 bonis
1582 3828 1920 3884 innumeris

258 3918 664 3986 cumulentur,
699 3917 799 3988 qui
833 3917 989 3974 male
1020 3917 1296 3991 dispositi
1329 3919 1453 3976 sint
1483 3918 1918 3976 inemendabili

253 4007 407 4063 malo
442 4023 512 4063 se
545 4005 816 4079 obligent
862 4007 942 4062 Eo
972 4009 1233 4080 pertinet
1261 4009 1555 4081 quidquid
1586 4010 1647 4065 in
1669 4015 1920 4082 utraque

249 4099 523 4154 oratione
546 4097 623 4151 de
641 4097 1072 4169 praeparatione
1096 4097 1170 4154 ad
1187 4099 1438 4173 gratiam
1459 4101 1764 4157 afferenda
1785 4118 1921 4157 con-

249 4188 492 4244 tinetur.
529 4188 613 4242 De
645 4187 833 4260 gratia
865 4203 1000 4244 vero
1033 4205 1212 4259 quam
1239 4189 1536 4246 actualem
1563 4197 1920 4260 vocant,nec

250 4296 444 4335 sermo
471 4283 587 4345 est,
613 4294 725 4334 nec
749 4278 983 4335 dicendi
1007 4280 1174 4337 locus
1199 4286 1344 4338 erat.
1373 4283 1540 4340 Hunc
1555 4283 1735 4356 primi
1758 4281 1922 4338 testi-

253 4370 434 4424 monii
468 4385 717 4424 sensum
751 4385 881 4426 esse
913 4370 1170 4442 probant
1200 4377 1258 4428 et
1281 4372 1700 4429 antecedentia
1722 4372 1919 4442 verba,

256 4475 382 4530 quae
415 4458 488 4514 de
522 4459 830 4515 vocatione
861 4459 936 4517 ad
979 4460 1345 4533 baptismum
1382 4469 1440 4520 et
1470 4463 1624 4520 datis
1654 4464 1919 4520 nomini-

259 4547 362 4605 bus
391 4553 597 4624 agunt,
632 4553 691 4605 et
724 4549 1171 4623 subsequentia,
1232 4569 1364 4626 quae
1405 4553 1663 4610 Simonis
1697 4560 1918 4611 sortem

269 4657 498 4714 corpore
527 4640 773 4714 quidem
804 4639 1011 4714 abluti,
1045 4644 1247 4702 anima
1303 4664 1438 4704 vero
1473 4665 1596 4704 non
1641 4647 1920 4720 baptizati

2027 3446 2374 3501 memoratis
2405 3446 2574 3504 dixit.
2609 3447 2822 3504 divina)
2881 3450 3084 3522 gratia;
3144 3467 3291 3521 opus
3347 3465 3499 3518 esse,
3535 3453 3592 3503 et
3622 3451 3688 3502 ut

2026 3553 2220 3608 praeco
2253 3553 2422 3593 sacer
2477 3543 2638 3594 recte
2691 3539 2920 3608 doceat,
2955 3545 3015 3595 et
3043 3545 3109 3596 ut
3138 3540 3373 3596 auditor
3402 3544 3561 3595 recte
3593 3538 3689 3593 in-

2028 3625 2274 3698 telligat,
2293 3632 2352 3683 et
2373 3627 2696 3685 intellectis
2722 3629 3114 3686 assentiatur?
3139 3631 3194 3684 Si
3215 3634 3434 3686 nostra;
3453 3634 3541 3685 est
3559 3628 3688 3685 sine

2026 3726 2216 3799 gratia
2245 3728 2577 3799 potestatis,
2639 3734 2697 3785 et
2722 3730 3014 3802 imperata
3062 3729 3278 3786 facere.
3340 3735 3399 3785 et
3425 3729 3686 3785 fructum

2025 3816 2202 3888 ferre,
2235 3822 2296 3871 et
2323 3823 2628 3889 acceptam
2686 3819 2938 3891 gratiam
2997 3835 3369 3887 conservare,
3397 3835 3685 3890 quorsum

2027 3905 2088 3961 in
2119 3906 2239 3962 ﬁne
2269 3908 2660 3964 catecheseon
2691 3925 2843 3981 pene
2890 3909 3160 3964 omnium
3212 3926 3246 3964 a
3277 3911 3393 3965 Deo
3433 3908 3685 3981 gratiam

2027 3996 2182 4052 hanc
2208 3997 2331 4053 suis
2362 3997 2734 4054 auditoribus
2791 4003 3166 4072 apprecatur,
3199 4004 3267 4055 ut
3323 4015 3423 4054 eos
3454 3997 3684 4053 audita-

2024 4104 2157 4143 rum
2190 4105 2391 4144 rerum
2423 4105 2741 4156 memores,
2773 4089 2966 4162 iisque
2995 4089 3219 4146 dociles
3249 4090 3446 4157 faciat,
3481 4093 3594 4145 cat.
3629 4091 3682 4156 6,

2026 4203 2086 4242 n.
2123 4189 2211 4256 35,
2244 4192 2304 4242 et
2333 4192 2446 4245 cat.
2483 4191 2568 4260 l5,
2600 4205 2661 4244 n.
2696 4191 2785 4256 33,
2818 4194 2883 4244 ut
2930 4189 3118 4245 sancti
3174 4189 3427 4262 Spiritus
3458 4188 3686 4245 fructus

2024 4277 2299 4348 reddant,
2335 4285 2445 4335 cat.
2483 4283 2572 4349 l7,
2628 4295 2687 4335 n.
2723 4281 2811 4349 38,
2844 4285 2911 4335 ut
2959 4297 3166 4336 eorum
3224 4280 3456 4336 animas
3487 4285 3681 4335 custo-

2025 4369 2170 4435 diat,
2204 4374 2263 4424 et
2290 4370 2534 4426 virtutes
2564 4371 2918 4427 conservet?
2955 4377 3067 4428 cat.
3106 4374 3190 4441 14,
3224 4388 3390 4428 num.
3419 4373 3509 4426 30.
3543 4372 3682 4436 Quae

2026 4460 2228 4516 omnia
2257 4460 2602 4517 testimonia
2634 4478 2703 4517 ex
2726 4461 2956 4535 integro
2976 4461 3178 4533 retuli,
3201 4478 3368 4518 num.
3401 4464 3490 4518 46.
3519 4458 3684 4526 Quod

2025 4549 2088 4604 in
2121 4549 2313 4621 primo
2346 4551 2687 4607 testimonio
2719 4552 3055 4625 argumenti
3095 4552 3255 4609 tertii
3315 4550 3553 4620 dicitur,
3585 4550 3687 4605 Dei

2024 4655 2132 4696 esse
2160 4647 2222 4696 ut
2244 4644 2524 4712 perﬁciat,
2575 4641 2635 4698 id
2670 4659 2793 4698 non
2825 4642 2898 4698 de
2957 4643 3154 4716 prima
3208 4641 3417 4715 gratia,
3477 4639 3582 4696 sed
3612 4639 3684 4693 de

283 4735 705 4790 comminantur
735 4732 810 4803 ei,
867 4734 970 4807 qui
996 4737 1275 4795 similiter
1330 4745 1397 4796 ut
1425 4739 1526 4796 ille
1574 4757 1682 4814 per
1709 4740 1916 4797 dolum
1946 4734 1994 4801 D
2026 4738 2214 4813 gratia
2267 4739 2550 4812 baptismi
2582 4740 3040 4814 intelligendum
3073 4746 3178 4798 est.
3230 4742 3380 4796 Item
3435 4738 3594 4812 quod
3621 4738 3684 4792 in

279 4823 598 4880 accesserit.
634 4822 870 4879 Vocatio
903 4821 1007 4880 illa
1056 4825 1130 4882 ad
1160 4825 1526 4901 baptismum
1585 4831 1679 4886 cui
1713 4829 1918 4888 omnia

273 4919 658 4986 cooperantur
683 4918 744 4969 et
798 4913 1127 4971 succedunt
1163 4916 1224 4973 in
1255 4917 1505 4990 bonum,
1564 4936 1637 4976 ex
1665 4921 1823 4977 bono
1858 4926 1919 4977 et

272 5005 610 5061 conﬁrmato
641 5002 981 5062 accedentis
1008 5007 1311 5080 proposito
1338 5010 1604 5079 veniens,
1658 5011 1916 5069 maxime

272 5094 676 5170 distinguenda
705 5095 778 5152 ab
808 5095 931 5167 illa,
965 5112 1081 5170 qua
1125 5117 1234 5155 nos
1291 5100 1680 5159 immerentes
1713 5108 1772 5159 et
1799 5103 1916 5160 iui-

272 5186 442 5242 micos
470 5187 546 5243 ad
597 5187 778 5242 ﬁdem
809 5191 869 5242 et
925 5196 1360 5262 consequentes
1411 5193 1630 5266 gratias
1676 5200 1914 5251 vocatos

273 5292 389 5332 esse
419 5279 499 5335 ait
527 5277 784 5350 Cyrillus
812 5277 874 5333 in
905 5279 1246 5336 testimodio
1279 5298 1350 5338 ex
1381 5289 1492 5340 cat.
1525 5285 1614 5340 23.
1659 5302 1825 5341 num.
1858 5289 1913 5358 5,

273 5372 320 5420 et
347 5368 472 5425 aliis
504 5387 636 5442 quae
669 5367 966 5440 superiori
999 5387 1249 5427 numero
1280 5388 1316 5427 a
1343 5373 1516 5429 nobis
1557 5391 1916 5431 commemo-

270 5464 380 5514 rata
405 5466 558 5516 sunt.
588 5458 857 5517 Secundi
890 5475 960 5514 ex
1019 5477 1184 5516 num.
1218 5464 1250 5517 5
1285 5464 1614 5521 testimonii
1655 5465 1815 5522 idem
1845 5484 1914 5524 ac

264 5551 635 5617 przecedeutis
657 5564 882 5607 sensus
905 5553 1014 5618 est;
1039 5551 1352 5624 perspicue
1380 5555 1535 5610 enim
1557 5555 1628 5611 de
1655 5556 1909 5629 lavacro,

260 5646 308 5695 et
331 5645 686 5702 remissione
743 5643 1128 5714 peccatorum
1161 5659 1266 5714 per
1322 5643 1472 5701 illud
1531 5644 1668 5703 data
1696 5649 1910 5721 agitur.

251 5730 392 5792 Idem
423 5735 611 5793 dicito
644 5731 728 5789 de
788 5727 966 5785 tertio
1015 5746 1085 5786 ex
1110 5735 1222 5788 cat.
1258 5731 1309 5801 1,
1369 5750 1535 5794 num.
1595 5737 1648 5806 3,
1699 5737 1762 5793 in
1794 5754 1912 5810 quo

241 5843 417 5888 sermo
445 5833 543 5888 est
559 5825 639 5884 de
666 5821 901 5881 animae
920 5836 1028 5894 per
1050 5820 1414 5899 baptismum
1434 5829 1910 5905 regeneratione,

2027 4826 2290 4884 secundo
2324 4827 2560 4898 dicitur,
2594 4831 2694 4886 Dei
2722 4847 2830 4886 esse
2847 4831 3110 4902 plantare
3139 4837 3190 4887 et
3211 4833 3418 4900 rigare,
3451 4835 3502 4885 et
3552 4845 3683 4898 gra-

2026 4920 2161 4974 tiam
2190 4921 2458 4989 conferre,
2521 4936 2732 4976 sensus
2789 4925 2880 4976 est
2935 4922 3122 4977 Deum
3174 4919 3364 4976 multa
3421 4916 3684 4974 nobisin

2025 5008 2322 5082 baptismo
2356 5015 2414 5066 et
2442 5015 2582 5066 ante
2633 5011 2999 5084 baptismum
3048 5008 3437 5084 przevenienti
3494 5012 3686 5081 gratia

2026 5098 2318 5168 conferre,
2352 5117 2484 5173 qua)
2515 5106 2722 5159 nostra
2759 5101 3068 5172 ﬁdelitate,
3129 5101 3247 5156 Deo
3281 5104 3480 5155 tamen
3509 5097 3685 5172 adju-

2025 5207 2222 5270 vante,
2255 5219 2607 5259 conservare
2639 5207 2698 5258 et
2746 5219 2962 5276 augere
3020 5200 3359 5258 debeamus.
3421 5201 3569 5256 Dum
3602 5199 3686 5256 ait

2024 5292 2280 5364 Cyrillus
2312 5294 2499 5349 Deum
2530 5310 2601 5349 ex
2627 5292 2857 5350 inﬁdeli
2889 5291 3129 5349 ﬁdelem
3162 5293 3398 5349 efﬁcere
3430 5290 3682 5365 posse,si

2025 5383 2200 5440 modo
2233 5401 2335 5440 cor
2364 5384 2451 5439 illi
2483 5383 2826 5457 praebuerit,
2860 5400 2983 5439 non
3028 5384 3140 5440 hoc
3199 5385 3340 5440 vult.
3375 5383 3684 5440 hominem

2024 5475 2189 5546 prius
2221 5492 2323 5530 cor
2379 5473 2570 5529 docile
2631 5475 2844 5530 offerre
2905 5473 3123 5531 debere
3179 5481 3504 5547 antequam
3531 5475 3684 5530 Deus

2023 5570 2189 5636 agat:
2223 5565 2520 5637 quomodo
2554 5565 2715 5620 enim
2748 5568 2865 5623 Deo
2885 5586 2988 5625 cor
3017 5587 3193 5626 suum
3216 5571 3394 5627 homo
3417 5569 3680 5626 commit-

2023 5661 2109 5712 tat
2138 5657 2254 5712 nisi
2277 5672 2348 5711 ex
2369 5655 2626 5728 quodam
2649 5655 2820 5713 initio
2856 5659 3039 5715 ﬁdei?
3067 5662 3172 5718 sed
3204 5663 3322 5718 Deo
3353 5661 3415 5717 in
3447 5677 3509 5716 se
3539 5675 3680 5731 ope-

2021 5746 2179 5802 ranti
2211 5746 2517 5802 hominem
2574 5747 2854 5804 resistere
2911 5766 3035 5806 non
3065 5750 3305 5822 debere,
3340 5755 3399 5806 et
3427 5749 3682 5806 liberum

2024 5853 2197 5894 suum
2232 5853 2614 5910 consensum,
2650 5837 2778 5896 sine
2807 5856 2924 5914 quo
2953 5841 3108 5896 nihil
3139 5841 3268 5898 ﬁeri
3300 5839 3508 5913 possit,
3542 5835 3679 5891 obe-
