2012 3184
191 185 249 215 219

836 183 888 213 DE
907 182 1002 213 VlTA
1025 182 1058 212 S.

1081 181 1173 214 CYRl
1178 182 1250 213 ιιι.
1360 186 1363 195 ’
1844 182 1906 213 220

197 251 315 279 dienter
335 249 579 283 accommodare;
596 250 646 286 qui
662 252 762 278 tamen
777 258 943 278 consensus
959 250 1023 285 ipse
1036 249 1064 283 Α
1079 249 1175 277 solum
1192 249 1333 278 suadetur
1347 257 1434 277 omne
1450 248 1529 285 quod
1554 257 1656 277 verum
1672 251 1702 277 et
1711 250 1828 286 justum
1847 253 1903 285 est,

191 304 310 332 quoque
326 296 431 323 divinas
442 296 542 332 gratim
550 296 627 323 fetus
633 298 723 327 est,ut
733 295 821 323 modo
830 295 1016 331 probrbitur.

371 341 406 368 De
421 341 521 368 divine
535 342 637 377 gratiae
650 342 824 375 efﬁcacitate.

226 387 269 413 50·
287 386 361 413 Cum
378 386 529 420 theologos
545 386 624 413 inter
639 394 743 414 omnes
768 386 935 418 conveniat,
952 393 1018 421 gra-

192 431 251 463 tim,
268 433 301 458 ut
315 431 419 458 efﬁcax
430 431 535 464 sit,nec
551 439 642 459 vacua
654 434 684 458 et
698 431 884 458 infructuosa
896 430 933 458 ad
944 438 1018 466 opus

192 475 305 503 bonum
321 476 499 503 excitatione
523 476 588 511 ejus
610 475 788 503 terminetur
815 476 949 509 effectus,
975 474 1018 501 uti

193 523 253 548 tam
270 529 347 556 smpe
363 521 518 557 contingit,
535 521 697 548 humanam
712 520 951 556 cooperationem
967 519 1020 546 ad-

189 565 274 601 jungi
290 568 437 601 oportere,
455 565 491 593 ab
506 565 636 593 liberum
651 565 824 598 voluntatis,
840 572 929 600 quem
942 571 1019 591 nun-

193 619 281 646 quam
298 619 357 638 non
373 613 481 646 potest,
499 611 523 638 si
538 611 618 644 velit,
635 610 781 646 denegare
797 618 831 638 ac
853 609 1021 645 supprime-

192 663 236 689 re,
250 664 429 684 consensum
443 664 449 683 :
479 656 553 683 illud
569 656 695 684 ulterius
717 656 871 691 quaeritur,
886 654 1020 691 gratiane

191 700 273 728 illam
290 702 532 737 cooperationem
548 710 581 729 ac
607 709 787 729 consensum
804 702 965 736 exspectet,
982 706 1021 726 an

193 745 258 781 ipsa
273 746 299 772 vi
314 754 367 773 sua
377 746 554 782 praepotenti
566 746 715 781 exprimat
729 748 758 773 et
773 746 940 781 expugnet;
952 743 1022 771 idne

196 790 292 818 solum
310 791 340 818 in
356 791 442 818 nobis
462 793 584 826 prmstet
597 794 630 819 ut
645 799 730 826 agere
753 791 912 826 possimus,
937 798 975 817 an
990 791 1023 816 ut

196 835 285 863 etiam
301 836 345 862 vel
362 835 486 863 velimus
502 844 589 872 agere
604 838 634 863 et
648 844 750 863 revera
778 843 899 871 agamus
914 834 1000 862 faciat
1015 842 1021 867 ;

196 883 295 908 utrum
312 889 422 908 munus
438 880 502 916 ejus
518 880 646 916 simplici
663 881 840 908 excitatione
856 888 889 907 ac
904 887 1022 915 permo-

196 925 276 953 tione
288 925 470 960 finiatur,cui
486 925 593 954 deinde
605 925 742 953 voluntas
753 925 789 953 de
805 934 858 953 suo
868 932 1023 952 assensum

195 970 326 1006 adjiciat,
343 979 380 998 an
396 971 461 1007 ipsa
476 971 628 999 nolentem
645 973 675 998 et
689 973 904 1007 repugnantem
925 970 1025 997 flectat

194 1018 226 1042 ut
241 1015 311 1042 velit
326 1018 356 1043 et
370 1016 560 1049 assentiatur;
577 1024 637 1043 uno
652 1015 752 1049 verbo,
767 1015 986 1043 determinetne
996 1016 1025 1041 et

195 1060 325 1096 applicet
340 1060 478 1088 voluntas
499 1061 635 1097 gratiam,
652 1069 691 1089 an
706 1061 801 1097 gratia
815 1060 997 1088 voluntatem
1010 1058 1025 1086 ?

196 1105 265 1132 Mihi
282 1114 400 1142 semper
430 1105 553 1133 definita
580 1106 643 1134 visa
669 1113 717 1133 res
733 1108 778 1133 est
802 1113 837 1132 ex
853 1103 1023 1140 Scripturis,

197 1160 262 1186 qum
275 1151 441 1179 humanum
456 1160 507 1179 cor
519 1160 536 1180 a
546 1152 603 1179 Deo
613 1159 793 1187 quocunque
809 1149 1026 1177 volueritincli-

197 1195 263 1223 nari
279 1195 408 1229 docent;
424 1197 517 1224 Deum
530 1196 560 1223 in
576 1196 663 1223 nobis
675 1196 792 1231 operari
803 1195 877 1223 velle
892 1197 922 1222 et
936 1194 1024 1230 perfi-

196 1248 273 1273 cere,
291 1240 422 1269 scribere
435 1241 515 1277 leges
532 1249 600 1269 suas
627 1241 658 1268 in
675 1240 815 1268 cordibus
845 1240 964 1273 nostris,
980 1239 1024 1266 fa-

197 1293 263 1312 cere
278 1287 310 1312 ut
325 1286 354 1312 in
370 1286 526 1321 prmceptis
552 1286 613 1313 suis
639 1285 838 1319 ambulemus,
854 1284 924 1312 dare
940 1283 1025 1311 nobis

198 1338 248 1356 cor
261 1329 481 1363 novum,facere
492 1331 520 1357 in
533 1329 619 1357 nobis
631 1330 708 1365 quod
722 1330 837 1365 placeat
855 1338 953 1356 coram
974 1337 1003 1355 se
1018 1337 1023 1358 ;

198 1383 232 1401 ex
249 1374 387 1402 Ecclesim
404 1384 521 1411 quoque
540 1375 685 1410 precibus,
704 1384 720 1402 a
733 1376 789 1402 Deo
806 1374 982 1410 postulantis
994 1376 1025 1399 ut

198 1419 247 1446 det
263 1422 291 1446 ct
306 1419 395 1447 faciat
408 1428 462 1446 nos
476 1423 504 1447 et
520 1429 605 1455 posse
623 1423 650 1446 et
666 1429 765 1447 amare
785 1429 848 1455 qum
879 1419 1022 1455 prmcipit,

198 1464 326 1492 rebelles
341 1468 457 1492 nostras
473 1465 633 1500 compellat
650 1466 826 1497 voluntates,
844 1465 888 1491 sui
914 1464 1025 1491 amoris

197 1509 335 1537 affectum
352 1510 636 1544 infundat,amorcm
652 1510 695 1537 sui
709 1510 839 1537 nominis
856 1509 1025 1545 peetoribus

197 1554 307 1581 nostris
323 1554 444 1588 inserat,
464 1554 600 1589 spiritum
617 1555 764 1590 cogitandi
782 1557 809 1581 et
830 1554 934 1590 agendi
959 1562 1024 1588 qua)

196 1600 278 1625 recta
293 1601 364 1625 sunt
380 1598 531 1634 largiatur,
549 1599 636 1626 faciat
653 1608 705 1626 nos
722 1607 787 1634 qum
805 1599 865 1625 sint
880 1598 934 1625 sibi
961 1597 1024 1633 pla-

196 1643 254 1671 cita
270 1643 431 1679 postulare,
449 1643 583 1671 devotam
614 1644 668 1671 sibi
694 1652 800 1678 genere
831 1644 1023 1675 voluntatem,

198 1690 321 1724 ejusque
338 1689 486 1724 majestati
510 1689 627 1716 sincero
658 1689 745 1716 corde
774 1689 899 1720 servire;
919 1688 1026 1723 quibus

197 1735 336 1762 omnibus
348 1744 407 1762 non
418 1735 515 1762 solum
524 1735 848 1770 possibilitasactionis,
858 1734 1026 1769 [CLXXXII]

199 1780 250 1807 sed
266 1780 330 1815 ipsa
346 1780 482 1807 voluntas
499 1783 527 1807 et
542 1780 618 1807 actio
636 1782 755 1814 rogatur
771 1789 787 1807 a
800 1780 877 1806 Deo:
900 1779 975 1806 addo
993 1787 1027 1805 ex

196 1825 340 1859 conciliis,
359 1825 467 1860 quibus
498 1825 679 1859 decernitur,
704 1834 757 1860 per
785 1824 909 1860 gratiam
941 1824 1026 1850 nobis

194 1871 339 1906 prmstari,
357 1873 389 1898 ut
405 1870 484 1906 quod
501 1870 669 1898 faciendum
691 1871 729 1897 sit
755 1870 850 1897 facere
868 1869 1026 1905 diligamus

194 1919 283 1951 atque
301 1917 470 1950 valeamus;
489 1917 581 1944 Deum
594 1916 700 1952 jubere
714 1916 828 1943 homini
844 1918 874 1942 ut
890 1914 1026 1947 velit,sed

194 1962 310 1997 operari
325 1965 354 1988 et
362 1962 451 1994 velle;
465 1962 572 1997 jubere
588 1964 621 1988 ut
637 1962 733 1995 faciat,
752 1960 803 1988 sed
814 1960 929 1996 operari
943 1963 971 1987 et
985 1960 1026 1986 fa-

196 2013 272 2038 cere;
288 2006 382 2032 Deum
396 2009 431 2033 ut
445 2014 463 2033 a
475 2008 595 2041 peccato
611 2013 770 2042 purgemur
780 2005 960 2032 voluntatem
973 2013 1027 2031 no-

197 2052 289 2077 stram
305 2059 367 2078 non
383 2054 565 2086 exspectare,
579 2051 630 2078 sed
646 2051 742 2078 facere
755 2050 845 2077 etiam
862 2053 893 2076 ut
909 2050 1025 2086 purgari

196 2095 341 2130 velimus;
360 2095 467 2122 merita
483 2098 585 2122 nostra
603 2103 666 2122 esse
684 2095 762 2122 dona
778 2095 829 2122 Dei
846 2103 912 2121 cum
937 2095 1026 2122 meri—

198 2142 261 2167 tum
278 2149 365 2168 omne
382 2140 571 2176 perliberum
584 2141 683 2176 gratim
697 2140 834 2167 excitanti
848 2147 1024 2167 consensum

197 2189 404 2222 comparetur:
422 2195 456 2214 ex
472 2187 612 2214 Romanis
629 2187 717 2214 etiam
739 2186 941 2222 pontificibus,
967 2189 1025 2213 sta-

196 2231 349 2259 tuentibus
372 2232 463 2259 Deum
494 2232 524 2258 in
539 2231 677 2259 cordibus
708 2232 861 2259 hominum
891 2234 979 2266 atque
995 2231 1025 2258 in

198 2275 263 2311 ipso
279 2276 372 2304 libero
390 2277 512 2304 arbitrio
529 2277 656 2312 operari,
686 2280 718 2304 ut
747 2280 848 2304 sancta
876 2277 1022 2312 cogitatio,

197 2321 282 2357 pium
297 2322 468 2356 consilium,
478 2322 634 2357 omnisque.
644 2322 739 2349 bonus
753 2322 912 2349 voluntatis
928 2323 1027 2348 motus
1044 2314 1065 2347 Ι)

197 2375 214 2394 a
232 2367 289 2394 Deo
307 2367 361 2401 sit;
380 2367 465 2394 illum
481 2375 566 2403 agere
597 2367 626 2394 in
653 2367 749 2400 nobis,
779 2369 813 2394 ut
828 2366 905 2402 quod
922 2366 983 2393 vult
998 2369 1026 2393 et

195 2412 323 2440 velimus
340 2415 368 2439 et
392 2421 512 2449 agamus
528 2421 534 2445 ;
565 2412 665 2448 gratim
682 2412 803 2440 domum
820 2420 895 2447 esse,
912 2414 944 2438 ut
960 2411 1027 2447 [ipsi

197 2458 309 2493 gratim]
328 2457 502 2485 obedientes
520 2460 549 2484 et
564 2457 693 2484 humiles
708 2457 812 2484 simus:
830 2465 864 2484 ex
876 2456 1030 2492 Augustini

198 2501 319 2529 tandem
336 2503 495 2535 sententia,
517 2511 582 2538 qum
613 2502 703 2529 totius
730 2502 876 2529 AfriCanm
892 2501 1030 2529 Ecclesim

199 2545 335 2574 doctrina
350 2547 415 2581 fuit,
434 2550 463 2574 et
478 2556 494 2575 a
510 2548 643 2575 Romana
666 2549 695 2573 et
723 2546 863 2574 omnibus
892 2546 1031 2574 Ecclesiis

199 2590 390 2626 comprobata
403 2601 409 2625 ;
427 2592 478 2627 qui
489 2592 633 2619 nimirum
650 2600 667 2619 a
681 2591 797 2627 Pelagio
811 2594 845 2619 ut
858 2590 1029 2630 Catholicus

201 2636 321 2664 demum
336 2635 498 2663 haberetur
514 2637 619 2673 exegit,
636 2640 669 2664 ut
684 2645 747 2663 eam
764 2636 888 2672 gratiam
905 2637 1029 2664 conﬁte-

197 2685 292 2716 retur,
308 2690 367 2717 qua
396 2682 502 2709 futurm
525 2683 625 2718 glorim
654 2682 827 2715 magnitudo
857 2690 917 2709 non
933 2681 1029 2709 solum

197 2727 394 2763 promittitur,
418 2735 522 2754 verum
552 2727 641 2754 etiam
657 2727 788 2754 creditur
817 2730 846 2754 et
872 2729 1028 2762 speratur;

202 2780 259 2800 nec
274 2771 370 2799 solum
386 2772 534 2799 revelatur
546 2772 702 2807 sapientia,
715 2772 766 2799 sed
782 2775 812 2799 et
824 2774 959 2806 amatur;
975 2780 1030 2799 nec

1041 1623 1062 1656 C

238 2849 262 2866 ³³
278 2850 362 2877 Rom.
378 2857 437 2883 vni,
454 2850 498 2876 26.

1070 302 1171 322 verum
1181 297 1209 321 et
1218 293 1457 330 persuaderetur;
1467 301 1532 329 qum
1541 302 1600 321 non
1610 293 1705 321 solam
1716 294 1903 330 possibilita-

1070 342 1141 373 tem,
1157 339 1208 367 sed
1223 340 1317 375 ipsum
1334 347 1451 375 quoque
1480 339 1662 367 voluntatem
1690 342 1721 368 et
1735 340 1900 372 actionem,

1071 384 1099 411 id
1115 386 1160 411 est
1174 387 1207 411 ut
1221 384 1297 411 bene
1312 384 1437 411 velimus
1453 386 1482 411 et
1508 392 1641 420 agamus,
1668 392 1734 420 qum
1750 393 1814 412 non
1831 387 1902 412 sunt

1071 429 1102 457 in
1118 429 1238 457 homine
1254 429 1311 457 nisi
1321 429 1440 465 quando
1451 429 1527 456 bene
1540 429 1602 457 vult
1617 432 1647 456 et
1656 429 1731 457 bene
1747 429 1902 466 agit,dono

1072 482 1125 502 suo
1141 474 1364 510 complectatur.
1380 474 1482 501 Divina
1493 474 1557 502 hinc
1568 474 1715 508 doctrina,
1726 474 1820 502 totius
1836 482 1902 502 ora-

1072 519 1162 546 tionis
1178 522 1207 546 et
1223 519 1295 555 spei,
1312 521 1400 554 atque
1411 519 1589 546 humilitatis
1600 519 1778 547 Christiana;
1794 519 1905 547 funda—

1073 564 1353 597 mentum,mirabor
1364 564 1388 591 si
1404 564 1440 591 ab
1470 564 1602 599 antiquis
1618 564 1754 592 Patribus
1770 572 1805 592 ac
1822 565 1900 592 Grai-

1073 609 1116 637 cis
1131 609 1307 645 prmsertim,
1324 611 1356 636 ut
1370 607 1486 645 vulgata
1500 608 1558 636 fert
1572 609 1684 645 opinio,
1700 609 1840 646 ignorata
1855 612 1907 637 aut

1074 657 1244 690 oppugnata
1257 654 1370 682 fuisset.
1398 654 1478 681 Hanc
1493 656 1573 682 certe
1596 654 1626 682 in
1655 654 1765 690 Cyrillo
1782 663 1832 682 me
1849 654 1904 682 de-

1075 698 1269 735 prehendisse
1283 707 1369 734 spero
1386 707 1446 726 non
1462 699 1597 726 obscuris
1612 699 1809 735 argumentis.

1111 746 1154 771 5t.
1174 744 1203 771 ld
1233 744 1374 771 nimirum
1405 744 1533 780 probant
1550 744 1646 780 primo
1675 752 1710 772 ea
1735 744 1908 773 testimonia

1077 797 1142 825 qum
1159 797 1248 825 supra
1264 798 1345 817 num.
1362 790 1407 823 47,
1422 789 1512 817 allata
1527 789 1719 825 sunt,quibus
1744 790 1837 825 jubet
1852 791 1906 826 Cy-

1076 834 1163 862 rillus
1178 842 1422 870 unumquemque
1438 835 1497 862 Deo
1507 834 1617 870 gratias
1627 842 1724 870 agere,
1734 834 1816 870 quod
1831 834 1908 862 indi-

1076 887 1152 916 gnus
1167 881 1196 906 et
1212 879 1352 906 inimicus
1368 887 1435 906 eum
1452 882 1540 913 esset,
1555 880 1613 907 Deo
1631 879 1847 907 reconciliatus
1872 880 1909 907 sit

1078 927 1108 952 et
1122 924 1290 960 adoptionis
1306 924 1399 959 gratia
1413 924 1562 961 dignatus.
1578 926 1652 953 Cum
1667 925 1761 959 enim,
1778 927 1813 952 ut
1837 925 1909 952 fides

1079 969 1174 1002 docet,
1188 969 1321 1004 priorum
1335 970 1497 1005 gratiarum
1522 978 1578 997 usu
1606 969 1828 1005 subsequentes
1845 979 1910 1006 pro-

1078 1022 1257 1048 mereamur,
1274 1022 1418 1050 suamque
1431 1014 1680 1050 justificationem
1697 1014 1793 1042 adulti
1817 1015 1912 1051 preci-

1077 1060 1143 1092 bus,
1161 1059 1313 1087 laboribus
1333 1062 1363 1087 et
1390 1060 1530 1096 operibus
1560 1060 1647 1087 bonis
1676 1063 1873 1096 comparent;
1890 1061 1913 1088 si

1079 1113 1152 1132 usus
1168 1104 1218 1132 ille
1227 1105 1389 1141 gratiarum
1399 1104 1495 1132 bonus
1511 1105 1596 1133 aDeo
1607 1113 1668 1133 non
1683 1105 1842 1139 detur,sed
1853 1114 1913 1142 gra-

1078 1150 1127 1177 tim
1143 1158 1196 1185 per
1210 1149 1337 1177 liberum
1348 1149 1504 1177 arbitrium
1517 1150 1769 1186 superadjiciatur
1784 1159 1791 1184 ;
1804 1151 1913 1186 primo,

1079 1204 1140 1223 non
1156 1195 1299 1223 veraciter
1329 1196 1387 1223 Deo
1407 1195 1443 1223 de
1459 1198 1520 1223 toto
1550 1198 1660 1223 nostrm
1685 1196 1914 1232 justificationis

1079 1249 1168 1276 opere
1184 1240 1284 1276 gratim
1296 1240 1696 1276 redduntur,dimidiataaque
1708 1241 1858 1269 duntaxat
1867 1242 1916 1269 de-

1080 1285 1206 1319 bentur;
1224 1285 1354 1313 secundo
1370 1285 1478 1313 falsum
1494 1288 1539 1313 est
1554 1286 1647 1314 Deum
1659 1294 1714 1313 nos
1730 1287 1872 1315 inimicos
1888 1290 1914 1314 et

1082 1330 1220 1366 indignos
1234 1330 1289 1356 sibi
1306 1339 1358 1365 per
1373 1330 1541 1366 adoptionis
1557 1331 1682 1366 gratiam
1699 1332 1911 1366 reconciliare;

1080 1375 1197 1407 falsum,
1213 1384 1278 1401 cum
1296 1375 1381 1402 nobis
1401 1375 1561 1409 benefacit,
1583 1379 1692 1411 pra~ter
1712 1377 1834 1412 justum
1847 1384 1913 1413 age-

1082 1429 1131 1453 re;
1150 1424 1262 1453 contra,
1281 1421 1308 1447 in
1328 1421 1505 1447 remissione
1522 1424 1711 1456 peccatorum
1722 1421 1914 1450 concedenda

1081 1465 1171 1497 digna
1188 1473 1235 1492 res
1252 1465 1373 1500 etjusta
1390 1465 1425 1492 ab
1443 1465 1506 1500 ipso
1537 1466 1630 1493 fieret.
1661 1466 1733 1493 Cum
1752 1467 1845 1495 etiam
1860 1467 1919 1494 vita

1083 1513 1195 1537 mterna
1210 1519 1263 1546 per
1278 1511 1401 1544 gratiam
1421 1511 1470 1537 Dei
1488 1520 1542 1538 nos
1559 1511 1646 1547 potiri
1677 1511 1785 1540 doceat
1813 1515 1918 1541 auctor

1082 1559 1138 1582 cat.
1157 1557 1198 1585 19,
1218 1564 1246 1583 n.
1265 1557 1297 1582 20
1314 1559 1342 1582 et
1358 1558 1388 1582 3t
1405 1565 1410 1583 :
1444 1565 1508 1591 qum
1527 1559 1626 1583 tamen
1649 1556 1774 1584 diversis
1789 1566 1916 1593 operum

1082 1601 1195 1627 meritis
1208 1600 1313 1633 datur;
1328 1601 1391 1636 ipsa
1403 1604 1520 1636 oportet
1534 1601 1651 1635 merita,
1662 1610 1727 1637 qum
1735 1601 1773 1629 ab
1788 1610 1917 1630 assensu

1084 1648 1185 1673 nostro
1215 1646 1456 1681 proficiscuntur,
1489 1655 1542 1682 per
1568 1647 1693 1683 gratiam
1720 1647 1792 1675 dari.
1810 1647 1918 1675 Gratias

1084 1700 1201 1726 quoque
1217 1692 1284 1725 vim,
1297 1700 1362 1726 qum
1380 1700 1433 1718 nos
1450 1692 1581 1719 volentes
1600 1701 1633 1719 ex
1649 1691 1818 1720 nolentibus
1828 1691 1914 1726 facit,

1082 1736 1187 1772 probat
1203 1737 1308 1763 hamus
1325 1736 1374 1763 ille
1391 1745 1425 1763 ex
1441 1739 1551 1772 procat.
1565 1745 1649 1764 num.
1667 1739 1693 1773 5,
1705 1737 1814 1765 ibidem
1829 1745 1916 1765 com—

1082 1785 1275 1815 memoratus,
1292 1789 1349 1816 quo
1366 1781 1440 1809 nihil
1459 1782 1515 1809 tale
1532 1783 1739 1818 cogitantes,et
1753 1782 1916 1810 contrariis

1082 1826 1172 1853 animi
1190 1826 1412 1854 inductionibus
1429 1827 1550 1854 affectos
1567 1827 1646 1863 capit
1660 1828 1743 1855 Iesus
1758 1827 1795 1855 ad
1808 1827 1913 1856 vitam.

1082 1870 1222 1898 Eamdem
1238 1871 1294 1897 vim
1312 1871 1422 1898 habent
1438 1871 1489 1898 illa
1505 1880 1538 1898 ex
1555 1874 1610 1899 rat.
1630 1873 1673 1906 t3,
1690 1880 1772 1900 num.
1790 1873 1837 1906 40,
1849 1881 1915 1900 ver-

1082 1914 1129 1948 ba,
1147 1915 1254 1950 quibus
1270 1915 1306 1942 ad
1323 1915 1457 1943 Cruciﬁci
1475 1916 1612 1943 virtutem
1629 1919 1748 1944 revocat
1772 1917 1915 1952 Cyr-illus,

1083 1960 1161 1995 quod
1178 1961 1221 1987 sui
1238 1960 1389 1987 auditores
1405 1961 1440 1987 ad
1462 1961 1643 1989 audiendum
1673 1962 1722 1989 Dei
1738 1961 1863 1990 verbum
1879 1969 1915 1990 ac

1083 2005 1243 2040 petendum
1260 2005 1407 2040 baptisma
1423 2006 1627 2039 convenerint,
1645 2006 1831 2043 [CLXXXIII]
1848 2006 1916 2034 nul-

1083 2050 1119 2077 lis
1135 2050 1260 2077 vinculis
1290 2051 1442 2085 prolracti,
1473 2051 1555 2078 nulla
1586 2051 1611 2077 vi
1643 2051 1801 2087 compulsi,
1830 2052 1919 2080 seda

1082 2095 1197 2122 Christo
1214 2095 1249 2122 de
1266 2095 1339 2122 cmlo
1354 2096 1383 2122 in
1402 2104 1502 2122 eorum
1517 2095 1657 2123 cordibus
1671 2098 1775 2132 agente
1791 2095 1919 2125 adducti

1083 2143 1111 2167 et
1127 2141 1155 2167 in
1171 2149 1260 2168 unum
1278 2140 1405 2167 collecti.
1435 2140 1557 2173 Quando
1588 2143 1643 2168 cat.
1663 2142 1705 2175 t6,
1734 2149 1763 2169 ιι.
1782 2141 1815 2168 19
1832 2141 1919 2169 subi-

1082 2187 1140 2213 tam
1154 2189 1255 2213 narrat
1272 2186 1365 2213 sancti
1383 2185 1508 2221 Spiritus
1525 2185 1656 2221 impulsu
1671 2186 1848 2221 nuptiarum
1862 2195 1918 2223 pa-

1079 2234 1211 2261 ratarum
1228 2230 1591 2266 fugam,autrepentinum
1600 2230 1731 2258 hominis
1747 2230 1778 2258 in
1793 2231 1918 2267 palatiis

1080 2276 1221 2311 dignitate
1238 2278 1266 2303 et
1282 2275 1386 2311 opibus
1412 2275 1563 2311 conspicui
1581 2283 1743 2309 secessum,
1761 2279 1812 2303 aut
1842 2276 1922 2305 ado—

1081 2321 1221 2348 lescentis
1237 2320 1273 2347 ad
1284 2320 1425 2356 speciosa:
1434 2320 1536 2348 formm
1549 2323 1742 2356 conspectum
1755 2320 1920 2350 oculorum

1083 2366 1335 2401 compressionem
1342 2365 1509 2401 ,periculosi
1516 2373 1572 2401 que
1579 2365 1659 2393 visus
1668 2365 1920 2402 declinationem,

1087 2415 1138 2439 aut
1153 2411 1388 2438 Christianorum
1404 2414 1445 2438 tot
1462 2411 1606 2446 exemplis
1632 2411 1761 2439 avaritim
1783 2412 1920 2440 circum-

1087 2459 1237 2492 septorum
1254 2456 1450 2483 voluntariam
1464 2458 1669 2492 paupertatem
1682 2465 1688 2491 ;
1702 2465 1804 2484 nonne
1822 2457 1920 2493 Spiri-

1087 2505 1148 2529 tum
1159 2504 1291 2529 sanctum
1302 2503 1497 2536 repraesentat
1507 2510 1566 2528 non
1580 2501 1735 2529 docentem
1745 2504 1775 2529 et
1783 2502 1920 2530 excitan-

1087 2549 1146 2574 tem
1162 2546 1315 2580 duntaxat,
1333 2546 1383 2573 sed
1400 2546 1455 2581 ipsi
1485 2546 1566 2581 operi
1596 2546 1808 2582 applicantem,
1825 2546 1919 2576 bona:

1085 2592 1244 2619 voluntatis
1260 2594 1422 2626 auctorem,
1439 2593 1469 2618 et
1484 2593 1544 2618 tam
1560 2591 1725 2619 contrarios
1739 2593 1857 2620 natura:
1872 2592 1920 2621 af-

1085 2637 1179 2665 fectus
1195 2637 1371 2673 largientem
1388 2639 1417 2664 et
1429 2636 1571 2664 dantem?
1585 2637 1666 2664 Idem
1682 2637 1772 2665 dicito
1789 2637 1827 2666 de
1849 2645 1919 2666 ora-

1086 2683 1177 2715 tione,
1192 2691 1257 2718 qum
1273 2682 1345 2709 adeo
1362 2684 1423 2709 tota
1444 2681 1569 2717 Spiritus
1599 2682 1693 2709 sancti
1720 2682 1844 2711 effectus
1861 2685 1920 2716 est,

1085 2727 1171 2755 nobis
1188 2727 1258 2761 quid
1275 2730 1325 2754 aut
1351 2727 1500 2762 quomodo
1516 2735 1601 2754 orare
1627 2729 1764 2763 oporteat
1790 2736 1920 2764 prorsus

1084 2771 1280 2800 inscientibus
1291 2771 1324 2806 '3,
1339 2775 1372 2799 ut
1402 2772 1463 2807 ipse
1479 2771 1599 2807 spiritus
1624 2772 1809 2801 intercedere
1832 2773 1919 2802 dica-
