4024 6418
207 436 279 500 221
1630 451 2151 516 DISSERTATIU
2194 455 2301 518 ΙΙΙ.
3573 472 3713 529 222

207 580 286 644 tur,
306 580 396 634 cat.
432 580 539 648 16,
582 597 663 639 n.
705 587 825 642 20.
869 589 1075 647 Idem
1107 589 1180 646 de
1207 587 1467 663 praestita
1486 602 1521 643 a
1542 586 1764 659 Spiritu
1794 603 1925 643 san-
1953 587 2007 656 Α
2039 593 2401 650 ernerserunt,
2433 593 2665 643 excitati
2695 595 2907 645 virtute
2929 595 3381 663 Salvatoris,qui
3399 615 3511 649 non
3539 603 3697 651 modo

213 671 278 723 cto
298 669 679 742 martyribus
704 675 1009 749 vi,quos
1039 680 1185 735 licet
1212 680 1272 734 in
1303 678 1478 734 terris
1507 677 1790 751 degentes
1821 677 1933 731 vir-
2040 694 2110 728 ex
2137 683 2373 732 mortuis
2400 685 2652 734 surrexit
2682 687 2818 749 ipse,
2852 687 2948 735 sed
2971 703 3158 738 secum
3205 705 3423 754 quoque
3448 701 3698 741 mortuos

221 763 310 814 tute
327 765 369 813 et
383 763 696 833 potentia
723 766 894 837 jam
915 769 994 825 in
1028 769 1305 843 paradiso
1327 769 1689 825 constituere
1712 766 1935 822 dicitur
2039 773 2323 823 excitaait.
2354 774 2443 830 Ad
2475 777 2746 833 eamdem
2802 778 3088 836 nimirum
3118 781 3395 838 virtutem
3437 789 3696 852 revocat,

225 849 370 906 eodem
396 849 538 908 loco
568 872 591 920 ς
630 872 801 926 quin
844 857 992 916 duo
1025 859 1374 916 testimonia
1402 874 1582 930 supra
1629 873 1800 913 num.
1840 859 1930 942 45,
2040 863 2199 933 quod
2226 869 2284 919 et
2315 867 2573 921 surrexit
2600 867 2748 938 ipse,
2783 874 2842 924 et
2871 875 3141 926 mortuos
3163 872 3563 945 suscitavit,et
3592 849 3695 946 qui

222 940 390 996 anobis
421 940 640 1000 allata
678 953 882 1005 sunt.
929 950 1125 1006 deum
1156 967 1275 1006 non
1298 949 1488 1022 ipsam
1526 952 1756 1004 tantum
1788 940 1931 1002 bon1
2036 954 2537 1011 resurrectionem
2573 974 2742 1013 suam
2773 963 2899 1013 tum
2925 940 3699 1033 prasdicarentﬁumvcrede-

220 1032 362 1104 operis
387 1034 986 1107 possibilitatem,
1017 1040 1126 1096 sed
1156 1046 1213 1095 et
1236 1040 1425 1113 ipsam
1473 1038 1840 1093 voluntatem
1874 1040 1933 1091 et
2036 1048 2171 1098 rent
2201 1049 2260 1098 et
2313 1046 2745 1103 conﬁterentur
2796 1049 3086 1105 excitavit.
3132 1051 3253 1107 Cat.
3312 1032 3367 1117 4,
3400 1070 3564 1109 num.
3604 1055 3692 1123 14,

218 1123 469 1181 actionem
506 1132 856 1198 prastare
893 1149 978 1187 eo
1013 1130 1221 1203 Cyrilli
1253 1123 1928 1202 sententia,argnmento
2036 1133 2338 1189 Christum
2369 1135 2560 1192 vivere
2594 1142 2652 1192 et
2683 1138 2743 1192 in
2774 1138 2988 1194 cmlum
3019 1156 3153 1196 vere
3184 1142 3527 1199 ascendisse
3552 1143 3695 1199 inde

226 1220 341 1270 sunt
363 1232 583 1288 preces
620 1218 805 1290 ejus,
846 1221 1089 1293 quibus
1146 1221 1514 1278 auditoribus
1552 1224 1926 1292 apprecatur,
2035 1224 2350 1294 convincit,
2384 1226 2535 1296 quod
2564 1242 2598 1280 a
2628 1234 2742 1283 toto
2772 1228 2899 1283 orbe
2928 1230 3190 1286 adoretur
3215 1248 3238 1296 ,·
3260 1236 3318 1287 et
3348 1236 3461 1288 cat.
3508 1235 3591 1300 13,
3625 1249 3686 1290 ιι.

219 1310 271 1359 ιιι
292 1306 441 1361 Deus
467 1313 731 1377 praestet
766 1309 907 1366 illis
940 1310 1165 1366 credere
1184 1313 1243 1366 in
1302 1310 1597 1377 Christum,
1655 1322 1919 1379 eumque
2037 1315 2085 1381 1,
2120 1315 2280 1385 quod
2310 1332 2454 1372 crux
2486 1333 2702 1387 magna
2732 1323 2790 1374 et
2833 1336 3013 1392 supra
3068 1328 3344 1379 naturam
3403 1324 3591 1396 gratia
3620 1340 3688 1380 ac

222 1395 416 1451 iterum
444 1402 818 1454 venturum
857 1406 1214 1473 exspectare
1239 1404 1353 1456 cat.
1387 1400 1473 1468 13,
1496 1416 1557 1454 n.
1593 1399 1662 1464 8;
1690 1402 1805 1453 cat.
1836 1399 1921 1453 14.
2032 1405 2319 1475 potentia,
2353 1423 2440 1463 eos
2483 1410 2583 1478 qui
2625 1407 2686 1463 in
2733 1410 2986 1465 universo
3044 1412 3172 1467 orbe
3226 1395 3464 1484 peccatis
3510 1413 3690 1470 morbi

214 1502 361 1541 num.
394 1489 489 1544 30.
519 1487 771 1545 Relata
838 1496 994 1546 sunt
1049 1491 1176 1547 hac
1234 1489 1578 1545 testimonia
1634 1503 1695 1543 ιι.
1728 1489 1821 1553 44,
1855 1488 1924 1544 Ut
2030 1502 2200 1551 urant
2230 1497 2511 1568 excitavit,
2546 1498 2893 1571 ignorantiae
2915 1501 3070 1558 fame
3100 1503 3161 1557 in
3191 1508 3314 1559 toto
3341 1503 3484 1560 orbe
3517 1521 3686 1577 pres-

226 1577 341 1633 Dcus
368 1593 455 1634 eos
484 1580 607 1634 sibi
665 1580 987 1651 placentes
1042 1580 1342 1647 custodiat,
1401 1580 1488 1635 eis
1543 1577 1921 1634 inimicitiam
2032 1601 2128 1642 sos
2161 1586 2329 1655 aluit,
2360 1592 2739 1659 peccatorum
2769 1592 2998 1648 catenis
3019 1594 3372 1649 constrictos
3389 1594 3684 1662 liberavit,

231 1674 415 1724 contra
442 1668 795 1725 diabolum
831 1670 1297 1743 tribuat,dignos
1329 1669 1495 1742 regni
1548 1667 1808 1724 caelestis
1839 1666 1922 1721 θῖ-
2031 1691 2219 1731 οωοοε
2242 1692 2311 1731 ex
2334 1677 2669 1750 ignorantia
2689 1679 3068 1750 illuminavit,
3099 1688 3158 1737 et
3177 1700 3384 1739 omnes
3407 1684 3516 1740 sub
3548 1700 3686 1755 pec-

226 1758 675 1828 ﬁciat,invictos
712 1777 752 1816 a
784 1761 1230 1817 tentationibns
1261 1763 1588 1831 conservet,
1635 1758 1921 1831 Spiritum
2029 1770 2159 1820 cato
2191 1766 2462 1823 detentos
2477 1768 2667 1823 solvit.
2690 1771 2827 1835 Quas
2845 1772 3048 1827 omnia
3065 1773 3371 1830 efﬁcacem
3394 1791 3464 1830 ex
3487 1774 3685 1829 omni-

226 1854 492 1904 sanctum
554 1850 821 1907 emittat
844 1855 917 1906 ut
968 1850 1159 1906 sancti
1217 1849 1470 1922 Spiritus
1506 1848 1735 1904 fructus
1763 1845 1919 1936 ired-
2026 1856 2295 1927 potentia
2318 1857 2419 1912 Dei
2444 1858 2505 1913 in
2528 1858 2807 1916 cordibus
2827 1861 3125 1918 actionem
3148 1880 3473 1936 eorumque
3496 1869 3686 1919 muta-

235 1937 389 2005 dant,
412 1943 479 1994 nt
508 1940 579 1996 in
611 1940 902 1997 novitate
931 1941 1063 1995 vita;
1121 1939 1448 2004 ambulent,
1478 1937 1659 2010 hujus
1687 1935 1776 1992 rei
1828 1940 1914 1991 te-
1948 1960 1997 2026 Β
2028 1946 2274 2017 tionem,
2307 1965 2438 2019 qua;
2472 1953 2593 2005 tota
2622 1950 2695 2005 ad
2725 1950 2975 2024 gloriam
3008 1955 3202 2009 crucis
3224 1935 3684 2027 pertiheat’per.

243 2031 512 2087 stimonia
541 2049 621 2087 ex
652 2032 907 2106 integro
940 2031 1241 2104 descripta
1269 2034 1412 2086 sunt
1441 2046 1604 2085 num.
1632 2031 1722 2084 46.
1756 2027 1918 2084 Nihil
2029 2035 2232 2108 spicue
2264 2037 2621 2110 signiﬁcant,
2646 2040 2744 2095 Ait
2771 2047 2884 2097 cat.
2912 2046 2999 2109 10,
3023 2060 3186 2099 num,
3224 2047 3311 2113 16,
3347 2044 3557 2095 Christi
3588 2060 3686 2093 no-

246 2120 452 2177 horum
479 2122 615 2178 sine
646 2122 992 2179 voluntatis
1050 2137 1348 2178 consensu
1381 2120 1512 2176 ﬁeri
1561 2123 1779 2192 potest,
1812 2134 1921 2174 seu
2026 2143 2156 2177 men
2176 2129 2504 2179 universam
2535 2138 2740 2180 terram
2776 2133 3135 2195 corripuisse,
3170 2130 3577 2209 περιεδράξατο,
3629 2135 3683 2189 vi

252 2212 442 2283 potius
466 2213 595 2268 haec
629 2213 850 2269 omnia
882 2218 1023 2269 sunt
1079 2212 1163 2285 pii
1218 2210 1543 2267 voluntatis
1574 2210 1821 2265 affectus
1851 2224 1919 2264 ac
2027 2219 2314 2275 nimirum
2336 2221 2597 2292 propria;
2624 2237 2691 2276 ac
2714 2238 2990 2292 quaerens
3012 2239 3281 2294 cur,cum
3301 2224 3681 2280 Judmiunius

246 2300 790 2360 determinationes
814 2304 1031 2359 effectu
1052 2300 1703 2375 adimpletze.Cnmhznc
1723 2303 1920 2371 postu-
2027 2309 2288 2380 regionis
2324 2310 2547 2366 ﬁnibus
2581 2311 2962 2368 determinati
2993 2313 3235 2383 fuerint,
3260 2314 3578 2370 Christiani
3612 2313 3687 2369 ad

242 2389 454 2447 lantur
482 2410 518 2448 a
544 2395 691 2461 Deo,
751 2392 1101 2467 agnoscitur
1154 2393 1255 2449 ille
1309 2393 1546 2465 piarum
1601 2390 1920 2447 voluntatis
2027 2398 2180 2454 ﬁnes
2212 2404 2386 2455 terra;
2416 2401 2722 2474 propagati
2752 2402 2873 2457 sint
2896 2420 2909 2470 ;
2936 2403 3230 2459 rationem
3263 2403 3493 2459 subdit:
3529 2402 3685 2488 Quoi!

255 2480 647 2537 aﬁeetionum
675 2499 741 2537 ac
771 2481 1193 2538 inductionum
1225 2486 1449 2538 auctor.
2026 2488 2583 2539 enimannuntiatur
2601 2491 2892 2554 unigeniti
2911 2492 3057 2542 Filii
3082 2494 3188 2542 .Dei
3209 2501 3289 2542 est
3316 2509 3534 2543 nomen.
3556 2480 3686 2549 Iani

343 2571 445 2623 52.
472 2570 689 2626 Eadem
712 2588 800 2628 res
830 2576 923 2628 est
952 2572 1110 2644 piam
1136 2570 1503 2627 voluntatem
1525 2569 1839 2626 infundere
1862 2574 1922 2625 et
2029 2577 2102 2633 de
2132 2578 2391 2635 universi
2423 2581 2808 2637 conversione
2841 2582 3203 2654 stupendum
3243 2600 3363 2639 non
3396 2589 3504 2639 est.
3560 2584 3683 2639 Mn-

270 2658 503 2714 malam
534 2659 764 2730 anteme,
807 2679 945 2718 cum
990 2662 1149 2719 mala
1174 2661 1447 2717 voluntas
1472 2660 1714 2717 nonnisi
1746 2659 1917 2715 homo
2028 2666 2145 2722 niri
2203 2674 2406 2741 posset
2461 2670 2573 2725 hoc
2646 2676 3065 2744 argumentum
3123 2672 3328 2729 multis
3386 2672 3683 2728 similibus

254 2750 709 2807 introductione
738 2753 1235 2825 pellatur.Malam
1256 2758 1456 2809 autem
1477 2752 1847 2807 voluntatem
1862 2754 1921 2805 et
2027 2758 2363 2815 Grmcorum
2396 2764 2456 2814 et
2486 2760 2826 2816 Latinorum
2853 2763 3099 2818 Patrum
3128 2763 3511 2819 testimoniis.

241 2838 677 2897 inductionem
699 2843 882 2898 animi
907 2859 941 2899 a
961 2844 1080 2899 Deo
1104 2843 1323 2899 auferri
1347 2842 1618 2916 agnoscit
1637 2841 1915 2915 Cyrillns,
2095 2848 2186 2905 53.
2222 2849 2475 2921 Spiritus
2507 2851 2697 2907 sancti
2753 2851 2870 2907 vim
2912 2857 2971 2908 et
3027 2856 3386 2925 potestatem
3415 2853 3477 2908 in
3508 2852 3683 2908 donis

236 2935 363 2986 Cat-
398 2932 457 2998 6.
492 2948 557 2986 n-
589 2932 683 2986 30-
717 2932 882 2998 011οά
915 2932 987 2988 de
1018 2934 1136 2989 Πθο
1163 2932 1439 2989 inﬁdeles
1469 2936 1803 2988 excmcante
1834 2932 1918 2987 ἀί·
2029 2939 2170 3009 suis,
2204 2958 2336 3012 qua:
2368 2942 2522 2998 sicut
2548 2943 2674 2998 vult
2701 2943 3028 3016 unicuique
3058 2944 3445 3017 peculiariter
3482 2943 3686 2999 distri-

236 3021 426 3087 ϐίων.
460 3038 496 3076 ει
517 3022 835 3078 Homullus
856 3023 1178 3079 refertnon
1200 3024 1524 3096 incongrue
1543 3022 1826 3095 explicari
1853 3022 1916 3078 in
2024 3030 2241 3101 buit,et
2257 3032 2319 3088 in
2334 3034 2782 3105 operationibus
2807 3035 2928 3092 suis
2947 3036 3420 3109 omnipotentem
3437 3041 3688 3108 etexpo-

240 3110 407 3167 hunc
438 3127 719 3179 sensum;
753 3119 820 3167 ιιι
848 3114 1000 3169 Deus
1047 3130 1259 3187 pravas
1289 3130 1495 3170 eorum
1528 3112 1915 3186 cogitationes
2027 3126 2237 3178 testate
2254 3140 2489 3181 summa
2511 3130 2809 3198 agentem,
2838 3127 3114 3198 bonaque
3137 3127 3198 3182 in
3220 3125 3687 3198 hominibusper

238 3207 506 3257 excaecet
532 3207 597 3257 et
627 3201 819 3273 tollat,
852 3206 1100 3276 Excaeca,
1142 3205 1360 3276 inquit,
1418 3205 1737 3260 scortatoris
1764 3219 1917 3259 δεον-
2026 3230 2088 3269 se
2107 3214 2490 3283 efﬁcientem,
2510 3217 2735 3289 passim
2755 3218 2995 3274 exhibet
3020 3224 3078 3275 et
3100 3218 3385 3274 describit
3403 3217 3679 3291 Cyrillus.

234 3292 398 3346 tondi
456 3294 854 3362 cogitationes,
904 3297 1277 3365 rapacitatem
1334 3300 1388 3350 et
1435 3292 1835 3364 furacitatem:
1861 3299 1915 3348 et
1943 3343 1986 3412 Ο
2025 3303 2146 3360 Cat,
2182 3308 2268 3374 16,
2319 3322 2381 3361 η,
2407 3309 2498 3375 22,
2533 3308 2810 3370 Magnum
2841 3307 3115 3373 quiddam
3142 3315 3195 3357 et
3241 3308 3590 3368 omnipotens
3620 3305 3684 3355 in

234 3390 492 3412 .η......4..-
545 3390 626 3412 ..ι
670 3384 823 3412 ιιι-η...
911 3385 1129 3412 Iun“.--
1160 3388 1303 3412 θυμέ-
1338 3383 1405 3412 ..2.
1435 3383 1667 3412 _--......‘.
1696 3384 1879 3412 ..-.l....
2031 3393 2184 3412 .1___,-_
2229 3397 2270 3412 ,ι
2309 3395 2399 3412 n.1,,
2442 3396 2453 3407 ο
2503 3398 2607 3412 γ’..
2690 3398 2724 3412 η
2775 3398 2786 3411 ο
2834 3399 2866 3412 ._
3143 3406 3153 3412 .
3284 3400 3318 3412 ,-
3485 3398 3502 3412 ς
3550 3397 3561 3409 ο
3631 3396 3647 3412 1

220 3390 492 3440 seruatus
540 3390 626 3439 est
665 3384 841 3439 homo.
904 3385 1129 3442 Emcwca
1156 3388 1303 3456 furis
1338 3383 1407 3438 τὰ
1434 3383 1669 3458 πορνικᾶ
1696 3384 1909 3456 νοήμα-
1943 3383 1986 3412 υ
2024 3393 2188 3443 donis
2216 3397 2270 3444 et
2296 3395 2637 3447 admirabile
2685 3398 2940 3460 Spiritus
2996 3406 3245 3448 sanctus.
3280 3400 3425 3455 Cum
3470 3396 3687 3454 deinde

221 3491 318 3540 τι,
350 3473 415 3527 τὸ
439 3472 791 3547 ἁρπαστικὸν
814 3472 902 3527 καὶ
942 3470 1256 3551 λῃστρικόν,
1287 3483 1341 3531 et
1386 3475 1618 3532 salutem
1667 3490 1909 3531 consecu-

2025 3484 2157 3557 ejns
2174 3486 2236 3541 in
2268 3486 2613 3545 hominibus
2636 3489 2847 3545 effecta
2861 3494 3265 3558 enumeret,ut
3286 3494 3342 3545 et
3365 3488 3573 3545 eadem
3592 3504 3689 3544 ca-

241 3568 331 3619 tus
358 3570 438 3620 est
469 3564 1023 3621 homo.Latinanon
1047 3566 1192 3622 satis
1219 3567 1561 3638 exprimunt
1580 3567 1917 3622 Crmcarnm
2026 3575 2273 3643 techegi,
2309 3593 2368 3632 ῃ,
2401 3579 2488 3643 12,
2541 3578 2751 3634 eodem
2783 3579 2914 3635 loco
2939 3579 3265 3651 eademque
3315 3580 3470 3635 serie
3498 3595 3568 3635 ac
3598 3583 3687 3634 te-

232 3670 447 3709 vocum
482 3654 611 3709 vim
626 3659 688 3709 et
716 3659 1067 3726 potestatem
1093 3673 1106 3725 ;
1133 3656 1226 3711 his
1245 3657 1407 3712 enim
1434 3657 1804 3730 signiﬁcatur
1836 3661 1909 3711 to-

2024 3683 2171 3722 nore
2202 3671 2477 3722 recenset
2495 3673 2551 3722 et
2568 3685 2748 3740 opera
2765 3670 3048 3726 virtutum
3068 3685 3200 3741 quas
3219 3669 3393 3725 nobis
3412 3669 3686 3741 inspirat,

236 3748 369 3799 tum
400 3745 565 3801 illud
601 3760 851 3817 pravum
883 3746 1214 3819 ingenium,
1247 3764 1315 3803 ac
1338 3746 1666 3804 deliberata
1696 3748 1758 3803 in
1789 3763 1916 3803 ma-
2027 3761 2085 3812 et
2114 3756 2271 3812 dona
2294 3758 2718 3814 miraculorum
2744 3776 2875 3830 quae
2898 3761 2959 3815 in
2978 3760 3151 3815 nobis
3175 3762 3492 3831 operatur;
3525 3763 3592 3813 ut
3611 3755 3687 3813 ad

238 3833 368 3889 lum
398 3836 740 3908 propensio
773 3841 832 3891 et
861 3835 1143 3905 adhaesio,
1188 3854 1306 3909 qua
1356 3842 1648 3894 scortator
1674 3839 1853 3894 homo
1885 3853 1909 3893 a

2024 3846 2182 3902 idem
2216 3847 2496 3918 potentiae
2528 3853 2587 3903 et
2616 3848 2875 3905 efﬁcacis
2906 3848 3272 3921 operationis
3302 3863 3487 3920 genus
3518 3852 3684 3902 utra-

226 3932 422 3994 casto,
459 3930 527 3981 et
554 3924 659 3981 fur
684 3942 720 3981 a
727 3925 894 3998 justo
916 3926 1321 4000 distinguitur.
1355 3927 1421 3984 Id
1444 3945 1516 3984 ex
1544 3928 1788 3984 homine
1811 3928 1920 3983 tol-
2024 3953 2140 4009 que
2163 3953 2508 3993 revocemus
2534 3958 2549 4005 ς
2582 3938 2851 4010 quamij
2871 3938 2975 3994 i110
2997 3955 3029 3997 δ
3061 3938 3234 3993 nobis
3255 3941 3500 4010 propter
3527 3935 3681 3992 libe.

224 4013 365 4070 lere
398 4014 509 4069 Dei
546 4018 660 4070 est.
692 4014 897 4070 Simile
930 4014 1078 4071 illud
1110 4021 1202 4072 est
1224 4017 1383 4088 quod
1405 4017 1661 4089 Cyrillus
1685 4017 1769 4073 ait
1788 4032 1918 4073 cru-
2022 4043 2157 4083 rum
2186 4044 2547 4084 consensum
2597 4027 2992 4101 dependeant,
3026 4029 3153 4085 haec
3182 4044 3346 4101 pura:
3378 4028 3500 4083 sint
3553 4027 3682 4100 ejus

228 4121 377 4159 cem
410 4119 529 4159 seu
560 4103 831 4159 cruciﬁxi
863 4104 1163 4176 virtutem,
1194 4122 1407 4179 pravos
1436 4123 1473 4163 a
1500 4106 1777 4180 gentibus
1810 4123 1909 4162 su-

2023 4118 2421 4189 Operationes,
2442 4118 2776 4175 secundum
2794 4120 2924 4192 ejus
2943 4119 3303 4189 doctrinam,
3338 4122 3450 4173 cat.
3486 4120 3537 4188 5,
3562 4134 3625 4172 n.
3649 4119 3681 4171 9

228 4193 477 4264 perbis,
506 4192 675 4260 feris,
709 4198 771 4248 et
799 4193 1096 4251 idolorum
1127 4212 1330 4252 amore
1360 4195 1801 4252 insanientibus
1831 4196 1909 4251 af-

2024 4211 2081 4262 et
2125 4210 2208 4262 11.
2241 4209 2384 4263 Post
2412 4206 2743 4280 descriptas
2774 4208 2837 4264 in
2859 4208 3089 4265 duabus
3106 4206 3516 4264 catechesibus
3547 4221 3684 4278 pas-

232 4283 443 4338 iec-Uls
475 4282 795 4339 Snstnlisse
828 4288 888 4339 et
942 4287 1271 4343 contrarios
1320 4285 1629 4343 indidisse.
1661 4286 1796 4345 Ησσν
1823 4286 1921 4341 ίιὶ-
2024 4297 2137 4353 Sim
2171 4302 2229 4353 et
2257 4299 2595 4370 promiscue
2626 4299 2890 4355 diversas
2916 4299 3106 4356 sancti
3135 4297 3389 4369 Spiritus
3416 4297 3478 4351 in
3500 4300 3672 4351 utro-

231 4373 384 4443 quit
410 4378 529 4429 cat.
565 4372 658 4441 13,
688 4389 749 4428 n.
776 4375 864 4442 40,
899 4375 1082 4425 meis
1113 4384 1389 4438 tropaeum
1417 4375 1618 4426 Persas
1646 4377 1909 4439 subfuga‘

2023 4405 2139 4461 que
2169 4390 2547 4447 Testamento
2580 4390 2946 4461 effectiones,
2978 4391 3097 4447 sive
3128 4389 3246 4444 illm
3280 4388 3354 4444 ad
3385 4388 3682 4443 humano-

234 4462 325 4509 ait
358 4469 416 4510 et
444 4460 682 4525 Scythas
713 4462 1009 4523 cicuracit,
1036 4464 1131 4515 hoc
1157 4464 1469 4530 Egyptiis,
1516 4465 1581 4515 in
1636 4465 1820 4515 locum
1844 4467 1922 4526 fe-
2022 4495 2156 4534 rum
2182 4495 2418 4536 morum
2449 4481 2900 4538 conversionem
2932 4460 2991 4537 et
3019 4479 3528 4546 informationem,
3562 4477 3681 4533 sive

242 4551 403 4600 lium
422 4559 474 4601 et
505 4566 721 4602 canum
747 4568 814 4603 ac
867 4554 1213 4617 multiplicis
1240 4557 1473 4619 erroris,
1521 4555 1627 4605 Dei
1655 4554 1920 4605 notitiam

254 4645 645 4709 gratiﬁcatum
677 4651 776 4694 est.
798 4644 886 4695 Ad
912 4647 1184 4696 virtutem
1215 4647 1429 4699 Christi
1456 4647 1731 4697 similiter
1748 4663 1921 4703 revo-

2023 4568 2097 4626 ad
2111 4570 2401 4627 miracula
2414 4576 2579 4628 etres
2600 4589 2780 4645 supra
2796 4576 3071 4627 naturam
3094 4575 3290 4644 gestas
3314 4569 3678 4642 pertineant,

2024 4675 2365 4716 sermonem
2398 4661 2483 4717 sic
2514 4661 2821 4718 concludit
2863 4665 2977 4718 cat.
3012 4663 3103 4730 17,
3133 4678 3194 4716 n.
3227 4663 3297 4716 44
3323 4677 3335 4714 :
3359 4659 3451 4707 Ex
3475 4657 3682 4723 quibus

253 4738 356 4786 cat
386 4740 490 4790 cat.
527 4737 620 4804 10,
651 4751 711 4789 n.
749 4738 837 4804 19,
871 4736 1218 4810 [CLXXXIV]
1252 4738 1400 4802 quod
1442 4739 1633 4787 Persae
1660 4745 1713 4786 et
1754 4735 1909 4787 Gothi

2018 4748 2299 4808 omnibus,
2331 4757 2383 4798 et
2412 4750 2488 4801 iis
2506 4752 3035 4815 quceprcetemnissa
3055 4757 3193 4800 sunt
3213 4751 3378 4812 longe
3386 4749 3682 4812 pluribus,

241 4831 301 4871 et
330 4839 519 4874 mnes
554 4838 586 4874 a
603 4825 918 4889 gentilibus
944 4829 1195 4878 conversi
1213 4841 1324 4890 pro
1353 4827 1593 4886 Christa,
1609 4840 1773 4891 quem
1796 4841 1913 4876 car-

244 4915 343 4962 nis
374 4916 506 4963 ocul
512 4913 561 4964 is
588 4930 885 4980 nunquam
911 4926 1495 4982 eonsgea'ere,mortem
1514 4924 1766 4980 oppetere
1798 4932 1913 4967 non

239 5005 529 5055 dubitent.
560 5007 778 5064 Christi
811 5008 1312 5064 resurrectionem
1370 5007 1583 5080 probat
1612 5012 1724 5064 cat.
1758 5008 1810 5077 4,
1846 5024 1909 5063 ιι.

240 5101 335 5168 18,
372 5117 512 5157 cum
539 5117 609 5157 ex
636 5098 914 5172 plurimis
936 5099 1323 5172 orgumentis,
1353 5103 1480 5154 tum
1502 5116 1638 5154 vero
1661 5113 1734 5155 ex
1780 5097 1910 5171 ejus

239 5191 349 5261 qui
374 5193 639 5249 surrexit
666 5191 727 5245 in
754 5188 1109 5245 hodiernum
1129 5205 1319 5261 usque
1341 5189 1498 5245 diem
1522 5189 1910 5257 BfﬁCZIClaﬂOii

242 5279 582 5341 ἀναστάντος
614 5276 905 5354 ἐνεργείας.
965 5281 1033 5335 In
1059 5280 1169 5336 hac
1200 5280 1469 5336 efﬁcacia
1514 5280 1910 5352 comprehen-

242 5368 334 5425 dit
361 5372 486 5428 vim
516 5370 780 5427 nominis
796 5370 929 5442 ejus
960 5369 1033 5424 ad
1051 5369 1397 5443 eﬂ‘ngandos
1426 5369 1911 5438 dmmones,mor—

242 5457 355 5515 bos
391 5460 704 5534 pellendos
727 5477 740 5527 ;
760 5458 865 5515 sed
882 5460 1260 5531 potissimum
1289 5465 1568 5516 numerat
1593 5460 1754 5516 orbis
1770 5477 1908 5517 con-

240 5552 607 5618 versionem,
639 5554 750 5605 cat.
789 5550 875 5616 14,
910 5564 972 5603 n.
1007 5549 1095 5617 14,
1136 5549 1219 5605 ait
1247 5550 1472 5605 milites
1502 5551 1602 5622 qui
1633 5567 1905 5607 resurreo

238 5641 468 5698 ctionis
498 5639 744 5711 conscii,
770 5638 1077 5694 veritatem
1108 5639 1299 5712 pretio
1330 5639 1623 5713 redempti
1653 5640 1910 5699 occulta-

239 5738 485 5799 verunt,
516 5731 676 5803 ipsos
706 5726 1089 5787 absconditos
1147 5733 1206 5784 et
1235 5728 1519 5786 obscuros
1567 5732 1902 5788 mansisse:

244 5818 360 5874 Qui
397 5835 539 5881 vero,
582 5819 782 5887 inquit,
814 5832 942 5868 eam
996 5832 1262 5882 recepere,
1305 5820 1691 5884 publicamin
1721 5822 1903 5872 lucem

2022 4830 2447 4880 commendatur
2468 4832 2852 4897 intelligentia
2860 4827 3688 4893 prwditis,subsistens,sancti-

2020 4909 2273 4974 ﬁcatria',
2303 4920 2356 4961 et
2379 4913 2688 4977 efﬁcaciter
2715 4912 3019 4975 operatrix,
3061 4909 3400 4984 [CLXXXV]
3455 4905 3677 4982 ἐνεργη-

2017 5005 2171 5075 rimi,
2202 5010 2385 5054 virtus
2413 5003 2674 5065 Spiritus
2703 5003 2911 5052 sanati.
2960 4998 3430 5057 Innumerabilia
3451 4996 3683 5053 scilicet

2018 5101 2397 5171 percurrerat
2427 5094 2616 5151 sancti
2651 5093 2902 5166 Spiritus
2929 5092 3159 5159 effecta,
3184 5105 3420 5146 summa
3448 5087 3521 5145 ab
3543 5087 3674 5161 ipso

2019 5193 2311 5261 potestate
2341 5192 2400 5246 et
2429 5186 2696 5243 efﬁcacia
2723 5187 2981 5256 peracta.
3010 5183 3150 5248 Quas
3172 5180 3248 5238 ad
3276 5180 3527 5237 humani
3553 5196 3679 5237 cor-

2019 5281 2110 5337 dis
2124 5280 2576 5339 conversionem
2597 5274 3058 5350 pertinent,sola
3070 5273 3145 5331 ad
3168 5290 3294 5332 rem
3315 5278 3674 5347 praesentem

2020 5375 2291 5442 spectant
2318 5387 2332 5425 :
2365 5366 2658 5425 nonnulla
2678 5364 3458 5438 priuscommemoravimus
3483 5382 3497 5433 ;
3522 5381 3680 5437 quaa-

2017 5460 2158 5516 dam
2175 5460 2370 5516 adhuc
2386 5457 2516 5530 subj
2527 5454 2825 5529 ungenda,
2848 5471 2988 5511 nam
3003 5456 3205 5512 omnia
3225 5456 3407 5511 nimis
3428 5454 3673 5527 longum

2017 5558 2177 5609 esset
2205 5552 2475 5608 recitare.
2510 5552 2634 5618 Cat,
2670 5549 2755 5616 17,
2789 5564 2848 5603 ιι.
2886 5550 2972 5617 15,
3005 5548 3076 5605 de
3108 5548 3396 5622 apostolis
3453 5547 3672 5619 illapsu

2014 5643 2269 5716 Spiritus
2300 5641 2494 5699 sancti
2522 5639 2584 5694 in
2613 5638 2708 5694 die
2734 5639 3116 5695 Pentecostes
3139 5639 3526 5697 sanctiﬁcatis
3565 5638 3668 5693 ait:

2011 5733 2213 5796 Ignem
2242 5737 2571 5794 receperunt
2599 5728 2913 5778 salutarem
2959 5729 3062 5793 qui
3082 5737 3443 5792 peccatorum
3471 5727 3668 5789 spinas

2012 5824 2402 5875 exterminans
2462 5820 2720 5872 animam
2775 5818 3052 5871 nitentem
3081 5817 3280 5869 reddit.
3339 5818 3386 5870 Β
3433 5819 3487 5867 ic
3525 5813 3599 5863 ad
