4024 6358
360 412 480 475 223

1642 404 1744 465 DE
1785 402 1974 465 VlTA
2016 400 2084 464 8.
2128 401 2471 468 CYRILLI.

3669 404 3791 465 224

361 559 583 611 quoque
613 544 772 592 modo
827 551 1090 592 venturus
1119 548 1218 600 est,
1252 556 1317 590 ac
1369 540 1507 590 dum
1551 544 1777 601 peccata
1835 544 2020 586 vestra

2141 541 2402 609 quamvis
2430 539 2511 596 ibi
2544 540 2694 598 dura
2723 558 2796 598 ex
2824 538 3139 614 prophetia
3174 541 3568 610 exspectaret,
3583 549 3797 598 Prope-

359 637 665 699 spinarum
695 635 886 685 instar
908 635 1152 686 conciaet
1178 643 1226 684 et
1263 634 1531 690 absumet,
1558 631 1875 694 pretiosum
1906 631 2030 680 ani-

363 742 471 776 mos
504 734 701 776 vestrce
727 727 980 788 fundum
1036 725 1221 787 magis
1268 723 1541 773 nitentem
1592 723 1899 786 eﬁecturus
1925 726 2032 767 est.

366 817 499 873 Hanc
522 817 594 873 de
614 818 1024 874 sanctificante
1036 816 1225 890 gratia
1237 814 1620 888 potissimum
1636 810 2031 884 intelligenda

364 906 576 962 fateor.
611 909 756 963 Cum
787 924 923 963 vero
955 907 1143 979 spinas
1175 910 1558 978 peccatorum
1581 903 1743 976 pravi
1759 901 2031 957 sintatl‘e'

362 1001 493 1052 ctus
525 1002 584 1052 et
613 997 939 1066 habitus,hi
973 997 1100 1052 sine
1140 996 1330 1069 gratia
1376 1010 1557 1066 quam
1588 991 1883 1049 actualem
1915 1007 2022 1047 vo-

362 1087 600 1153 cant,ab
632 1086 835 1143 adulto
858 1086 1078 1143 auferri
1111 1091 1169 1140 et
1197 1083 1583 1141 exterminari
1608 1099 1728 1138 non
1750 1087 2020 1154 possunt.

364 1178 577 1241 Monet,
613 1195 671 1233 ιι.
714 1180 796 1246 1⁸7,
832 1192 939 1249 per
968 1175 1194 1232 donum
1226 1174 1568 1247 linguarum
1608 1175 1888 1228 restitutas
1916 1177 1967 1226 et
1991 1187 2027 1225 a

365 1268 476 1322 Deo
504 1269 779 1322 adunatas
807 1268 1075 1322 mentium
1105 1266 1434 1331 sententias;
1470 1280 1605 1320 cum
1655 1262 1718 1318 in
1750 1260 2026 1317 Babelica

366 1357 707 1431 linguarum
738 1356 1029 1413 divisione
1060 1361 1119 1412 et
1143 1354 1416 1411 confusio
1441 1354 1781 1409 animorum
1810 1368 1879 1407 ac
1922 1367 2026 1406 vo-

363 1446 661 1503 luntatum
690 1446 897 1502 divisio
929 1446 1160 1502 fuisset.
1195 1445 1313 1512 Ait,
1348 1461 1408 1500 ιι.
1442 1447 1534 1512 20,
1561 1442 1812 1504 Spiritus
1839 1440 2027 1490 sancti

360 1537 609 1599 gratiam
640 1537 702 1585 in
722 1536 890 1586 Petro
915 1544 965 1584 et
986 1536 1047 1585 in
1070 1532 1331 1584 omnibus
1350 1533 1532 1582 simul
1550 1530 1815 1594 apostolis
1841 1531 2025 1594 efﬁca-

367 1626 506 1674 citer
533 1632 818 1686 operatam
842 1639 974 1684 esse,
1001 1623 1164 1698 χάρις
1196 1621 1482 1694 ἐνήργησε,
1507 1620 1667 1693 quod
1692 1620 2023 1676 sexcenties

367 1720 576 1788 postea
603 1714 915 1787 repetit,et
941 1718 1169 1785 septem
1199 1712 1465 1768 diaconis
1498 1717 1557 1768 et
1584 1710 1767 1768 Paulo
1790 1710 1852 1766 in
1879 1726 2023 1765 con-

369 1803 757 1876 sequentibus
816 1802 1096 1876 applicat.
1130 1801 1370 1874 Triplici
1427 1818 1564 1857 vero
1618 1801 1833 1857 effectu
1869 1799 2023 1854 hanc

2134 642 2304 688 rasse,
2333 637 2386 678 et
2415 630 2628 681 Christi
2671 630 2986 681 doctrinam
3019 644 3149 679 cum
3175 627 3386 693 ﬁducia
3422 625 3803 689 pradicasse.

2133 708 2335 760 Mediis
2366 711 2534 761 etiam
2566 711 2628 760 in
2646 710 3010 774 judiciorum
3038 708 3328 759 subselliis
3351 724 3557 765 coram
3579 706 3795 780 praesi-

2134 799 2308 857 dibus
2337 808 2390 850 et
2416 802 2674 865 Agrippa
2702 817 2848 865 rege,
2878 800 3128 852 victricis
3163 800 3227 851 in
3255 799 3539 862 sapientia
3582 797 3791 860 gratia

2135 897 2357 941 tantum
2391 890 2667 953 habuisse,
2691 897 2757 948 ut
2781 896 3088 966 permotus
3116 890 3374 954 ΑρνίΡΡα
3401 888 3655 958 diceret.
3686 887 3739 937 Ρ
3738 902 3795 937 α·

2131 996 2263 1031 rum
2289 979 2437 1031 abest
2456 982 2599 1047 quin
2629 981 2775 1031 mihi
2793 981 3136 1045 persuadeas
3161 988 3224 1030 ut
3250 982 3389 1045 [tam
3402 978 3791 1038 Christianus,

2132 1071 2395 1128 Tandem
2418 1072 2659 1144 quodin
2684 1072 2866 1129 Paulo
2889 1071 3030 1129 etin
3055 1070 3365 1145 apostolis,
3383 1068 3544 1126 idem
3566 1069 3635 1125 in
3664 1086 3791 1125 om-

2133 1160 2310 1218 nibus
2332 1163 2431 1235 qui
2452 1168 2609 1219 recte
2640 1162 3149 1236 credant,operari
3181 1161 3466 1234 Spiritum
3489 1165 3790 1231 sanctum,

2130 1250 2324 1321 docet,
2357 1268 2419 1309 ιι.
2453 1254 2541 1307 32.
2575 1253 2710 1308 litae
2739 1252 2962 1319 omnia,
2985 1268 3168 1323 quam
3198 1251 3261 1308 in
3289 1251 3422 1307 istis
3434 1250 3675 1324 jejunis
3693 1266 3787 1306 ex-

2130 1340 2348 1412 cerptis
2379 1340 2595 1397 melius
2626 1340 2688 1396 in
2720 1340 2847 1413 ipso
2876 1341 3066 1396 Patris
3093 1345 3257 1396 textu
3304 1338 3588 1412 leguntur
3619 1344 3683 1395 et
3709 1340 3791 1394 in-

2130 1429 2480 1502 telliguntur
2504 1446 2517 1485 :
2552 1429 2731 1502 idque
2747 1429 2982 1487 abunde
3001 1429 3303 1496 evincunt,
3323 1445 3395 1485 ex
3415 1428 3627 1501 Cyrilli
3654 1445 3790 1485 sen-

2130 1519 2317 1575 tentia
2334 1519 2617 1593 Spiritum
2633 1525 2905 1576 sanctum
2923 1519 3131 1576 eadem
3143 1523 3434 1592 potestate
3447 1523 3508 1574 et
3528 1517 3790 1576 efficaci-

2130 1614 2396 1680 tate,qua
2408 1609 2560 1665 mira
2572 1627 2677 1682 per
2690 1609 2992 1683 apostolos
3005 1608 3537 1676 efﬁciebat,eornm
3549 1624 3794 1681 quoque

2128 1700 3458 1774 ﬁdei,constantiaa,patientim,etc.,auctorem
3470 1700 3796 1767 esse;insu-

2126 1807 2234 1863 per
2245 1796 2307 1847 et
2334 1790 2739 1848 conversionis
2752 1796 2813 1847 et
2836 1795 3138 1848 rectarum
3153 1790 3591 1847 sententiarum
3609 1789 3799 1846 actio-

368 1894 572 1967 gratiaa
602 1893 1010 1966 operationem
1041 1892 1287 1950 definit:
1308 1908 1429 1948 uno
1450 1892 1757 1958 interiore,
1791 1906 1909 1962 quo
1931 1889 2021 1944 ni-
2050 1913 2099 1980 Β
2128 1896 2414 1980 nutuque,
2434 1895 2653 1980 eorum
2665 1880 2919 1980 Bainper
2941 1879 3245 1980 apostolo-8
3266 1878 3794 1980 conver‘tehantur.

370 1984 591 2039 mirum
620 1982 906 2055 apostolis
930 1983 1178 2038 ﬁrmitas
1195 1988 1253 2039 et
1274 1982 1563 2055 patientia
1583 1980 1875 2053 inspirata
1904 1983 2014 2047 est;

369 2073 556 2129 altero
587 2073 901 2140 exteriore,
934 2073 996 2128 in
1029 2071 1453 2129 miraculorum
1485 2071 1895 2135 effectione,ac
1924 2085 2019 2125 re-

368 2162 714 2220 sistentibus
744 2179 926 2220 sacra)
958 2162 1242 2219 doctrinm
1270 2160 1812 2230 convincendis,vel
1836 2166 2023 2215 exter-

371 2255 577 2312 aendis
598 2273 613 2324 ;
637 2256 809 2311 tertio
839 2254 1096 2326 denique
1117 2254 1407 2310 exteriore
1427 2253 1609 2309 simul
1631 2258 1690 2309 et
1712 2252 2021 2319 interiore,

368 2345 658 2403 nimirum
688 2346 751 2401 in
779 2344 1195 2401 convertendis
1216 2345 1291 2400 ad
1309 2343 1490 2400 ﬁdem
1506 2341 1874 2409 cordibus,et
1894 2358 1990 2398 cre
2004 2372 2020 2382 -

372 2435 644 2492 dentium
656 2434 925 2490 moribus
938 2434 1232 2490 sanctiore
1244 2432 1565 2505 disciplina
1577 2430 2022 2505 componendis.

372 2527 511 2581 Tres
542 2524 678 2579 illos
705 2525 950 2580 effectus
979 2523 1316 2595 promiscue
1347 2528 1639 2592 recenset,
1676 2527 1733 2578 et
1759 2522 1833 2578 ad
1864 2537 2026 2576 eam-

377 2615 512 2670 dem
539 2613 729 2671 sancti
748 2614 1001 2685 Spiritus
1015 2614 1339 2670 efticaciter
1359 2613 1662 2686 aperantis
1679 2613 1954 2668 virtutem
1970 2617 2031 2668 et

378 2705 675 2761 actionem
713 2702 912 2760 refert.
945 2706 1142 2761 Pauca
1171 2721 1242 2760 ex
1272 2704 1366 2760 his
1395 2721 1528 2776 quas
1581 2703 1656 2759 ad
1684 2703 1945 2776 primum
1971 2707 2031 2759 et

374 2795 619 2852 tertium
655 2798 925 2867 spectant
954 2794 1230 2851 referam.
1265 2795 1448 2851 Docet
1471 2810 1907 2866 nempe.,num.
1938 2795 2029 2863 21,

374 2887 612 2936 Petrum
634 2885 696 2935 in
722 2885 935 2934 virtute
949 2884 1209 2947 Spiritus
1228 2884 1413 2934 sancti
1432 2884 1648 2933 stetisse
1668 2889 1803 2956 post
1818 2884 2032 2940 Pente-

375 2981 580 3033 costen
611 2990 740 3025 cum
768 2974 1049 3034 undecim,
1079 2982 1131 3023 et
1164 2975 1442 3024 exultasse
1475 2974 1539 3024 in
1574 2974 1917 3036 fortitudine
1951 2987 2036 3021 ro-

377 3080 510 3123 cem,
541 3080 607 3115 ac
626 3064 885 3127 spiritali
913 3078 1239 3115 sermonum
1266 3065 1377 3115 reti
1396 3063 1622 3114 animas
1657 3071 1741 3112 ter
1769 3062 1931 3113 mille
1959 3077 2035 3112 ce-

367 3155 558 3217 pisse;
590 3161 810 3203 tantam
859 3155 922 3204 in
954 3154 1034 3203 eis
1088 3155 1339 3217 gratiam
1399 3161 1684 3216 operatam
1713 3168 1844 3211 esse,
1876 3159 1939 3200 ut
1969 3165 2035 3200 es:

377 3245 519 3306 ipsis
547 3244 650 3308 qui
681 3244 969 3295 Christum
998 3245 1407 3309 cruciﬁxerant
1444 3242 1617 3293 multi
1646 3242 1949 3300 crederent,
1978 3248 2033 3289 et

2200 1971 2289 2025 54.
2325 1970 2397 2026 Ut
2428 1975 2630 2027 tamen
2659 1969 2916 2042 Cyrillus
2948 1986 3055 2027 sua
3074 1970 3304 2044 gratias,
3333 1970 3418 2026 ita
3440 1973 3500 2025 et
3527 1968 3797 2025 humano

2121 2059 2369 2115 arbitrio
2401 2076 2508 2116 sua
2543 2060 2686 2133 jura
2740 2061 3010 2127 servavit,
3070 2059 3449 2134 agnovitque,
3508 2059 3786 2131 quamvis

2122 2148 2348 2222 potenti
2361 2150 2551 2222 gratia
2571 2154 2935 2221 praeventum
2950 2148 3381 2218 hominem,sui
3393 2153 3600 2205 tamen
3612 2153 3783 2205 actus

2122 2237 2434 2295 dominum
2457 2255 2608 2310 esse,
2631 2240 2829 2312 gratia
2851 2239 3039 2297 libere
3059 2239 3438 2309 assentiri,ac
3458 2239 3788 2295 dissentire

2125 2325 2504 2399 quandoque.
2527 2325 2730 2382 Fidem
2744 2326 2847 2383 Dei
2879 2326 3104 2384 donum
3122 2342 3254 2384 esse
3276 2343 3413 2383 cum
3433 2331 3790 2383 constanter

2127 2413 2356 2481 doceat,
2381 2431 2415 2472 a
2435 2415 2609 2472 nobis
2630 2421 2832 2473 tamen
2854 2416 3116 2489 pendere
3138 2416 3242 2487 ait,
3265 2420 3379 2474 cat.
3402 2419 3458 2484 5,
3475 2432 3652 2472 num.
3669 2415 3707 2469 9
3736 2421 3795 2473 et

2132 2508 2188 2560 11
2203 2506 2410 2562 .Deum
2432 2521 2503 2561 ex
2516 2505 2745 2562 inﬁdeli
2760 2506 2999 2563 fidelem
3014 2506 3251 2564 efficere
3273 2522 3448 2579 posse
3463 2522 3534 2562 ea
3546 2505 3791 2561 demum

2127 2595 2255 2667 lege
2289 2600 2347 2650 et
2375 2594 2717 2652 conditione
2745 2596 3015 2653 decernit
3044 2601 3267 2669 procat.
3301 2613 3363 2652 ιι.
3410 2598 3500 2665 17,
3530 2597 3583 2651 si
3630 2596 3790 2652 modo

2131 2704 2224 2743 cor
2252 2688 2341 2742 illi
2361 2688 2689 2759 praebuerit.
2722 2688 2893 2743 Pium
2921 2686 3220 2743 latronem
3240 2687 3639 2760 praavenienti
3667 2703 3791 2761 gra-

2132 2778 2227 2833 tia:
2258 2794 2620 2835 consensum
2646 2778 2943 2852 denegare
2974 2778 3262 2851 potuisse,
3294 2778 3389 2835 his
3411 2794 3547 2850 quas
3572 2778 3782 2834 Christi

2133 2868 2197 2923 in
2230 2884 2331 2924 ore
2361 2869 2532 2941 ponit
2560 2867 2754 2924 verbis
2803 2868 3029 2926 indicat
3085 2873 3198 2925 cat.
3234 2869 3321 2939 l3,
3380 2884 3443 2924 ιι.
3474 2870 3540 2923 31
3573 2885 3588 2924 :
3615 2866 3788 2916 Hodie

2131 2972 2351 3007 mecum
2379 2957 2494 3007 eris
2524 2958 2587 3008 in
2607 2957 2899 3020 paradiso,
2941 2956 3400 3023 quandoquidem
3433 2956 3600 3007 hodie
3626 2956 3795 3007 audi-

2133 3047 2264 3097 visti
2293 3062 2474 3097 vacem
2501 3062 2702 3109 meam,
2732 3056 2785 3097 et
2812 3062 2925 3098 non
2953 3046 3248 3097 obdurasti
3277 3061 3371 3097 cor
3400 3055 3589 3103 tuum.
3611 3046 3796 3103 Paulo

2135 3143 2272 3195 ante
2290 3137 2443 3209 regis
2462 3138 2733 3212 Agrippas
2752 3138 3093 3211 exemplum
3124 3136 3443 3194 retulimus
3466 3154 3537 3193 ex
3557 3142 3678 3195 cat.
3705 3138 3792 3206 l7,

2138 3244 2198 3284 ιι.
2234 3229 2323 3295 31,
2355 3228 2457 3300 qui
2488 3233 2771 3300 operante
2803 3245 2909 3301 per
2938 3227 3190 3284 Paulum
3245 3227 3487 3284 victrice
3539 3227 3794 3300 Spiritus

381 3287 514 3306 τη-
548 3287 647 3308 ,πν
686 3287 772 3294 ----
999 3287 1040 3295 ν.
1067 3287 1399 3309 ηψπ-----
1983 3287 2022 3289 -κ
2308 3287 2320 3295 .
2373 3287 2392 3300 .
2526 3287 2546 3300 .
2805 3287 2823 3301 .
3576 3287 3599 3300 .

368 3342 795 3397 perseverarent
841 3334 903 3384 in
934 3333 1193 3384 doctrina
1245 3333 1624 3397 apostolorum
1658 3340 1711 3381 et
1755 3330 2027 3382 orationi-
2056 3287 2103 3358 θ
2141 3321 2331 3378 sancti
2360 3322 2549 3393 gratia
2578 3338 2646 3378 eo
2677 3338 2866 3395 usque
2894 3326 3202 3395 permotus
3232 3327 3343 3394 est,
3373 3326 3441 3378 ut
3466 3337 3593 3378 sese
3629 3337 3791 3392 pene

380 3413 499 3465 bus.
530 3414 604 3465 In
633 3415 819 3465 eadem
849 3416 1064 3465 virtute
1081 3414 1314 3465 Petrum
1340 3424 1390 3464 et
1418 3415 1696 3463 Joannem
1726 3417 1860 3487 post
1874 3411 2032 3469 clau-

378 3503 522 3561 dum
549 3505 623 3561 ad
652 3510 885 3577 portam
910 3505 1114 3579 templi
1135 3504 1733 3572 curatum,spirituali
1762 3503 2031 3553 doctrinae

378 3610 589 3659 sagena
615 3596 869 3661 quinque
895 3596 1075 3645 simul
1100 3595 1439 3646 credentium
1468 3595 1658 3646 millia
1687 3594 2033 3657 comprehen-

377 3686 540 3742 disse.
567 3701 633 3737 ac
659 3702 908 3738 summos
966 3686 1273 3737 sacerdotes
1306 3687 1569 3751 arguisse
1627 3694 1679 3736 et
1706 3686 2029 3737 convicisse.

381 3778 613 3829 Tantam
634 3794 742 3841 per
772 3795 859 3829 eos
889 3779 953 3828 in
986 3779 1060 3829 iis
1089 3778 1193 3843 qui
1220 3778 1573 3829 crediderant
1608 3786 1894 3841 operatam
1920 3791 2036 3826 esse

377 3864 619 3928 spiritus
646 3869 916 3931 gratiam,
948 3876 1005 3918 ut
1028 3877 1166 3918 esset
1198 3868 1435 3917 illorum
1465 3881 1555 3917 cor
1579 3875 1631 3917 et
1668 3866 1868 3917 anima
1896 3879 2033 3925 una,

378 3971 444 4005 ac
462 3959 828 4018 promiscuus
858 3960 1131 4009 bonorum
1183 3974 1355 4019 usus;
1375 3958 1790 4021 possessoribus
1810 3956 2038 4019 prtedia

384 4046 769 4107 vendentibus,
825 4063 892 4098 ac
941 4048 1135 4110 pretia
1190 4048 1455 4112 religiose
1508 4047 1892 4112 oferentibus.
1950 4046 2040 4103 Ad

386 4138 660 4193 eamdem
681 4154 924 4193 causam
944 4137 1145 4208 refert,
1164 4155 1224 4194 ιι.
1246 4137 1338 4209 23,
1359 4137 1505 4201 quod
1532 4136 1808 4200 intrepide
1817 4136 2040 4199 princi-

378 4241 480 4289 pcs
507 4228 853 4278 sacerdotum
887 4235 1265 4290 coarguerunt
1286 4243 1303 4276 :
1332 4234 1383 4276 et
1412 4227 1541 4277 casi
1589 4226 1916 4291 verberibus,
1954 4230 2049 4279 ab-

389 4317 537 4367 irent
564 4316 888 4380 gaudentes,
930 4331 1029 4366 nec
1083 4316 1272 4366 docere
1299 4333 1364 4367 ac
1416 4316 1706 4367 Christum
1727 4319 2044 4379 prtedicare

390 4416 687 4459 cessarent.
746 4410 826 4465 De
857 4409 1041 4466 Paulo
1089 4410 1193 4481 ait,
1235 4426 1401 4467 num.
1453 4412 1544 4479 26,
1577 4409 1863 4470 Spiritum
1919 4427 2046 4461 san-

391 4505 543 4548 ctum
576 4498 632 4547 in
667 4514 729 4549 eo
759 4506 1071 4561 operatum,
1108 4515 1345 4565 eumque
1377 4516 1505 4551 cum
1550 4510 1878 4564 persecutor
1903 4502 2044 4552 olim

388 4589 613 4652 fuisset,
661 4605 981 4652 prwconem
1010 4599 1060 4641 et
1107 4606 1331 4640 servum
1361 4592 1567 4641 bonum
1620 4591 1867 4657 eiecisse
1888 4609 1905 4643 :
1933 4591 2042 4649 Τὸν

2134 3414 2209 3471 ad
2222 3413 3063 3486 suscipiendamChristianam
3076 3414 3428 3488 religionem
3438 3429 3791 3488 persuasum

2134 3504 2424 3560 fateretur
2447 3522 2461 3572 ;
2478 3503 2580 3576 qui
2598 3509 2798 3561 tamen
2815 3505 2877 3560 in
2898 3503 3081 3561 veteri
3100 3503 3494 3562 obduratione
3510 3520 3795 3577 perman-

2138 3598 2233 3653 sit.
2268 3597 2483 3653 Statuit
2511 3601 2625 3654 cat.
2659 3600 2716 3668 4,
2748 3614 2809 3653 ιι.
2842 3599 2933 3666 2t,
2965 3596 3218 3654 liberam
3269 3601 3330 3654 et
3359 3598 3452 3653 sui
3472 3596 3634 3670 juris
3664 3598 3797 3654 ani-

2138 3704 2298 3744 mam
2316 3703 2468 3755 esse;
2491 3686 2795 3744 diabolum
2816 3703 3131 3761 suggerere
3150 3685 3395 3760 quidem
3415 3703 3615 3759 posse,
3633 3686 3801 3744 haud

2139 3782 2341 3835 tamen
2371 3782 2587 3851 prmter
2602 3776 2966 3834 voluntatem
2984 3793 3215 3851 cogere;
3240 3777 3655 3851 suggestiones
3667 3777 3800 3850 ejus

2143 3884 2178 3924 a
2205 3866 2379 3923 nobis
2399 3865 2635 3924 admitti
2663 3867 2712 3923 si
2742 3866 3076 3934 velimus,si
3104 3867 3370 3923 nolimus
3384 3882 3508 3923 non
3526 3866 3795 3935 admitti;

2144 3957 2194 4013 si
2226 3973 2293 4013 ex
2307 3956 2662 4013 necessitate
2692 3961 3004 4029 peccatum
3034 3954 3794 4023 committeretur,nullade

2146 4064 2325 4106 causa
2343 4047 2678 4120 gehennam
2700 4062 2734 4103 a
2755 4047 2873 4103 Deo
2893 4050 3286 4119 praeparatam
3310 4063 3463 4116 esse;
3486 4047 3535 4101 si
3556 4051 3801 4116 natura,

2147 4155 2268 4195 non
2299 4136 2545 4195 arbitrio
2561 4141 2723 4194 recta
2751 4136 3296 4205 faceremus,Deum
3312 4136 3617 4194 incassum
3641 4153 3813 4194 coro-

2148 4245 2257 4286 nas
2288 4226 2622 4285 ineﬂ'abiles
2638 4242 2957 4300 apparasse
2981 4244 2997 4295 ;
3019 4225 3256 4282 nullum
3284 4227 3377 4282 ovi
3397 4225 3815 4284 mansuetudi-

2149 4320 2245 4378 nis
2274 4319 2589 4393 praamium
2620 4335 2771 4385 esse,
2804 4318 3118 4390 quiaquod
3138 4323 3455 4376 mansueta
3473 4319 3569 4388 sit,
3597 4335 3726 4375 non
3750 4318 3814 4374 id

2151 4427 2224 4468 ex
2246 4409 2432 4467 animi
2462 4408 2786 4480 voluntate,
2819 4407 2923 4464 sed
2952 4424 3023 4465 ex
3052 4414 3267 4466 natura
3287 4408 3521 4466 habeat.
3554 4410 3638 4464 Ex
3672 4410 3813 4482 qui-

2150 4499 2262 4556 bus
2283 4498 2398 4555 duo
2421 4502 2892 4570 consequuntur:
2913 4497 3107 4570 primo
3121 4497 3184 4554 in
3206 4498 3320 4555 hoc
3339 4504 3569 4556 natura:
3581 4505 3814 4556 nostra:

2152 4595 2331 4660 statu,
2364 4606 2611 4663 peccare
2630 4605 2741 4645 nos
2762 4588 3029 4646 velrecta
3049 4589 3246 4647 facere
3265 4590 3456 4648 libero
3471 4592 3650 4664 plane
3670 4609 3817 4649 cum

392 4698 527 4735 ποτε
557 4675 821 4751 διώκτην,
847 4679 1060 4750 κήρυκα
1116 4678 1208 4735 καὶ
1268 4676 1464 4735 δοῦλον
1523 4680 1720 4756 ἀγαθὸν
1778 4679 2034 4758 ἀπειργά-

2145 4679 2391 4739 arbitrio
2424 4684 2601 4752 atque
2632 4678 2972 4751 oppositum
2993 4679 3818 4754 agendipotestate;hincque

391 4788 543 4842 σατο,
576 4770 678 4842 qui
700 4768 865 4826 mille
887 4769 1121 4827 labores
1141 4771 1407 4843 pertulit.
1426 4773 2040 4844 Enumerat,num.30,

390 4859 555 4917 Pauli
576 4858 833 4929 labores,
857 4860 1202 4929 conciones,
1224 4862 1576 4933 patentiam,
1603 4879 1735 4936 quin
1764 4869 1935 4920 vocat
1956 4862 2048 4913 ad-

390 4950 658 5001 miranda
678 4951 805 5013 ejus
834 4967 904 5001 ex
922 4952 1184 5014 Spiritus
1217 4953 1404 5002 sancti
1422 4953 2050 5019 operationegestaz'l‘dc

392 5036 452 5091 ἰκ
495 5044 595 5107 τῆς
653 5037 921 5116 ἑνεργείας
978 5044 1074 5095 τοῦ
1132 5038 1288 5116 ἁγίου
1350 5039 1664 5115 Πνεύματος
1710 5044 2048 5116 θαυμασίους

397 5127 565 5183 αὐτοῦ
594 5127 831 5200 πράξεις.
862 5132 1026 5187 Inter
1053 5149 1154 5189 eas
1186 5133 1343 5189 hanc
1373 5138 1686 5190 numerat:
1742 5133 1927 5185 Tanta
1950 5150 2053 5184 su-

383 5230 495 5279 per
521 5232 582 5267 eo
608 5221 801 5280 gratia
826 5220 1086 5281 Spiritus
1120 5228 1258 5281 erat,
1310 5230 1376 5271 ut
1404 5239 1516 5272 non
1554 5223 1741 5273 solum
1769 5231 2053 5274 contactus

395 5305 586 5370 ipsius
629 5308 929 5359 sanitatem
985 5311 1315 5375 impertiret,
1353 5328 1551 5363 verum
1597 5314 1768 5366 etiam
1805 5316 1991 5366 delata
2018 5330 2057 5367 a

400 5398 757 5475 [CLXXXVI]
790 5414 957 5449 carne
988 5402 1114 5463 ejus
1144 5403 1383 5454 sudaria
1409 5414 1461 5454 et
1518 5405 1868 5457 semicinctia
1905 5423 2056 5458 mor-

401 5490 492 5539 bos
524 5498 805 5540 curarent.
840 5488 990 5543 Quin
1032 5499 1082 5539 et
1110 5491 1156 5544 ii
1199 5494 1303 5557 qui
1336 5496 1573 5546 curiosas
1603 5505 1752 5547 artes
1808 5512 2059 5549 exercue-

403 5588 557 5638 rant,
589 5587 999 5642 comportantes
1027 5582 1201 5631 libros
1221 5598 1407 5634 coram
1436 5587 1697 5638 omnibus
1719 5599 2058 5642 exurerent:

405 5672 519 5729 hoc
547 5671 633 5727 uti
666 5671 862 5744 majus
892 5670 1076 5745 priori
1105 5672 1462 5731 miraculum
1488 5677 1686 5734 habet.
1725 5680 1843 5753 Ait,
1873 5697 1933 5737 ιι.
1967 5682 2056 5751 31,

402 5776 472 5817 ea:
531 5761 790 5824 Spiritus
842 5762 1031 5815 sancti
1083 5762 1296 5815 virtute
1351 5765 1541 5828 ipsum
1597 5767 2058 5838 Hierosolymam,

2152 4769 2433 4828 meritum
2457 4774 2731 4826 nostrum
2744 4768 2840 4826 vel
2861 4774 3070 4826 contra
3083 4768 3467 4844 demeritum,
3493 4776 3820 4841 utvocant,

2153 4859 2473 4935 proﬁcisci.
2497 4858 2791 4928 Secundo,
2810 4858 2872 4914 in
2903 4857 3115 4916 eodem
3137 4864 3295 4916 statu
3316 4861 3366 4917 si
3390 4867 3608 4919 natura
3623 4868 3686 4919 et
3710 4881 3827 4920 caa—

2157 4969 2225 5010 co
2244 4950 2504 5024 quodam
2528 4949 2840 5006 brutarum
2862 4949 3266 5007 animantium
3288 4952 3481 5009 instar
3499 4953 3820 5024 instinctu,

2157 5041 2231 5098 ad
2261 5041 2489 5097 malum
2516 5039 2608 5095 vel
2636 5038 2711 5095 ad
2739 5038 2966 5096 bonum
2996 5056 3364 5113 cogeremur,
3393 5041 3631 5099 nullum
3649 5043 3825 5100 laudi

2157 5131 2250 5189 vel
2283 5130 2575 5204 supplicio
2606 5128 2874 5186 futurum
2903 5130 3122 5187 locum.
3143 5130 3275 5188 Alia
3303 5149 3401 5189 res
3418 5138 3529 5203 est,
3559 5134 3608 5190 si
3631 5133 3709 5191 de
3729 5134 3827 5192 a1-

2162 5229 2289 5281 tero
2321 5220 2583 5294 quodam
2615 5224 2770 5277 statu
2805 5236 3002 5277 sermo
3025 5226 3203 5293 esset,
3235 5221 3299 5278 in
3330 5240 3448 5296 quo
3475 5241 3598 5282 non
3619 5241 3693 5282 ex
3715 5244 3830 5283 cte-

2163 5331 2231 5371 co
2261 5317 2491 5369 natura:
2522 5310 2834 5379 instinctu,
2893 5310 3090 5383 qualis
3146 5311 3252 5368 ille
3309 5318 3399 5369 est
3429 5332 3545 5387 quo
3606 5332 3827 5373 omnes

2162 5402 2322 5459 beati
2352 5418 2482 5458 esse
2524 5399 2837 5471 volumus;
2871 5398 2976 5456 sed
3028 5416 3101 5456 ex
3131 5401 3566 5474 perfectissima
3617 5407 3829 5479 cogni-

2163 5494 2326 5549 tione
2355 5490 2810 5562 rectissimaque
2865 5488 3194 5561 voluntate,
3243 5492 3439 5565 qualis
3495 5494 3559 5550 in
3587 5496 3829 5554 Christo

2164 5583 2299 5653 fuit,
2332 5587 2392 5636 et
2421 5581 2482 5637 in
2513 5579 2739 5653 angelis
2770 5584 2948 5652 atque
2972 5580 3034 5635 in
3067 5579 3260 5638 beatis
3277 5588 3386 5654 est,
3403 5588 3569 5641 recta
3595 5584 3831 5645 faceret

2166 5670 2553 5747 [CLXXXVII]
2584 5669 2784 5726 homo.
2829 5671 2997 5738 Nam,
3030 5669 3079 5725 si
3123 5670 3185 5727 in
3214 5671 3320 5729 illo
3347 5671 3509 5730 felici
3540 5679 3699 5734 statu
3730 5677 3830 5735 lo-

2171 5780 2308 5822 cum
2332 5761 2545 5818 merito
2557 5760 2754 5818 facere
2775 5759 2954 5819 vellet
2971 5762 3147 5833 Deus,
3179 5761 3325 5834 quid
3352 5763 3671 5837 prohibeat
3696 5786 3827 5829 non
