4024 6408
186 378 296 442 ﬁt)

1571 364 2088 432 DlSSEB’I‘ATIO
2131 371 2240 431 IIl.

3505 368 3626 435 226

209 517 474 591 intelligo.
508 516 583 570 Et
609 518 772 569 certe
801 511 875 568 in
907 518 1049 568 actu
1078 510 1300 567 amoris
1327 505 1562 582 paterni
1592 504 1864 560 libertate
1899 504 1947 569 Α
1980 501 2144 559 ciens
2177 505 2369 560 solum
2383 505 2488 561 sed
2518 505 3282 579 superabundantissimum
3315 524 3422 563 sua
3443 514 3634 565 morte

208 607 416 684 proprie
447 605 613 661 dicta
639 619 764 659 non
785 602 908 657 fuit
926 601 1082 657 liber
1103 595 1851 669 Christus,meruittamen.

214 702 312 757 Nec
336 696 616 754 adversus
647 693 910 766 gratiam
941 709 1050 766 per
1079 708 1141 746 se
1161 689 1461 746 efﬁcacem
1475 684 1694 758 opponi
1721 699 1854 756 pos-

220 795 340 847 sunt
361 785 660 856 descripta
673 783 962 855 superius
984 779 1184 854 Cyrilli
1207 779 1277 834 de
1300 777 1574 833 libertate
1592 774 1854 841 decreta,

224 897 332 953 qua:
360 893 559 933 omnes
588 875 781 946 hujus
814 873 1021 945 gratia)
1057 870 1400 927 defensores
1450 884 1519 923 ex
1552 869 1713 921 certa
1741 861 1858 919 ﬁde

221 969 726 1042 amplectuntur,et
755 963 1042 1020 adversus
1072 959 1384 1016 haereticos
1406 955 1628 1013 fervide
1659 953 1860 1010 defen-

214 1061 346 1117 dunt.
379 1058 604 1114 Gratiae
641 1054 1070 1113 efﬁcacitatem
1120 1050 1375 1124 Cyrillus
1409 1050 1471 1105 in
1520 1048 1650 1120 ejus
1681 1062 1862 1117 supra

206 1149 521 1223 cupiditatis
536 1146 972 1203 resistentiam
991 1139 1536 1216 superabundantia
1550 1136 1860 1210 reposuis-

200 1239 674 1297 sevidetur.Nam
691 1241 809 1292 cat.
839 1238 928 1303 10,
953 1250 1013 1288 n.
1039 1236 1405 1304 t7,quaarens
1422 1245 1534 1302 qua
1562 1230 1765 1284 virtute
1788 1225 1865 1281 sit

195 1331 419 1398 factum,
454 1332 524 1384 ut
559 1326 799 1383 Paulus
826 1323 929 1397 qui
962 1321 1036 1379 ad
1067 1319 1557 1395 persequendum
1591 1332 1862 1391 egressus

194 1428 318 1491 erat,
349 1423 488 1494 post
520 1417 810 1473 triduum
869 1413 1134 1470 Damasci
1187 1428 1381 1485 praeco
1414 1411 1575 1465 visus
1630 1407 1728 1476 sit,
1761 1406 1864 1462 ille

191 1519 309 1569 ante
337 1514 754 1584 persecutor;
789 1511 924 1580 post
959 1504 1165 1572 multa,
1201 1502 1276 1559 ad
1326 1502 1510 1557 tinem
1554 1517 1614 1556 n.
1651 1501 1736 1567 18,
1769 1513 1866 1552 re-

196 1602 426 1676 spondet
441 1602 544 1656 his
571 1599 754 1655 Pauli
779 1597 967 1670 ipsius
991 1594 1206 1663 verbis,
1233 1591 1702 1665 superabundavit
1730 1605 1864 1661 gra-

204 1696 272 1748 tia
297 1695 384 1748 Dei
412 1695 475 1748 in
508 1707 607 1746 me
631 1688 705 1743 2‘.
730 1689 869 1754 Quas
902 1686 1112 1742 divinaa
1142 1685 1346 1758 gratim
1381 1679 1866 1754 superabunban-

198 1783 266 1840 tia
292 1784 336 1839 si
371 1782 668 1856 Agrippae
720 1777 867 1850 regi,
917 1793 1037 1832 non
1067 1775 1255 1848 magis
1285 1773 1529 1847 indigno
1581 1776 1638 1827 et
1668 1770 1867 1827 minus

198 1873 500 1930 adversum
524 1868 763 1926 Christi
786 1865 1134 1939 religionem
1158 1863 1380 1921 fervido
1400 1861 1617 1919 collata
1633 1860 1864 1926 fuisset,

204 1964 346 2020 haud
375 1963 566 2018 dubie
601 1957 1016 2015 resistentiam
1039 1956 1170 2028 ejus
1198 1953 1600 2028 perfregisset.
1633 1952 1756 2008 Cat.
1787 1954 1872 2013 l2,

211 2072 266 2110 n.
304 2058 386 2123 15,
417 2069 564 2110 eum
598 2054 879 2107 notasset
908 2047 1208 2104 diabolum
1241 2045 1439 2102 carnis
1471 2043 1876 2100 instrumento

220 2144 288 2200 ad
303 2161 402 2200 nos
425 2139 838 2198 debellandos
862 2139 947 2194 uti
973 2135 1423 2207 solitum,idque
1447 2133 1759 2207 probasset
1784 2132 1878 2188 his

231 2234 383 2290 Pauli
406 2232 605 2289 verbis
634 2248 649 2286 :
693 2230 862 2280 Video
895 2228 1074 2278 aliam
1105 2227 1282 2290 legem
1330 2225 1394 2274 in
1427 2225 1694 2274 membris
1722 2223 1880 2272 mili-

219 2333 420 2375 tantem
451 2323 759 2374 adversum
791 2321 967 2383 legem
997 2318 1202 2368 mentis
1230 2331 1366 2366 mea!
1400 2317 1461 2376 ³⁸,
1497 2320 1633 2385 etc.,
1669 2315 1752 2371 ait
1780 2312 1878 2369 id-

220 2418 372 2473 circo
429 2415 736 2471 Christum
772 2426 1016 2466 carnem
1070 2413 1336 2464 nostram
1369 2404 1785 2477 assumpsisse,
1817 2398 1883 2458 ut

227 2505 443 2577 quibus
470 2520 582 2558 nos
595 2501 868 2559 diabolus
887 2498 1227 2556 debellabat
1249 2502 1306 2553 et
1336 2495 1656 2568 superabat
1675 2493 1878 2549 armis:

231 2594 453 2650 iisdem
483 2591 624 2647 salvi
649 2593 922 2648 fieremus
949 2606 962 2644 :
993 2606 1126 2646 cum
1159 2590 1211 2644 ei
1239 2587 1403 2644 carni
1433 2603 1567 2659 quae
1602 2586 1882 2654 defectum

231 2690 291 2740 et
321 2683 708 2739 inﬁrmitatem
738 2680 1099 2755 patiebatur,
1143 2679 1419 2750 majorem
1447 2677 1710 2731 Dominus
1760 2689 1882 2729 suae

229 2773 652 2830 incarnationis
681 2773 892 2827 merito
943 2773 1217 2839 conferret
1259 2769 1502 2838 gratiam
1531 2785 1546 2833 ;
1588 2770 1647 2820 et
1676 2763 1884 2825 addit:

220 2864 325 2914 Ubi
351 2863 507 2912 enim
537 2861 846 2911 abundavit
855 2867 1151 2922 peccatum
1171 2855 1654 2920 superabundavit
1686 2862 1733 2902 et
1749 2868 1885 2917 gra-

214 2956 294 3004 tia
326 2953 392 3010 εδ.
420 2954 605 3026 Cujus
629 2952 942 3009 sententiae
970 2950 1055 3005 vis
1089 2954 1359 3005 estzcum
1392 2945 1726 3003 resistendo
1746 2961 1884 3000 con-

222 3045 614 3118 cupiscentia:
645 3043 898 3099 salutem
927 3040 1373 3112 consequimur,
1406 3038 1466 3094 id
1509 3036 1885 3110 superabun-

224 3135 382 3190 danti
445 3134 657 3208 gratiae
691 3131 1118 3188 abundantiam
1177 3128 1521 3200 cupiditatis
1571 3133 1626 3182 et
1657 3127 1885 3200 peccati

224 3225 528 3298 superanti
561 3222 790 3279 deberi.
823 3221 1047 3288 Quibus
1080 3220 1290 3292 positis
1319 3218 1494 3320 facile
1525 3223 1628 3326 est]
1653 3216 1875 3326 intelli-
1909 3257 1952 3326 Ο

222 3333 371 3389 gere,
395 3314 714 3387 quomodo
740 3329 873 3368 cum
891 3311 1188 3367 inﬁrmior
1211 3310 1400 3384 gratia
1420 3325 1552 3365 cum
1577 3307 1880 3363 abundan-

219 3407 351 3462 tiori
375 3413 438 3462 et
458 3404 769 3460 fervidiori
799 3402 1121 3474 cupiditate
1154 3399 1442 3472 conﬂigit,
1479 3403 1688 3471 sponte
1715 3414 1784 3453 ac
1813 3396 1883 3452 li-

225 3497 362 3552 bere
391 3510 768 3552 consensum
819 3508 992 3547 suum
1022 3490 1225 3564 gratias
1255 3489 1508 3561 deneget
1563 3489 1764 3558 homo,
1798 3491 1885 3555 ut,

234 3587 382 3642 verbi
402 3585 628 3660 gratia,
673 3587 1036 3640 memoratus
1067 3597 1169 3636 rex
1194 3579 1487 3654 Agrippa:
1521 3595 1657 3634 cum
1689 3582 1888 3632 autem

226 3678 408 3751 gratia
431 3675 719 3748 superior
748 3672 1037 3744 majorem
1062 3688 1183 3727 non
1205 3667 1601 3724 dissentiendi
1625 3667 1891 3723 volunta-

228 3774 344 3825 tem
373 3766 662 3839 inspirat,
699 3765 876 3820 homo
906 3763 1108 3837 gratiae
1142 3761 1330 3816 libere
1362 3764 1420 3815 et
1451 3763 1662 3832 sponte
1693 3775 1894 3814 assen-

233 3860 422 3930 tiatur,
459 3857 790 3915 dissentire
849 3872 982 3912 cum
1013 3855 1200 3928 possit
1232 3859 1291 3909 et
1337 3868 1512 3924 posse
1557 3867 1620 3930 se
1652 3851 1890 3917 sentiat,

229 3950 330 4007 sed
358 3950 541 4018 nolit,
577 3953 647 4003 ut
678 3947 812 4019 pius
841 3946 991 4002 latro
1024 3950 1082 4001 et
1109 3943 1350 4000 Paulus.

412 4087 500 4135 De
533 4083 735 4148 gratis
761 4080 1156 4131 distributione
1183 4086 1285 4128 aut
1313 4077 1710 4127 subtractione.

296 4214 390 4268 55.
428 4209 621 4266 Multa
651 4225 685 4265 a
715 4210 828 4264 Deo
860 4209 1120 4264 humano
1152 4205 1353 4282 generi
1394 4204 1610 4261 collata
1653 4209 1900 4259 externa

226 4300 615 4374 etgeneralia
637 4298 710 4354 ad
735 4298 985 4353 salutem
1007 4295 1436 4369 capessendam
1448 4293 1670 4350 auxilia
1690 4310 1897 4349 recen-

231 4398 322 4447 set
353 4390 644 4464 Cyrillus,
677 4405 932 4461 quorum
957 4387 1075 4444 alia
1104 4387 1179 4443 ad
1210 4403 1418 4442 omnes
1449 4386 1672 4458 passim
1703 4384 1900 4440 homi-

236 4499 370 4551 nes,
403 4480 651 4537 adultos
683 4477 976 4550 intelligo,
1008 4477 1128 4534 alia
1170 4475 1245 4532 ad
1285 4474 1515 4543 fideles,
1562 4475 1798 4547 aliaque
1828 4475 1903 4531 ad

1970 593 2341 665 persolvit,et
2357 595 2507 651 iram
2531 595 2632 652 Dei
2654 595 3023 668 placavit.lta
3043 596 3222 668 hujus
3244 597 3469 652 catech.
3489 615 3548 653 n.
3566 601 3630 654 33

1972 687 2031 737 et
2064 686 2116 738 2.
2179 684 2471 752 Secundo,
2533 686 2692 756 quod
2751 685 2812 740 in
2866 684 3006 740 orbe
3050 691 3168 740 toto
3227 687 3628 758 [CLXXXVIII]

1973 773 2328 846 ignorantia)
2349 775 2505 831 fame
2529 781 2588 831 et
2608 781 2782 831 nocte
2805 792 3042 848 pressos
3066 775 3299 832 satiavit
3319 782 3378 832 et
3408 777 3632 832 illumi-

1973 867 2154 936 navit,
2206 872 2585 939 peccatorum
2644 870 2871 925 catenis
2919 871 3273 926 constrictos
3334 871 3532 939 solvit,
3575 878 3634 928 et

1974 958 2234 1031 peccatis
2269 965 2538 1015 mortuos
2589 961 2720 1015 vitae
2759 960 3053 1016 reddidit:
3088 961 3170 1016 ita
3223 978 3390 1018 num.
3429 967 3450 1016 1
3488 969 3548 1018 et
3577 967 3629 1018 2.

1976 1048 2042 1103 In
2065 1046 2178 1102 hoc
2210 1063 2388 1103 sensu
2407 1065 2525 1102 non
2560 1048 2982 1105 sufﬁcientiam
3006 1050 3202 1121 pretii,
3239 1050 3341 1105 sed
3363 1052 3631 1123 ejusdem

1977 1139 2442 1210 applicationem
2460 1146 2688 1212 Spectat
2711 1159 2724 1209 ;
2746 1157 2926 1212 quam
2950 1142 3011 1196 in
3033 1141 3297 1197 Ecclesia
3319 1160 3424 1214 per
3449 1149 3634 1200 totum

1977 1229 2182 1285 orbem
2214 1229 2344 1285 fusa
2374 1247 2440 1286 ac
2463 1230 2846 1286 credentibus
2868 1231 2930 1286 in
2959 1230 3263 1287 Christum
3293 1232 3633 1302 concludit;

1979 1335 2128 1390 quos
2159 1320 2486 1376 catechesis
2520 1320 2814 1392 ejusdem,
2840 1337 2899 1376 n.
2927 1321 3014 1387 4ο,
3049 1326 3216 1378 vocat
3236 1323 3505 1371 mundum
3529 1338 3639 1371 cre-

1978 1408 2235 1458 dentium
2292 1409 2356 1458 in
2413 1411 2755 1475 cruciﬁxum
2790 1410 3110 1468 hominum,
3168 1413 3384 1481 Tertio,
3441 1415 3640 1485 quoad

1979 1500 2133 1555 hanc
2163 1501 2338 1572 pretii
2369 1501 2578 1557 mortis
2638 1501 2852 1557 Christi
2881 1502 3342 1574 applicationem
3375 1521 3482 1576 per
3532 1504 3637 1561 ba-

1979 1591 2266 1664 ptismum
2299 1596 2358 1647 et
2385 1592 2782 1648 Christianam
2813 1592 3015 1661 ﬁdem,
3041 1610 3249 1648 omnes
3273 1593 3346 1649 ad
3371 1612 3519 1666 quos
3535 1595 3639 1650 Dei

1981 1683 2227 1738 verbum
2285 1682 2709 1754 przedicatione
2771 1683 3180 1738 ministrorum
3241 1683 3522 1754 defertur,
3564 1684 3640 1740 ad

1980 1774 2229 1848 gratiam
2263 1773 2454 1828 vocari
2484 1778 2542 1828 et
2565 1773 2800 1829 invitari
2833 1773 2935 1831 ait.
2970 1774 3093 1829 Cat.
3133 1777 3181 1840 1,
3215 1792 3274 1830 n.
3303 1776 3353 1840 1,
3388 1774 3472 1824 Ad
3514 1775 3642 1823 red-

1983 1861 2317 1922 emptionem
2379 1870 2619 1909 vestram
2664 1862 3074 1923 paratissimus
3103 1863 3253 1912 adest
3307 1862 3643 1926 unigenitus

1987 1951 2092 2000 Dei
2120 1950 2309 1999 Filius
2331 1967 2349 2001 .'
2381 1969 2407 1995 «
2474 1951 2684 2008 Venite,
2724 1951 2999 2015 inquiens,
3035 1967 3225 2000 omnes
3271 1953 3373 2016 qui
3421 1953 3642 2002 labora-

1989 2042 2062 2092 tis
2084 2041 2195 2113 3",»
2218 2048 2329 2098 etc.
2358 2058 2370 2095 :
2396 2046 2508 2097 cat.
2535 2043 2587 2110 3,
2611 2057 2777 2098 num.
2807 2045 2859 2110 2,
2886 2042 3132 2106 Sponsus
3162 2059 3351 2092 οτηηθε
3380 2045 3504 2094 εἰπε
3524 2045 3645 2094 ἀίε-

1989 2131 2231 2180 crimine
2255 2138 2425 2188 vocat,
2461 2131 2730 2194 quoniam
2763 2131 3018 2180 liberalis
3048 2141 3099 2180 et
3130 2134 3293 2195 larga
3323 2142 3403 2183 est
3429 2138 3642 2198 gratia,

1989 2233 2038 2274 et
2067 2225 2188 2274 alta
2207 2238 2529 2286 praeconum
2559 2238 2683 2272 voce
2714 2239 2902 2272 omnes
2951 2224 3342 2286 colliguntur;
3373 2227 3491 2287 ipse
3520 2243 3646 2277 vero

1988 2315 2240 2380 deinceps
2269 2314 2535 2364 disoeruit
2574 2330 2660 2363 eos
2710 2314 2812 2378 qui
2842 2315 2897 2363 in
2949 2315 3178 2376 nuptias
3212 2317 3642 2379 ingrediuntur.

1990 2405 2326 2477 Nuptialem
2357 2404 2635 2460 videlicet
2664 2410 2723 2460 et
2752 2405 3068 2460 candidam
3100 2411 3321 2462 vestem
3362 2409 3644 2480 postulat,

1991 2494 2103 2550 hoc
2133 2499 2224 2551 est
2255 2512 2356 2550 eos
2387 2494 2572 2550 animi
2603 2495 2869 2563 virtutes,
2903 2512 3049 2566 quas
3083 2513 3218 2550 cum
3240 2497 3509 2553 conferre
3542 2500 3644 2554 Dei

1992 2584 2467 2653 sit,auditoribus
2490 2585 2612 2640 suis
2634 2585 2887 2657 Cyrillus
2921 2590 3041 2640 toto
3061 2587 3451 2644 catecheseon
3468 2606 3647 2660 opere

1991 2681 2346 2748 apprecatur
2374 2692 2408 2730 a
2433 2676 2573 2730 Deo.
2606 2675 2786 2730 Justis
2817 2681 3126 2748 praeterea,
3149 2678 3414 2748 quandiu
3445 2697 3648 2751 perse-

1990 2771 2201 2822 verant
2229 2765 2288 2820 in
2315 2765 2573 2838 justitia,
2631 2765 2804 2821 docet
2859 2765 3067 2821 adesse
3098 2767 3332 2837 vigilem
3394 2769 3646 2840 Spiritus

1993 2857 2182 2913 sancti
2210 2856 2544 2912 custodiam
2596 2861 2656 2911 et
2690 2856 3024 2924 tuitionem,
3085 2861 3198 2913 cat.
3237 2862 3321 2925 17,
3354 2876 3519 2914 num.
3555 2862 3645 2929 37,

1995 2965 2171 3022 quem
2232 2947 2622 3003 sacramentis
2680 2947 3019 3002 chrismatis
3072 2949 3347 3004 effectum
3404 2966 3530 3005 esse
3563 2951 3648 3006 ait

1993 3042 2105 3094 cat.
2140 3040 2228 3105 2t,
2261 3053 2321 3091 η.
2357 3040 2408 3092 7.
2463 3035 2760 3108 Additque
2792 3037 2970 3092 citato
3016 3038 3344 3093 catechesis
3380 3042 3441 3092 t7
3472 3038 3646 3095 loco:

1991 3130 2251 3178 Daturus
2275 3137 2354 3178 est
2403 3128 2508 3178 tibi
2553 3131 2737 3178 omnis
2769 3131 2992 3192 generis
3021 3132 3347 3194 gratiarum
3398 3131 3559 3188 dona,
3601 3130 3654 3180 si

1993 3236 2105 3269 non
2136 3221 2305 3269 illum
2331 3236 2437 3282 per
2456 3229 2746 3283 peccatum
2787 3222 3226 3271 oontristareris.
3261 3229 3340 3278 Ac
3401 3222 3649 3278 deﬁnite

1991 3311 2344 3383 pronuntiat
2364 3311 2425 3366 in
2449 3311 2809 3367 testimoniis
2833 3329 2902 3367 ex
2924 3317 3028 3368 cat.
3070 3316 3130 3368 16
3159 3317 3216 3368 et
3241 3317 3322 3380 17,
3359 3330 3538 3386 supra
3568 3330 3656 3369 re-

1991 3400 2206 3464 citatis,
2240 3417 2405 3456 num.
2435 3403 2524 3469 48,
2561 3406 2837 3473 paratum
2869 3418 3000 3457 esse
3051 3402 3334 3474 Spiritum
3383 3407 3656 3458 sanctum

1993 3507 2202 3546 omnes
2225 3490 2349 3546 suis
2371 3490 2548 3546 donis
2569 3491 2899 3564 impertire,
2927 3492 3086 3546 modo
3111 3491 3196 3546 illi
3216 3494 3354 3547 ostia
3376 3495 3654 3563 aperiant,

1994 3596 2101 3652 per
2127 3579 2306 3635 ﬁdem
2337 3580 2649 3636 oculorum
2681 3581 3009 3636 caecitatem
3055 3581 3381 3653 deponant,
3413 3581 3485 3638 ad
3520 3599 3656 3637 eum

1997 3669 2444 3742 suscipiendum
2484 3687 2545 3724 se
2601 3675 2958 3742 praeparent.
3015 3672 3153 3736 Quae
3208 3689 3330 3726 non
3363 3671 3433 3727 de
3465 3672 3659 3742 prima

1996 3760 2246 3832 Spiritus
2279 3759 2466 3815 sancti
2498 3760 2688 3832 gratia
2718 3760 3018 3828 dicuntur,
3055 3760 3156 3815 sed
3187 3761 3258 3815 de
3291 3761 3659 3831 subsequen-

1999 3850 2156 3905 tibus
2178 3855 2237 3904 et
2261 3849 2671 3920 amplioribus,
2697 3866 2828 3921 qua)
2854 3849 3013 3916 ﬁdei,
3061 3850 3439 3916 orationis,et
3465 3849 3655 3905 bono-

1999 3957 2132 3996 rum
2165 3955 2414 4012 operum
2439 3939 2650 3995 merito
2677 3940 3092 4011 impetrantur.
3131 3941 3276 3995 Nam
3310 3939 3384 3996 ad
3408 3939 3663 4012 primam

1999 4047 2068 4086 ac
2098 4029 2564 4103 praevenientem
2598 4029 2868 4102 ejusdem
2901 4030 3152 4102 gratiam
3183 4029 3353 4099 ﬁdes,
3373 4036 3432 4086 et
3453 4031 3662 4100 oratio,

2003 4138 2070 4177 ac
2103 4120 2381 4176 meritum
2417 4119 2743 4192 pertinent,
2775 4120 2862 4175 uti
2896 4136 2966 4174 ex
2996 4119 3215 4191 Cyrillo
3256 4119 3662 4193 probavimus.

2002 4210 2357 4267 Infidelibus
2391 4214 2636 4282 prepter
2687 4209 3124 4282 indignitatem,
3161 4209 3301 4281 quia
3355 4227 3492 4266 suos
3549 4207 3663 4282 ipsi

2006 4302 2211 4358 oculos
2239 4299 2897 4374 occluserunt,gratiam
2930 4305 2988 4355 et
3016 4299 3314 4373 Evangelii
3333 4299 3536 4354 lumen
3560 4316 3662 4355 au-

2007 4391 2148 4448 ferri
2179 4392 2262 4447 ait
2293 4390 2638 4460 Archelaus,
2671 4395 2729 4446 et
2786 4391 2848 4446 in
2905 4390 3064 4446 hunc
3110 4406 3354 4446 sensum
3413 4390 3669 4462 explicat

2009 4481 2169 4553 quod
2201 4481 2263 4536 in
2296 4480 2616 4552 Scripturis
2647 4480 2887 4548 dicitur,
2920 4481 3106 4536 Deum
3130 4497 3425 4536 excaecare
3457 4481 3672 4554 cogita-

237 4573 433 4642 iustos
455 4571 784 4644 specialius
813 4569 1172 4642 pertineant.
1198 4570 1264 4623 In
1287 4567 1497 4640 primis
1519 4571 1632 4622 cat.
1666 4567 1750 4635 18,
1772 4570 1908 4639 post
1939 4641 1969 4644 _
2013 4572 2208 4627 tiones
2239 4570 2581 4628 inﬁdelium
2606 4591 2619 4639 ;
2669 4571 2967 4627 referente
3026 4577 3084 4626 et
3136 4571 3426 4644 probante
3453 4569 3672 4644 Cyrillo

257 4641 1059 4732 enumeratasnum.730,quae
1083 4660 1144 4714 in
1170 4657 1501 4731 Evangeliis
1519 4657 1907 4713 continentur
1937 4641 1981 4704 Ι)
2013 4668 2123 4719 cat.
2161 4664 2213 4728 6,
2247 4678 2305 4716 n.
2339 4663 2428 4715 28.
2491 4660 2824 4733 Additque:
2895 4660 3000 4711 Ubi
3045 4641 3370 4711 voluntaria
3419 4641 3677 4723 pravitas

261 4748 507 4808 diversas
537 4752 672 4805 vitze
696 4755 932 4806 aeternae
956 4747 1346 4820 assequendae
1366 4747 1744 4816 rationes,sic
1766 4762 1901 4801 eum

251 4855 586 4897 sermonem
618 4839 945 4907 concludit,
977 4855 1037 4894 n.
1071 4839 1132 4892 31
1165 4855 1177 4892 :
1213 4836 1347 4886 Cum
1380 4835 1673 4885 hominum
1703 4849 1904 4884 amans

246 4930 316 4977 sit
345 4932 764 4988 Dominus-mon
793 4944 972 4978 unam
1004 4943 1103 4976 nec
1125 4928 1365 4976 alteram
1396 4925 1740 4984 tantum,sed
1763 4925 1904 4988 plu-

248 5037 330 5070 res
361 5031 656 5088 ingressus
695 5023 760 5071 in
812 5022 986 5071 vitam
1019 5027 1288 5069 aeternam
1335 5019 1561 5081 aperuit
1581 5018 1810 5081 ianuas,
1841 5023 1908 5073 ut

251 5128 480 5183 omnes,
510 5120 793 5178 quantum
851 5113 914 5161 in
946 5112 1064 5173 ipso
1120 5117 1216 5166 est,
1253 5125 1317 5158 ea
1377 5109 1540 5158 nullo
1575 5108 1910 5172 impediente

249 5207 649 5264 Pﬂfmantur.
685 5202 986 5259 Christum
1016 5218 1122 5273 pro
1156 5199 1438 5256 omnibus
1473 5204 1776 5256 mortuum
1801 5199 1908 5257 do-

257 5297 344 5347 cet
372 5298 486 5348 cat.
523 5295 608 5360 13,
644 5309 703 5348 n.
742 5296 792 5356 1⁹
828 5293 883 5358 2,
916 5293 968 5356 3,
1001 5290 1057 5357 ἅ,
1091 5307 1254 5345 num.
1288 5288 1547 5361 28,quod
1569 5288 1813 5361 quidem
1842 5306 1910 5346 eo

262 5395 434 5439 sensu
462 5384 896 5457 interpretatur
921 5379 1082 5452 quod
1112 5379 1306 5451 primo
1336 5379 1604 5435 Christus
1635 5396 1741 5451 pro
1791 5385 1912 5436 toto

264 5468 560 5532 hominum
583 5488 810 5548 genere
835 5471 954 5525 Deo
976 5475 1219 5541 propter
1240 5473 1549 5540 peccatum
1577 5469 1820 5525 inimico
1847 5487 1915 5526 ac

269 5565 455 5622 mortis
494 5563 808 5623 sententia
849 5559 1267 5624 condemnato,
1299 5557 1560 5630 pretium
1601 5575 1721 5616 non
1738 5560 1914 5617 sufﬁ-

2011 4753 2184 4813 adest,
2215 4751 2297 4801 ibi
2316 4760 2366 4801 et
2421 4753 2622 4815 gratice
2656 4753 2973 4822 subductio,
3033 4752 3222 4827 ἀποχή
3264 4759 3362 4822 τῆς
3420 4751 3674 4824 χάριτος,

2015 4841 2181 4908 Quod
2214 4840 2924 4898 deinﬁdelibusoblatam
2958 4843 3562 4899 sibiveritatislucem
3587 4859 3676 4897 re-

2007 4930 2360 5004 jicientibus
2409 4931 2634 4987 dictum
2667 4936 2828 4988 totus
2888 4933 3222 5006 signiﬁcare
3272 4933 3504 4987 videtur
3532 4949 3678 4987 con-

2017 5027 2233 5078 textus.
2268 5023 2423 5078 Duas
2454 5022 2722 5078 mitiores
2753 5023 2926 5078 aﬁ‘ert
2953 5022 3207 5094 Cyrillus
3239 5023 3677 5095 interpretatio-

2019 5129 2128 5168 nes
2159 5129 2325 5169 num.
2358 5115 2465 5167 29:
2499 5112 2696 5185 prima
2727 5118 2816 5168 est
2876 5114 3061 5168 Deum
3116 5129 3294 5185 prava
3339 5113 3678 5170 inﬁdelium

2022 5202 2278 5275 cogitata
2309 5218 2606 5258 excaecare
2638 5207 2696 5258 et
2726 5201 2985 5269 auferre,
3022 5208 3077 5258 et
3111 5203 3456 5260 hominibus
3487 5221 3595 5277 per
3622 5203 3682 5260 id

2023 5293 2276 5350 salutem
2297 5293 2590 5364 impertiri
2614 5309 2627 5359 ;
2652 5291 2861 5358 altera,
2890 5293 3073 5348 Deum
3097 5294 3416 5350 imbecillis
3442 5300 3499 5350 et
3520 5295 3687 5351 obtu-

2025 5383 2107 5440 sis
2136 5382 2473 5438 inﬁdelium
2505 5380 2784 5437 cordibus
2831 5383 3130 5456 Evangelii
3164 5383 3453 5457 fulgorem
3486 5385 3678 5441 occul-

2025 5478 2172 5529 tare.
2229 5473 2352 5528 Cat.
2407 5475 2494 5539 15,
2554 5487 2718 5525 num.
2757 5471 2843 5538 17,
2906 5488 3211 5544 exponens
3268 5474 3435 5529 Pauli
3467 5473 3684 5529 verba:

2026 5561 2208 5620 Mittet
2265 5565 2340 5616 eis
2368 5561 2506 5615 Deus
2555 5562 2931 5629 operationem
2987 5565 3191 5619 erroris
3221 5562 3287 5632 ε’,
3324 5563 3476 5619 illud
3507 5566 3688 5618 mittes

316 5733 359 5770 "
385 5737 412 5794 Ι
434 5738 625 5796 Thim.
659 5751 702 5807 ι,
742 5733 836 5787 14.
916 5727 964 5763 ³⁵
991 5728 1157 5785 Rom.
1192 5745 1290 5797 vn,
1321 5728 1412 5783 23.
1490 5727 1536 5765 ³⁸
1568 5731 1736 5787 Rom.
1771 5749 1827 5802 v,
1859 5734 1883 5789 Ξ

2033 5731 2076 5767 ³⁷
2111 5731 2313 5787 Matth.
2347 5747 2423 5799 xi,
2451 5731 2542 5785 28.
2617 5729 2661 5766 ³⁸
2688 5731 2739 5786 ΙΙ
2771 5730 2975 5788 Thess.
3010 5748 3070 5800 ιι,
3107 5735 3188 5786 10.
