4024 6386
439 359 561 425 921

1741 363 1844 424 DE
1887 361 2070 424 VITA
2113 363 2178 424 S.
2227 363 2562 426 CYRll.Ll.

3748 370 3852 431 228

448 512 556 568 pro
585 497 708 565 ﬁeri
735 495 994 550 concedet
1043 496 1302 567 positum
1357 497 1690 555 existimat:
1753 515 1820 555 ac
1875 498 2095 555 sentire
2124 499 2179 566 Α
2210 500 2526 572 proponit;
2559 498 2718 573 quod
2748 504 2860 556 cat.
2905 503 2995 570 20,
3055 518 3116 558 n.
3149 501 3182 557 4
3210 507 3268 558 ct
3317 505 3373 570 5,
3425 502 3765 561 absolutam
3795 505 3849 560 in

447 583 680 640 videtur
709 585 895 640 Deum
925 601 1048 641 non
1077 587 1508 658 permissurum
1533 605 1661 644 esse
1685 605 1787 644 eos
1809 589 1910 661 qui
1934 589 2098 645 Anti—

447 674 734 732 christum
765 680 1092 747 sequentur
1120 675 1285 732 falsis
1313 677 1442 749 ejus
1475 678 1778 734 miraculis
1811 679 1871 734 in
1896 695 2101 733 errore

448 763 814 832 conﬁrmari,
846 765 962 820 nisi
995 766 1134 838 quia
1177 766 1342 839 prius
1371 767 1486 840 ipsi
1544 767 1837 823 increduli
1868 767 2100 824 Christo

448 853 550 926 qui
581 853 800 909 veritas
829 860 938 922 est,
997 857 1442 926 approbavcrunt
1497 857 1850 922 iniustitiam,
1897 858 1998 913 hoc
2025 863 2102 913 est

449 943 875 1002 Antichristum.
900 946 982 1000 Ex
994 945 1211 1017 quibus
1233 963 1304 1002 ea
1323 947 1527 1020 Cyrilli
1550 949 1850 1003 sententia
1872 947 2100 1020 colligi-

447 1039 562 1100 tur,
596 1051 705 1090 nec
739 1035 945 1091 ﬁdeles
993 1036 1166 1092 donis
1197 1039 1386 1093 sancti
1445 1039 1696 1110 Spiritus
1737 1039 1952 1111 privari
1986 1038 2099 1095 nisi

443 1129 688 1199 propter
708 1126 1298 1196 iideidefectum,nec
1322 1128 1596 1185 inﬁdeles
1613 1129 1876 1186 oblatam
1899 1129 2098 1186 lucem

440 1221 793 1290 respuentes
823 1216 885 1271 in
917 1216 1371 1274 obdurationem
1403 1219 1505 1275 Dei
1547 1221 1842 1292 permissu
1864 1221 2096 1290 cadere,

443 1307 558 1362 nisi
592 1309 655 1362 in
686 1323 924 1378 pmnam
983 1307 1439 1366 incredulitatis.
1485 1311 1683 1368 Gratia
1738 1313 2096 1386 [CLXXXIX]

438 1413 574 1453 vero
599 1396 737 1453 ﬁdei
770 1402 830 1452 et
857 1398 1166 1469 orationis,
1198 1415 1318 1471 qua
1348 1405 1562 1456 caetera
1588 1400 1866 1474 drinceps
1904 1401 2095 1473 impc-

442 1486 916 1557 trantur,divinaa
944 1489 1371 1544 munificentiae
1393 1489 1615 1546 donum
1649 1495 1738 1546 est
1763 1507 1833 1545 ex
1854 1490 2095 1563 Cyrillo,

443 1577 705 1650 indignis
736 1577 1066 1634 etinimicis
1098 1586 1539 1648 concessum,et
1562 1597 1596 1636 a
1625 1581 1847 1652 Spiritu
1867 1586 2093 1652 sancto,

440 1667 598 1723 dona
626 1683 735 1723 sua
759 1667 912 1723 sicut
939 1667 1064 1723 vult
1093 1668 1513 1740 distribuente,
1569 1671 1786 1744 quibus
1817 1670 1960 1727 velit
1985 1673 2092 1726 mi-

441 1757 820 1814 sericOrditer
849 1757 1074 1814 datum.
1117 1758 1284 1825 Quod
1339 1759 1562 1816 donum
1595 1778 1732 1817 cum
1789 1761 1994 1818 multis
2024 1778 2096 1818 ex

2207 588 2365 646 trina
2402 588 2800 656 demersione,
2835 606 2942 664 per
2978 591 3416 665 neophytorum
3457 595 3853 667 regeneratio-

2206 696 2366 746 nem,
2388 678 2704 752 datamque
2719 680 2838 736 illis
2852 682 3201 754 passionum
3215 682 3430 739 Christi
3452 685 3851 757 participatio-

2205 769 2653 843 nem,baptismi
2667 773 2961 828 actionem
2975 773 3454 846 signiﬁcat;quod
3466 778 3656 830 cat.2l
3671 779 3783 845 ,n.l
3803 781 3854 832 et

2204 863 2257 929 4,
2292 860 2796 933 quemadmodum
2827 879 2924 918 res
2951 862 3098 918 duas
3111 869 3407 932 numerat,
3428 863 3653 914 Christi
3683 865 3853 927 bapti-

2203 966 2411 1008 smum,
2439 958 2489 999 et
2519 952 2704 1001 sancti
2730 953 2986 1014 Spiritus
3019 953 3080 1001 in
3101 967 3227 1002 eum
3256 953 3579 1016 adventum,
3602 954 3694 1004 ita
3724 963 3772 1004 et
3801 957 3854 1004 in

2203 1042 2360 1091 nobis
2388 1057 2616 1092 sacrum
2673 1045 2968 1106 baptisma,
3022 1051 3074 1092 et
3125 1044 3430 1109 mysticum
3460 1053 3852 1108 unguentum;

2204 1123 2363 1194 quod
2393 1129 2459 1179 ut
2479 1124 2625 1180 locis
2642 1124 2837 1180 citatis
2869 1142 3105 1182 sacrum
3125 1125 3386 1182 chrisma
3404 1143 3542 1182 cum
3565 1126 3850 1199 baptismo

2203 1215 2528 1286 componit,
2561 1216 2643 1270 ita
2671 1219 2731 1270 et
2759 1214 2910 1270 illud
2959 1232 3095 1271 cum
3153 1215 3527 1272 Eucharistia
3558 1225 3850 1288 comparat

2203 1308 2312 1359 cat.
2347 1304 2436 1372 2t,
2484 1320 2545 1358 ιι.
2579 1307 2646 1371 7;
2681 1309 2794 1373 cat,
2827 1304 2916 1374 22,
2967 1321 3026 1360 n.
3057 1308 3110 1372 7,
3143 1305 3175 1359 8
3205 1311 3265 1360 et
3291 1304 3363 1360 9:
3396 1305 3558 1376 quod
3593 1305 3843 1379 denique

2200 1399 2313 1450 cat.
2345 1395 2438 1464 23,
2489 1409 2656 1451 num.
2695 1399 2739 1462 1,
2805 1401 3179 1452 sacramenta
3234 1412 3580 1466 recensens,
3613 1413 3750 1468 qua:
3795 1399 3848 1454 in

2200 1489 2456 1556 quatuor
2485 1483 2960 1556 przecedentibus
2993 1486 3370 1558 mystagogiis
3392 1486 3748 1557 explicarat,
3779 1491 3849 1542 sic

2197 1573 2465 1646 loquitur
2511 1572 2690 1647 [CXC]
2718 1590 2730 1630 :
2763 1573 2996 1624 Abunde
3026 1575 3089 1624 in
3137 1575 3590 1636 prwcedentibus
3620 1577 3851 1641 εειπωί-

2198 1665 2317 1721 bus,
2349 1665 2477 1722 Deo,
2529 1662 2822 1712 clementer
2844 1664 3126 1728 largiente
3177 1663 3483 1714 audivistis
3524 1671 3653 1715 tum
3682 1667 3749 1714 de
3774 1667 3848 1716 ba-

2187 1755 2475 1816 ptismate,
2513 1761 2652 1812 tum,
2683 1753 2749 1802 de
2775 1753 3092 1813 chrismate,
3122 1764 3173 1804 et
3193 1754 3648 1816 participatione
3676 1771 3844 1818 corpo-

441 1849 990 1922 superabundantia
1013 1851 1216 1923 gratias
1249 1850 1458 1908 efﬁcax
1478 1852 1891 1920 sit,nonnullis
1914 1855 2094 1909 inter-
2125 1879 2170 1945 Β
2199 1844 2284 1893 νί³
2313 1852 2370 1945 εξ
2407 1845 2722 1945 "Qui"?
2757 1845 2971 1945 ίςλνίείί
2994 1863 3008 1914 ς
3031 1845 3226 1945 iubis
3282 1845 3500 1945 (ῐυξξξιδ
3559 1846 3850 1945 ίιξξίίοειξιιι·

439 1939 579 1994 dum
615 1957 737 1994 suae
769 1939 1111 2012 cupiditatis
1141 1941 1192 1996 vi
1224 1943 1427 2014 gratim
1459 1943 1875 1999 resistentibus
1894 1943 2090 2004 datur.

509 2031 596 2084 56.
630 2031 765 2086 Haec
794 2029 944 2085 forte
976 2047 1155 2102 quam
1188 2049 1296 2104 par
1325 2036 1451 2088 erat
1489 2033 1791 2105 copiosius
1823 2051 1889 2089 ac
1911 2033 2094 2090 ditl‘u-

437 2120 560 2176 sius
589 2124 940 2193 persecutus
975 2137 1106 2177 sum
1133 2140 1148 2190 ;
1184 2122 1286 2178 sed
1317 2124 1513 2196 magni
1546 2123 1796 2180 interest
1815 2124 2094 2180 Ecclesiaa

432 2209 816 2266 traditionem
847 2211 920 2266 de
937 2212 1284 2285 gravissimo
1325 2213 1610 2270 doctrinae
1633 2214 1982 2270 Christianae
1995 2231 2090 2270 ca-

431 2300 553 2372 pite
585 2299 902 2373 diligenter
933 2301 1270 2358 enucleare.
1305 2303 1472 2368 Quod
1505 2303 1550 2357 si
1584 2303 1718 2375 quis
1749 2303 1811 2357 in
1862 2302 2093 2358 caeteris

429 2388 706 2444 Patribus
724 2388 992 2462 diligenti
1007 2389 1203 2446 studio
1222 2396 1282 2446 et
1301 2391 1681 2447 accusatione
1701 2397 2090 2464 praestetmon

435 2481 666 2532 tantum
690 2481 981 2548 quantum
1003 2479 1174 2551 vulgo
1201 2485 1463 2551 putatur,
1489 2481 1674 2535 Graeci
1701 2481 1902 2536 Patres
1924 2498 1960 2537 a
1984 2483 2092 2538 La-

433 2566 578 2621 tinis
608 2565 926 2622 dissentire
955 2567 1226 2624 fortassis
1256 2568 1957 2642 deprehendentur.Ante
1980 2574 2092 2627 Au-

433 2655 759 2729 gustinum,
791 2655 1000 2725 fateor,
1033 2674 1153 2714 non
1175 2664 1348 2715 erant
1367 2659 1584 2716 collata
1610 2661 2091 2728 simul,diﬂ'usius

429 2745 745 2818 explicata,
781 2763 918 2803 cum
943 2748 1222 2804 omnibus
1254 2749 1376 2804 suis
1403 2749 1890 2806 conclusionibus
1921 2768 2088 2807 com-

425 2840 656 2908 parata,
691 2841 750 2892 et
778 2836 840 2891 in
871 2852 1058 2892 unum
1100 2837 1385 2894 doctrinm
1431 2855 1646 2911 corpus
1678 2845 2089 2914 coagmentata

423 2925 722 2999 principia
743 2925 848 2982 illa
870 2926 1088 2998 quibus
1113 2927 1452 2983 suffulcitur
1477 2934 1536 2984 et
1559 2934 1791 2985 constat
1810 2932 2086 3003 Augusti-

425 3019 676 3076 nianum
700 3024 758 3076 et
778 3020 1139 3077 catholicum
1162 3021 1235 3078 de
1257 3023 1446 3095 gratia
1463 3029 1742 3095 systema.
1763 3025 2088 3082 Exstabant

426 3113 628 3164 tamen
659 3109 937 3165 Ecclesiaa
989 3111 1270 3182 precibus
1325 3112 1694 3186 consignata,
1727 3119 1786 3170 et
1814 3114 2083 3172 ﬁdelium

427 3214 530 3253 ore
559 3198 850 3266 confessa,
885 3205 944 3254 et
972 3201 1213 3256 Patrum
1245 3202 1668 3274 praedicatione
1694 3203 1910 3261 tradi:a
1952 3206 2082 3277 ipsa

425 3286 744 3360 principia.

1037 3405 1271 3462 CAPUT
1309 3409 1452 3464 VIII.

425 3524 508 3574 De
529 3523 802 3587 baptismo
830 3532 880 3573 et
937 3527 1381 3591 conﬁrmatione,
1431 3529 1716 3579 distinctis
1771 3545 2083 3581 sacramen-

485 3596 579 3648 tis.
623 3596 720 3646 Vis
775 3597 1041 3659 baptismi
1095 3599 1357 3658 Joannis,
1418 3602 1844 3667 Christianique
1903 3619 2079 3666 supra

483 3669 669 3730 ipsum
689 3670 1051 3730 prcestantia.
1087 3671 1164 3720 De
1195 3669 1461 3734 baptismi
1492 3675 1660 3738 aquei
1711 3675 1859 3724 citra
1885 3690 2079 3727 casum

477 3741 754 3805 martyrii
783 3741 1102 3792 omnimoda
1130 3741 1203 3792 ad
1240 3744 1482 3794 salutem
1505 3747 1869 3808 necessitate;
1897 3755 1947 3796 et
1983 3748 2076 3797 ba-

469 3812 678 3875 ptismi
705 3813 773 3861 ab
802 3811 1074 3864 hereticis
1111 3814 1232 3864 dati
1263 3816 1576 3866 validitate.

489 3913 577 3965 57.
611 3912 876 3976 Quatuor
910 3912 1041 3968 hinc
1071 3913 1288 3986 capita,
1319 3914 1392 3970 de
1424 3914 1640 3986 quibus
1671 3915 1733 3972 in
1782 3917 1940 3973 notis
1969 3935 2076 3990 pro

418 3999 755 4071 argumenti
788 3999 1077 4072 dignitate
1109 4009 1169 4058 et
1213 4003 1383 4074 capia
1408 4004 1701 4060 disserere
1731 4021 1853 4062 non
1884 4007 2072 4077 licuit,

417 4088 531 4143 hoc
563 4103 682 4143 uno
716 4089 909 4160 capite
935 4090 1380 4164 conjungimus.

415 4195 747 4257 Baptismus
781 4202 833 4244 et
887 4198 1240 4260 conﬁrmatio
1286 4198 1510 4248 diversa
1555 4201 1770 4265 Cyrillo
1821 4211 1953 4254 teste
2009 4221 2075 4257 ac

951 4268 1144 4330 judice
1171 4280 1543 4321 sacro/menta.

2203 1935 2472 1991 eamdem
2490 1936 2648 1992 inter
2675 1937 2935 1992 chrisma
2951 1943 3010 1992 et
3031 1937 3327 2009 baptisma
3345 1936 3753 1994 differentiam
3775 1939 3850 1994 in-

2201 2025 2598 2093 tercedere,ac
2625 2027 2783 2083 inter
2812 2027 2970 2083 idem
3001 2027 3264 2083 chrisma
3287 2033 3347 2082 et
3365 2043 3602 2083 sacram
3630 2028 3850 2084 Eucha-

2199 2114 2431 2170 ristiam
2457 2133 2470 2184 ;
2499 2133 2566 2172 ac
2597 2116 2828 2173 duabus
2859 2118 3070 2189 primis
3093 2116 3512 2190 mystagogicis
3534 2118 3852 2174 catechesi-

2201 2204 2312 2259 bus
2325 2221 2562 2261 omnem
2573 2205 2855 2278 baptismi
2877 2207 3100 2261 rituum
3115 2212 3174 2262 et
3186 2205 3504 2261 ettectuum
3520 2205 3849 2264 absolutam

2199 2295 2632 2366 expositionem
2663 2294 2866 2352 fuisse.
2900 2296 3052 2364 Haec,
3078 2295 3345 2368 inquam,
3379 2295 3588 2352 omnia
3619 2303 3850 2368 praeter-

2197 2385 2389 2453 mitto,
2411 2391 2476 2440 ut
2493 2402 2617 2441 rem
2649 2391 2833 2442 totam
2851 2402 2971 2442 una
3003 2387 3112 2442 hac
3133 2387 3656 2458 argumentatione
3681 2389 3848 2444 conﬁ-

2196 2475 2369 2530 ciam.
2405 2475 2786 2532 Sacramenta
2823 2492 3119 2544 vocamus,
3168 2492 3369 2532 sacros
3400 2475 3554 2532 ritus
3587 2482 3652 2534 et
3679 2495 3846 2534 cem-

2195 2565 2430 2620 monias
2442 2567 2987 2638 gratimetl'ectrices
3011 2581 3298 2639 ;quorum
3329 2566 3632 2622 nonnulla
3643 2573 3850 2640 praeter

2193 2654 2442 2726 gratiam
2482 2672 2661 2727 quam
2713 2655 3048 2724 conferunt,
3110 2655 3466 2728 imprimunt
3495 2673 3740 2729 quoque
3793 2658 3849 2712 in

2195 2746 2395 2802 anima
2421 2747 2844 2803 characterem.
2874 2747 2984 2813 Qui
3015 2746 3218 2818 itaque
3267 2746 3420 2802 sacri
3450 2747 3615 2802 ritus
3645 2746 3845 2804 distin-

2192 2845 2349 2894 ctam
2371 2837 2621 2911 gratiam
2652 2853 2720 2892 ac
2765 2836 3114 2892 distinctum
3165 2835 3576 2892 characterem
3611 2835 3838 2902 habent,

2192 2929 2474 2984 distincta
2505 2931 3048 2983 suntsacramenta.
3084 2925 3327 2982 Sacrum
3354 2925 3627 2982 chrisma
3643 2927 3848 2983 distin-

2191 3025 2351 3075 ctum
2383 3025 2443 3074 et
2473 3022 2812 3091 separatum
2843 3033 2878 3072 a
2905 3017 3246 3072 charactere
3273 3014 3583 3088 baptismi,
3619 3017 3848 3089 sibique

2189 3108 2498 3182 proprium
2527 3107 2727 3180 Cyrilli
2758 3106 3058 3162 sententia
3079 3105 3850 3178 characteremimprimere

2195 3199 2432 3255 abunde
2465 3197 2842 3270 probavimus
2873 3195 2946 3252 ad
2977 3195 3453 3268 procatechesin,
3487 3212 3550 3250 n.
3581 3199 3670 3264 16,
3713 3202 3856 3254 nota

2194 3292 2248 3355 2,
2279 3305 2409 3362 pag.
2443 3289 2544 3342 t2:
2581 3304 2742 3343 nunc
2774 3303 2844 3341 ex
2866 3285 3073 3342 eodem
3097 3283 3472 3357 probandum
3503 3283 3853 3341 distinctam

2193 3379 2266 3436 ab
2296 3385 2551 3450 utroque
2581 3377 2834 3450 gratiam
2865 3374 3137 3448 produci.

2263 3490 2348 3544 58.
2410 3487 2608 3542 Primo
2661 3483 2926 3558 quidem,
2983 3482 3404 3539 remissionem
3459 3485 3852 3555 peccatorum

2191 3582 2418 3652 spectat
2453 3574 2710 3648 Cyrillus
2737 3573 2824 3630 uti
2867 3571 3175 3646 proprium
3205 3588 3275 3628 ac
3322 3571 3695 3644 praecipuum
3743 3571 3855 3631 ba-

2188 3669 2390 3743 ptismi
2431 3667 2747 3732 effectum;
2799 3662 3404 3719 communicationem
3455 3677 3593 3718 vero
3657 3665 3855 3720 sancti

2189 3756 2463 3830 Spiritus,
2521 3753 2607 3810 uti
2665 3753 2968 3826 peculiare
3025 3753 3177 3808 sacri
3208 3751 3550 3807 chrismatis
3598 3769 3852 3822 munus,

2188 3865 2306 3920 qua
2335 3849 2397 3902 in
2427 3844 2968 3902 communicatione
2990 3842 3448 3916 comprehendit
3468 3841 3655 3899 etiam
3685 3843 3856 3902 dona

2185 3934 2796 4012 gratiarum,quasillo
2821 3939 3086 4005 tempore
3112 3931 3444 3988 secundum
3461 3932 3857 4004 uniuscujus-

2187 4043 2302 4100 que
2331 4027 2514 4082 ﬁdem
2543 4041 2610 4081 ac
2637 4023 3016 4080 devotionem
3064 4021 3252 4078 animi
3283 4021 3429 4077 satis
3456 4021 3786 4094 vulgariter
3820 4040 3861 4080 a

2185 4119 2304 4174 Deo
2328 4115 2825 4173 concedebantur.
2837 4112 3009 4184 Atqui
3027 4117 3341 4182 utramque
3354 4111 3608 4184 gratiam
3622 4128 3861 4186 magno

2183 4205 2531 4263 discrimine
2561 4202 2810 4275 feparat:
2833 4206 2960 4256 tum
2977 4199 3136 4272 quod
3158 4215 3228 4256 ea
3247 4200 3309 4254 in
3339 4215 3404 4254 re
3437 4199 3702 4256 maxime
3726 4202 3861 4258 dis-

2183 4296 2401 4370 tinguit
2422 4293 2665 4350 Joannis
2699 4297 2759 4347 et
2811 4290 3028 4346 Christi
3083 4289 3481 4362 baptismata;
3543 4293 3675 4344 tum
3707 4307 3860 4348 vero

489 4347 775 4450 Malles“?
805 4350 1274 4457 Ρξοξθδξῇθιίωη
1304 4368 1548 4457 δξωωω
1581 4371 1859 4457 Remens
1893 4360 2070 4457 V°5_ﬁ'
2182 4347 2727 4457 magisbis
2757 4380 2995 4436 disertis
3026 4347 3385 4435 testimoniis
3441 4347 3554 4434 cat.
3587 4382 3636 4433 ί.
3676 4396 3743 4436 n.

413 4439 526 4512 gia,
559 4439 622 4494 in
654 4439 779 4496 suis
804 4440 880 4496 ad
907 4441 1195 4512 Cyrillum
1217 4449 1490 4500 nostrum
1523 4447 1702 4518 notis,
1735 4451 2070 4521 prmsertim

2199 4475 2458 4525 Remissio
2477 4439 2836 4535 peccatorum
2868 4484 2937 4518 ex
2981 4483 3138 4533 atquo
3172 4467 3346 4517 datur
3373 4467 3659 4529 omnibus,
3697 4483 3863 4520 com-

414 4531 438 4583 1
477 4533 532 4584 et
563 4531 617 4596 2,
651 4529 715 4584 in
740 4534 854 4586 cat.
889 4530 951 4585 21
989 4536 1153 4600 nota,
1179 4534 1332 4589 sacri
1360 4534 1700 4593 chrismatis
1721 4540 2069 4597 unctionem
2177 4529 2503 4613 ,ηαηίωιίιξ
2519 4575 2646 4609 vero
2674 4559 2931 4621 Spiritus
2959 4529 3144 4607 sancti
3171 4557 3243 4606 ad
3253 4554 3682 4618 proportionem
3711 4561 3869 4623 ﬁdet

411 4633 545 4714 quae
566 4622 702 4690 post
727 4618 1092 4714 baptismum
1123 4621 1398 4714 dabatur,
1428 4625 1696 4688 baptismi
1725 4626 1905 4679 ritum
1933 4645 2064 4691 esse,
2100 4625 2146 4691 Ι)
2176 4651 2635 4714 uniuscujusque
2689 4618 3026 4699 σᾎηοσαεεαν,
3076 4647 3302 4704 Similis
3355 4645 3611 4702 habetur
3673 4618 3866 4706 limus

407 4708 482 4756 ad
513 4721 642 4756 eum
662 4707 843 4758 solum
863 4709 1248 4771 pertinentem
1277 4713 1558 4783 affirmat;
1587 4718 1784 4788 qualis
1815 4725 1943 4776 erat
1961 4737 2066 4776 un-

409 4803 503 4855 cto
560 4799 973 4856 catechumeni
1009 4817 1080 4856 ex
1133 4801 1264 4857 oleo
1297 4805 1645 4874 exercitato,
1705 4825 1838 4879 quas
1870 4809 2064 4882 bapti-

409 4905 606 4946 smum
637 4889 1115 4963 prascedebatAt
1143 4893 1488 4950 unctionem
1516 4895 1858 4953 chrismatis
1879 4899 2065 4954 diver-

407 4994 539 5036 sum
571 4980 816 5037 omnino
843 4997 879 5037 a
920 4979 1218 5052 baptismo
1249 4998 1378 5038 esse
1428 5000 1501 5038 ex
1530 4985 1732 5056 Cyrilli
1766 4990 2064 5046 sententia

407 5069 872 5138 sacramentum,
903 5069 1078 5126 facile
1129 5072 1374 5127 omnino
1407 5071 1874 5130 demonstratur.
1934 5080 2060 5134 Non

408 5155 559 5212 illud
590 5156 688 5212 hic
716 5158 958 5232 urgebo,
992 5160 1150 5232 quod
1181 5161 1437 5232 Cyrillus
1467 5161 1540 5216 de
1578 5165 1860 5221 unctione
1904 5174 2060 5224 cate-

407 5244 690 5301 chumeni
719 5245 913 5302 obiter
941 5253 1002 5302 et
1047 5250 1320 5321 expedite
1350 5251 1556 5322 paucis
1597 5252 1792 5310 verbis
1821 5262 1934 5312 cat.
1968 5261 2058 5328 20,

403 5349 570 5390 num.
601 5333 655 5400 3,
688 5333 948 5404 disserit,
980 5337 1278 5408 integram
1310 5341 1672 5398 catechesim
1721 5344 2060 5405 chrismatis

406 5422 558 5480 sacri
589 5423 854 5480 unctioni
888 5425 1160 5483 attribuit
1188 5446 1202 5495 ;
1235 5429 1395 5500 quod
1443 5447 1580 5486 cum
1628 5439 2058 5511 mystagogicas

406 5513 748 5570 catecheses
777 5513 1092 5586 pollicetur
1145 5522 1258 5574 cat.
1294 5520 1382 5590 18,
1412 5537 1473 5577 n.
1507 5523 1597 5590 33,
1629 5523 1700 5579 de
1732 5527 1914 5597 priori
1946 5546 2059 5584 un-

408 5601 604 5660 ctione
635 5603 842 5667 silens,
900 5605 1313 5676 posteriorem,
1353 5613 1421 5666 ut
1448 5611 1860 5684 gravissimum
1891 5617 2056 5675 Chri-

411 5693 617 5751 stiana:
647 5693 1044 5752 institutionis
1097 5699 1467 5771 mysterium,
1501 5701 1615 5758 sibi
1642 5705 2056 5777 explicandam

2177 4748 2290 4799 cat.
2317 4744 2401 4813 13,
2436 4759 2494 4798 n.
2527 4743 2596 4795 23
2625 4757 2638 4795 :
2671 4739 2894 4801 Accipis
2924 4753 3078 4788 nunc
3095 4745 3455 4800 peccatorum
3487 4743 3726 4787 tuorum
3763 4756 3862 4788 re.

2174 4833 2518 4888 missionem,
2533 4839 2584 4879 et
2611 4830 2940 4893 spiritualis
2964 4829 3214 4879 donativi
3235 4829 3388 4891 regis
3419 4828 3506 4876 tui
3527 4830 3861 4894 muniﬁcas

2173 4908 2410 4979 gratias.
2445 4911 2697 4983 Spiritus
2736 4911 2925 4966 sancti
2978 4910 3230 4984 gratiam
3260 4909 3326 4965 in
3375 4909 3861 4970 conﬁrmatione

2176 5007 2484 5071 comparat
2513 5001 2786 5056 donativo
2819 5000 3111 5057 militibus
3161 4999 3233 5056 ab
3259 5000 3620 5070 imperatore
3655 5019 3864 5077 supra

2173 5089 2536 5162 stipendium
2556 5091 2729 5158 dato;
2760 5097 2817 5145 et
2857 5098 2968 5148 cat.
3005 5092 3092 5158 1³7,
3125 5109 3292 5148 num.
3325 5096 3392 5150 37
3419 5110 3432 5149 :
3464 5095 3531 5145 Si
3588 5093 3856 5143 credide-

2169 5180 2272 5236 ris,
2307 5195 2410 5228 non
2439 5181 2623 5230 solum
2655 5181 3040 5230 remissionem
3063 5191 3422 5243 peccatorum
3449 5185 3720 5247 accipies,
3755 5200 3858 5233 oe-

2167 5285 2301 5319 rum
2330 5271 2500 5320 etiam
2528 5259 2791 5320 humanis
2803 5271 3023 5321 viribus
3050 5275 3348 5334 superiora
3367 5277 3641 5341 efﬁcies...
3681 5275 3736 5325 Τ
3733 5291 3863 5324 an-

2169 5368 2289 5410 tum
2348 5361 2554 5424 gratia:
2607 5361 2864 5424 accipies,
2903 5371 3171 5426 quantum
3201 5380 3395 5417 capere
3415 5367 3650 5428 poteris.
3689 5368 3854 5422 Gru-

2167 5451 2312 5506 tiam
2367 5451 2647 5523 baptismi
2707 5457 2976 5524 spectare
3033 5453 3266 5510 videtur
3316 5461 3385 5512 ut
3441 5457 3501 5511 in
3546 5455 3856 5512 omnibus

2167 5541 2499 5612 aequalem;
2547 5540 3040 5610 confirmationis,
3109 5545 3197 5600 uti
3227 5562 3335 5618 pro
3393 5544 3714 5618 diligentia
3767 5545 3854 5600 ab

2165 5646 2527 5702 unoquoque
2575 5637 2887 5703 apportata
2941 5633 3254 5692 diversam.
3289 5637 3508 5694 Omnes
3537 5635 3851 5709 baptismi

2175 5721 2328 5777 ritus
2358 5720 2769 5778 catechesibus
2794 5723 2991 5796 prima
3019 5729 3078 5781 et
3106 5726 3369 5784 secunda
3410 5728 3860 5800 mystagogicis
