4024 6426
181 391 265 455 229
1584 407 2104 473 DISSERTATIO
2146 409 2250 471 Ill.
3535 415 3654 479 230

186 532 399 612 descripti
428 543 531 600 ad
580 550 1088 609 remissionem
1123 552 1496 621 peccatorum
1544 546 1888 620 pertinent;
1923 548 1972 611 Α
2005 547 2093 614 21,
2128 568 2189 605 ιι.
2240 552 2293 605 6.
2341 548 2400 606 4ο
2456 550 2810 625 Adoptionis
2865 550 3116 626 gratiam
3174 550 3429 624 Cyrillus
3488 569 3654 609 sacro

192 646 290 687 cum
311 632 374 689 ad
398 634 743 697 chrisma
782 640 1199 712 transitur,de
1227 656 1297 696 ea
1323 639 1475 696 nihil
1506 638 1750 695 auditur
1770 653 1896 694 am-
2008 641 2316 699 chrismati
2374 643 2534 700 velut
2560 644 2864 717 propriam
2922 643 3246 700 attribuere
3295 643 3544 699 videtur.
3596 642 3661 699 Id

204 723 335 798 phus.
354 727 758 789 Fatendum
822 737 1045 790 tamen
1099 732 1252 805 quod
1309 736 1421 788 cat.
1479 734 1564 800 t7,
1608 746 1773 786 num.
1809 732 1897 798 15,
2008 732 2240 804 suadet,
2274 733 2431 805 quod
2464 739 2577 790 cat.
2611 738 2700 802 20,
2734 752 2794 792 ιι.
2822 736 2878 805 6,
2912 734 3165 807 Spiritus
3194 735 3381 790 sancti
3414 733 3660 800 donum,

217 817 398 891 Spiritui
414 825 671 877 sancto
702 823 1039 891 attribuit,
1063 822 1219 895 quod
1237 822 1301 878 in
1322 821 1677 895 baptismate
1695 819 1899 892 spinas

229 918 558 985 peccatorum
595 914 940 970 concidat
957 919 1016 969 et
1043 913 1399 982 absumat,et
1414 913 1678 969 animam
1703 911 1901 967 niten~

240 1011 321 1059 tem
340 1001 548 1058 reddat
576 1008 647 1058 et
682 1002 1242 1076 splendidam.Sed
1270 1003 1424 1059 nihil
1453 1019 1563 1058 nos
1583 1001 1812 1073 cogitid
1827 999 1902 1056 ad

240 1094 535 1151 chrismatis
571 1095 871 1168 gratiam
908 1093 1152 1161 referre,
1183 1110 1319 1150 cum
1354 1093 1431 1149 sit
1459 1093 1557 1149 hic
1585 1107 1901 1166 regenera-

238 1186 372 1243 tisnis
407 1184 485 1241 ad
514 1184 933 1257 baptismum
962 1184 1198 1257 proprie
1228 1184 1585 1257 pertinentis
1634 1183 1900 1238 effectus.

240 1275 476 1334 Secundo
499 1276 760 1347 itaque,
797 1276 1050 1348 propria
1078 1274 1355 1347 baptismi
1377 1273 1565 1347 gratia
1592 1289 1904 1347 regenera-

237 1370 303 1424 tio
330 1371 433 1434 est,
466 1370 530 1422 et
567 1366 892 1422 transitus
922 1381 958 1422 a
987 1371 1175 1422 morte
1214 1364 1442 1437 peccati
1473 1363 1549 1420 ad
1582 1364 1907 1420 vitam.Hoc

232 1459 518 1525 etl‘ectu,et
548 1455 1125 1512 communicatione
1146 1454 1494 1527 passionum
1516 1452 1759 1518 Christi,
1800 1452 1904 1524 jus

232 1549 388 1606 nobis
403 1553 462 1603 et
477 1562 665 1619 spem
683 1545 763 1601 ad
779 1544 1243 1600 resurrectionis
1256 1543 1524 1617 etglorim
1536 1542 1752 1598 Christi
1769 1557 1907 1614 par-

236 1639 649 1712 ticipationem
686 1636 996 1691 tribuente
1029 1639 1271 1707 propter
1299 1633 1696 1690 imitationem
1726 1647 1908 1704 quam

233 1730 562 1802 baptismus
587 1727 758 1800 gerit
780 1725 1340 1798 mortis,sepulturae
1364 1740 1433 1780 ac
1452 1722 1909 1780 resurrectionis

228 1822 374 1894 ejus,
398 1824 608 1875 totum
631 1816 901 1890 Cyrillus
921 1810 1224 1872 concludit
1253 1814 1910 1887 mysteriibaptismatis

2010 827 2069 877 et
2097 822 2479 896 adoptionem
2513 841 2619 897 pro
2648 841 2770 880 una
2800 823 3127 896 eademque
3158 841 3222 880 re
3252 823 3468 880 habet:
3501 824 3661 896 quod

2007 918 2121 968 cat.
2153 916 2205 982 3,
2238 931 2297 969 ιι.
2335 917 2421 984 14,
2474 920 2534 970 et
2578 920 2690 971 cat.
2728 919 2813 984 11,
2850 932 2909 970 ιι.
2943 919 2996 983 9,
3045 915 3130 971 ait
3158 915 3663 987 quemadmodum

2008 1004 2279 1060 Christus
2335 1010 2472 1077 post
2500 1004 2863 1077 baptismum
2912 1010 2971 1060 et
3014 1004 3312 1061 visibilem
3372 1006 3435 1060 in
3468 1006 3664 1078 ipsum

2011 1095 2202 1149 sancti
2230 1095 2482 1167 Spiritus
2513 1100 2934 1167 superventum
2965 1100 3216 1167 paterna
3242 1112 3381 1151 voce
3431 1096 3662 1152 caelitus

2011 1184 2217 1240 audita
2246 1184 2582 1240 declaratus
2615 1189 2704 1241 est
2744 1184 2928 1240 Filius
2959 1186 3095 1254 Dei;
3129 1185 3212 1240 ita
3262 1185 3663 1242 descendente

2014 1291 2194 1346 super
2223 1291 2333 1330 nos
2363 1281 2498 1347 post
2541 1274 2907 1347 baptismum
2953 1275 3177 1348 Spiritu
3206 1282 3432 1341 sancto,
3467 1280 3666 1348 pater-

2012 1382 2153 1420 nam
2167 1382 2372 1421 vocem
2392 1365 2663 1422 auditum
2685 1367 2757 1420 iri
2777 1365 2849 1421 de
2860 1382 3226 1437 unoquoque
3249 1365 3664 1437 dicentem,hic

2014 1471 2164 1511 nunc
2190 1458 2380 1525 factus
2408 1463 2487 1512 est
2513 1456 2661 1525 ﬁlius
2690 1472 2872 1512 meus:
2908 1455 3066 1527 quod
3099 1472 3232 1511 cum
3263 1456 3505 1511 Joannis
3536 1455 3677 1528 bap-

2013 1544 2190 1601 tismo
2222 1545 2445 1602 donum
2477 1546 2720 1619 spiritus
2752 1546 3033 1602 collatum
3064 1551 3260 1619 neget,
3293 1544 3503 1602 eodem
3534 1550 3670 1601 actu

2014 1636 2355 1709 adaptionis
2413 1652 2651 1709 quoque
2683 1638 2934 1711 gratiam
2994 1635 3480 1692 eidem‘aufert:
3543 1636 3672 1707 ejus

2016 1728 2295 1783 ell‘ectum
2327 1727 2454 1783 sola
2483 1732 2543 1783 et
2563 1726 2724 1783 nuda
2752 1731 3134 1799 peccatorum
3156 1726 3513 1782 remissione
3536 1743 3675 1782 con-

2017 1818 2287 1887 cludens,
2321 1824 2437 1874 cat.~
2465 1821 2553 1887 20,
2585 1836 2644 1874 n-
2680 1822 2735 1887 6,
2796 1818 2955 1891 quod
3017 1817 3260 1874 tandem
3319 1817 3485 1886 ibid.,
3523 1834 3583 1873 ιι.
3620 1821 3673 1872 1.

228 1911 534 1976 eﬁ‘ectum,
561 1923 770 1981 eoque
786 1906 910 1963 solo
926 1905 1564 1979 ejuscaeremoniarum
1586 1904 1906 1977 expositio.
1941 1928 1988 1996 Β
2020 1925 2127 1981 per
2158 1909 2383 1965 donum
2409 1909 2663 1981 Spiritus
2702 1909 2913 1976 sancti,
2937 1908 3192 1964 formam
3214 1908 3432 1963 Christi
3473 1908 3535 1963 in
3568 1925 3671 1964 no-

230 2000 817 2059 nemterminatcat.
837 2001 926 2067 20,
945 2014 1110 2054 num.
1130 2000 1297 2054 4et5.
1320 1995 1500 2053 Addit
1525 2012 1729 2052 revera
1749 1995 1907 2067 quod
2016 1999 2112 2054 bis
2144 1998 2408 2070 imprimi
2438 1999 2559 2066 ait;
2582 2016 2690 2070 per
2717 2016 2897 2070 quam
2928 1998 3017 2053 illi
3048 1998 3276 2054 similes
3305 1998 3467 2068 facti,
3500 1997 3676 2055 dicti-

232 2093 440 2165 [CXCl]
462 2090 735 2164 Spiritus
751 2088 940 2144 sancti
970 2087 1194 2144 donum
1209 2092 1266 2143 et
1295 2086 1633 2160 adoptionis
1655 2086 1908 2159 gratiam

244 2183 561 2247 conciliet;
585 2186 652 2236 at
676 2179 738 2234 id
756 2178 1216 2252 intelligendum
1238 2177 1310 2233 de
1324 2179 1464 2251 jure
1485 2194 1590 2249 per
1605 2176 1777 2233 illum
1798 2193 1906 2232 no-

248 2272 345 2329 bis
366 2272 498 2328 dato
519 2271 597 2326 ad
619 2286 864 2326 sacrum
886 2269 1169 2338 chrismo,
1191 2268 1349 2341 quod
1368 2267 1733 2340 baptismum
1764 2284 1904 2323 con-

228 2363 446 2420 testim
473 2359 975 2432 consequebatur,
1007 2364 1067 2415 et
1095 2359 1155 2415 in
1178 2376 1245 2415 eo
1277 2357 1718 2431 quodammodo
1746 2373 1904 2412 com-

230 2453 550 2527 prehendi
576 2455 846 2525 poterat;
884 2450 982 2505 hic
1040 2449 1199 2505 enim
1248 2466 1320 2505 ex
1348 2447 1551 2522 Cyrilli
1610 2448 1906 2504 sententia

238 2543 547 2615 proprius
572 2539 918 2597 sacramenti
956 2539 1293 2595 chrismatis
1331 2540 1599 2605 efTectus,
1632 2542 1699 2593 ut
1726 2536 1900 2593 modo

254 2629 643 2703 probabitur,
671 2627 773 2685 alia
801 2646 1019 2701 nempe
1042 2645 1076 2684 a
1094 2628 1543 2701 regeneratione
1572 2628 1763 2701 gratia
1790 2632 1899 2696 est,

257 2738 456 2794 quam
470 2719 767 2775 chrismate
790 2719 1048 2775 conferri
1060 2718 1234 2775 docet
1253 2724 1365 2775 cat.
1389 2721 1479 2790 21,
1502 2717 1903 2790 primumipse

244 2811 519 2884 Spiritus
539 2816 793 2876 sanctus,
826 2810 998 2882 cujus
1027 2809 1305 2866 divinitas
1336 2809 1398 2864 in
1430 2808 1559 2881 ipso
1582 2807 1905 2864 chrismate

228 2918 523 2975 presens
543 2898 695 2955 illud
711 2899 905 2955 reddit
922 2899 1179 2961 Spiritus
1189 2899 1373 2949 sancti
1383 2898 1723 2969 eﬂectivum,
1738 2915 1882 2954 num
1892 2939 1903 2952 .

227 2994 287 3059 3,
316 2991 720 3065 permittatur
738 2988 1093 3046 scholastica
1112 2988 1217 3045 illa
1237 3005 1362 3056 vox,
1398 2988 1526 3045 sola
1549 2989 1666 3044 vim
1690 2990 1904 3045 Graecae

229 3078 600 3156 ἐνεργητικόν
632 3079 926 3136 reddens:
960 3084 1086 3135 tum
1117 3078 1333 3134 deinde
1375 3079 1477 3145 ait,
1510 3078 1651 3134 dum
1692 3096 1908 3151 corpus

229 3172 462 3228 visibili
492 3174 808 3244 unguento
839 3169 1206 3243 perungitur,
1235 3169 1491 3218 animam
1519 3168 1750 3230 Spiritu
1778 3185 1907 3218 san-

2019 2105 2136 2160 que
2166 2105 2304 2145 cum
2331 2088 2461 2159 ipso
2492 2087 2730 2157 Christi,
2763 2088 3144 2160 adoptionem
3200 2105 3379 2159 quam
3428 2089 3583 2144 Deus
3614 2088 3676 2143 in

2019 2180 2125 2235 illa
2155 2179 2550 2235 similitudine
2577 2180 2906 2245 constituit,
2941 2180 3386 2251 consequimur.
3416 2181 3549 2235 Haec
3572 2196 3677 2235 au-

2016 2275 2509 2343 tem,quanquam
2522 2270 2780 2327 maxime
2791 2269 3097 2342 probabile
3112 2268 3346 2324 efﬁcian
3356 2268 3679 2341 t,Cyrillum

2017 2360 2356 2433 adoptionis
2386 2360 2637 2433 gratiam
2671 2364 3044 2416 sacramento
3076 2357 3302 2431 [CXCII]
3333 2359 3672 2415 chrismatis

2015 2451 2317 2524 prOpriam
2334 2451 2709 2523 adjudicasse
2738 2469 2751 2518 ;
2781 2449 2938 2506 haud
2959 2455 3157 2505 tamen
3182 2454 3248 2505 ut
3278 2449 3359 2504 ita
3377 2448 3668 2518 dicamus,

2014 2542 2253 2614 penitus
2282 2547 2539 2613 cogunt;
2572 2545 2825 2613 possunt
2853 2540 3012 2595 enim
3033 2539 3107 2594 de
3128 2538 3381 2595 solemni
3401 2539 3666 2610 adaptio-

2015 2632 2111 2687 nis
2141 2648 2248 2705 per
2268 2631 2481 2688 Christi
2503 2631 2866 2703 baptismum
2888 2630 3039 2686 datm
3062 2630 3466 2686 declaratione
3490 2634 3549 2685 et
3568 2628 3668 2685 ab-

2016 2721 2350 2795 signatione
2398 2721 2671 2795 intelligi.
2706 2723 2851 2776 Nam
2883 2726 2997 2778 cat.
3047 2724 3137 2788 2t,
3170 2738 3230 2777 ιι.
3270 2724 3319 2788 1,
3353 2737 3424 2776 ex
3454 2737 3571 2791 quo
3602 2719 3665 2776 in

2015 2813 2316 2869 Christum
2344 2812 2619 2885 baptizati
2650 2812 2847 2883 ipsum
2880 2810 3206 2878 induimus,
3241 2809 3499 2865 similem
3531 2823 3668 2864 cum

2016 2904 2146 2977 ipso
2176 2904 2429 2960 formam
2479 2921 2588 2960 nos
2615 2919 2992 2975 comparasse
3040 2901 3232 2957 docet.
3269 2903 3342 2956 At
3371 2898 3667 2970 baptismo

2018 2992 2176 3050 dicto
2223 3011 2333 3049 nos
2387 2993 2686 3049 Christum
2736 2992 3007 3061 induere,
3062 2990 3336 3046 doctrina
3368 2988 3495 3060 ejus
3554 2992 3666 3055 est,

2017 3089 2126 3140 cat.
2168 3087 2254 3154 19,
2286 3100 2348 3139 ιι.
2387 3085 2473 3151 10,
2507 3088 2568 3139 et
2595 3087 2706 3139 cat.
2735 3085 2825 3152 20,
2858 3099 2913 3137 ιι.
2949 3085 3004 3137 2.

2089 3176 2177 3229 59.
2210 3174 2343 3229 Haec
2373 3172 2448 3229 ad
2478 3172 2927 3245 distinguendas
2957 3169 3270 3241 utriusque
3312 3166 3670 3225 sacramenti

232 3271 323 3311 σία
358 3263 710 3326 viviﬁcoque
736 3259 1092 3325 sanctiﬁcari.
1124 3263 1182 3315 2°
1204 3259 1486 3332 Spiritum
1504 3259 1578 3315 ad
1599 3259 1757 3314 hunc
1788 3275 1903 3314 no-

2025 3268 2194 3321 notas
2225 3269 2284 3320 et
2335 3264 2608 3336 proprios
2638 3263 3013 3319 characteres
3071 3259 3308 3317 abunde
3341 3258 3668 3316 sufficiunt.

236 3354 335 3410 bis
366 3354 669 3410 eﬂ'ectum
710 3350 962 3406 conferri
992 3350 1075 3406 ait
1126 3354 1192 3405 ut
1220 3366 1330 3405 nos
1362 3348 1644 3405 adversus
1703 3348 1913 3404 salutis

223 3446 445 3503 hostes
470 3448 675 3499 armet
696 3446 869 3509 totos,
898 3457 959 3496 ιι.
992 3441 1045 3508 li,
1086 3444 1153 3495 ut
1181 3440 1259 3496 sit
1296 3439 1512 3496 animm
1541 3443 1600 3495 et
1647 3439 1913 3512 corporis

224 3534 608 3608 praesidium
641 3538 701 3587 et
731 3531 933 3599 tutela,
965 3536 1024 3588 et
1043 3530 1299 3587 doctoris
1322 3531 1478 3587 vices
1511 3535 1730 3595 teneat,
1767 3547 1828 3586 ιι.
1854 3533 1909 3600 ‘7,

232 3625 296 3681 hi
327 3630 503 3682 certe
525 3623 801 3679 distincti
823 3622 894 3678 ab
914 3621 1363 3696 regeneratione
1394 3623 1660 3677 effectus.
1684 3622 1744 3676 3°
1765 3623 1912 3677 Cum

226 3714 552 3788 baptisma
582 3713 800 3770 mortis
828 3714 1042 3770 Christi
1064 3713 1671 3770 communicationem
1690 3713 1917 3769 tribuat

234 3823 312 3861 ex
339 3805 561 3879 Cyrilli
611 3807 834 3873 mente,
884 3803 1063 3860 aliam
1108 3804 1279 3861 nobis
1310 3820 1446 3859 cum
1484 3803 1716 3859 Christo
1751 3820 1917 3859 com-

240 3894 738 3952 municationem
759 3910 866 3965 per
894 3909 1129 3949 sacrum
1153 3893 1413 3950 chrisma
1433 3892 1692 3949 conferri
1712 3892 1918 3959 docet;

229 3987 545 4042 nimirum
580 3983 1185 4040 communicationem
1215 3983 1518 4039 unctionis
1552 3983 1703 4055 ejus,
1737 4001 1856 4055 qua
1883 4000 1920 4040 θ,

227 4076 479 4148 Spiritu
510 4079 725 4129 sancto
763 4089 943 4146 super
970 4090 1033 4129 se
1078 4072 1395 4129 visibiliter
1445 4073 1660 4145 illapso
1696 4089 1918 4146 perun-

225 4172 378 4221 ctus
409 4170 515 4221 est
542 4168 682 4237 post
729 4163 1115 4236 baptismum.
1147 4168 1267 4220 Cat.
1312 4166 1403 4232 21,
1435 4180 1600 4221 num.
1632 4168 1655 4218 1
1684 4179 1698 4219 :
1735 4164 1919 4228 Vobis,

224 4254 469 4326 inquit,
503 4252 783 4301 similiter
817 4261 1118 4316 postquam
1147 4268 1216 4301 ex
1247 4267 1531 4302 sacrorum
1571 4253 1809 4303 laticum
1830 4253 1919 4315 pi-

230 4345 413 4394 scina
443 4342 804 4403 ascendistis,
830 4343 1025 4393 datum
1056 4351 1133 4392 est
1146 4343 1570 4393 chrismaillius
1590 4344 1919 4409 antitgpum

227 4450 353 4497 quo
388 4442 610 4484 unctus
639 4441 717 4482 est
741 4432 993 4483 Christus
1012 4450 1031 4483 :
1057 4433 1205 4498 quod
1258 4442 1338 4483 est
1366 4434 1624 4497 Spiritus
1651 4442 1919 4496 sanctus,-

233 4530 300 4578 et
334 4541 405 4580 Π.
439 4528 475 4578 2
502 4541 517 4578 :
556 4521 1032 4577 Quemadmodum
1063 4524 1322 4574 Christus
1343 4540 1466 4574 vere
1487 4526 1800 4590 cruciﬁxus
1820 4533 1916 4585 est,

239 4619 296 4659 et
330 4614 602 4675 sepultus
636 4620 688 4660 et
717 4613 1067 4674 resurrexit;
1098 4613 1245 4662 vobis
1274 4620 1461 4663 autem

242 4713 361 4760 per
392 4703 695 4766 quamdam
718 4702 1160 4753 similitudinem
1188 4719 1309 4754 una
1336 4720 1457 4754 cum
1485 4705 1607 4766 ipso
1637 4705 1917 4770 cruciﬁgi,

248 4798 307 4837 et
342 4794 575 4854 sepeliri
604 4800 656 4840 et
688 4808 982 4856 resurgere
1010 4793 1202 4843 divina
1233 4795 1559 4857 dignatione
1586 4794 1783 4844 datum
1817 4804 1916 4854 est,

238 4881 333 4929 ita
368 4892 424 4931 et
455 4884 521 4932 de
554 4883 855 4933 chrismate
884 4883 1179 4946 contingit.
1202 4885 1313 4933 Ille
1338 4884 1698 4949 intelligibili
1728 4887 1922 4935 exsul-

235 4974 497 5023 tationis
526 4974 643 5023 oleo
687 4982 1003 5035 perunctus
1036 4982 1135 5033 est,
1162 4974 1223 5024 id
1249 4984 1346 5036 est,
1391 4976 1623 5037 Spiritu
1651 4984 1924 5036 sancto...,

235 5077 341 5109 ros
378 5079 513 5112 tero
572 5072 864 5126 unguento
893 5066 1052 5114 uncti
1109 5065 1242 5115 estis
1302 5065 1513 5116 Christi
1532 5066 1846 5128 participes
1877 5075 1927 5116 et

242 5164 549 5204 consortes
577 5156 779 5220 επεσιί.
813 5157 898 5210 En
921 5156 1213 5212 diversam
1246 5157 1318 5212 ab
1347 5174 1416 5213 ea
1432 5174 1610 5229 quam
1631 5157 1931 5231 baptisma

242 5244 523 5312 confert,
567 5262 701 5301 cum
733 5244 966 5301 Christo
1026 5246 1393 5303 societatem.
1454 5247 1643 5319 Hujus
1676 5249 1929 5305 effectus

243 5339 347 5387 est
376 5336 853 5391 communicatio
884 5335 1148 5391 nominis
1180 5336 1330 5407 ejus,
1363 5340 1430 5391 ut
1454 5336 1569 5409 ipsi
1598 5337 1814 5394 Christi
1845 5339 1931 5394 di-

242 5436 493 5492 camur,
528 5441 587 5481 ιι.
625 5429 676 5494 1,
713 5425 941 5497 quique
973 5429 1111 5480 ante
1160 5424 1635 5482 Christianorum
1687 5428 1930 5484 nomine

242 5515 504 5584 proprie
529 5515 691 5589 digni
714 5531 841 5570 non
866 5513 1238 5582 eramus,sed
1263 5531 1332 5569 eo
1348 5520 1580 5571 tantum
1603 5517 1926 5573 contende-

250 5598 825 5674 bamus,veritatem
840 5604 1021 5675 hujus
1033 5604 1296 5660 nominis
1310 5620 1417 5676 per
1428 5621 1664 5661 sacrum
1676 5607 1940 5665 chrisma

2020 3354 2187 3411 Haud
2221 3358 2421 3409 tamen
2461 3351 2718 3419 inﬁcior,
2752 3350 3042 3424 Cyrillum
3070 3366 3207 3407 cum
3235 3348 3510 3405 Patribus
3540 3364 3674 3421 per-

2018 3444 2227 3501 multis
2240 3442 2760 3499 confirmationem
2786 3440 3089 3498 interdum
3107 3441 3171 3497 in
3202 3439 3435 3497 actione
3448 3438 3673 3511 baptis-

2018 3536 2101 3592 mi
2117 3533 2782 3606 comprehendisse:seu
2796 3532 3078 3604 quoniam
3092 3532 3224 3604 ipsa
3236 3528 3516 3603 baptismi
3530 3544 3674 3601 per-

2019 3624 2195 3680 fectio
2228 3629 2289 3680 et
2316 3623 2819 3696 complementum
2855 3628 2984 3688 est;
3020 3638 3124 3677 seu
3156 3621 3356 3693 potius
3386 3621 3677 3691 quoniam

2021 3732 2140 3771 uno
2174 3719 2441 3786 tempore
2473 3729 2610 3769 cum
2641 3712 2934 3783 baqiismo
2979 3710 3435 3777 conferebatur;
3467 3726 3536 3766 ac
3565 3709 3673 3764 ba-

2020 3804 2223 3878 ptismi
2236 3804 2472 3859 nomine
2486 3803 2822 3876 generalius
2834 3806 3070 3873 sumpto
3082 3799 3499 3856 includebatur
3511 3797 3680 3869 quid-

2022 3894 2165 3967 quid
2192 3894 2343 3950 illud
2374 3893 2760 3949 comitaretur
2816 3897 2875 3947 et
2904 3894 3391 3961 consequeretur.
3455 3887 3679 3945 Eodem

2023 4001 2259 4057 quoque
2290 3983 2467 4039 modo
2501 3981 2829 4053 eademque
2859 3980 3089 4037 ratione
3122 3978 3507 4035 Eucharistiae
3540 3995 3684 4050 quo-

2023 4089 2138 4145 que
2170 4072 2327 4128 bona
2357 4077 2417 4128 et
2444 4071 2674 4127 fructus
2706 4069 2984 4126 nonnulli
3013 4071 3217 4124 Patres
3275 4068 3339 4123 in
3396 4067 3680 4139 baptismi

2022 4165 2256 4220 actione
2290 4168 2347 4218 et
2364 4164 2580 4218 eﬂ‘ectu
2609 4159 3109 4234 complectuntur:
3125 4157 3286 4231 quod
3306 4157 3683 4213 Albertinum

2023 4271 2180 4327 smpe
2210 4252 2445 4323 fefellit,
2497 4251 2572 4308 ad
2603 4251 2799 4323 ipsum
2826 4249 3122 4321 baptisma
3179 4248 3419 4321 proprie
3453 4246 3679 4303 dictum

2023 4345 2408 4412 referentem,
2443 4342 2603 4415 quod
2634 4341 2707 4397 de
2741 4357 2911 4397 sacra
2939 4340 3385 4405 communione,
3420 4342 3557 4411 post
3576 4337 3684 4393 ba-

2024 4437 2313 4510 ptismum
2344 4440 2405 4490 et
2433 4434 2951 4490 confirmationem
2984 4432 3048 4487 in
3080 4431 3210 4503 ipsa
3240 4429 3506 4503 paschali
3552 4428 3687 4502 vigi-

2022 4527 2106 4584 lia
2135 4525 2453 4598 neophytis
2482 4523 2622 4580 data
2652 4522 2877 4580 dictum
2907 4521 3038 4578 fuit.

1491 4613 1556 4663 in
1592 4613 1921 4677 baptisma“
1956 4636 2001 4703 D
2034 4645 2109 4694 De
2136 4642 2372 4693 Joannis
2402 4641 2670 4703 baptismi
2692 4640 2967 4704 efﬁcacia,
2998 4647 3048 4689 et
3081 4637 3395 4688 Christiani
3424 4634 3694 4699 baptismi

2467 4737 2640 4784 super
2667 4723 2857 4783 ipsum
2883 4720 3233 4769 excellentia.

2104 4834 2191 4887 60.
2247 4832 2491 4887 Joannis
2530 4830 2829 4902 baptismo
2886 4827 3141 4899 Cyrillus
3170 4826 3287 4881 vim
3344 4822 3689 4879 remittendi

2034 4927 2278 4996 peccata
2308 4926 2367 4977 et
2394 4921 2467 4977 ab
2499 4920 2636 4993 igne
2667 4924 2889 4974 aeterno
2912 4915 3209 4972 liberandi
3240 4913 3529 4970 attribuit.
3562 4913 3687 4966 Cat.

2034 5016 2091 5080 3,
2123 5031 2179 5069 ιι.
2218 5016 2271 5080 7,
2305 5012 2391 5068 sic
2420 5012 2689 5083 loquitur
2718 5011 2789 5066 de
2823 5007 3285 5080 suscipientibus
3312 5003 3462 5060 illud
3491 5003 3653 5075 bapti

2039 5120 2188 5161 sma:
2204 5103 2470 5153 Primum
2482 5101 2837 5150 ostendebant
2859 5099 3100 5148 vulnera
3112 5099 3236 5169 (per
3258 5094 3698 5152 confessionem

2041 5194 2469 5267 peccatorum);
2498 5191 2697 5240 deinde
2720 5190 2819 5238 ille
2854 5188 3259 5237 medicamenta
3293 5183 3621 5247 apponebat,
3654 5189 3705 5230 et

2042 5283 2477 5344 redemptionem
2511 5284 2579 5332 ab
2594 5283 2723 5345 igne
2745 5287 2951 5329 (eterna
2982 5278 3338 5329 credentibus
3358 5276 3671 5337 conferebat
3694 5288 3712 5323 :

2047 5364 2205 5437 quod
2237 5365 2556 5436 Scripturm
2588 5363 2948 5418 auctoritate
2990 5360 3249 5433 probpre
3280 5358 3511 5431 satagit.
3545 5355 3707 5411 Idem

2047 5462 2160 5512 cat.
2194 5456 2282 5525 20,
2318 5471 2377 5509 n.
2415 5457 2467 5520 6,
2498 5454 2668 5502 Nemo
2697 5466 2827 5513 ergo
2854 5458 3017 5512 putet
3036 5448 3315 5513 baptisma
3334 5449 3397 5497 in
3428 5441 3708 5495 remissio-

2048 5545 2142 5594 nis
2170 5552 2521 5606 peccatorum
2542 5542 2825 5590 duntaxat
2853 5547 2903 5589 et
2934 5540 2997 5588 in
3019 5538 3337 5601 adoptionis
3357 5536 3550 5601 gratia
3578 5548 3709 5582 cou-

2048 5627 2285 5687 sistere;
2313 5626 2459 5673 sicut
2486 5629 2612 5672 erat
2670 5622 2984 5683 baptismus
3040 5619 3294 5677 Joannis,
3351 5616 3499 5682 quod
3530 5614 3705 5663 solam

243 5708 728 5772 consequamur,
762 5713 825 5769 ιι,
863 5698 919 5763 5,
950 5700 1017 5750 ut
1047 5694 1288 5751 demum
1329 5694 1595 5767 aliquam
1626 5699 1690 5754 in
1720 5700 1940 5760 Christi
2042 5715 2399 5770 peccatorum
2452 5702 2839 5752 remissionem
2895 5702 3227 5763 conferebat.
3261 5701 3387 5755 Non
3443 5698 3571 5753 hmo
3600 5694 3707 5762 Cy-

235 5788 590 5848 sacerdotio
614 5793 864 5863 partem
888 5800 1323 5857 comparemus,
1345 5790 1457 5842 cat.
1490 5788 1572 5858 18,
1599 5806 1658 5845 ιι.
1686 5792 1751 5846 33
1774 5808 1789 5862 ;
1825 5799 1939 5851 cat.

2052 5798 2190 5855 rillo
2222 5795 2541 5870 singularis
2565 5793 2789 5868 opinio,
2824 5793 2928 5851 sed
2959 5791 3074 5865 ipsi
3105 5805 3242 5848 cum
3272 5778 3707 5859 antiquissimis
