4024 6384
396 377 509 442 231

1704 371 1805 433 DE
1851 367 2030 431 VITA
2079 367 2144 428 S.
2189 365 2529 430 CYRILLI.

3710 373 3826 435 232

396 509 457 574 et
485 511 853 572 noblissimis
882 511 1155 569 Patribus
1185 508 1538 568 communis.
1570 509 1658 564 Ita
1703 513 1909 563 censet
1933 508 2048 563 Eu-
2081 505 2133 572 Α
2162 509 2350 560 smate
2367 507 2588 563 remitti
2608 512 2849 581 peccata
2869 507 3476 577 docuerunt,assensu
3493 514 3554 565 et
3571 513 3830 584 conspi-

395 605 598 663 sebius
625 605 837 660 Cassar.
868 603 950 658 lib
981 621 1038 658 ix
1073 607 1370 670 Demonst.,
1405 616 1535 670 cap.
1568 602 1620 665 5,
1655 614 1786 670 pag.
1832 599 1958 664 430,
1991 600 2051 651 et

396 697 458 752 in
484 697 650 750 Isaias
683 711 810 767 cap.
841 711 1008 760 xxxv,
1042 710 1190 747 vers.
1223 696 1293 760 2;
1338 692 1632 747 Juvencus
1675 690 1817 743 Hist.
1851 704 2046 757 evang.

393 787 501 843 lib.
533 802 574 852 ι,
594 802 744 841 vers.
779 787 977 852 367,et
1007 783 1111 839 lib.
1133 801 1194 840 ιιι
1227 783 1394 838 initio
1420 799 1434 848 ;
1465 778 1851 850 Hilarius,qui
1876 780 1933 832 in
1956 794 2044 849 ps.

399 894 591 947 cxvm,
619 877 732 932 litt.
768 879 819 944 3,
852 894 909 932 ιι.
945 879 998 946 5,
1033 875 1315 948 supponit
1343 871 1586 929 Joannis
1615 870 1910 942 baptismo
1944 868 2047 924 da-

399 974 520 1026 tam
552 973 930 1040 peccatorum
952 967 1391 1034 remissionem,
1415 960 1918 1037 quemadmodum
1943 976 2049 1032 per

396 1060 761 1132 baptismum
800 1057 1050 1113 Christi:
1111 1058 1377 1128 Optatus,
1428 1053 1530 1109 lib.
1563 1071 1616 1119 v,
1649 1069 1708 1107 n.
1744 1055 1796 1119 5,
1857 1051 1958 1122 qui
1989 1055 2048 1104 et

391 1150 636 1207 Joannis
676 1149 975 1221 baptisma
1005 1152 1142 1203 ante
1170 1145 1669 1202 resurrectionem
1695 1141 1910 1198 Christi
1925 1140 2046 1196 col-

392 1241 602 1309 latum,
653 1240 933 1294 iteratum
959 1237 1142 1292 fuisse
1196 1240 1408 1309 negat;
1459 1234 1732 1303 Basilius,
1765 1232 1924 1287 hom.
1957 1232 2044 1300 13,

394 1347 526 1404 pag.
559 1329 700 1396 409;
758 1334 817 1384 et
871 1327 1124 1386 lib.tDe
1173 1327 1350 1398 bapt.,
1405 1342 1534 1397 cap.
1594 1327 1647 1391 2,
1708 1340 1836 1395 pag.
1899 1323 2042 1387 559;

393 1425 560 1496 Creg.
595 1425 748 1491 Naz.,
814 1425 962 1478 orat.
997 1421 1085 1488 34,
1117 1436 1250 1494 pag.
1311 1421 1454 1486 694;
1487 1415 1803 1490 Gregorius
1851 1416 2043 1486 Nyss.,

392 1512 601 1570 homil.
636 1515 694 1568 in
725 1513 992 1568 Basilium
1020 1514 1273 1578 fratrem,
1307 1525 1436 1582 pag.
1474 1509 1615 1574 482;
1671 1504 2041 1574 Ambrosius,

2156 597 2388 652 ratione
2445 599 2841 670 proscriptum
2897 604 3060 655 erat:
3121 599 3406 656 nimirum
3464 600 3812 663 baptismum

2153 687 2396 736 Joannis
2424 689 2671 737 eamdem
2701 689 2815 737 vim
2830 688 3092 738 habuisse
3118 704 3246 739 cum
3267 691 3540 753 baptismo
3573 691 3816 744 Christi.

2155 778 2311 834 Nihil
2342 785 2500 835 certe
2534 796 2568 836 a
2597 780 2800 854 Cyrilli
2831 782 3128 838 sententia
3159 783 3344 855 magis
3374 783 3666 841 alienum.

2225 891 2314 943 61.
2348 889 2488 944 Eam
2515 889 2674 945 enim
2707 889 2862 945 inter
2890 888 3064 946 ambo
3109 890 3466 963 baptismate
3517 891 3812 951 differen-

2156 978 2296 1034 tiam
2319 979 2646 1047 constituit,
2669 980 2970 1051 quaainter
2992 997 3199 1036 eorum
3222 988 3492 1038 auctores
3508 983 3805 1041 Joannem

2155 1075 2212 1123 et
2239 1069 2559 1125 Christum.
2595 1071 2716 1125 Cat.
2751 1071 2802 1138 3,
2836 1087 2895 1126 ιι.
2928 1071 2982 1137 9,
3019 1071 3164 1124 Quid
3199 1071 3451 1133 amplius
3491 1073 3556 1120 de
3585 1072 3807 1124 homine

2153 1157 2315 1207 verba
2341 1159 2600 1219 faciam?
2641 1175 2886 1222 magnus
2929 1161 3194 1219 Joannes,
3226 1161 3322 1210 sed
3347 1162 3486 1226 quid
3531 1163 3579 1211 is
3604 1163 3680 1211 ad
3714 1165 3815 1212 Do-

2153 1250 2409 1300 minum?
2444 1267 2547 1300 eoae
2577 1252 2800 1316 quidem
2830 1261 2908 1302 est
2937 1253 3200 1316 altisona,
3242 1254 3336 1301 sed
3379 1255 3522 1319 quid
3561 1255 3640 1303 ad
3684 1257 3812 1304 Ver-

2152 1341 2323 1392 bum?
2351 1344 2544 1391 Bonus
2581 1344 2680 1393 ille
2703 1344 2804 1408 qui
2835 1345 2896 1393 in
2925 1359 3074 1408 aqua
3103 1345 3386 1408 baptizat;
3436 1344 3534 1393 sed
3560 1345 3709 1408 quid
3737 1345 3807 1394 ad

2151 1431 2317 1480 illum
2352 1433 2455 1497 qui
2487 1432 2732 1496 baptisat
2760 1433 2817 1482 in
2836 1434 3061 1496 Spiritu
3092 1443 3283 1484 sancta
3303 1442 3354 1483 et
3377 1434 3502 1498 igni
3523 1435 3549 1483 1
3576 1436 3810 1498 Spiritu

2147 1530 2338 1570 sancto
2367 1530 2416 1570 et
2448 1523 2572 1585 igni
2604 1523 2909 1585 baptisarit
2937 1524 3208 1585 apostolos
3261 1525 3539 1581 Salvator,
3582 1526 3812 1588 quando

393 1603 495 1674 qui
526 1605 584 1657 in
599 1619 687 1673 ps.
722 1618 936 1669 xxxvu,
968 1617 1134 1656 num.
1187 1600 1240 1667 3,
1275 1615 1380 1671 per
1428 1597 1578 1652 illud
1609 1596 1922 1668 baptisma,
1956 1593 2045 1643 ho-
2146 1607 2333 1664 factus
2362 1611 2440 1651 est
2474 1612 2696 1666 repente
2724 1604 2788 1652 de
2816 1605 2949 1653 coelo
2971 1620 3165 1674 sonus,
3217 1610 3329 1660 etc,
3387 1607 3661 1662 Primum
3711 1607 3807 1663 hic

391 1692 605 1742 minem
633 1699 915 1754 peccatum
944 1705 1105 1739 omne
1142 1689 1458 1750 deposuisse
1485 1689 1648 1746 docet,
1673 1701 1742 1734 ne
1770 1683 2042 1734 obnoxius
2148 1693 2465 1748 adumbrat
2517 1694 2828 1766 utriusque
2877 1694 3154 1768 baptismi
3213 1694 3560 1763 discrimen,
3594 1702 3658 1752 et
3686 1698 3806 1769 pri.

393 1781 633 1844 incipiat
661 1796 774 1830 esse
799 1780 1134 1844 suppliciis:
1167 1779 1523 1836 Prudentius
1540 1776 1800 1850 poeta,in
1818 1776 2038 1848 hymno

2148 1800 2306 1839 mam
2338 1783 2652 1841 Christiani
2684 1784 3057 1857 baptismatis
3110 1802 3290 1858 super
3314 1787 3559 1842 Joannis
3607 1786 3805 1860 bapti-

381 1871 1464 1946 jejunantium,strophai5,vers.960;
1489 1867 2040 1939 Paulinus,poema-
2074 1877 2120 1944 Β
2153 1891 2346 1929 smum
2379 1875 2846 1948 praerogativam,
2879 1875 3038 1948 quod
3068 1875 3169 1931 ille
3199 1876 3482 1948 Spiritum
3526 1883 3806 1933 sanctum

394 1967 450 2019 te
471 1966 525 2031 6,
547 1979 695 2019 vers.
721 1965 821 2018 263
846 1968 905 2018 et
921 1979 1085 2035 seqq.
1115 1979 1129 2031 ;
1153 1960 1408 2034 Cyrillus
1429 1954 2045 2022 Alexandr.,Thesauri

390 2058 601 2110 assert.
640 2056 723 2120 11,
759 2070 814 2126 p.
852 2055 975 2120 106,
1002 2067 1349 2124 quanquam
1378 2049 1662 2106 contrarii
1689 2046 1914 2119 aliquid
1948 2047 2044 2102 ha-

391 2143 532 2200 bere
566 2143 830 2200 videatur
858 2146 915 2198 in
947 2145 1108 2198 Joan.
1143 2142 1249 2198 lib.
1285 2160 1345 2211 ιι,
1377 2159 1433 2214 p.
1472 2144 1609 2206 £57;
1648 2137 1899 2194 Basilius
1942 2137 2047 2192 Se-

389 2233 731 2302 leuciensis,
766 2239 916 2289 orat.
975 2235 1062 2301 18,
1113 2250 1169 2304 ρ.
1216 2232 1357 2299 1Ο3;
1407 2233 1616 2286 Petrus
1649 2227 2045 2299 Chrysologus

389 2341 568 2380 serm.
606 2327 667 2379 13
696 2342 708 2391 ;
742 2326 966 2380 Auctor
1006 2323 1301 2379 sermonis
1331 2321 1406 2376 de
1454 2317 1855 2391 TheOphania,
1888 2315 2046 2389 apud

390 2415 716 2487 Chrysost.,
749 2419 892 2482 tom,
923 2414 1014 2479 VI,
1046 2431 1104 2485 p.
1134 2414 1236 2468 253
1265 2429 1278 2479 ;
1312 2412 1474 2466 Titus
1498 2408 1830 2465 Bostrensis
1852 2407 1953 2478 qui
1983 2407 2045 2461 in

391 2505 559 2562 Luem
590 2521 656 2560 ιιι
700 2510 877 2576 caput
905 2504 1024 2561 ait;
1056 2503 1300 2552 Joannis
1341 2501 1618 2564 baptisma
1646 2500 1771 2550 licet
1794 2505 2047 2560 peccato-

389 2611 518 2644 rum
551 2595 940 2644 remissionem
995 2595 1328 2655 adiunctam
1376 2593 1621 2651 habebat,
1663 2607 1772 2640 non
1801 2605 1921 2639 eam
1967 2597 2047 2638 ta-

389 2700 517 2735 men
561 2700 629 2733 επ
679 2701 736 2734 se
790 2685 1033 2743 habebat,
1089 2685 1184 2734 sed
1228 2700 1298 2733 ex
1337 2683 1693 2746 pcenitentia.
1726 2680 2048 2752 Distinguit

390 2775 650 2851 [CXCIII]
682 2777 778 2832 hic
809 2781 1015 2832 auctor
1041 2776 1156 2832 vim
1188 2773 1569 2842 sacramenti,
1603 2778 1670 2828 ut
1714 2771 2046 2843 loquuntur

391 2874 670 2948 theologi,
694 2892 763 2930 ea:
778 2891 938 2946 opere
968 2881 1217 2945 operata,
1241 2881 1294 2930 et
1324 2891 1392 2928 ea:
1413 2889 1572 2943 opere
1594 2871 1878 2942 operantis
1898 2887 1919 2934 ;
1945 2886 2044 2923 so-

387 2962 507 3019 lam
538 2964 691 3020 hanc
720 2969 1085 3036 postremam
1118 2961 1458 3018 dimittendi
1491 2965 1734 3033 peccata
1761 2959 2040 3013 virtutem

388 3053 634 3109 Joannis
659 3053 956 3125 baptismo
978 3052 1329 3109 attribuens.
1359 3051 1699 3124 Eademqne
1723 3049 1871 3106 forte
1894 3063 2040 3104 non-

389 3141 718 3210 nullorum,
752 3159 1007 3215 quorum
1038 3142 1284 3198 nomina
1315 3158 1496 3214 supra
1533 3140 1869 3206 retulimus,
1902 3155 2040 3192 sen-

2149 1964 2436 2032 conferat,
2469 1965 2619 2021 alter
2648 1983 2768 2021 non
2801 1965 3087 2022 conferat.
3123 1965 3185 2021 Id
3213 1965 3383 2021 docet
3404 1972 3517 2024 cat.
3557 1971 3644 2039 17,
3665 1971 3811 2024 ιι.8;

2147 2057 2393 2105 Joannes
2423 2057 2495 2105 ad
2548 2057 2646 2106 hoc
2678 2057 3064 2120 sanctiﬁoatus
3106 2064 3187 2105 est
3227 2065 3289 2105 ut
3337 2057 3652 2108 Dominum
3711 2062 3810 2109 ba-

2141 2147 2403 2209 ptizaret,
2436 2164 2545 2196 non
2577 2152 2867 2208 conferens
2896 2148 3200 2209 Spiritum,
3231 2148 3325 2197 sed
3339 2163 3464 2196 eum
3483 2150 3590 2213 qui
3615 2151 3805 2212 Spiri-

2153 2247 2272 2286 tum
2303 2237 2618 2300 oon/erebat
2641 2239 3018 2302 annuntians,
3079 2245 3138 2295 et
3195 2245 3308 2295 cat.
3367 2243 3457 2309 20,
3515 2258 3688 2297 num.
3751 2247 3805 2311 ὃ,

2149 2329 2393 2385 Joannis
2423 2329 2703 2402 baptismi
2732 2330 2848 2384 vim
2883 2330 3008 2386 sola
3039 2336 3096 2386 et
3126 2330 3285 2385 nuda
3308 2337 3694 2402 peccatorum
3716 2351 3814 2390 re-

2152 2421 2434 2476 missione
2462 2419 2845 2487 concludens,
2879 2420 3092 2475 Christi
3117 2421 3413 2492 baptismo
3437 2427 3503 2476 ut
3533 2424 3813 2496 proprios

2150 2513 2397 2568 eﬂ‘ectus
2428 2510 2697 2566 attribuit
2719 2511 2969 2582 Spiritus
2999 2511 3187 2566 sancti
3212 2509 3436 2566 donum
3460 2518 3520 2568 et
3545 2512 3817 2586 adoptio-

2151 2602 2244 2657 nis
2273 2602 2547 2673 gratiam,
2583 2617 2714 2673 quaa
2737 2599 2979 2673 quidem
3004 2618 3108 2674 pro
3141 2617 3261 2656 uno
3287 2601 3509 2658 habere
3543 2603 3775 2660 videtur
3799 2623 3813 2670 ;

2150 2698 2208 2746 et
2225 2691 2830 2748 communicationem
2856 2691 3206 2763 passionum
3228 2691 3711 2749 Christi.Donum
3735 2695 3805 2748 il-

2150 2781 2250 2837 lud
2285 2782 2474 2838 sancti
2529 2781 2782 2854 Spiritus
2834 2781 3132 2853 baptismo
3191 2781 3407 2836 Christi
3468 2785 3789 2856 proprium,

2149 2872 2300 2927 nihil
2334 2872 2477 2926 mihi
2509 2871 2741 2927 videtur
2769 2870 2932 2926 aliud
2965 2876 3182 2942 printer
3209 2871 3460 2944 gratiam
3483 2875 3798 2930 conﬁrma-

2149 2963 2349 3017 tionis.
2385 2961 2537 3018 lllud
2564 2960 2722 3016 enim
2755 2961 2978 3016 donum
3001 2966 3092 3016 est
3115 2961 3274 3033 quod
3304 2963 3598 3033 apostolis
3628 2965 3689 3019 in
3710 2964 3800 3019 die

2146 3054 2524 3108 Pentecostes
2557 3068 2905 3106 concessum
2939 3056 3061 3117 est;
3096 3056 3161 3105 ut
3191 3051 3316 3123 ipse
3351 3052 3656 3124 signiﬁcat
3675 3053 3802 3126 jam

2145 3142 2323 3198 citato
2357 3141 2684 3197 catechesis
2718 3140 2906 3195 tertias
2938 3140 3194 3211 [CXCIV]
3217 3140 3366 3196 loco.
3399 3141 3803 3216 Sed,inquies,

387 3233 574 3289 tentia
600 3233 800 3290 fuerit.
835 3233 1046 3289 Multos
1077 3239 1274 3289 tamen
1309 3249 1378 3288 ex
1409 3234 1496 3288 eis
1546 3233 1654 3287 hac
1705 3229 2032 3286 subtilitate
2063 3257 2107 3324 ο
2144 3232 2363 3287 donum
2387 3231 2534 3286 illud
2552 3231 2813 3285 alienum
2838 3235 2976 3285 esta
3006 3229 3805 3306 baptismo,distinctumque

384 3323 606 3380 omissa
634 3323 920 3395 nulloque
959 3323 1112 3380 facto
1171 3323 1538 3386 discrimine,
1595 3321 1808 3378 eodem
1856 3320 2033 3375 modo

391 3431 508 3485 quo
533 3430 640 3486 per
667 3413 1032 3486 baptismum
1064 3413 1300 3480 Christi,
1327 3411 1547 3468 dimitti
1575 3410 1822 3467 Joannis
1853 3409 2038 3481 bapti-

389 3519 518 3558 smo
549 3509 790 3575 peccata
820 3504 1144 3571 censuisse,
1185 3504 1410 3560 diserta
1459 3518 1664 3558 eorum
1695 3498 2039 3556 testimonia

388 3592 660 3650 dubitare
683 3610 802 3649 non
825 3594 1033 3649 sinunt
1057 3611 1069 3648 :
1094 3594 1154 3649 in
1179 3594 1271 3650 his
1291 3592 1575 3665 Cyrillum
1604 3607 1922 3664 possumus
1938 3605 2034 3644 ac-

382 3700 646 3739 censere.
673 3685 836 3740 Hanc
861 3685 1218 3740 sententiam
1242 3684 1624 3758 Augustinus,
1642 3681 1741 3754 qui
1765 3697 1901 3736 cum
1922 3681 2036 3736 Pa-

379 3774 567 3830 tribus
600 3775 916 3847 permultis
939 3775 1289 3832 auctoritate
1313 3780 1371 3830 et
1391 3773 1746 3845 antiquitate
1766 3769 2037 3844 gravissi-

377 3865 491 3921 mis
523 3865 923 3921 adversariam
955 3871 1174 3932 tuetur,
1208 3863 1546 3936 improbare
1578 3879 1699 3918 non
1731 3861 1932 3926 audet,
1963 3875 2033 3915 ac

378 3954 546 4025 sequi
577 3955 905 4025 permittit;
942 3959 1197 4022 tantum,
1223 3969 1298 4009 ne
1329 3969 1436 4025 par
1465 3952 1710 4008 Joannis
1731 3950 2032 4022 baptismo

377 4059 508 4099 cum
539 4045 753 4100 Christi
811 4045 1169 4116 baptismate
1200 4045 1284 4099 vis
1337 4051 1397 4099 et
1437 4049 1699 4116 potestas
1729 4041 2028 4098 attribua-

378 4137 493 4189 tur.
528 4133 621 4189 Sic
652 4133 754 4189 ille
785 4134 885 4189 lib.
951 4151 981 4188 v
1012 4134 1086 4190 De
1121 4135 1271 4204 bapt.
1323 4139 1470 4188 cont.
1525 4135 1752 4199 Donat.,
1783 4148 1912 4205 cap.
1944 4133 2031 4200 10,

377 4241 434 4279 ιι,
474 4227 578 4278 12ε
611 4222 673 4271 Si
713 4224 986 4286 baptismo
1026 4223 1270 4272 Joannis
1310 4230 1538 4283 peccata
1582 4220 2033 4278 dimittebantur,

376 4309 518 4373 quid
545 4310 798 4372 amplius
813 4318 1092 4373 praestare
1116 4311 1305 4373 potuit
1337 4309 1648 4372 baptismus
1694 4309 1907 4359 Christi
1933 4309 2031 4371 eis,

374 4414 511 4464 quos
541 4400 765 4448 Paulus
784 4409 913 4462 post
953 4399 1294 4462 baptismum
1323 4400 1560 4450 Joannis
1612 4399 1813 4449 Christi
1850 4401 2037 4462 bapti-

375 4503 494 4537 smo
529 4487 812 4549 baptizari
843 4491 1060 4541 voluit?
1105 4490 1328 4550 Tamen,
1360 4505 1429 4539 ne
1465 4491 1706 4554 quisque
1739 4490 2033 4540 contendat

376 4579 545 4628 etiam
570 4580 632 4628 in
665 4579 938 4642 baptismo
969 4582 1212 4630 Joannis
1237 4581 1477 4630 dimissa
1505 4596 1618 4629 esse
1659 4589 1906 4643 peccata,
1937 4579 2032 4628 sed

372 4669 631 4733 aliquam
659 4671 996 4732 ampliorem
1014 4670 1521 4735 sanctiﬁcationem
1549 4671 1629 4720 eis
1648 4685 1784 4735 quos
1805 4669 2030 4720 Paulus

363 4761 546 4822 jussit
576 4759 756 4810 denuo
789 4759 1074 4824 baptizari
1091 4776 1198 4823 per
1226 4760 1573 4822 haptismum
1605 4759 1815 4810 Christi
1847 4761 2030 4820 fuisse

374 4853 652 4910 collatam,
690 4868 793 4916 ago
826 4868 937 4902 non
967 4853 1320 4916 pugnaeitcr.
1352 4853 1664 4924 Augustini
1715 4853 1866 4908 ratio
1897 4870 2028 4908 om.

375 4959 480 4998 nes
513 4943 613 5014 qui
646 4944 832 5000 secuti
865 4949 1004 5000 sunt
1035 4944 1340 5016 theologos
1367 4943 1449 4998 ita
1469 4943 1805 5008 commovit,
1840 4948 1905 4997 ut
1935 4942 2033 4998 de-

377 5037 534 5087 serta
565 5033 625 5088 in
656 5035 878 5090 scholis
896 5036 1026 5107 jam
1057 5034 1282 5090 dudum
1315 5033 1420 5089 illa
1443 5033 1648 5104 opinio
1672 5033 1906 5103 sit,quaa
1935 5033 2033 5088 ba-

378 5121 595 5192 ptismo
625 5125 868 5181 Joannis
897 5125 1238 5182 remittendi
1274 5129 1518 5198 peccata
1547 5125 1662 5180 vim
1706 5125 1776 5181 ad
1777 5125 2028 5198 judicat.

380 5210 494 5266 Sed
525 5211 586 5267 in
617 5215 879 5270 notanda
899 5216 1170 5287 opposita
1199 5214 1519 5282 sententia,
1565 5214 1774 5270 eadem
1827 5215 2034 5272 mode-

379 5301 612 5357 ratione
644 5319 762 5373 qua
803 5305 1186 5375 Augustinus,
1219 5321 1329 5360 usa
1358 5309 1450 5359 est
1497 5303 1758 5375 synodus
1787 5305 2030 5362 Triden-

381 5391 505 5445 tina
537 5407 682 5448 sess.
716 5396 771 5458 7,
803 5408 930 5447 can.
969 5397 1016 5446 1.
1050 5393 1193 5448 Cum
1227 5392 1387 5447 enim
1420 5408 1542 5447 non
1575 5392 1878 5464 ignoraret
1903 5410 2033 5450 eam

378 5499 412 5536 a
450 5479 813 5553 gravissimis
844 5482 1117 5538 Patribus
1149 5482 1293 5537 olim
1343 5487 1776 5555 propugnatam
1828 5481 2032 5553 fuisse,

378 5585 568 5626 unum
597 5569 748 5626 illud
780 5571 842 5626 in
885 5570 1026 5627 ﬁdei
1075 5570 1424 5628 definitione
1470 5571 1842 5645 proscripsit,
1875 5573 2034 5644 quod

379 5660 653 5720 unanimi
677 5662 922 5719 Patrum
947 5660 1240 5730 omnium,
1267 5660 1447 5719 etiam
1468 5662 1570 5734 qui
1587 5662 1832 5722 Joannis
1847 5662 2036 5737 bapti-

2145 3322 2217 3378 ab
2233 3323 2359 3394 ipso
2382 3325 2820 3377 sacramentum
2835 3320 3339 3392 est:quamobrem
3363 3322 3587 3377 nullam
3601 3329 3810 3394 potest

2140 3411 2418 3484 baptismi
2453 3411 2640 3466 nostri
2676 3427 2856 3482 super
2882 3411 3127 3466 Joannis
3150 3410 3506 3483 baptismum
3536 3427 3799 3484 exsupe—

2137 3503 2394 3558 rantiam
2416 3500 2798 3558 constituere.
2819 3501 3233 3573 Respondetur
3256 3502 3538 3573 primo,in
3553 3517 3812 3575 compa-

2141 3594 2369 3648 ratione
2429 3593 2739 3662 utriusque
2771 3591 3072 3663 baptismi,
3132 3592 3420 3665 Cyrillum
3478 3593 3806 3665 Scripturaa

2140 3681 2404 3755 vestigiis
2436 3682 2828 3737 inhaerentem
2861 3698 2983 3736 non
3015 3681 3209 3736 solum
3261 3681 3561 3754 baptisma
3596 3684 3807 3741 stricte

2142 3771 2454 3844 etproprie
2481 3771 2705 3828 dictum
2723 3771 3040 3842 respicere,
3059 3771 3162 3827 sed
3193 3771 3347 3828 illud
3369 3772 3655 3828 omnibus
3679 3775 3804 3830 suis

2141 3863 2439 3936 adjunctis
2462 3866 2522 3917 et
2542 3861 2973 3934 appendicibus
2994 3862 3632 3932 comitatum;quorum
3657 3880 3804 3920 con-

2141 3952 2399 4009 ﬁrmatio
2431 3957 2540 4018 est,
2575 3969 2706 4022 quin
2731 3957 3240 4006 sacramentorum
3267 3950 3524 4007 alterum
3557 3957 3648 4008 est
3678 3971 3795 4024 quo

2139 4043 2306 4114 prius
2337 4041 2644 4112 perficitur
2672 4046 2731 4095 et
2759 4046 3228 4096 consummatur.
3261 4042 3332 4096 Et
3368 4058 3514 4098 sane
3557 4044 3801 4114 quoties

2137 4132 2228 4187 vel
2258 4133 2515 4188 Joannes
2546 4147 2720 4186 suum
2751 4136 3053 4203 comparat
3084 4130 3448 4203 baptismum
3478 4149 3618 4188 cum
3651 4133 3802 4206 bap-

2139 4224 2316 4278 tismo
2343 4219 2582 4290 Christi,
2617 4221 2818 4276 Matth.
2870 4237 2950 4286 ιιι,
2990 4224 3044 4276 11
3077 4237 3091 4288 ;
3127 4222 3301 4276 Marc.
3351 4238 3392 4288 ι,
3422 4222 3486 4288 8;
3524 4222 3670 4278 Luc.
3711 4241 3802 4293 ιιι,

2142 4313 2444 4380 16;Ιοδ.ιι.
2479 4327 2518 4378 ι,
2581 4313 2686 4378 33;
2717 4310 2808 4366 vel
2867 4327 3040 4366 suum
3100 4310 3307 4366 itidem
3339 4311 3608 4367 Christus
3660 4331 3803 4369 cum

2136 4401 2379 4460 Joannis
2410 4401 2728 4472 baptismo,
2763 4403 2889 4456 Act.
2926 4418 2966 4469 ι,
2998 4404 3051 4470 5,
3074 4401 3169 4456 vel
3209 4400 3426 4458 Paulus
3446 4408 3802 4482 utrumque,

2137 4496 2265 4549 Act.
2298 4507 2417 4557 xxx,
2449 4494 2503 4557 2,
2533 4494 2586 4558 7,
2619 4506 2828 4546 omnes
2851 4491 3214 4562 praecipuam
3231 4491 3806 4564 Christibaptisma—

2139 4584 2214 4639 tis
2246 4580 2665 4638 excellentiam
2697 4579 2758 4634 in
2789 4579 2946 4636 dono
2979 4579 3231 4652 Spiritus
3263 4581 3473 4647 sancti,
3507 4583 3809 4653 apostolis

2141 4674 2202 4728 in
2232 4671 2328 4728 die
2360 4672 2708 4726 Pentecoste
2736 4669 2893 4738 dato,
2920 4675 2986 4747 _et
3032 4671 3205 4726 nobis
3249 4678 3384 4744 post
3429 4672 3809 4744 baptismum

2139 4779 2245 4835 per
2299 4761 2745 4834 impositionem
2772 4749 3060 4818 manuum
3092 4763 3532 4819 communicato
3572 4767 3810 4820 consti-

2139 4855 2331 4906 tuunt.
2359 4849 2648 4916 Secundo,
2673 4849 2813 4904 licet
2826 4849 2898 4904 ad
2914 4849 3280 4922 baptismum
3294 4852 3533 4923 proprie
3547 4851 3810 4922 dictum,

2141 4941 2298 5013 quod
2310 4958 2479 5014 aqua)
2493 4939 2836 5012 perfusione
2850 4941 3176 4998 absolvitur
3187 4943 3814 5018 conﬁrmationisgra-

2140 5034 2223 5088 tia
2237 5048 2356 5088 non
2369 5029 2764 5103 pertineat;ad
2779 5029 3053 5086 eamdem
3068 5035 3267 5087 tamen
3281 5031 3382 5087 ille
3388 5033 3489 5104 jus
3510 5033 3691 5090 nobis
3705 5036 3815 5090 tri-

2139 5123 2285 5189 buit,
2321 5137 2389 5176 ac
2419 5121 2687 5192 proxime
2712 5118 2995 5192 disponit.
3022 5121 3179 5192 quod
3199 5123 3444 5178 Joannis
3465 5122 3812 5194 baptismus

2139 5229 2261 5269 non
2292 5210 2632 5284 praastabat.
2665 5210 2880 5278 Tertio,
2910 5228 3256 5283 quanquam
3279 5213 3339 5268 in
3371 5211 3527 5268 dono
3543 5214 3809 5285 Spiritus

2142 5301 2332 5360 sancti
2349 5298 2667 5374 specialius
2684 5316 2753 5355 ac
2765 5301 3062 5373 praecipue
3077 5307 3377 5374 spectetur
3387 5303 3577 5376 gratia
3591 5306 3748 5360 conti
3761 5324 3815 5361 r-

2141 5391 2443 5456 mationis,
2477 5394 2617 5444 sunt
2643 5394 2844 5445 tamen
2877 5390 2995 5447 alia
3026 5392 3298 5464 ejusdem
3329 5393 3586 5464 Spiritus
3611 5397 3812 5451 sancti

2142 5484 2299 5540 dona
2329 5497 2435 5554 per
2459 5479 2824 5550 baptismum
2855 5481 3094 5553 proprie
3126 5484 3447 5554 stricteque
3493 5491 3811 5555 sumptum

2142 5571 2676 5635 communicata;ut
2693 5569 2990 5639 remissio,
3014 5576 3072 5627 et
3096 5571 3339 5627 abolitio
3357 5571 3589 5644 integra
3600 5589 3813 5644 pecca-

2143 5670 2365 5730 torum;
2392 5659 2758 5718 characteris
2785 5659 3124 5732 impressio,
3149 5661 3488 5734 adoptionis
3517 5662 3816 5719 concilia-
