  <div class='ocr_page' id='page_1' title='image "/cluster/home/n/w/nwhite01/storage/ocr_20150623/33/coo.31924054869304/125.png"; bbox 0 0 4024 6394; ppageno 0'>
   <div class='ocr_carea' id='block_1_1' title="bbox 509 396 628 458">
    <p class='ocr_par' dir='ltr' id='par_1_1' title="bbox 509 396 628 458">
     <span class='ocr_line' id='line_1_1' title="bbox 509 396 628 458; baseline -0.017 0"><span class='ocrx_word' id='word_1_1' title='bbox 509 396 628 458; x_wconf 73' lang='lat'><strong>235</strong></span> 
     </span>
    </p>
   </div>
   <div class='ocr_carea' id='block_1_2' title="bbox 1700 381 2746 448">
    <p class='ocr_par' dir='ltr' id='par_1_2' title="bbox 1700 381 2746 448">
     <span class='ocr_line' id='line_1_2' title="bbox 1700 381 2746 448; baseline -0.002 -2"><span class='ocrx_word' id='word_1_2' title='bbox 1700 385 1805 447; x_wconf 83' lang='lat' dir='ltr'><strong>DE</strong></span> <span class='ocrx_word' id='word_1_3' title='bbox 1847 381 2246 448; x_wconf 81' lang='lat' dir='ltr'><strong>DOCTRINA</strong></span> <span class='ocrx_word' id='word_1_4' title='bbox 2291 383 2357 444; x_wconf 91' lang='lat' dir='ltr'><strong>S.</strong></span> <span class='ocrx_word' id='word_1_5' title='bbox 2403 383 2746 446; x_wconf 83' lang='lat' dir='ltr'><strong>CYRILLI.</strong></span> 
     </span>
    </p>
   </div>
   <div class='ocr_carea' id='block_1_3' title="bbox 510 515 3824 601">
    <p class='ocr_par' dir='ltr' id='par_1_3' title="bbox 510 515 3824 601">
     <span class='ocr_line' id='line_1_3' title="bbox 510 515 3824 601; baseline 0 -17"><span class='ocrx_word' id='word_1_6' title='bbox 510 543 694 601; x_wconf 98' lang='lat' dir='ltr'><strong>supra</strong></span> <span class='ocrx_word' id='word_1_7' title='bbox 722 525 844 582; x_wconf 90' lang='lat' dir='ltr'><strong>dixi</strong></span> <span class='ocrx_word' id='word_1_8' title='bbox 902 538 1070 580; x_wconf 88' lang='lat' dir='ltr'><strong>num.</strong></span> <span class='ocrx_word' id='word_1_9' title='bbox 1102 523 1190 579; x_wconf 82' lang='lat'><strong>58.</strong></span> <span class='ocrx_word' id='word_1_10' title='bbox 1225 521 1333 588; x_wconf 86' lang='lat' dir='ltr'><strong>Qui</strong></span> <span class='ocrx_word' id='word_1_11' title='bbox 1377 535 1513 594; x_wconf 89' lang='lat' dir='ltr'><strong>ergo</strong></span> <span class='ocrx_word' id='word_1_12' title='bbox 1567 519 1932 592; x_wconf 80' lang='lat' dir='ltr'><strong>baptismum</strong></span> <span class='ocrx_word' id='word_1_13' title='bbox 1966 517 2164 574; x_wconf 87' lang='lat' dir='ltr'><strong>solum</strong></span> <span class='ocrx_word' id='word_1_14' title='bbox 2194 518 2248 584; x_wconf 76' lang='grc' dir='ltr'><strong>Α</strong></span> <span class='ocrx_word' id='word_1_15' title='bbox 2279 532 2410 572; x_wconf 87' lang='lat' dir='ltr'><strong>esse</strong></span> <span class='ocrx_word' id='word_1_16' title='bbox 2441 533 2564 572; x_wconf 91' lang='lat' dir='ltr'><strong>non</strong></span> <span class='ocrx_word' id='word_1_17' title='bbox 2594 517 2846 573; x_wconf 89' lang='lat' dir='ltr'><strong>obscure</strong></span> <span class='ocrx_word' id='word_1_18' title='bbox 2875 515 3122 586; x_wconf 88' lang='lat' dir='ltr'><strong>indicat,</strong></span> <span class='ocrx_word' id='word_1_19' title='bbox 3151 517 3343 574; x_wconf 80' lang='lat' dir='ltr'><strong>citatis</strong></span> <span class='ocrx_word' id='word_1_20' title='bbox 3371 533 3438 574; x_wconf 89' lang='lat' dir='ltr'><strong>ex</strong></span> <span class='ocrx_word' id='word_1_21' title='bbox 3465 525 3566 576; x_wconf 88' lang='lat' dir='ltr'><strong>cat.</strong></span> <span class='ocrx_word' id='word_1_22' title='bbox 3589 524 3824 584; x_wconf 80' lang='lat' dir='ltr'><strong>3et2OIo-</strong></span> 
     </span>
    </p>
   </div>
   <div class='ocr_carea' id='block_1_4' title="bbox 516 605 2171 684">
    <p class='ocr_par' dir='ltr' id='par_1_4' title="bbox 516 605 2171 684">
     <span class='ocr_line' id='line_1_4' title="bbox 516 605 2171 684; baseline -0.008 -9"><span class='ocrx_word' id='word_1_23' title='bbox 516 619 648 676; x_wconf 98' lang='lat' dir='ltr'><strong>sine</strong></span> <span class='ocrx_word' id='word_1_24' title='bbox 678 617 1000 673; x_wconf 83' lang='lat' dir='ltr'><strong>chrismate</strong></span> <span class='ocrx_word' id='word_1_25' title='bbox 1021 613 1364 684; x_wconf 86' lang='lat' dir='ltr'><strong>accepisset,</strong></span> <span class='ocrx_word' id='word_1_26' title='bbox 1387 611 1540 682; x_wconf 91' lang='lat' dir='ltr'><strong>quod</strong></span> <span class='ocrx_word' id='word_1_27' title='bbox 1568 610 1642 664; x_wconf 87' lang='lat' dir='ltr'><strong>iis</strong></span> <span class='ocrx_word' id='word_1_28' title='bbox 1667 607 2049 680; x_wconf 88' lang='lat' dir='ltr'><strong>contingebat</strong></span> <span class='ocrx_word' id='word_1_29' title='bbox 2069 605 2171 679; x_wconf 87' lang='lat' dir='ltr'><strong>qui</strong></span> 
     </span>
    </p>
   </div>
   <div class='ocr_carea' id='block_1_5' title="bbox 515 695 2170 780">
    <p class='ocr_par' dir='ltr' id='par_1_5' title="bbox 515 695 2170 780">
     <span class='ocr_line' id='line_1_5' title="bbox 515 695 2170 780; baseline -0.009 -16"><span class='ocrx_word' id='word_1_30' title='bbox 515 709 581 764; x_wconf 91' lang='lat' dir='ltr'><strong>in</strong></span> <span class='ocrx_word' id='word_1_31' title='bbox 605 705 843 780; x_wconf 87' lang='lat' dir='ltr'><strong>oppidis</strong></span> <span class='ocrx_word' id='word_1_32' title='bbox 861 703 952 759; x_wconf 86' lang='lat' dir='ltr'><strong>vel</strong></span> <span class='ocrx_word' id='word_1_33' title='bbox 977 703 1142 776; x_wconf 89' lang='lat' dir='ltr'><strong>pagis</strong></span> <span class='ocrx_word' id='word_1_34' title='bbox 1159 719 1194 757; x_wconf 89' lang='lat' dir='ltr'><strong>a</strong></span> <span class='ocrx_word' id='word_1_35' title='bbox 1214 701 1562 772; x_wconf 83' lang='lat' dir='ltr'><strong>presbytero</strong></span> <span class='ocrx_word' id='word_1_36' title='bbox 1582 697 1676 753; x_wconf 90' lang='lat' dir='ltr'><strong>vel</strong></span> <span class='ocrx_word' id='word_1_37' title='bbox 1706 698 1960 753; x_wconf 81' lang='lat' dir='ltr'><strong>diacono</strong></span> <span class='ocrx_word' id='word_1_38' title='bbox 1977 695 2170 768; x_wconf 88' lang='lat' dir='ltr'><strong>bapti-</strong></span> 
     </span>
    </p>
   </div>
   <div class='ocr_carea' id='block_1_6' title="bbox 515 785 2172 860">
    <p class='ocr_par' dir='ltr' id='par_1_6' title="bbox 515 785 2172 860">
     <span class='ocr_line' id='line_1_6' title="bbox 515 785 2172 860; baseline -0.008 -7"><span class='ocrx_word' id='word_1_39' title='bbox 515 797 818 860; x_wconf 81' lang='lat' dir='ltr'><strong>zabantur,</strong></span> <span class='ocrx_word' id='word_1_40' title='bbox 842 798 954 850; x_wconf 90' lang='lat' dir='ltr'><strong>cat.</strong></span> <span class='ocrx_word' id='word_1_41' title='bbox 992 796 1077 858; x_wconf 81' lang='grc'><strong>1⁸7,</strong></span> <span class='ocrx_word' id='word_1_42' title='bbox 1110 808 1168 846; x_wconf 92' lang='grc' dir='ltr'><strong>ιι.</strong></span> <span class='ocrx_word' id='word_1_43' title='bbox 1203 793 1292 856; x_wconf 80' lang='lat'><strong>35,</strong></span> <span class='ocrx_word' id='word_1_44' title='bbox 1327 789 1377 844; x_wconf 88' lang='lat' dir='ltr'><strong>is</strong></span> <span class='ocrx_word' id='word_1_45' title='bbox 1407 787 1747 860; x_wconf 88' lang='lat' dir='ltr'><strong>adoptionis</strong></span> <span class='ocrx_word' id='word_1_46' title='bbox 1779 787 1934 842; x_wconf 91' lang='lat' dir='ltr'><strong>dono</strong></span> <span class='ocrx_word' id='word_1_47' title='bbox 1965 785 2172 842; x_wconf 88' lang='lat' dir='ltr'><strong>tandiu</strong></span> 
     </span>
    </p>
   </div>
   <div class='ocr_carea' id='block_1_7' title="bbox 519 877 2170 948">
    <p class='ocr_par' dir='ltr' id='par_1_7' title="bbox 519 877 2170 948">
     <span class='ocr_line' id='line_1_7' title="bbox 519 877 2170 948; baseline -0.008 -6"><span class='ocrx_word' id='word_1_48' title='bbox 519 885 830 942; x_wconf 86' lang='lat' dir='ltr'><strong>caruisset.</strong></span> <span class='ocrx_word' id='word_1_49' title='bbox 887 883 1056 938; x_wconf 86' lang='lat' dir='ltr'><strong>Hunc</strong></span> <span class='ocrx_word' id='word_1_50' title='bbox 1109 885 1309 936; x_wconf 90' lang='lat' dir='ltr'><strong>tamen</strong></span> <span class='ocrx_word' id='word_1_51' title='bbox 1367 877 1492 933; x_wconf 92' lang='lat' dir='ltr'><strong>solo</strong></span> <span class='ocrx_word' id='word_1_52' title='bbox 1551 877 1845 948; x_wconf 88' lang='lat' dir='ltr'><strong>baptismo</strong></span> <span class='ocrx_word' id='word_1_53' title='bbox 1905 880 2170 946; x_wconf 90' lang='lat' dir='ltr'><strong>accepto,</strong></span> 
     </span>
    </p>
   </div>
   <div class='ocr_carea' id='block_1_8' title="bbox 518 963 2170 1040">
    <p class='ocr_par' dir='ltr' id='par_1_8' title="bbox 518 963 2170 1040">
     <span class='ocr_line' id='line_1_8' title="bbox 518 963 2170 1040; baseline -0.008 -10"><span class='ocrx_word' id='word_1_54' title='bbox 518 974 750 1031; x_wconf 86' lang='lat' dir='ltr'><strong>Christo</strong></span> <span class='ocrx_word' id='word_1_55' title='bbox 770 971 1041 1038; x_wconf 90' lang='lat' dir='ltr'><strong>insitum,</strong></span> <span class='ocrx_word' id='word_1_56' title='bbox 1059 967 1480 1040; x_wconf 86' lang='lat' dir='ltr'><strong>etparticipem</strong></span> <span class='ocrx_word' id='word_1_57' title='bbox 1497 964 1705 1021; x_wconf 89' lang='lat' dir='ltr'><strong>mortis</strong></span> <span class='ocrx_word' id='word_1_58' title='bbox 1721 964 1936 1019; x_wconf 85' lang='lat' dir='ltr'><strong>Christi</strong></span> <span class='ocrx_word' id='word_1_59' title='bbox 1953 963 2170 1018; x_wconf 84' lang='lat' dir='ltr'><strong>factum</strong></span> 
     </span>
    </p>
   </div>
   <div class='ocr_carea' id='block_1_9' title="bbox 510 1052 2171 1136">
    <p class='ocr_par' dir='ltr' id='par_1_9' title="bbox 510 1052 2171 1136">
     <span class='ocr_line' id='line_1_9' title="bbox 510 1052 2171 1136; baseline -0.007 -17"><span class='ocrx_word' id='word_1_60' title='bbox 510 1064 613 1136; x_wconf 89' lang='lat' dir='ltr'><strong>jus</strong></span> <span class='ocrx_word' id='word_1_61' title='bbox 634 1062 707 1119; x_wconf 91' lang='lat' dir='ltr'><strong>ad</strong></span> <span class='ocrx_word' id='word_1_62' title='bbox 725 1060 994 1132; x_wconf 89' lang='lat' dir='ltr'><strong>ejusdem</strong></span> <span class='ocrx_word' id='word_1_63' title='bbox 1010 1056 1466 1113; x_wconf 87' lang='lat' dir='ltr'><strong>resurrectionis</strong></span> <span class='ocrx_word' id='word_1_64' title='bbox 1481 1055 1754 1127; x_wconf 69' lang='lat' dir='ltr'><strong>gloriosas</strong></span> <span class='ocrx_word' id='word_1_65' title='bbox 1773 1052 2171 1125; x_wconf 90' lang='lat' dir='ltr'><strong>participatio-</strong></span> 
     </span>
    </p>
   </div>
   <div class='ocr_carea' id='block_1_10' title="bbox 517 1141 2172 1214">
    <p class='ocr_par' dir='ltr' id='par_1_10' title="bbox 517 1141 2172 1214">
     <span class='ocr_line' id='line_1_10' title="bbox 517 1141 2172 1214; baseline -0.006 -8"><span class='ocrx_word' id='word_1_66' title='bbox 517 1168 657 1206; x_wconf 92' lang='lat' dir='ltr'><strong>nem</strong></span> <span class='ocrx_word' id='word_1_67' title='bbox 688 1153 1076 1206; x_wconf 89' lang='lat' dir='ltr'><strong>consecutum</strong></span> <span class='ocrx_word' id='word_1_68' title='bbox 1103 1146 1278 1202; x_wconf 90' lang='lat' dir='ltr'><strong>docet</strong></span> <span class='ocrx_word' id='word_1_69' title='bbox 1306 1151 1420 1199; x_wconf 93' lang='lat' dir='ltr'><strong>cat.</strong></span> <span class='ocrx_word' id='word_1_70' title='bbox 1445 1148 1536 1208; x_wconf 88' lang='lat'><strong>20,</strong></span> <span class='ocrx_word' id='word_1_71' title='bbox 1560 1160 1620 1198; x_wconf 86' lang='grc' dir='ltr'><strong>ιι.</strong></span> <span class='ocrx_word' id='word_1_72' title='bbox 1659 1146 1712 1210; x_wconf 86' lang='lat'><strong>7,</strong></span> <span class='ocrx_word' id='word_1_73' title='bbox 1737 1143 1839 1214; x_wconf 85' lang='lat' dir='ltr'><strong>jus</strong></span> <span class='ocrx_word' id='word_1_74' title='bbox 1870 1141 2021 1196; x_wconf 90' lang='lat' dir='ltr'><strong>illud</strong></span> <span class='ocrx_word' id='word_1_75' title='bbox 2043 1141 2172 1196; x_wconf 91' lang='lat' dir='ltr'><strong>sine</strong></span> 
     </span>
    </p>
   </div>
   <div class='ocr_carea' id='block_1_11' title="bbox 517 1230 2171 1310">
    <p class='ocr_par' dir='ltr' id='par_1_11' title="bbox 517 1230 2171 1310">
     <span class='ocr_line' id='line_1_11' title="bbox 517 1230 2171 1310; baseline -0.007 -15"><span class='ocrx_word' id='word_1_76' title='bbox 517 1239 839 1310; x_wconf 88' lang='lat' dir='ltr'><strong>adoptione</strong></span> <span class='ocrx_word' id='word_1_77' title='bbox 871 1253 1000 1292; x_wconf 90' lang='lat' dir='ltr'><strong>esse</strong></span> <span class='ocrx_word' id='word_1_78' title='bbox 1031 1252 1152 1290; x_wconf 91' lang='lat' dir='ltr'><strong>non</strong></span> <span class='ocrx_word' id='word_1_79' title='bbox 1183 1239 1396 1306; x_wconf 88' lang='lat' dir='ltr'><strong>potest.</strong></span> <span class='ocrx_word' id='word_1_80' title='bbox 1435 1231 1639 1287; x_wconf 90' lang='lat' dir='ltr'><strong>Simile</strong></span> <span class='ocrx_word' id='word_1_81' title='bbox 1682 1232 1785 1304; x_wconf 88' lang='lat' dir='ltr'><strong>jus</strong></span> <span class='ocrx_word' id='word_1_82' title='bbox 1815 1230 1889 1286; x_wconf 88' lang='lat' dir='ltr'><strong>ad</strong></span> <span class='ocrx_word' id='word_1_83' title='bbox 1919 1231 2171 1302; x_wconf 79' lang='lat' dir='ltr'><strong>gloriam</strong></span> 
     </span>
    </p>
   </div>
   <div class='ocr_carea' id='block_1_12' title="bbox 519 1321 2175 1400">
    <p class='ocr_par' dir='ltr' id='par_1_12' title="bbox 519 1321 2175 1400">
     <span class='ocr_line' id='line_1_12' title="bbox 519 1321 2175 1400; baseline -0.007 -16"><span class='ocrx_word' id='word_1_84' title='bbox 519 1326 905 1400; x_wconf 89' lang='lat' dir='ltr'><strong>acquisivisse</strong></span> <span class='ocrx_word' id='word_1_85' title='bbox 958 1325 1060 1396; x_wconf 92' lang='lat' dir='ltr'><strong>qui</strong></span> <span class='ocrx_word' id='word_1_86' title='bbox 1096 1330 1155 1378; x_wconf 93' lang='lat' dir='ltr'><strong>et</strong></span> <span class='ocrx_word' id='word_1_87' title='bbox 1209 1322 1628 1378; x_wconf 83' lang='lat' dir='ltr'><strong>liberationem</strong></span> <span class='ocrx_word' id='word_1_88' title='bbox 1683 1336 1718 1375; x_wconf 89' lang='lat' dir='ltr'><strong>a</strong></span> <span class='ocrx_word' id='word_1_89' title='bbox 1764 1321 2040 1390; x_wconf 83' lang='lat' dir='ltr'><strong>gehenna</strong></span> <span class='ocrx_word' id='word_1_90' title='bbox 2067 1335 2175 1391; x_wconf 90' lang='lat' dir='ltr'><strong>per</strong></span> 
     </span>
    </p>
   </div>
   <div class='ocr_carea' id='block_1_13' title="bbox 517 1408 2177 1486">
    <p class='ocr_par' dir='ltr' id='par_1_13' title="bbox 517 1408 2177 1486">
     <span class='ocr_line' id='line_1_13' title="bbox 517 1408 2177 1486; baseline -0.007 -13"><span class='ocrx_word' id='word_1_91' title='bbox 517 1417 762 1474; x_wconf 86' lang='lat' dir='ltr'><strong>Joannis</strong></span> <span class='ocrx_word' id='word_1_92' title='bbox 773 1415 1137 1486; x_wconf 86' lang='lat' dir='ltr'><strong>baptismum</strong></span> <span class='ocrx_word' id='word_1_93' title='bbox 1154 1411 1404 1484; x_wconf 81' lang='lat' dir='ltr'><strong>adeptus</strong></span> <span class='ocrx_word' id='word_1_94' title='bbox 1417 1415 1595 1477; x_wconf 90' lang='lat' dir='ltr'><strong>esset,</strong></span> <span class='ocrx_word' id='word_1_95' title='bbox 1621 1408 1957 1464; x_wconf 88' lang='lat' dir='ltr'><strong>necessario</strong></span> <span class='ocrx_word' id='word_1_96' title='bbox 1971 1408 2177 1463; x_wconf 88' lang='lat' dir='ltr'><strong>debuit</strong></span> 
     </span>
    </p>
   </div>
   <div class='ocr_carea' id='block_1_14' title="bbox 519 1497 2177 1574">
    <p class='ocr_par' dir='ltr' id='par_1_14' title="bbox 519 1497 2177 1574">
     <span class='ocr_line' id='line_1_14' title="bbox 519 1497 2177 1574; baseline -0.007 -12"><span class='ocrx_word' id='word_1_97' title='bbox 519 1507 860 1562; x_wconf 83' lang='lat' dir='ltr'><strong>existimare</strong></span> <span class='ocrx_word' id='word_1_98' title='bbox 873 1502 1130 1574; x_wconf 78' lang='lat' dir='ltr'><strong>Cyrillus</strong></span> <span class='ocrx_word' id='word_1_99' title='bbox 1155 1519 1169 1568; x_wconf 86' lang='lat'><strong>;</strong></span> <span class='ocrx_word' id='word_1_100' title='bbox 1189 1501 1290 1572; x_wconf 89' lang='lat' dir='ltr'><strong>qui</strong></span> <span class='ocrx_word' id='word_1_101' title='bbox 1313 1517 1450 1556; x_wconf 85' lang='lat' dir='ltr'><strong>cum</strong></span> <span class='ocrx_word' id='word_1_102' title='bbox 1487 1498 1724 1554; x_wconf 88' lang='lat' dir='ltr'><strong>nullum</strong></span> <span class='ocrx_word' id='word_1_103' title='bbox 1740 1497 2007 1552; x_wconf 90' lang='lat' dir='ltr'><strong>medium</strong></span> <span class='ocrx_word' id='word_1_104' title='bbox 2021 1498 2177 1552; x_wconf 89' lang='lat' dir='ltr'><strong>inter</strong></span> 
     </span>
    </p>
   </div>
   <div class='ocr_carea' id='block_1_15' title="bbox 519 1589 2176 1672">
    <p class='ocr_par' dir='ltr' id='par_1_15' title="bbox 519 1589 2176 1672">
     <span class='ocr_line' id='line_1_15' title="bbox 519 1589 2176 1672; baseline -0.007 -18"><span class='ocrx_word' id='word_1_105' title='bbox 519 1600 856 1672; x_wconf 85' lang='lat' dir='ltr'><strong>gehennam</strong></span> <span class='ocrx_word' id='word_1_106' title='bbox 877 1601 936 1650; x_wconf 89' lang='lat' dir='ltr'><strong>et</strong></span> <span class='ocrx_word' id='word_1_107' title='bbox 955 1610 1205 1666; x_wconf 80' lang='lat' dir='ltr'><strong>regnum</strong></span> <span class='ocrx_word' id='word_1_108' title='bbox 1229 1592 1514 1646; x_wconf 78' lang='lat' dir='ltr'><strong>ccelorum</strong></span> <span class='ocrx_word' id='word_1_109' title='bbox 1539 1595 1842 1662; x_wconf 80' lang='lat' dir='ltr'><strong>agnoscat,</strong></span> <span class='ocrx_word' id='word_1_110' title='bbox 1869 1605 2004 1644; x_wconf 91' lang='lat' dir='ltr'><strong>eum</strong></span> <span class='ocrx_word' id='word_1_111' title='bbox 2018 1589 2118 1660; x_wconf 86' lang='lat' dir='ltr'><strong>qui</strong></span> <span class='ocrx_word' id='word_1_112' title='bbox 2141 1605 2176 1644; x_wconf 78' lang='grc' dir='ltr'><strong>ει</strong></span> 
     </span>
    </p>
   </div>
   <div class='ocr_carea' id='block_1_16' title="bbox 521 1678 2173 1761">
    <p class='ocr_par' dir='ltr' id='par_1_16' title="bbox 521 1678 2173 1761">
     <span class='ocr_line' id='line_1_16' title="bbox 521 1678 2173 1761; baseline -0.005 -19"><span class='ocrx_word' id='word_1_113' title='bbox 521 1687 795 1761; x_wconf 86' lang='lat' dir='ltr'><strong>gehenna</strong></span> <span class='ocrx_word' id='word_1_114' title='bbox 823 1684 1112 1739; x_wconf 90' lang='lat' dir='ltr'><strong>liberatus</strong></span> <span class='ocrx_word' id='word_1_115' title='bbox 1171 1683 1267 1748; x_wconf 90' lang='lat' dir='ltr'><strong>sit,</strong></span> <span class='ocrx_word' id='word_1_116' title='bbox 1309 1697 1490 1752; x_wconf 90' lang='lat' dir='ltr'><strong>regno</strong></span> <span class='ocrx_word' id='word_1_117' title='bbox 1549 1678 1834 1734; x_wconf 65' lang='lat' dir='ltr'><strong>caelorum</strong></span> <span class='ocrx_word' id='word_1_118' title='bbox 1889 1678 2173 1734; x_wconf 89' lang='lat' dir='ltr'><strong>idoneum</strong></span> 
     </span>
    </p>
   </div>
   <div class='ocr_carea' id='block_1_17' title="bbox 522 1767 2172 1832">
    <p class='ocr_par' dir='ltr' id='par_1_17' title="bbox 522 1767 2172 1832">
     <span class='ocr_line' id='line_1_17' title="bbox 522 1767 2172 1832; baseline -0.007 0"><span class='ocrx_word' id='word_1_119' title='bbox 522 1774 863 1832; x_wconf 88' lang='lat' dir='ltr'><strong>necessario</strong></span> <span class='ocrx_word' id='word_1_120' title='bbox 893 1771 1072 1826; x_wconf 88' lang='lat' dir='ltr'><strong>debet</strong></span> <span class='ocrx_word' id='word_1_121' title='bbox 1121 1769 1413 1825; x_wconf 76' lang='lat' dir='ltr'><strong>confiteri.</strong></span> <span class='ocrx_word' id='word_1_122' title='bbox 1468 1770 1536 1824; x_wconf 89' lang='lat' dir='ltr'><strong>In</strong></span> <span class='ocrx_word' id='word_1_123' title='bbox 1564 1768 1677 1822; x_wconf 91' lang='lat' dir='ltr'><strong>hoc</strong></span> <span class='ocrx_word' id='word_1_124' title='bbox 1716 1774 1915 1823; x_wconf 91' lang='lat' dir='ltr'><strong>autem</strong></span> <span class='ocrx_word' id='word_1_125' title='bbox 1974 1767 2048 1822; x_wconf 92' lang='lat' dir='ltr'><strong>ad</strong></span> <span class='ocrx_word' id='word_1_126' title='bbox 2079 1783 2172 1822; x_wconf 83' lang='lat' dir='ltr'><strong>re-</strong></span> 
     </span>
    </p>
   </div>
   <div class='ocr_carea' id='block_1_18' title="bbox 2277 607 3825 686">
    <p class='ocr_par' dir='ltr' id='par_1_18' title="bbox 2277 607 3825 686">
     <span class='ocr_line' id='line_1_18' title="bbox 2277 607 3825 686; baseline 0.007 -24"><span class='ocrx_word' id='word_1_127' title='bbox 2277 609 2383 663; x_wconf 91' lang='lat' dir='ltr'><strong>cis.</strong></span> <span class='ocrx_word' id='word_1_128' title='bbox 2417 608 2600 676; x_wconf 81' lang='lat' dir='ltr'><strong>Alias,</strong></span> <span class='ocrx_word' id='word_1_129' title='bbox 2630 607 2912 680; x_wconf 73' lang='lat' dir='ltr'><strong>prmclare</strong></span> <span class='ocrx_word' id='word_1_130' title='bbox 2942 607 3136 679; x_wconf 86' lang='lat' dir='ltr'><strong>agitur</strong></span> <span class='ocrx_word' id='word_1_131' title='bbox 3159 623 3291 663; x_wconf 92' lang='lat' dir='ltr'><strong>cum</strong></span> <span class='ocrx_word' id='word_1_132' title='bbox 3312 608 3582 681; x_wconf 84' lang='lat' dir='ltr'><strong>baptismo</strong></span> <span class='ocrx_word' id='word_1_133' title='bbox 3621 615 3825 686; x_wconf 79' lang='lat' dir='ltr'><strong>Joannis,</strong></span> 
     </span>
    </p>
   </div>
   <div class='ocr_carea' id='block_1_19' title="bbox 2279 696 3830 770">
    <p class='ocr_par' dir='ltr' id='par_1_19' title="bbox 2279 696 3830 770">
     <span class='ocr_line' id='line_1_19' title="bbox 2279 696 3830 770; baseline 0.008 -20"><span class='ocrx_word' id='word_1_134' title='bbox 2279 697 2329 750; x_wconf 92' lang='lat' dir='ltr'><strong>si</strong></span> <span class='ocrx_word' id='word_1_135' title='bbox 2361 697 2633 752; x_wconf 89' lang='lat' dir='ltr'><strong>eamdem</strong></span> <span class='ocrx_word' id='word_1_136' title='bbox 2663 697 2778 752; x_wconf 86' lang='lat' dir='ltr'><strong>vim</strong></span> <span class='ocrx_word' id='word_1_137' title='bbox 2817 696 2907 752; x_wconf 89' lang='lat' dir='ltr'><strong>illi</strong></span> <span class='ocrx_word' id='word_1_138' title='bbox 2939 713 3072 752; x_wconf 90' lang='lat' dir='ltr'><strong>cum</strong></span> <span class='ocrx_word' id='word_1_139' title='bbox 3105 701 3306 752; x_wconf 88' lang='lat' dir='ltr'><strong>nostro</strong></span> <span class='ocrx_word' id='word_1_140' title='bbox 3339 701 3666 770; x_wconf 60' lang='lat' dir='ltr'><strong>paenitentia:</strong></span> <span class='ocrx_word' id='word_1_141' title='bbox 3688 722 3830 763; x_wconf 80' lang='lat' dir='ltr'><strong>sacra-</strong></span> 
     </span>
    </p>
   </div>
   <div class='ocr_carea' id='block_1_20' title="bbox 2279 785 3828 866">
    <p class='ocr_par' dir='ltr' id='par_1_20' title="bbox 2279 785 3828 866">
     <span class='ocr_line' id='line_1_20' title="bbox 2279 785 3828 866; baseline 0.006 -26"><span class='ocrx_word' id='word_1_142' title='bbox 2279 792 2482 841; x_wconf 92' lang='lat' dir='ltr'><strong>mento</strong></span> <span class='ocrx_word' id='word_1_143' title='bbox 2505 785 2860 841; x_wconf 86' lang='lat' dir='ltr'><strong>tribuamus.</strong></span> <span class='ocrx_word' id='word_1_144' title='bbox 2895 789 2971 841; x_wconf 81' lang='lat' dir='ltr'><strong>At</strong></span> <span class='ocrx_word' id='word_1_145' title='bbox 2994 787 3200 842; x_wconf 86' lang='lat' dir='ltr'><strong>Patres</strong></span> <span class='ocrx_word' id='word_1_146' title='bbox 3219 787 3388 842; x_wconf 85' lang='lat' dir='ltr'><strong>multi</strong></span> <span class='ocrx_word' id='word_1_147' title='bbox 3417 789 3562 860; x_wconf 90' lang='lat' dir='ltr'><strong>quod</strong></span> <span class='ocrx_word' id='word_1_148' title='bbox 3585 791 3648 846; x_wconf 88' lang='lat' dir='ltr'><strong>ad</strong></span> <span class='ocrx_word' id='word_1_149' title='bbox 3659 799 3748 848; x_wconf 88' lang='lat' dir='ltr'><strong>cat.</strong></span> <span class='ocrx_word' id='word_1_150' title='bbox 3769 797 3828 866; x_wconf 85' lang='grc'><strong>18,</strong></span> 
     </span>
    </p>
   </div>
   <div class='ocr_carea' id='block_1_21' title="bbox 2279 875 3832 942">
    <p class='ocr_par' dir='ltr' id='par_1_21' title="bbox 2279 875 3832 942">
     <span class='ocr_line' id='line_1_21' title="bbox 2279 875 3832 942; baseline 0.005 -12"><span class='ocrx_word' id='word_1_151' title='bbox 2279 891 2340 930; x_wconf 91' lang='grc' dir='ltr'><strong>ιι.</strong></span> <span class='ocrx_word' id='word_1_152' title='bbox 2373 877 2464 942; x_wconf 89' lang='grc'><strong>20,</strong></span> <span class='ocrx_word' id='word_1_153' title='bbox 2497 875 2828 942; x_wconf 88' lang='lat' dir='ltr'><strong>citavimus,</strong></span> <span class='ocrx_word' id='word_1_154' title='bbox 2861 875 2999 932; x_wconf 89' lang='lat' dir='ltr'><strong>huic</strong></span> <span class='ocrx_word' id='word_1_155' title='bbox 3027 881 3392 932; x_wconf 87' lang='lat' dir='ltr'><strong>sacramento</strong></span> <span class='ocrx_word' id='word_1_156' title='bbox 3415 878 3716 935; x_wconf 75' lang='lat' dir='ltr'><strong>cicatricum</strong></span> <span class='ocrx_word' id='word_1_157' title='bbox 3739 883 3832 938; x_wconf 83' lang='lat' dir='ltr'><strong>abo-</strong></span> 
     </span>
    </p>
   </div>
   <div class='ocr_carea' id='block_1_22' title="bbox 2279 963 3832 1039">
    <p class='ocr_par' dir='ltr' id='par_1_22' title="bbox 2279 963 3832 1039">
     <span class='ocr_line' id='line_1_22' title="bbox 2279 963 3832 1039; baseline 0.006 -20"><span class='ocrx_word' id='word_1_158' title='bbox 2279 963 2551 1021; x_wconf 90' lang='lat' dir='ltr'><strong>litionem</strong></span> <span class='ocrx_word' id='word_1_159' title='bbox 2606 965 2696 1021; x_wconf 85' lang='lat' dir='ltr'><strong>vel</strong></span> <span class='ocrx_word' id='word_1_160' title='bbox 2749 966 2926 1038; x_wconf 88' lang='lat' dir='ltr'><strong>plane</strong></span> <span class='ocrx_word' id='word_1_161' title='bbox 2979 971 3219 1039; x_wconf 88' lang='lat' dir='ltr'><strong>negant,</strong></span> <span class='ocrx_word' id='word_1_162' title='bbox 3275 967 3364 1022; x_wconf 85' lang='lat' dir='ltr'><strong>vel</strong></span> <span class='ocrx_word' id='word_1_163' title='bbox 3417 969 3705 1026; x_wconf 86' lang='lat' dir='ltr'><strong>attribuere</strong></span> <span class='ocrx_word' id='word_1_164' title='bbox 3749 990 3832 1029; x_wconf 88' lang='lat' dir='ltr'><strong>non</strong></span> 
     </span>
    </p>
   </div>
   <div class='ocr_carea' id='block_1_23' title="bbox 2281 1053 3833 1133">
    <p class='ocr_par' dir='ltr' id='par_1_23' title="bbox 2281 1053 3833 1133">
     <span class='ocr_line' id='line_1_23' title="bbox 2281 1053 3833 1133; baseline 0.006 -25"><span class='ocrx_word' id='word_1_165' title='bbox 2281 1053 2538 1109; x_wconf 82' lang='lat' dir='ltr'><strong>audent:</strong></span> <span class='ocrx_word' id='word_1_166' title='bbox 2568 1072 2825 1126; x_wconf 90' lang='lat' dir='ltr'><strong>quorum</strong></span> <span class='ocrx_word' id='word_1_167' title='bbox 2858 1056 3169 1111; x_wconf 68' lang='lat' dir='ltr'><strong>sententias</strong></span> <span class='ocrx_word' id='word_1_168' title='bbox 3211 1057 3507 1129; x_wconf 70' lang='lat' dir='ltr'><strong>suffragari</strong></span> <span class='ocrx_word' id='word_1_169' title='bbox 3550 1059 3746 1116; x_wconf 88' lang='lat' dir='ltr'><strong>videtur</strong></span> <span class='ocrx_word' id='word_1_170' title='bbox 3765 1063 3833 1133; x_wconf 84' lang='lat' dir='ltr'><strong>Cy-</strong></span> 
     </span>
    </p>
   </div>
   <div class='ocr_carea' id='block_1_24' title="bbox 2279 1143 3836 1216">
    <p class='ocr_par' dir='ltr' id='par_1_24' title="bbox 2279 1143 3836 1216">
     <span class='ocr_line' id='line_1_24' title="bbox 2279 1143 3836 1216; baseline 0.006 -19"><span class='ocrx_word' id='word_1_171' title='bbox 2279 1143 2474 1215; x_wconf 87' lang='lat' dir='ltr'><strong>rillus,</strong></span> <span class='ocrx_word' id='word_1_172' title='bbox 2509 1145 2667 1200; x_wconf 90' lang='lat' dir='ltr'><strong>hunc</strong></span> <span class='ocrx_word' id='word_1_173' title='bbox 2726 1144 2912 1200; x_wconf 88' lang='lat' dir='ltr'><strong>solius</strong></span> <span class='ocrx_word' id='word_1_174' title='bbox 2967 1143 3246 1216; x_wconf 86' lang='lat' dir='ltr'><strong>baptismi</strong></span> <span class='ocrx_word' id='word_1_175' title='bbox 3279 1146 3542 1202; x_wconf 82' lang='lat' dir='ltr'><strong>etl‘ectum</strong></span> <span class='ocrx_word' id='word_1_176' title='bbox 3591 1165 3704 1204; x_wconf 85' lang='lat' dir='ltr'><strong>esse</strong></span> <span class='ocrx_word' id='word_1_177' title='bbox 3729 1151 3836 1206; x_wconf 80' lang='lat' dir='ltr'><strong>aIﬂr-</strong></span> 
     </span>
    </p>
   </div>
   <div class='ocr_carea' id='block_1_25' title="bbox 2280 1249 2474 1288">
    <p class='ocr_par' dir='ltr' id='par_1_25' title="bbox 2280 1249 2474 1288">
     <span class='ocr_line' id='line_1_25' title="bbox 2280 1249 2474 1288; baseline -0.01 0"><span class='ocrx_word' id='word_1_178' title='bbox 2280 1249 2474 1288; x_wconf 88' lang='lat' dir='ltr'><strong>mans.</strong></span> 
     </span>
    </p>
   </div>
   <div class='ocr_carea' id='block_1_26' title="bbox 2369 1321 3778 1384">
    <p class='ocr_par' dir='ltr' id='par_1_26' title="bbox 2369 1321 3778 1384">
     <span class='ocr_line' id='line_1_26' title="bbox 2369 1321 3778 1384; baseline 0.004 -14"><span class='ocrx_word' id='word_1_179' title='bbox 2369 1322 2448 1370; x_wconf 88' lang='lat' dir='ltr'><strong>De</strong></span> <span class='ocrx_word' id='word_1_180' title='bbox 2476 1321 2800 1371; x_wconf 88' lang='lat' dir='ltr'><strong>omnimoda</strong></span> <span class='ocrx_word' id='word_1_181' title='bbox 2827 1322 3093 1384; x_wconf 84' lang='lat' dir='ltr'><strong>baptismi</strong></span> <span class='ocrx_word' id='word_1_182' title='bbox 3119 1323 3193 1372; x_wconf 86' lang='lat' dir='ltr'><strong>ad</strong></span> <span class='ocrx_word' id='word_1_183' title='bbox 3218 1325 3452 1374; x_wconf 84' lang='lat' dir='ltr'><strong>salutem</strong></span> <span class='ocrx_word' id='word_1_184' title='bbox 3492 1328 3778 1376; x_wconf 71' lang='lat' dir='ltr'><strong>necessitate.</strong></span> 
     </span>
    </p>
   </div>
   <div class='ocr_carea' id='block_1_27' title="bbox 2351 1413 3837 1491">
    <p class='ocr_par' dir='ltr' id='par_1_27' title="bbox 2351 1413 3837 1491">
     <span class='ocr_line' id='line_1_27' title="bbox 2351 1413 3837 1491; baseline 0.003 -23"><span class='ocrx_word' id='word_1_185' title='bbox 2351 1416 2441 1468; x_wconf 73' lang='grc'><strong>64.</strong></span> <span class='ocrx_word' id='word_1_186' title='bbox 2474 1415 2672 1469; x_wconf 71' lang='lat' dir='ltr'><strong>Tantis</strong></span> <span class='ocrx_word' id='word_1_187' title='bbox 2701 1413 2775 1469; x_wconf 93' lang='lat' dir='ltr'><strong>ad</strong></span> <span class='ocrx_word' id='word_1_188' title='bbox 2808 1414 3061 1470; x_wconf 90' lang='lat' dir='ltr'><strong>salutem</strong></span> <span class='ocrx_word' id='word_1_189' title='bbox 3083 1419 3454 1474; x_wconf 88' lang='lat' dir='ltr'><strong>necessitatis</strong></span> <span class='ocrx_word' id='word_1_190' title='bbox 3469 1418 3777 1491; x_wconf 87' lang='lat' dir='ltr'><strong>baptismum</strong></span> <span class='ocrx_word' id='word_1_191' title='bbox 3797 1435 3837 1473; x_wconf 82' lang='lat' dir='ltr'><strong>re</strong></span> 
     </span>
    </p>
   </div>
   <div class='ocr_carea' id='block_1_28' title="bbox 2282 1504 3834 1580">
    <p class='ocr_par' dir='ltr' id='par_1_28' title="bbox 2282 1504 3834 1580">
     <span class='ocr_line' id='line_1_28' title="bbox 2282 1504 3834 1580; baseline 0.003 -23"><span class='ocrx_word' id='word_1_192' title='bbox 2282 1509 2340 1557; x_wconf 92' lang='lat' dir='ltr'><strong>et</strong></span> <span class='ocrx_word' id='word_1_193' title='bbox 2368 1504 2582 1558; x_wconf 78' lang='lat' dir='ltr'><strong>eﬂ&#39;ectu</strong></span> <span class='ocrx_word' id='word_1_194' title='bbox 2613 1509 2953 1575; x_wconf 89' lang='lat' dir='ltr'><strong>susceptum</strong></span> <span class='ocrx_word' id='word_1_195' title='bbox 2985 1505 3340 1562; x_wconf 84' lang='lat' dir='ltr'><strong>existimavit</strong></span> <span class='ocrx_word' id='word_1_196' title='bbox 3366 1508 3632 1580; x_wconf 85' lang='lat' dir='ltr'><strong>Cyrillus,</strong></span> <span class='ocrx_word' id='word_1_197' title='bbox 3664 1513 3721 1563; x_wconf 87' lang='lat' dir='ltr'><strong>ut</strong></span> <span class='ocrx_word' id='word_1_198' title='bbox 3742 1508 3834 1562; x_wconf 79' lang='lat' dir='ltr'><strong>solis</strong></span> 
     </span>
    </p>
   </div>
   <div class='ocr_carea' id='block_1_29' title="bbox 2281 1591 3835 1668">
    <p class='ocr_par' dir='ltr' id='par_1_29' title="bbox 2281 1591 3835 1668">
     <span class='ocr_line' id='line_1_29' title="bbox 2281 1591 3835 1668; baseline 0.003 -22"><span class='ocrx_word' id='word_1_199' title='bbox 2281 1591 2642 1663; x_wconf 85' lang='lat' dir='ltr'><strong>martyribus</strong></span> <span class='ocrx_word' id='word_1_200' title='bbox 2665 1591 2792 1647; x_wconf 88' lang='lat' dir='ltr'><strong>sine</strong></span> <span class='ocrx_word' id='word_1_201' title='bbox 2811 1609 2967 1664; x_wconf 86' lang='lat' dir='ltr'><strong>aqua</strong></span> <span class='ocrx_word' id='word_1_202' title='bbox 2983 1594 3151 1667; x_wconf 86' lang='lat' dir='ltr'><strong>regni</strong></span> <span class='ocrx_word' id='word_1_203' title='bbox 3165 1595 3418 1651; x_wconf 66' lang='lat' dir='ltr'><strong>caelestis</strong></span> <span class='ocrx_word' id='word_1_204' title='bbox 3439 1597 3736 1668; x_wconf 88' lang='lat' dir='ltr'><strong>ingressum</strong></span> <span class='ocrx_word' id='word_1_205' title='bbox 3750 1611 3835 1668; x_wconf 85' lang='lat' dir='ltr'><strong>ape-</strong></span> 
     </span>
    </p>
   </div>
   <div class='ocr_carea' id='block_1_30' title="bbox 2280 1679 3836 1747">
    <p class='ocr_par' dir='ltr' id='par_1_30' title="bbox 2280 1679 3836 1747">
     <span class='ocr_line' id='line_1_30' title="bbox 2280 1679 3836 1747; baseline -0.002 -13"><span class='ocrx_word' id='word_1_206' title='bbox 2280 1679 2416 1736; x_wconf 81' lang='lat' dir='ltr'><strong>rint.</strong></span> <span class='ocrx_word' id='word_1_207' title='bbox 2449 1681 2536 1738; x_wconf 88' lang='lat' dir='ltr'><strong>Ita</strong></span> <span class='ocrx_word' id='word_1_208' title='bbox 2566 1685 2679 1737; x_wconf 89' lang='lat' dir='ltr'><strong>cat.</strong></span> <span class='ocrx_word' id='word_1_209' title='bbox 2711 1681 2766 1747; x_wconf 91' lang='lat'><strong>3,</strong></span> <span class='ocrx_word' id='word_1_210' title='bbox 2799 1697 2859 1736; x_wconf 91' lang='lat' dir='ltr'><strong>n.</strong></span> <span class='ocrx_word' id='word_1_211' title='bbox 2895 1684 2996 1736; x_wconf 80' lang='lat' dir='ltr'><strong>I0:</strong></span> <span class='ocrx_word' id='word_1_212' title='bbox 3029 1683 3096 1731; x_wconf 86' lang='lat' dir='ltr'><strong>Si</strong></span> <span class='ocrx_word' id='word_1_213' title='bbox 3129 1683 3257 1747; x_wconf 75' lang='lat' dir='ltr'><strong>quis</strong></span> <span class='ocrx_word' id='word_1_214' title='bbox 3307 1682 3574 1744; x_wconf 83' lang='lat' dir='ltr'><strong>baptisma</strong></span> <span class='ocrx_word' id='word_1_215' title='bbox 3616 1698 3714 1732; x_wconf 81' lang='lat' dir='ltr'><strong>non</strong></span> <span class='ocrx_word' id='word_1_216' title='bbox 3744 1682 3836 1730; x_wconf 79' lang='lat' dir='ltr'><strong>mi-</strong></span> 
     </span>
    </p>
   </div>
   <div class='ocr_carea' id='block_1_31' title="bbox 2272 1767 3834 1836">
    <p class='ocr_par' dir='ltr' id='par_1_31' title="bbox 2272 1767 3834 1836">
     <span class='ocr_line' id='line_1_31' title="bbox 2272 1767 3834 1836; baseline 0.005 -21"><span class='ocrx_word' id='word_1_217' title='bbox 2272 1767 2420 1828; x_wconf 84' lang='lat' dir='ltr'><strong>piat,</strong></span> <span class='ocrx_word' id='word_1_218' title='bbox 2451 1768 2694 1816; x_wconf 82' lang='lat' dir='ltr'><strong>salutem</strong></span> <span class='ocrx_word' id='word_1_219' title='bbox 2723 1783 2837 1817; x_wconf 86' lang='lat' dir='ltr'><strong>non</strong></span> <span class='ocrx_word' id='word_1_220' title='bbox 2874 1767 3032 1818; x_wconf 79' lang='lat' dir='ltr'><strong>habet</strong></span> <span class='ocrx_word' id='word_1_221' title='bbox 3056 1786 3070 1830; x_wconf 88' lang='lat'><strong>;</strong></span> <span class='ocrx_word' id='word_1_222' title='bbox 3092 1770 3230 1819; x_wconf 83' lang='lat' dir='ltr'><strong>solis</strong></span> <span class='ocrx_word' id='word_1_223' title='bbox 3254 1773 3596 1836; x_wconf 67' lang='lat' dir='ltr'><strong>martyribus</strong></span> <span class='ocrx_word' id='word_1_224' title='bbox 3649 1771 3834 1831; x_wconf 67' lang='lat' dir='ltr'><strong>exceptis.</strong></span> 
     </span>
    </p>
   </div>
   <div class='ocr_carea' id='block_1_32' title="bbox 524 1856 3839 1953">
    <p class='ocr_par' dir='ltr' id='par_1_32' title="bbox 524 1856 3839 1953">
     <span class='ocr_line' id='line_1_32' title="bbox 524 1856 3839 1953; baseline -0.002 -34"><span class='ocrx_word' id='word_1_225' title='bbox 524 1880 708 1938; x_wconf 92' lang='lat' dir='ltr'><strong>gnum</strong></span> <span class='ocrx_word' id='word_1_226' title='bbox 739 1863 877 1935; x_wconf 85' lang='lat' dir='ltr'><strong>jure</strong></span> <span class='ocrx_word' id='word_1_227' title='bbox 907 1859 1245 1932; x_wconf 78' lang='lat' dir='ltr'><strong>adoptionis</strong></span> <span class='ocrx_word' id='word_1_228' title='bbox 1277 1857 1652 1930; x_wconf 89' lang='lat' dir='ltr'><strong>potissimum</strong></span> <span class='ocrx_word' id='word_1_229' title='bbox 1687 1856 1800 1911; x_wconf 87' lang='lat' dir='ltr'><strong>sita</strong></span> <span class='ocrx_word' id='word_1_230' title='bbox 1828 1856 2174 1929; x_wconf 65' lang='lat' dir='ltr'><strong>prasrogati-</strong></span> <span class='ocrx_word' id='word_1_231' title='bbox 2203 1887 2252 1953; x_wconf 84' lang='lat' dir='ltr'><strong>B</strong></span> <span class='ocrx_word' id='word_1_232' title='bbox 2281 1860 2385 1922; x_wconf 80' lang='lat' dir='ltr'><strong>qui</strong></span> <span class='ocrx_word' id='word_1_233' title='bbox 2415 1860 2586 1908; x_wconf 88' lang='lat' dir='ltr'><strong>etiam</strong></span> <span class='ocrx_word' id='word_1_234' title='bbox 2615 1861 2740 1909; x_wconf 86' lang='lat' dir='ltr'><strong>sine</strong></span> <span class='ocrx_word' id='word_1_235' title='bbox 2771 1875 2921 1925; x_wconf 83' lang='lat' dir='ltr'><strong>aqua</strong></span> <span class='ocrx_word' id='word_1_236' title='bbox 2951 1877 3192 1924; x_wconf 80' lang='lat' dir='ltr'><strong>regnum</strong></span> <span class='ocrx_word' id='word_1_237' title='bbox 3217 1865 3536 1926; x_wconf 82' lang='lat' dir='ltr'><strong>accipiunt;</strong></span> <span class='ocrx_word' id='word_1_238' title='bbox 3565 1870 3620 1920; x_wconf 84' lang='lat' dir='ltr'><strong>et</strong></span> <span class='ocrx_word' id='word_1_239' title='bbox 3658 1879 3787 1919; x_wconf 86' lang='lat' dir='ltr'><strong>num.</strong></span> <span class='ocrx_word' id='word_1_240' title='bbox 3805 1864 3839 1924; x_wconf 71' lang='lat' dir='ltr'><strong>li,</strong></span> 
     </span>
    </p>
   </div>
   <div class='ocr_carea' id='block_1_33' title="bbox 525 1958 2175 2107">
    <p class='ocr_par' dir='ltr' id='par_1_33' title="bbox 525 1958 2175 2107">
     <span class='ocr_line' id='line_1_33' title="bbox 525 1958 2175 2107; baseline -0.006 -8"><span class='ocrx_word' id='word_1_241' title='bbox 525 1958 975 2100; x_wconf 45' lang='lat' dir='ltr'><strong>vatii&#39;iinStrictim</strong></span> <span class='ocrx_word' id='word_1_242' title='bbox 1017 2037 1260 2094; x_wconf 90' lang='lat' dir='ltr'><strong>absolvo</strong></span> <span class='ocrx_word' id='word_1_243' title='bbox 1313 2040 1556 2092; x_wconf 65' lang='lat' dir='ltr'><strong>casteras</strong></span> <span class='ocrx_word' id='word_1_244' title='bbox 1613 2052 1684 2091; x_wconf 91' lang='lat' dir='ltr'><strong>ex</strong></span> <span class='ocrx_word' id='word_1_245' title='bbox 1739 2034 1941 2107; x_wconf 87' lang='lat' dir='ltr'><strong>Cyrilli</strong></span> <span class='ocrx_word' id='word_1_246' title='bbox 1975 2039 2175 2090; x_wconf 92' lang='lat' dir='ltr'><strong>mente</strong></span> 
     </span>
    </p>
   </div>
   <div class='ocr_carea' id='block_1_34' title="bbox 526 2125 2174 2199">
    <p class='ocr_par' dir='ltr' id='par_1_34' title="bbox 526 2125 2174 2199">
     <span class='ocr_line' id='line_1_34' title="bbox 526 2125 2174 2199; baseline -0.005 -12"><span class='ocrx_word' id='word_1_247' title='bbox 526 2129 849 2187; x_wconf 86' lang='lat' dir='ltr'><strong>Christiani</strong></span> <span class='ocrx_word' id='word_1_248' title='bbox 869 2127 1151 2199; x_wconf 85' lang='lat' dir='ltr'><strong>baptismi</strong></span> <span class='ocrx_word' id='word_1_249' title='bbox 1193 2141 1373 2197; x_wconf 87' lang='lat' dir='ltr'><strong>supra</strong></span> <span class='ocrx_word' id='word_1_250' title='bbox 1407 2125 1650 2180; x_wconf 83' lang='lat' dir='ltr'><strong>Joannis</strong></span> <span class='ocrx_word' id='word_1_251' title='bbox 1671 2125 2000 2196; x_wconf 88' lang='lat' dir='ltr'><strong>baptimum</strong></span> <span class='ocrx_word' id='word_1_252' title='bbox 2025 2139 2174 2196; x_wconf 73' lang='lat' dir='ltr'><strong>prea-</strong></span> 
     </span>
    </p>
   </div>
   <div class='ocr_carea' id='block_1_35' title="bbox 519 2212 2178 2294">
    <p class='ocr_par' dir='ltr' id='par_1_35' title="bbox 519 2212 2178 2294">
     <span class='ocr_line' id='line_1_35' title="bbox 519 2212 2178 2294; baseline -0.005 -18"><span class='ocrx_word' id='word_1_253' title='bbox 519 2221 847 2294; x_wconf 87' lang='lat' dir='ltr'><strong>rogativas;</strong></span> <span class='ocrx_word' id='word_1_254' title='bbox 880 2233 1012 2290; x_wconf 66' lang='lat' dir='ltr'><strong>quas</strong></span> <span class='ocrx_word' id='word_1_255' title='bbox 1041 2215 1286 2287; x_wconf 89' lang='lat' dir='ltr'><strong>quidem</strong></span> <span class='ocrx_word' id='word_1_256' title='bbox 1317 2213 1390 2269; x_wconf 91' lang='lat' dir='ltr'><strong>ad</strong></span> <span class='ocrx_word' id='word_1_257' title='bbox 1421 2215 1783 2286; x_wconf 89' lang='lat' dir='ltr'><strong>baptismum</strong></span> <span class='ocrx_word' id='word_1_258' title='bbox 1811 2214 2050 2285; x_wconf 87' lang='lat' dir='ltr'><strong>proprie</strong></span> <span class='ocrx_word' id='word_1_259' title='bbox 2081 2212 2178 2267; x_wconf 85' lang='lat' dir='ltr'><strong>di-</strong></span> 
     </span>
    </p>
   </div>
   <div class='ocr_carea' id='block_1_36' title="bbox 522 2301 2178 2380">
    <p class='ocr_par' dir='ltr' id='par_1_36' title="bbox 522 2301 2178 2380">
     <span class='ocr_line' id='line_1_36' title="bbox 522 2301 2178 2380; baseline -0.006 -15"><span class='ocrx_word' id='word_1_260' title='bbox 522 2317 683 2365; x_wconf 91' lang='lat' dir='ltr'><strong>ctum</strong></span> <span class='ocrx_word' id='word_1_261' title='bbox 697 2306 1016 2380; x_wconf 88' lang='lat' dir='ltr'><strong>pertinent.</strong></span> <span class='ocrx_word' id='word_1_262' title='bbox 1038 2303 1448 2372; x_wconf 88' lang='lat' dir='ltr'><strong>Tertiaitaque</strong></span> <span class='ocrx_word' id='word_1_263' title='bbox 1465 2302 1741 2357; x_wconf 88' lang='lat' dir='ltr'><strong>consistit</strong></span> <span class='ocrx_word' id='word_1_264' title='bbox 1764 2301 1824 2355; x_wconf 91' lang='lat' dir='ltr'><strong>in</strong></span> <span class='ocrx_word' id='word_1_265' title='bbox 1845 2301 2178 2356; x_wconf 87' lang='lat' dir='ltr'><strong>imitatione</strong></span> 
     </span>
    </p>
   </div>
   <div class='ocr_carea' id='block_1_37' title="bbox 523 2390 2182 2467">
    <p class='ocr_par' dir='ltr' id='par_1_37' title="bbox 523 2390 2182 2467">
     <span class='ocr_line' id='line_1_37' title="bbox 523 2390 2182 2467; baseline -0.007 -13"><span class='ocrx_word' id='word_1_266' title='bbox 523 2397 756 2466; x_wconf 86' lang='lat' dir='ltr'><strong>mortis,</strong></span> <span class='ocrx_word' id='word_1_267' title='bbox 803 2395 1123 2467; x_wconf 61' lang='lat' dir='ltr'><strong>sepultura</strong></span> <span class='ocrx_word' id='word_1_268' title='bbox 1173 2399 1233 2447; x_wconf 91' lang='lat' dir='ltr'><strong>et</strong></span> <span class='ocrx_word' id='word_1_269' title='bbox 1282 2391 1736 2446; x_wconf 86' lang='lat' dir='ltr'><strong>resurrectionis</strong></span> <span class='ocrx_word' id='word_1_270' title='bbox 1784 2390 2042 2456; x_wconf 82' lang='lat' dir='ltr'><strong>Christi;</strong></span> <span class='ocrx_word' id='word_1_271' title='bbox 2075 2406 2182 2462; x_wconf 92' lang='lat' dir='ltr'><strong>per</strong></span> 
     </span>
    </p>
   </div>
   <div class='ocr_carea' id='block_1_38' title="bbox 527 2478 2180 2557">
    <p class='ocr_par' dir='ltr' id='par_1_38' title="bbox 527 2478 2180 2557">
     <span class='ocr_line' id='line_1_38' title="bbox 527 2478 2180 2557; baseline -0.005 -16"><span class='ocrx_word' id='word_1_272' title='bbox 527 2501 707 2557; x_wconf 88' lang='lat' dir='ltr'><strong>quam</strong></span> <span class='ocrx_word' id='word_1_273' title='bbox 726 2485 857 2556; x_wconf 89' lang='lat' dir='ltr'><strong>ejus</strong></span> <span class='ocrx_word' id='word_1_274' title='bbox 877 2483 1219 2554; x_wconf 89' lang='lat' dir='ltr'><strong>passionum</strong></span> <span class='ocrx_word' id='word_1_275' title='bbox 1237 2482 1518 2535; x_wconf 89' lang='lat' dir='ltr'><strong>meritum</strong></span> <span class='ocrx_word' id='word_1_276' title='bbox 1535 2485 1592 2533; x_wconf 91' lang='lat' dir='ltr'><strong>et</strong></span> <span class='ocrx_word' id='word_1_277' title='bbox 1609 2479 1855 2534; x_wconf 77' lang='lat' dir='ltr'><strong>effectus</strong></span> <span class='ocrx_word' id='word_1_278' title='bbox 1868 2478 2180 2533; x_wconf 90' lang='lat' dir='ltr'><strong>nobiscum</strong></span> 
     </span>
    </p>
   </div>
   <div class='ocr_carea' id='block_1_39' title="bbox 529 2567 2184 2640">
    <p class='ocr_par' dir='ltr' id='par_1_39' title="bbox 529 2567 2184 2640">
     <span class='ocr_line' id='line_1_39' title="bbox 529 2567 2184 2640; baseline -0.005 -10"><span class='ocrx_word' id='word_1_279' title='bbox 529 2573 1006 2630; x_wconf 88' lang='lat' dir='ltr'><strong>communicatur</strong></span> <span class='ocrx_word' id='word_1_280' title='bbox 1031 2587 1043 2626; x_wconf 89' lang='lat'><strong>:</strong></span> <span class='ocrx_word' id='word_1_281' title='bbox 1077 2571 1160 2625; x_wconf 91' lang='lat' dir='ltr'><strong>ita</strong></span> <span class='ocrx_word' id='word_1_282' title='bbox 1187 2577 1255 2626; x_wconf 90' lang='lat' dir='ltr'><strong>ut</strong></span> <span class='ocrx_word' id='word_1_283' title='bbox 1274 2570 1504 2624; x_wconf 89' lang='lat' dir='ltr'><strong>Christo</strong></span> <span class='ocrx_word' id='word_1_284' title='bbox 1527 2569 1692 2624; x_wconf 90' lang='lat' dir='ltr'><strong>insiti</strong></span> <span class='ocrx_word' id='word_1_285' title='bbox 1715 2586 1822 2640; x_wconf 90' lang='lat' dir='ltr'><strong>per</strong></span> <span class='ocrx_word' id='word_1_286' title='bbox 1843 2567 2184 2623; x_wconf 89' lang='lat' dir='ltr'><strong>similitudi-</strong></span> 
     </span>
    </p>
   </div>
   <div class='ocr_carea' id='block_1_40' title="bbox 529 2658 2178 2732">
    <p class='ocr_par' dir='ltr' id='par_1_40' title="bbox 529 2658 2178 2732">
     <span class='ocr_line' id='line_1_40' title="bbox 529 2658 2178 2732; baseline -0.004 -13"><span class='ocrx_word' id='word_1_287' title='bbox 529 2681 670 2719; x_wconf 88' lang='lat' dir='ltr'><strong>nem</strong></span> <span class='ocrx_word' id='word_1_288' title='bbox 703 2662 912 2718; x_wconf 91' lang='lat' dir='ltr'><strong>mortis</strong></span> <span class='ocrx_word' id='word_1_289' title='bbox 943 2662 1074 2732; x_wconf 87' lang='lat' dir='ltr'><strong>ejus</strong></span> <span class='ocrx_word' id='word_1_290' title='bbox 1101 2675 1137 2716; x_wconf 89' lang='lat' dir='ltr'><strong>a</strong></span> <span class='ocrx_word' id='word_1_291' title='bbox 1166 2659 1338 2715; x_wconf 91' lang='lat' dir='ltr'><strong>nobis</strong></span> <span class='ocrx_word' id='word_1_292' title='bbox 1365 2659 1427 2714; x_wconf 91' lang='lat' dir='ltr'><strong>in</strong></span> <span class='ocrx_word' id='word_1_293' title='bbox 1457 2658 1742 2731; x_wconf 89' lang='lat' dir='ltr'><strong>baptismi</strong></span> <span class='ocrx_word' id='word_1_294' title='bbox 1773 2664 1907 2713; x_wconf 89' lang='lat' dir='ltr'><strong>actu</strong></span> <span class='ocrx_word' id='word_1_295' title='bbox 1939 2674 2178 2729; x_wconf 86' lang='lat' dir='ltr'><strong>expres-</strong></span> 
     </span>
    </p>
   </div>
   <div class='ocr_carea' id='block_1_41' title="bbox 529 2747 2178 2823">
    <p class='ocr_par' dir='ltr' id='par_1_41' title="bbox 529 2747 2178 2823">
     <span class='ocr_line' id='line_1_41' title="bbox 529 2747 2178 2823; baseline -0.004 -17"><span class='ocrx_word' id='word_1_296' title='bbox 529 2751 796 2823; x_wconf 87' lang='lat' dir='ltr'><strong>sam,jus</strong></span> <span class='ocrx_word' id='word_1_297' title='bbox 821 2757 879 2805; x_wconf 91' lang='lat' dir='ltr'><strong>et</strong></span> <span class='ocrx_word' id='word_1_298' title='bbox 914 2767 1080 2821; x_wconf 89' lang='lat' dir='ltr'><strong>spem</strong></span> <span class='ocrx_word' id='word_1_299' title='bbox 1103 2747 1613 2804; x_wconf 67' lang='lat' dir='ltr'><strong>communicanda:</strong></span> <span class='ocrx_word' id='word_1_300' title='bbox 1637 2763 1874 2818; x_wconf 91' lang='lat' dir='ltr'><strong>quoque</strong></span> <span class='ocrx_word' id='word_1_301' title='bbox 1905 2747 2178 2817; x_wconf 73' lang='lat' dir='ltr'><strong>gloriosa)</strong></span> 
     </span>
    </p>
   </div>
   <div class='ocr_carea' id='block_1_42' title="bbox 527 2837 2178 2910">
    <p class='ocr_par' dir='ltr' id='par_1_42' title="bbox 527 2837 2178 2910">
     <span class='ocr_line' id='line_1_42' title="bbox 527 2837 2178 2910; baseline -0.005 -13"><span class='ocrx_word' id='word_1_302' title='bbox 527 2840 989 2897; x_wconf 77' lang='lat' dir='ltr'><strong>resurrectionis</strong></span> <span class='ocrx_word' id='word_1_303' title='bbox 1019 2837 1582 2910; x_wconf 77' lang='lat' dir='ltr'><strong>ejusadipiscamur,</strong></span> <span class='ocrx_word' id='word_1_304' title='bbox 1614 2843 1728 2892; x_wconf 89' lang='lat' dir='ltr'><strong>cat.</strong></span> <span class='ocrx_word' id='word_1_305' title='bbox 1761 2839 1851 2904; x_wconf 90' lang='lat'><strong>20,</strong></span> <span class='ocrx_word' id='word_1_306' title='bbox 1887 2852 1947 2890; x_wconf 86' lang='grc' dir='ltr'><strong>ιι.</strong></span> <span class='ocrx_word' id='word_1_307' title='bbox 1983 2839 2014 2890; x_wconf 86' lang='grc'><strong>6</strong></span> <span class='ocrx_word' id='word_1_308' title='bbox 2047 2844 2105 2890; x_wconf 89' lang='lat' dir='ltr'><strong>et</strong></span> <span class='ocrx_word' id='word_1_309' title='bbox 2125 2840 2178 2906; x_wconf 86' lang='grc'><strong>7,</strong></span> 
     </span>
    </p>
   </div>
   <div class='ocr_carea' id='block_1_43' title="bbox 529 2925 2182 2997">
    <p class='ocr_par' dir='ltr' id='par_1_43' title="bbox 529 2925 2182 2997">
     <span class='ocr_line' id='line_1_43' title="bbox 529 2925 2182 2997; baseline -0.005 -11"><span class='ocrx_word' id='word_1_310' title='bbox 529 2937 588 2986; x_wconf 89' lang='lat' dir='ltr'><strong>et</strong></span> <span class='ocrx_word' id='word_1_311' title='bbox 615 2935 730 2987; x_wconf 90' lang='lat' dir='ltr'><strong>cat.</strong></span> <span class='ocrx_word' id='word_1_312' title='bbox 765 2931 817 2997; x_wconf 88' lang='lat'><strong>3,</strong></span> <span class='ocrx_word' id='word_1_313' title='bbox 853 2946 914 2984; x_wconf 86' lang='grc' dir='ltr'><strong>ιι.</strong></span> <span class='ocrx_word' id='word_1_314' title='bbox 953 2931 1056 2994; x_wconf 85' lang='lat' dir='ltr'><strong>l2;</strong></span> <span class='ocrx_word' id='word_1_315' title='bbox 1089 2929 1202 2982; x_wconf 90' lang='lat' dir='ltr'><strong>hoc</strong></span> <span class='ocrx_word' id='word_1_316' title='bbox 1232 2941 1476 2982; x_wconf 89' lang='lat' dir='ltr'><strong>munere</strong></span> <span class='ocrx_word' id='word_1_317' title='bbox 1498 2927 1692 2980; x_wconf 89' lang='lat' dir='ltr'><strong>caruit</strong></span> <span class='ocrx_word' id='word_1_318' title='bbox 1719 2926 1962 2981; x_wconf 82' lang='lat' dir='ltr'><strong>Joannis</strong></span> <span class='ocrx_word' id='word_1_319' title='bbox 1993 2925 2182 2997; x_wconf 87' lang='lat' dir='ltr'><strong>bapti-</strong></span> 
     </span>
    </p>
   </div>
   <div class='ocr_carea' id='block_1_44' title="bbox 529 3015 2181 3088">
    <p class='ocr_par' dir='ltr' id='par_1_44' title="bbox 529 3015 2181 3088">
     <span class='ocr_line' id='line_1_44' title="bbox 529 3015 2181 3088; baseline -0.004 -14"><span class='ocrx_word' id='word_1_320' title='bbox 529 3035 678 3088; x_wconf 91' lang='lat' dir='ltr'><strong>sma,</strong></span> <span class='ocrx_word' id='word_1_321' title='bbox 712 3017 858 3074; x_wconf 88' lang='lat' dir='ltr'><strong>ibid.</strong></span> <span class='ocrx_word' id='word_1_322' title='bbox 889 3031 1055 3072; x_wconf 91' lang='lat' dir='ltr'><strong>num.</strong></span> <span class='ocrx_word' id='word_1_323' title='bbox 1091 3018 1143 3072; x_wconf 87' lang='lat'><strong>6.</strong></span> <span class='ocrx_word' id='word_1_324' title='bbox 1177 3017 1396 3080; x_wconf 86' lang='lat' dir='ltr'><strong>Quarta</strong></span> <span class='ocrx_word' id='word_1_325' title='bbox 1427 3020 1516 3069; x_wconf 90' lang='lat' dir='ltr'><strong>est</strong></span> <span class='ocrx_word' id='word_1_326' title='bbox 1544 3015 1903 3070; x_wconf 89' lang='lat' dir='ltr'><strong>characteris</strong></span> <span class='ocrx_word' id='word_1_327' title='bbox 1935 3015 2181 3086; x_wconf 85' lang='lat' dir='ltr'><strong>impres-</strong></span> 
     </span>
    </p>
   </div>
   <div class='ocr_carea' id='block_1_45' title="bbox 527 3103 2174 3179">
    <p class='ocr_par' dir='ltr' id='par_1_45' title="bbox 527 3103 2174 3179">
     <span class='ocr_line' id='line_1_45' title="bbox 527 3103 2174 3179; baseline -0.003 -16"><span class='ocrx_word' id='word_1_328' title='bbox 527 3109 644 3164; x_wconf 87' lang='lat' dir='ltr'><strong>sio:</strong></span> <span class='ocrx_word' id='word_1_329' title='bbox 661 3123 840 3179; x_wconf 88' lang='lat' dir='ltr'><strong>quem</strong></span> <span class='ocrx_word' id='word_1_330' title='bbox 853 3107 902 3161; x_wconf 94' lang='lat' dir='ltr'><strong>si</strong></span> <span class='ocrx_word' id='word_1_331' title='bbox 915 3104 1164 3161; x_wconf 91' lang='lat' dir='ltr'><strong>Joannis</strong></span> <span class='ocrx_word' id='word_1_332' title='bbox 1175 3105 1508 3175; x_wconf 90' lang='lat' dir='ltr'><strong>baptismus</strong></span> <span class='ocrx_word' id='word_1_333' title='bbox 1520 3104 1736 3158; x_wconf 75' lang='lat' dir='ltr'><strong>animis</strong></span> <span class='ocrx_word' id='word_1_334' title='bbox 1748 3103 2174 3175; x_wconf 89' lang='lat' dir='ltr'><strong>impressisset,</strong></span> 
     </span>
    </p>
   </div>
   <div class='ocr_carea' id='block_1_46' title="bbox 528 3192 2181 3264">
    <p class='ocr_par' dir='ltr' id='par_1_46' title="bbox 528 3192 2181 3264">
     <span class='ocr_line' id='line_1_46' title="bbox 528 3192 2181 3264; baseline -0.002 -12"><span class='ocrx_word' id='word_1_335' title='bbox 528 3213 651 3252; x_wconf 92' lang='lat' dir='ltr'><strong>non</strong></span> <span class='ocrx_word' id='word_1_336' title='bbox 671 3195 1165 3251; x_wconf 81' lang='lat' dir='ltr'><strong>fuissetiteratus.</strong></span> <span class='ocrx_word' id='word_1_337' title='bbox 1185 3193 1555 3248; x_wconf 86' lang='lat' dir='ltr'><strong>Characteris</strong></span> <span class='ocrx_word' id='word_1_338' title='bbox 1569 3209 1704 3246; x_wconf 89' lang='lat' dir='ltr'><strong>vero</strong></span> <span class='ocrx_word' id='word_1_339' title='bbox 1723 3192 2181 3264; x_wconf 89' lang='lat' dir='ltr'><strong>impressionem</strong></span> 
     </span>
    </p>
   </div>
   <div class='ocr_carea' id='block_1_47' title="bbox 527 3280 2176 3356">
    <p class='ocr_par' dir='ltr' id='par_1_47' title="bbox 527 3280 2176 3356">
     <span class='ocr_line' id='line_1_47' title="bbox 527 3280 2176 3356; baseline -0.003 -16"><span class='ocrx_word' id='word_1_340' title='bbox 527 3285 602 3342; x_wconf 92' lang='lat' dir='ltr'><strong>ad</strong></span> <span class='ocrx_word' id='word_1_341' title='bbox 623 3284 908 3356; x_wconf 91' lang='lat' dir='ltr'><strong>Spiritum</strong></span> <span class='ocrx_word' id='word_1_342' title='bbox 927 3288 1198 3338; x_wconf 89' lang='lat' dir='ltr'><strong>sanctum</strong></span> <span class='ocrx_word' id='word_1_343' title='bbox 1233 3281 1533 3353; x_wconf 87' lang='lat' dir='ltr'><strong>pertinere</strong></span> <span class='ocrx_word' id='word_1_344' title='bbox 1564 3280 1736 3336; x_wconf 89' lang='lat' dir='ltr'><strong>docet</strong></span> <span class='ocrx_word' id='word_1_345' title='bbox 1764 3281 2040 3352; x_wconf 84' lang='lat' dir='ltr'><strong>Cyrillus,</strong></span> <span class='ocrx_word' id='word_1_346' title='bbox 2066 3287 2176 3336; x_wconf 91' lang='lat' dir='ltr'><strong>cat.</strong></span> 
     </span>
    </p>
   </div>
   <div class='ocr_carea' id='block_1_48' title="bbox 528 3371 2181 3440">
    <p class='ocr_par' dir='ltr' id='par_1_48' title="bbox 528 3371 2181 3440">
     <span class='ocr_line' id='line_1_48' title="bbox 528 3371 2181 3440; baseline -0.002 -12"><span class='ocrx_word' id='word_1_347' title='bbox 528 3377 580 3437; x_wconf 88' lang='lat'><strong>3,</strong></span> <span class='ocrx_word' id='word_1_348' title='bbox 615 3391 674 3428; x_wconf 91' lang='lat' dir='ltr'><strong>n.</strong></span> <span class='ocrx_word' id='word_1_349' title='bbox 709 3375 779 3439; x_wconf 91' lang='lat'><strong>3;</strong></span> <span class='ocrx_word' id='word_1_350' title='bbox 813 3379 927 3428; x_wconf 90' lang='lat' dir='ltr'><strong>cat.</strong></span> <span class='ocrx_word' id='word_1_351' title='bbox 959 3374 1014 3440; x_wconf 83' lang='grc'><strong>4,</strong></span> <span class='ocrx_word' id='word_1_352' title='bbox 1048 3389 1110 3426; x_wconf 92' lang='lat' dir='ltr'><strong>n.</strong></span> <span class='ocrx_word' id='word_1_353' title='bbox 1148 3373 1211 3424; x_wconf 82' lang='lat' dir='ltr'><strong>I6</strong></span> <span class='ocrx_word' id='word_1_354' title='bbox 1241 3387 1254 3437; x_wconf 93' lang='lat'><strong>;</strong></span> <span class='ocrx_word' id='word_1_355' title='bbox 1291 3375 1404 3425; x_wconf 91' lang='lat' dir='ltr'><strong>cat.</strong></span> <span class='ocrx_word' id='word_1_356' title='bbox 1440 3372 1527 3434; x_wconf 84' lang='grc'><strong>16,</strong></span> <span class='ocrx_word' id='word_1_357' title='bbox 1561 3386 1622 3424; x_wconf 91' lang='grc' dir='ltr'><strong>ιι.</strong></span> <span class='ocrx_word' id='word_1_358' title='bbox 1648 3371 1737 3434; x_wconf 82' lang='grc'><strong>24,</strong></span> <span class='ocrx_word' id='word_1_359' title='bbox 1771 3375 2056 3436; x_wconf 87' lang='lat' dir='ltr'><strong>etc.;cat.</strong></span> <span class='ocrx_word' id='word_1_360' title='bbox 2093 3373 2181 3438; x_wconf 88' lang='grc'><strong>17,</strong></span> 
     </span>
    </p>
   </div>
   <div class='ocr_carea' id='block_1_49' title="bbox 528 3458 2184 3532">
    <p class='ocr_par' dir='ltr' id='par_1_49' title="bbox 528 3458 2184 3532">
     <span class='ocr_line' id='line_1_49' title="bbox 528 3458 2184 3532; baseline -0.003 -14"><span class='ocrx_word' id='word_1_361' title='bbox 528 3480 592 3518; x_wconf 88' lang='grc' dir='ltr'><strong>ιι.</strong></span> <span class='ocrx_word' id='word_1_362' title='bbox 623 3463 714 3518; x_wconf 78' lang='lat'><strong>35.</strong></span> <span class='ocrx_word' id='word_1_363' title='bbox 735 3463 822 3516; x_wconf 89' lang='lat' dir='ltr'><strong>En</strong></span> <span class='ocrx_word' id='word_1_364' title='bbox 853 3459 1034 3532; x_wconf 85' lang='lat' dir='ltr'><strong>igitur</strong></span> <span class='ocrx_word' id='word_1_365' title='bbox 1056 3459 1281 3515; x_wconf 89' lang='lat' dir='ltr'><strong>donum</strong></span> <span class='ocrx_word' id='word_1_366' title='bbox 1309 3458 1563 3530; x_wconf 88' lang='lat' dir='ltr'><strong>Spiritus</strong></span> <span class='ocrx_word' id='word_1_367' title='bbox 1585 3459 1775 3514; x_wconf 91' lang='lat' dir='ltr'><strong>sancti</strong></span> <span class='ocrx_word' id='word_1_368' title='bbox 1804 3474 1840 3513; x_wconf 90' lang='lat' dir='ltr'><strong>a</strong></span> <span class='ocrx_word' id='word_1_369' title='bbox 1868 3459 2184 3514; x_wconf 84' lang='lat' dir='ltr'><strong>conﬁrma-</strong></span> 
     </span>
    </p>
   </div>
   <div class='ocr_carea' id='block_1_50' title="bbox 533 3547 2184 3620">
    <p class='ocr_par' dir='ltr' id='par_1_50' title="bbox 533 3547 2184 3620">
     <span class='ocr_line' id='line_1_50' title="bbox 533 3547 2184 3620; baseline -0.003 -14"><span class='ocrx_word' id='word_1_370' title='bbox 533 3551 694 3606; x_wconf 88' lang='lat' dir='ltr'><strong>tione</strong></span> <span class='ocrx_word' id='word_1_371' title='bbox 726 3547 1278 3620; x_wconf 82' lang='lat' dir='ltr'><strong>distinctum,quod</strong></span> <span class='ocrx_word' id='word_1_372' title='bbox 1305 3547 1552 3602; x_wconf 89' lang='lat' dir='ltr'><strong>Joannis</strong></span> <span class='ocrx_word' id='word_1_373' title='bbox 1574 3547 1871 3618; x_wconf 86' lang='lat' dir='ltr'><strong>baptismo</strong></span> <span class='ocrx_word' id='word_1_374' title='bbox 1902 3553 2184 3620; x_wconf 86' lang='lat' dir='ltr'><strong>negatum</strong></span> 
     </span>
    </p>
   </div>
   <div class='ocr_carea' id='block_1_51' title="bbox 531 3636 2182 3711">
    <p class='ocr_par' dir='ltr' id='par_1_51' title="bbox 531 3636 2182 3711">
     <span class='ocr_line' id='line_1_51' title="bbox 531 3636 2182 3711; baseline -0.002 -16"><span class='ocrx_word' id='word_1_375' title='bbox 531 3640 815 3711; x_wconf 89' lang='lat' dir='ltr'><strong>baptismi</strong></span> <span class='ocrx_word' id='word_1_376' title='bbox 839 3637 1074 3710; x_wconf 90' lang='lat' dir='ltr'><strong>proprie</strong></span> <span class='ocrx_word' id='word_1_377' title='bbox 1099 3637 1238 3692; x_wconf 88' lang='lat' dir='ltr'><strong>dicti</strong></span> <span class='ocrx_word' id='word_1_378' title='bbox 1265 3638 1509 3692; x_wconf 65' lang='lat' dir='ltr'><strong>effectus</strong></span> <span class='ocrx_word' id='word_1_379' title='bbox 1526 3641 1634 3690; x_wconf 88' lang='lat' dir='ltr'><strong>est.</strong></span> <span class='ocrx_word' id='word_1_380' title='bbox 1651 3636 1868 3700; x_wconf 88' lang='lat' dir='ltr'><strong>Quinta</strong></span> <span class='ocrx_word' id='word_1_381' title='bbox 1889 3652 2182 3707; x_wconf 68' lang='lat' dir='ltr'><strong>prasroga-</strong></span> 
     </span>
    </p>
   </div>
   <div class='ocr_carea' id='block_1_52' title="bbox 534 3725 2184 3798">
    <p class='ocr_par' dir='ltr' id='par_1_52' title="bbox 534 3725 2184 3798">
     <span class='ocr_line' id='line_1_52' title="bbox 534 3725 2184 3798; baseline -0.004 -12"><span class='ocrx_word' id='word_1_382' title='bbox 534 3731 688 3786; x_wconf 88' lang='lat' dir='ltr'><strong>tiva:</strong></span> <span class='ocrx_word' id='word_1_383' title='bbox 742 3745 880 3785; x_wconf 89' lang='lat' dir='ltr'><strong>cum</strong></span> <span class='ocrx_word' id='word_1_384' title='bbox 936 3728 1180 3784; x_wconf 87' lang='lat' dir='ltr'><strong>Joannis</strong></span> <span class='ocrx_word' id='word_1_385' title='bbox 1238 3727 1573 3798; x_wconf 87' lang='lat' dir='ltr'><strong>baptismus</strong></span> <span class='ocrx_word' id='word_1_386' title='bbox 1623 3725 1827 3796; x_wconf 85' lang='lat' dir='ltr'><strong>Cyrilli</strong></span> <span class='ocrx_word' id='word_1_387' title='bbox 1887 3725 2184 3780; x_wconf 89' lang='lat' dir='ltr'><strong>sententia</strong></span> 
     </span>
    </p>
   </div>
   <div class='ocr_carea' id='block_1_53' title="bbox 535 3815 2184 3886">
    <p class='ocr_par' dir='ltr' id='par_1_53' title="bbox 535 3815 2184 3886">
     <span class='ocr_line' id='line_1_53' title="bbox 535 3815 2184 3886; baseline -0.003 -11"><span class='ocrx_word' id='word_1_388' title='bbox 535 3819 759 3875; x_wconf 89' lang='lat' dir='ltr'><strong>nudam</strong></span> <span class='ocrx_word' id='word_1_389' title='bbox 790 3823 850 3873; x_wconf 92' lang='lat' dir='ltr'><strong>et</strong></span> <span class='ocrx_word' id='word_1_390' title='bbox 879 3815 1069 3872; x_wconf 89' lang='lat' dir='ltr'><strong>solam</strong></span> <span class='ocrx_word' id='word_1_391' title='bbox 1095 3815 1512 3871; x_wconf 88' lang='lat' dir='ltr'><strong>remissionem</strong></span> <span class='ocrx_word' id='word_1_392' title='bbox 1535 3820 1913 3886; x_wconf 89' lang='lat' dir='ltr'><strong>peccatorum</strong></span> <span class='ocrx_word' id='word_1_393' title='bbox 1939 3819 2184 3886; x_wconf 69' lang='lat' dir='ltr'><strong>praesta-</strong></span> 
     </span>
    </p>
   </div>
   <div class='ocr_carea' id='block_1_54' title="bbox 533 3903 2182 3978">
    <p class='ocr_par' dir='ltr' id='par_1_54' title="bbox 533 3903 2182 3978">
     <span class='ocr_line' id='line_1_54' title="bbox 533 3903 2182 3978; baseline -0.002 -18"><span class='ocrx_word' id='word_1_394' title='bbox 533 3913 646 3974; x_wconf 91' lang='lat' dir='ltr'><strong>ret,</strong></span> <span class='ocrx_word' id='word_1_395' title='bbox 681 3922 857 3978; x_wconf 86' lang='lat' dir='ltr'><strong>quam</strong></span> <span class='ocrx_word' id='word_1_396' title='bbox 890 3921 1012 3960; x_wconf 92' lang='lat' dir='ltr'><strong>non</strong></span> <span class='ocrx_word' id='word_1_397' title='bbox 1043 3904 1264 3960; x_wconf 90' lang='lat' dir='ltr'><strong>idcirco</strong></span> <span class='ocrx_word' id='word_1_398' title='bbox 1307 3911 1663 3975; x_wconf 86' lang='lat' dir='ltr'><strong>sequeretur</strong></span> <span class='ocrx_word' id='word_1_399' title='bbox 1703 3903 1952 3958; x_wconf 62' lang='lat' dir='ltr'><strong>maculis</strong></span> <span class='ocrx_word' id='word_1_400' title='bbox 1983 3903 2182 3974; x_wconf 81' lang='lat' dir='ltr'><strong>cujus-</strong></span> 
     </span>
    </p>
   </div>
   <div class='ocr_carea' id='block_1_55' title="bbox 535 3991 2183 4065">
    <p class='ocr_par' dir='ltr' id='par_1_55' title="bbox 535 3991 2183 4065">
     <span class='ocr_line' id='line_1_55' title="bbox 535 3991 2183 4065; baseline -0.002 -17"><span class='ocrx_word' id='word_1_401' title='bbox 535 3993 674 4050; x_wconf 90' lang='lat' dir='ltr'><strong>dam</strong></span> <span class='ocrx_word' id='word_1_402' title='bbox 696 3998 830 4065; x_wconf 89' lang='lat' dir='ltr'><strong>post</strong></span> <span class='ocrx_word' id='word_1_403' title='bbox 842 3999 1152 4064; x_wconf 88' lang='lat' dir='ltr'><strong>peccatum</strong></span> <span class='ocrx_word' id='word_1_404' title='bbox 1173 3991 1488 4046; x_wconf 88' lang='lat' dir='ltr'><strong>dimissum</strong></span> <span class='ocrx_word' id='word_1_405' title='bbox 1511 3991 1870 4062; x_wconf 87' lang='lat' dir='ltr'><strong>superstitis,</strong></span> <span class='ocrx_word' id='word_1_406' title='bbox 1903 3995 1962 4044; x_wconf 92' lang='lat' dir='ltr'><strong>et</strong></span> <span class='ocrx_word' id='word_1_407' title='bbox 1995 4007 2183 4061; x_wconf 65' lang='lat' dir='ltr'><strong>paena;</strong></span> 
     </span>
    </p>
   </div>
   <div class='ocr_carea' id='block_1_56' title="bbox 532 4077 2182 4152">
    <p class='ocr_par' dir='ltr' id='par_1_56' title="bbox 532 4077 2182 4152">
     <span class='ocr_line' id='line_1_56' title="bbox 532 4077 2182 4152; baseline -0.002 -17"><span class='ocrx_word' id='word_1_408' title='bbox 532 4080 628 4137; x_wconf 89' lang='lat' dir='ltr'><strong>vel</strong></span> <span class='ocrx_word' id='word_1_409' title='bbox 657 4081 720 4136; x_wconf 91' lang='lat' dir='ltr'><strong>in</strong></span> <span class='ocrx_word' id='word_1_410' title='bbox 749 4081 1089 4152; x_wconf 86' lang='lat' dir='ltr'><strong>purgatorio</strong></span> <span class='ocrx_word' id='word_1_411' title='bbox 1111 4080 1201 4134; x_wconf 89' lang='lat' dir='ltr'><strong>vel</strong></span> <span class='ocrx_word' id='word_1_412' title='bbox 1221 4080 1284 4133; x_wconf 92' lang='lat' dir='ltr'><strong>in</strong></span> <span class='ocrx_word' id='word_1_413' title='bbox 1305 4079 1439 4150; x_wconf 90' lang='lat' dir='ltr'><strong>igne</strong></span> <span class='ocrx_word' id='word_1_414' title='bbox 1462 4077 1677 4150; x_wconf 85' lang='lat' dir='ltr'><strong>judicii</strong></span> <span class='ocrx_word' id='word_1_415' title='bbox 1707 4077 1943 4132; x_wconf 69' lang='lat' dir='ltr'><strong>luendis</strong></span> <span class='ocrx_word' id='word_1_416' title='bbox 1991 4078 2182 4132; x_wconf 89' lang='lat' dir='ltr'><strong>aboli-</strong></span> 
     </span>
    </p>
   </div>
   <div class='ocr_carea' id='block_1_57' title="bbox 531 4166 2181 4241">
    <p class='ocr_par' dir='ltr' id='par_1_57' title="bbox 531 4166 2181 4241">
     <span class='ocr_line' id='line_1_57' title="bbox 531 4166 2181 4241; baseline -0.001 -16"><span class='ocrx_word' id='word_1_417' title='bbox 531 4170 638 4237; x_wconf 87' lang='lat' dir='ltr'><strong>tio,</strong></span> <span class='ocrx_word' id='word_1_418' title='bbox 666 4169 1000 4241; x_wconf 88' lang='lat' dir='ltr'><strong>baptismus</strong></span> <span class='ocrx_word' id='word_1_419' title='bbox 1031 4169 1270 4235; x_wconf 88' lang='lat' dir='ltr'><strong>Christi,</strong></span> <span class='ocrx_word' id='word_1_420' title='bbox 1303 4169 1582 4239; x_wconf 91' lang='lat' dir='ltr'><strong>idemque</strong></span> <span class='ocrx_word' id='word_1_421' title='bbox 1612 4166 1776 4222; x_wconf 89' lang='lat' dir='ltr'><strong>solus</strong></span> <span class='ocrx_word' id='word_1_422' title='bbox 1801 4183 2008 4223; x_wconf 87' lang='lat' dir='ltr'><strong>omnes</strong></span> <span class='ocrx_word' id='word_1_423' title='bbox 2045 4185 2181 4238; x_wconf 90' lang='lat' dir='ltr'><strong>pec-</strong></span> 
     </span>
    </p>
   </div>
   <div class='ocr_carea' id='block_1_58' title="bbox 532 4255 2183 4330">
    <p class='ocr_par' dir='ltr' id='par_1_58' title="bbox 532 4255 2183 4330">
     <span class='ocr_line' id='line_1_58' title="bbox 532 4255 2183 4330; baseline -0.001 -16"><span class='ocrx_word' id='word_1_424' title='bbox 532 4263 801 4314; x_wconf 88' lang='lat' dir='ltr'><strong>catorum</strong></span> <span class='ocrx_word' id='word_1_425' title='bbox 832 4258 1140 4313; x_wconf 87' lang='lat' dir='ltr'><strong>cicatrices</strong></span> <span class='ocrx_word' id='word_1_426' title='bbox 1189 4262 1250 4312; x_wconf 87' lang='lat' dir='ltr'><strong>et</strong></span> <span class='ocrx_word' id='word_1_427' title='bbox 1300 4262 1474 4312; x_wconf 92' lang='lat' dir='ltr'><strong>notas</strong></span> <span class='ocrx_word' id='word_1_428' title='bbox 1504 4257 1566 4311; x_wconf 91' lang='lat' dir='ltr'><strong>in</strong></span> <span class='ocrx_word' id='word_1_429' title='bbox 1594 4255 1796 4311; x_wconf 88' lang='lat' dir='ltr'><strong>anima</strong></span> <span class='ocrx_word' id='word_1_430' title='bbox 1850 4261 1910 4312; x_wconf 87' lang='lat' dir='ltr'><strong>et</strong></span> <span class='ocrx_word' id='word_1_431' title='bbox 1936 4273 2183 4330; x_wconf 91' lang='lat' dir='ltr'><strong>corpore</strong></span> 
     </span>
    </p>
   </div>
   <div class='ocr_carea' id='block_1_59' title="bbox 531 4343 2181 4418">
    <p class='ocr_par' dir='ltr' id='par_1_59' title="bbox 531 4343 2181 4418">
     <span class='ocr_line' id='line_1_59' title="bbox 531 4343 2181 4418; baseline -0.001 -16"><span class='ocrx_word' id='word_1_432' title='bbox 531 4347 714 4402; x_wconf 89' lang='lat' dir='ltr'><strong>etiam</strong></span> <span class='ocrx_word' id='word_1_433' title='bbox 743 4351 880 4418; x_wconf 88' lang='lat' dir='ltr'><strong>post</strong></span> <span class='ocrx_word' id='word_1_434' title='bbox 927 4346 1298 4401; x_wconf 89' lang='lat' dir='ltr'><strong>sanationem</strong></span> <span class='ocrx_word' id='word_1_435' title='bbox 1331 4344 1612 4416; x_wconf 83' lang='lat' dir='ltr'><strong>[CXCVII]</strong></span> <span class='ocrx_word' id='word_1_436' title='bbox 1667 4343 1936 4401; x_wconf 89' lang='lat' dir='ltr'><strong>residuas</strong></span> <span class='ocrx_word' id='word_1_437' title='bbox 1961 4346 2181 4414; x_wconf 89' lang='lat' dir='ltr'><strong>abolet,</strong></span> 
     </span>
    </p>
   </div>
   <div class='ocr_carea' id='block_1_60' title="bbox 531 4433 2182 4507">
    <p class='ocr_par' dir='ltr' id='par_1_60' title="bbox 531 4433 2182 4507">
     <span class='ocr_line' id='line_1_60' title="bbox 531 4433 2182 4507; baseline -0.001 -15"><span class='ocrx_word' id='word_1_438' title='bbox 531 4440 644 4492; x_wconf 89' lang='lat' dir='ltr'><strong>cat.</strong></span> <span class='ocrx_word' id='word_1_439' title='bbox 682 4437 768 4507; x_wconf 87' lang='grc'><strong>18,</strong></span> <span class='ocrx_word' id='word_1_440' title='bbox 801 4453 969 4491; x_wconf 86' lang='grc' dir='ltr'><strong>ιιιιιιι.</strong></span> <span class='ocrx_word' id='word_1_441' title='bbox 1001 4435 1093 4506; x_wconf 90' lang='grc'><strong>20,</strong></span> <span class='ocrx_word' id='word_1_442' title='bbox 1126 4451 1366 4490; x_wconf 90' lang='lat' dir='ltr'><strong>omnem</strong></span> <span class='ocrx_word' id='word_1_443' title='bbox 1414 4433 1573 4506; x_wconf 89' lang='lat' dir='ltr'><strong>apud</strong></span> <span class='ocrx_word' id='word_1_444' title='bbox 1603 4434 1788 4489; x_wconf 90' lang='lat' dir='ltr'><strong>Deum</strong></span> <span class='ocrx_word' id='word_1_445' title='bbox 1827 4435 2182 4491; x_wconf 89' lang='lat' dir='ltr'><strong>delictorum</strong></span> 
     </span>
    </p>
   </div>
   <div class='ocr_carea' id='block_1_61' title="bbox 531 4523 2178 4596">
    <p class='ocr_par' dir='ltr' id='par_1_61' title="bbox 531 4523 2178 4596">
     <span class='ocr_line' id='line_1_61' title="bbox 531 4523 2178 4596; baseline -0.001 -16"><span class='ocrx_word' id='word_1_446' title='bbox 531 4525 884 4580; x_wconf 90' lang='lat' dir='ltr'><strong>memoriam</strong></span> <span class='ocrx_word' id='word_1_447' title='bbox 926 4523 1230 4596; x_wconf 87' lang='lat' dir='ltr'><strong>abstergit,</strong></span> <span class='ocrx_word' id='word_1_448' title='bbox 1287 4528 1399 4579; x_wconf 85' lang='lat' dir='ltr'><strong>cat.</strong></span> <span class='ocrx_word' id='word_1_449' title='bbox 1462 4525 1549 4591; x_wconf 78' lang='grc'><strong>15,</strong></span> <span class='ocrx_word' id='word_1_450' title='bbox 1609 4539 1774 4578; x_wconf 82' lang='grc' dir='ltr'><strong>ιιιιιιι.</strong></span> <span class='ocrx_word' id='word_1_451' title='bbox 1832 4525 1922 4592; x_wconf 87' lang='grc'><strong>23,</strong></span> <span class='ocrx_word' id='word_1_452' title='bbox 1979 4529 2091 4579; x_wconf 88' lang='lat' dir='ltr'><strong>cat.</strong></span> <span class='ocrx_word' id='word_1_453' title='bbox 2125 4527 2178 4591; x_wconf 88' lang='lat'><strong>3,</strong></span> 
     </span>
    </p>
   </div>
   <div class='ocr_carea' id='block_1_62' title="bbox 2282 1947 3842 2016">
    <p class='ocr_par' dir='ltr' id='par_1_62' title="bbox 2282 1947 3842 2016">
     <span class='ocr_line' id='line_1_62' title="bbox 2282 1947 3842 2016; baseline -0.005 -14"><span class='ocrx_word' id='word_1_454' title='bbox 2282 1947 2540 2002; x_wconf 88' lang='lat' dir='ltr'><strong>adducto</strong></span> <span class='ocrx_word' id='word_1_455' title='bbox 2573 1949 2789 2003; x_wconf 79' lang='lat' dir='ltr'><strong>Christi</strong></span> <span class='ocrx_word' id='word_1_456' title='bbox 2819 1950 3162 2006; x_wconf 89' lang='lat' dir='ltr'><strong>testimonio</strong></span> <span class='ocrx_word' id='word_1_457' title='bbox 3181 1967 3200 2001; x_wconf 91' lang='lat'><em>:</em></span> <span class='ocrx_word' id='word_1_458' title='bbox 3229 1951 3356 2003; x_wconf 74' lang='lat' dir='ltr'><strong>Nisi</strong></span> <span class='ocrx_word' id='word_1_459' title='bbox 3381 1953 3507 2016; x_wconf 80' lang='lat' dir='ltr'><strong>quis</strong></span> <span class='ocrx_word' id='word_1_460' title='bbox 3534 1959 3687 2002; x_wconf 87' lang='lat' dir='ltr'><strong>natus</strong></span> <span class='ocrx_word' id='word_1_461' title='bbox 3719 1948 3842 2012; x_wconf 79' lang='lat' dir='ltr'><strong>fuerit</strong></span> 
     </span>
    </p>
   </div>
   <div class='ocr_carea' id='block_1_63' title="bbox 2279 2037 3846 2102">
    <p class='ocr_par' dir='ltr' id='par_1_63' title="bbox 2279 2037 3846 2102">
     <span class='ocr_line' id='line_1_63' title="bbox 2279 2037 3846 2102; baseline -0.001 -19"><span class='ocrx_word' id='word_1_462' title='bbox 2279 2037 2461 2084; x_wconf 84' lang='lat' dir='ltr'><strong>denuo</strong></span> <span class='ocrx_word' id='word_1_463' title='bbox 2488 2051 2558 2083; x_wconf 72' lang='lat' dir='ltr'><strong>ex</strong></span> <span class='ocrx_word' id='word_1_464' title='bbox 2589 2051 2739 2100; x_wconf 84' lang='lat' dir='ltr'><strong>aqua</strong></span> <span class='ocrx_word' id='word_1_465' title='bbox 2771 2045 2825 2085; x_wconf 91' lang='lat' dir='ltr'><strong>et</strong></span> <span class='ocrx_word' id='word_1_466' title='bbox 2847 2038 3075 2098; x_wconf 81' lang='lat' dir='ltr'><strong>Spiritu</strong></span> <span class='ocrx_word' id='word_1_467' title='bbox 3105 2049 3316 2098; x_wconf 77' lang='lat' dir='ltr'><strong>sancto.</strong></span> <span class='ocrx_word' id='word_1_468' title='bbox 3341 2057 3450 2090; x_wconf 86' lang='lat' dir='ltr'><strong>non</strong></span> <span class='ocrx_word' id='word_1_469' title='bbox 3475 2048 3640 2102; x_wconf 87' lang='lat' dir='ltr'><strong>potest</strong></span> <span class='ocrx_word' id='word_1_470' title='bbox 3673 2037 3846 2088; x_wconf 63' lang='grc' dir='ltr'><strong>ὄπιν-σίνε</strong></span> 
     </span>
    </p>
   </div>
   <div class='ocr_carea' id='block_1_64' title="bbox 2282 2125 3845 2195">
    <p class='ocr_par' dir='ltr' id='par_1_64' title="bbox 2282 2125 3845 2195">
     <span class='ocr_line' id='line_1_64' title="bbox 2282 2125 3845 2195; baseline 0.008 -23"><span class='ocrx_word' id='word_1_471' title='bbox 2282 2125 2345 2173; x_wconf 87' lang='lat' dir='ltr'><strong>in</strong></span> <span class='ocrx_word' id='word_1_472' title='bbox 2367 2139 2608 2187; x_wconf 89' lang='lat' dir='ltr'><strong>regnum</strong></span> <span class='ocrx_word' id='word_1_473' title='bbox 2627 2126 2729 2174; x_wconf 90' lang='lat' dir='ltr'><strong>Dei</strong></span> <span class='ocrx_word' id='word_1_474' title='bbox 2751 2125 2798 2161; x_wconf 72' lang='grc' dir='ltr'><strong>³ο</strong></span> <span class='ocrx_word' id='word_1_475' title='bbox 2817 2146 2832 2195; x_wconf 75' lang='grc' dir='ltr'>ς</span> <span class='ocrx_word' id='word_1_476' title='bbox 2855 2127 2937 2182; x_wconf 80' lang='lat' dir='ltr'><strong>ait</strong></span> <span class='ocrx_word' id='word_1_477' title='bbox 2956 2128 3081 2177; x_wconf 90' lang='lat' dir='ltr'><strong>sine</strong></span> <span class='ocrx_word' id='word_1_478' title='bbox 3098 2128 3384 2192; x_wconf 76' lang='lat' dir='ltr'><strong>ambobus,</strong></span> <span class='ocrx_word' id='word_1_479' title='bbox 3403 2146 3548 2194; x_wconf 79' lang='lat' dir='ltr'><strong>aqua</strong></span> <span class='ocrx_word' id='word_1_480' title='bbox 3566 2130 3796 2184; x_wconf 86' lang='lat' dir='ltr'><strong>nimirum</strong></span> <span class='ocrx_word' id='word_1_481' title='bbox 3813 2134 3845 2172; x_wconf 69' lang='grc' dir='ltr'><strong>εί</strong></span> 
     </span>
    </p>
   </div>
   <div class='ocr_carea' id='block_1_65' title="bbox 2280 2215 3847 2282">
    <p class='ocr_par' dir='ltr' id='par_1_65' title="bbox 2280 2215 3847 2282">
     <span class='ocr_line' id='line_1_65' title="bbox 2280 2215 3847 2282; baseline 0.004 -20"><span class='ocrx_word' id='word_1_482' title='bbox 2280 2215 2514 2274; x_wconf 81' lang='lat' dir='ltr'><strong>spiritu,</strong></span> <span class='ocrx_word' id='word_1_483' title='bbox 2548 2216 2850 2270; x_wconf 84' lang='lat' dir='ltr'><strong>neminem</strong></span> <span class='ocrx_word' id='word_1_484' title='bbox 2889 2231 3051 2276; x_wconf 88' lang='lat' dir='ltr'><strong>posse</strong></span> <span class='ocrx_word' id='word_1_485' title='bbox 3095 2219 3500 2278; x_wconf 76' lang='lat' dir='ltr'><strong>perfectionem</strong></span> <span class='ocrx_word' id='word_1_486' title='bbox 3546 2217 3786 2282; x_wconf 78' lang='lat' dir='ltr'><strong>bonsequi,</strong></span> <span class='ocrx_word' id='word_1_487' title='bbox 3805 2231 3847 2268; x_wconf 83' lang='lat' dir='ltr'><strong>ac</strong></span> 
     </span>
    </p>
   </div>
   <div class='ocr_carea' id='block_1_66' title="bbox 2283 2303 3846 2375">
    <p class='ocr_par' dir='ltr' id='par_1_66' title="bbox 2283 2303 3846 2375">
     <span class='ocr_line' id='line_1_66' title="bbox 2283 2303 3846 2375; baseline -0.004 -17"><span class='ocrx_word' id='word_1_488' title='bbox 2283 2303 2527 2375; x_wconf 85' lang='lat' dir='ltr'><strong>subjicit</strong></span> <span class='ocrx_word' id='word_1_489' title='bbox 2549 2321 2562 2357; x_wconf 91' lang='lat'><strong>:</strong></span> <span class='ocrx_word' id='word_1_490' title='bbox 2595 2305 2783 2367; x_wconf 81' lang='lat' dir='ltr'><strong>Neque</strong></span> <span class='ocrx_word' id='word_1_491' title='bbox 2810 2305 2863 2352; x_wconf 87' lang='lat' dir='ltr'><strong>si</strong></span> <span class='ocrx_word' id='word_1_492' title='bbox 2886 2305 3018 2368; x_wconf 74' lang='lat' dir='ltr'><strong>quis</strong></span> <span class='ocrx_word' id='word_1_493' title='bbox 3044 2319 3197 2368; x_wconf 80' lang='lat' dir='ltr'><strong>aqua</strong></span> <span class='ocrx_word' id='word_1_494' title='bbox 3222 2307 3538 2368; x_wconf 79' lang='lat' dir='ltr'><strong>baptisetur</strong></span> <span class='ocrx_word' id='word_1_495' title='bbox 3555 2314 3609 2356; x_wconf 87' lang='lat' dir='ltr'><strong>at</strong></span> <span class='ocrx_word' id='word_1_496' title='bbox 3635 2307 3846 2368; x_wconf 74' lang='lat' dir='ltr'><strong>Spiritum</strong></span> 
     </span>
    </p>
   </div>
   <div class='ocr_carea' id='block_1_67' title="bbox 2281 2392 3848 2464">
    <p class='ocr_par' dir='ltr' id='par_1_67' title="bbox 2281 2392 3848 2464">
     <span class='ocr_line' id='line_1_67' title="bbox 2281 2392 3848 2464; baseline 0.001 -20"><span class='ocrx_word' id='word_1_497' title='bbox 2281 2407 2394 2440; x_wconf 83' lang='lat' dir='ltr'><strong>non</strong></span> <span class='ocrx_word' id='word_1_498' title='bbox 2439 2392 2677 2453; x_wconf 58' lang='lat' dir='ltr'><strong>arripiat</strong></span> <span class='ocrx_word' id='word_1_499' title='bbox 2734 2394 2946 2464; x_wconf 64' lang='lat' dir='ltr'><strong>(pravas</strong></span> <span class='ocrx_word' id='word_1_500' title='bbox 3002 2395 3282 2452; x_wconf 90' lang='lat' dir='ltr'><strong>videlicet</strong></span> <span class='ocrx_word' id='word_1_501' title='bbox 3337 2397 3520 2454; x_wconf 89' lang='lat' dir='ltr'><strong>animi</strong></span> <span class='ocrx_word' id='word_1_502' title='bbox 3573 2393 3848 2452; x_wconf 86' lang='lat' dir='ltr'><strong>inductionis</strong></span> 
     </span>
    </p>
   </div>
   <div class='ocr_carea' id='block_1_68' title="bbox 2282 2483 3851 2558">
    <p class='ocr_par' dir='ltr' id='par_1_68' title="bbox 2282 2483 3851 2558">
     <span class='ocr_line' id='line_1_68' title="bbox 2282 2483 3851 2558; baseline 0.006 -24"><span class='ocrx_word' id='word_1_503' title='bbox 2282 2495 2482 2543; x_wconf 89' lang='lat' dir='ltr'><strong>causa,</strong></span> <span class='ocrx_word' id='word_1_504' title='bbox 2510 2485 2732 2551; x_wconf 90' lang='lat' dir='ltr'><strong>procat.</strong></span> <span class='ocrx_word' id='word_1_505' title='bbox 2763 2498 2822 2537; x_wconf 91' lang='grc' dir='ltr'><strong>ιι.</strong></span> <span class='ocrx_word' id='word_1_506' title='bbox 2860 2483 2910 2551; x_wconf 81' lang='grc'><strong>2,</strong></span> <span class='ocrx_word' id='word_1_507' title='bbox 2958 2491 3072 2540; x_wconf 90' lang='lat' dir='ltr'><strong>cat.</strong></span> <span class='ocrx_word' id='word_1_508' title='bbox 3136 2489 3225 2555; x_wconf 87' lang='grc'><strong>17,</strong></span> <span class='ocrx_word' id='word_1_509' title='bbox 3279 2504 3341 2543; x_wconf 89' lang='grc' dir='ltr'><strong>ιι.</strong></span> <span class='ocrx_word' id='word_1_510' title='bbox 3375 2489 3486 2558; x_wconf 87' lang='lat'><strong>36).</strong></span> <span class='ocrx_word' id='word_1_511' title='bbox 3517 2493 3734 2550; x_wconf 72' lang='lat' dir='ltr'><strong>gramm</strong></span> <span class='ocrx_word' id='word_1_512' title='bbox 3759 2495 3851 2543; x_wconf 59' lang='grc' dir='ltr'><strong>Μ’</strong></span> 
     </span>
    </p>
   </div>
   <div class='ocr_carea' id='block_1_69' title="bbox 2281 2568 3852 2636">
    <p class='ocr_par' dir='ltr' id='par_1_69' title="bbox 2281 2568 3852 2636">
     <span class='ocr_line' id='line_1_69' title="bbox 2281 2568 3852 2636; baseline 0.006 -20"><span class='ocrx_word' id='word_1_513' title='bbox 2281 2570 2487 2630; x_wconf 83' lang='lat' dir='ltr'><strong>fectam</strong></span> <span class='ocrx_word' id='word_1_514' title='bbox 2506 2568 2692 2618; x_wconf 79' lang='lat' dir='ltr'><strong>habet:</strong></span> <span class='ocrx_word' id='word_1_515' title='bbox 2712 2585 2907 2635; x_wconf 78' lang='lat' dir='ltr'><strong>neque,</strong></span> <span class='ocrx_word' id='word_1_516' title='bbox 2941 2573 3142 2636; x_wconf 81' lang='lat' dir='ltr'><strong>siquis</strong></span> <span class='ocrx_word' id='word_1_517' title='bbox 3183 2577 3358 2625; x_wconf 88' lang='lat' dir='ltr'><strong>etiam</strong></span> <span class='ocrx_word' id='word_1_518' title='bbox 3383 2577 3646 2625; x_wconf 77' lang='lat' dir='ltr'><strong>virtutum</strong></span> <span class='ocrx_word' id='word_1_519' title='bbox 3663 2571 3852 2635; x_wconf 58' lang='lat' dir='ltr'><strong>operi?!”</strong></span> 
     </span>
    </p>
   </div>
   <div class='ocr_carea' id='block_1_70' title="bbox 2282 2659 3854 2731">
    <p class='ocr_par' dir='ltr' id='par_1_70' title="bbox 2282 2659 3854 2731">
     <span class='ocr_line' id='line_1_70' title="bbox 2282 2659 3854 2731; baseline 0.004 -24"><span class='ocrx_word' id='word_1_520' title='bbox 2282 2659 2600 2709; x_wconf 82' lang='lat' dir='ltr'><strong>instructus</strong></span> <span class='ocrx_word' id='word_1_521' title='bbox 2628 2663 2997 2723; x_wconf 77' lang='lat' dir='ltr'><strong>signaculum</strong></span> <span class='ocrx_word' id='word_1_522' title='bbox 3027 2679 3140 2726; x_wconf 83' lang='lat' dir='ltr'><strong>per</strong></span> <span class='ocrx_word' id='word_1_523' title='bbox 3171 2681 3384 2731; x_wconf 74' lang='lat' dir='ltr'><strong>aquam</strong></span> <span class='ocrx_word' id='word_1_524' title='bbox 3413 2683 3523 2716; x_wconf 80' lang='lat' dir='ltr'><strong>non</strong></span> <span class='ocrx_word' id='word_1_525' title='bbox 3551 2666 3762 2726; x_wconf 79' lang='lat' dir='ltr'><strong>recipiat,</strong></span> <span class='ocrx_word' id='word_1_526' title='bbox 3785 2659 3854 2708; x_wconf 73' lang='grc' dir='ltr'><strong>ἰΙῙι</strong></span> 
     </span>
    </p>
   </div>
   <div class='ocr_carea' id='block_1_71' title="bbox 2283 2748 3852 2820">
    <p class='ocr_par' dir='ltr' id='par_1_71' title="bbox 2283 2748 3852 2820">
     <span class='ocr_line' id='line_1_71' title="bbox 2283 2748 3852 2820; baseline 0.003 -24"><span class='ocrx_word' id='word_1_527' title='bbox 2283 2748 2549 2798; x_wconf 76' lang='lat' dir='ltr'><strong>crelorum</strong></span> <span class='ocrx_word' id='word_1_528' title='bbox 2563 2764 2801 2812; x_wconf 88' lang='lat' dir='ltr'><strong>regnum</strong></span> <span class='ocrx_word' id='word_1_529' title='bbox 2815 2751 3184 2814; x_wconf 83' lang='lat' dir='ltr'><strong>ingressurus</strong></span> <span class='ocrx_word' id='word_1_530' title='bbox 3195 2764 3296 2805; x_wconf 88' lang='lat' dir='ltr'><strong>est.</strong></span> <span class='ocrx_word' id='word_1_531' title='bbox 3307 2749 3852 2820; x_wconf 70' lang='lat' dir='ltr'><strong>Vehementer-cupiam</strong></span> 
     </span>
    </p>
   </div>
   <div class='ocr_carea' id='block_1_72' title="bbox 2285 2835 3846 2918">
    <p class='ocr_par' dir='ltr' id='par_1_72' title="bbox 2285 2835 3846 2918">
     <span class='ocr_line' id='line_1_72' title="bbox 2285 2835 3846 2918; baseline -0.002 -27"><span class='ocrx_word' id='word_1_532' title='bbox 2285 2835 2412 2892; x_wconf 72' lang='lat' dir='ltr'><strong>huic</strong></span> <span class='ocrx_word' id='word_1_533' title='bbox 2442 2837 2514 2893; x_wconf 91' lang='lat' dir='ltr'><strong>de</strong></span> <span class='ocrx_word' id='word_1_534' title='bbox 2545 2855 2634 2899; x_wconf 87' lang='lat' dir='ltr'><strong>eo.</strong></span> <span class='ocrx_word' id='word_1_535' title='bbox 2670 2839 2773 2909; x_wconf 89' lang='lat' dir='ltr'><strong>qui</strong></span> <span class='ocrx_word' id='word_1_536' title='bbox 2806 2855 2868 2895; x_wconf 90' lang='lat' dir='ltr'><strong>se</strong></span> <span class='ocrx_word' id='word_1_537' title='bbox 2891 2842 3126 2913; x_wconf 90' lang='lat' dir='ltr'><strong>justum</strong></span> <span class='ocrx_word' id='word_1_538' title='bbox 3161 2851 3385 2915; x_wconf 91' lang='lat' dir='ltr'><strong>putans</strong></span> <span class='ocrx_word' id='word_1_539' title='bbox 3414 2845 3846 2918; x_wconf 85' lang='lat' dir='ltr'><strong>baptismnmcon-</strong></span> 
     </span>
    </p>
   </div>
   <div class='ocr_carea' id='block_1_73' title="bbox 2287 2926 3851 3002">
    <p class='ocr_par' dir='ltr' id='par_1_73' title="bbox 2287 2926 3851 3002">
     <span class='ocr_line' id='line_1_73' title="bbox 2287 2926 3851 3002; baseline 0.004 -24"><span class='ocrx_word' id='word_1_540' title='bbox 2287 2929 2532 2981; x_wconf 91' lang='lat' dir='ltr'><strong>temnat.</strong></span> <span class='ocrx_word' id='word_1_541' title='bbox 2567 2926 2921 3000; x_wconf 85' lang='lat' dir='ltr'><strong>intelligere.</strong></span> <span class='ocrx_word' id='word_1_542' title='bbox 2965 2929 3077 2985; x_wconf 88' lang='lat' dir='ltr'><strong>Sed</strong></span> <span class='ocrx_word' id='word_1_543' title='bbox 3109 2949 3230 3002; x_wconf 92' lang='lat' dir='ltr'><strong>quo</strong></span> <span class='ocrx_word' id='word_1_544' title='bbox 3273 2935 3513 2990; x_wconf 89' lang='lat' dir='ltr'><strong>tandem</strong></span> <span class='ocrx_word' id='word_1_545' title='bbox 3565 2929 3730 2995; x_wconf 88' lang='lat' dir='ltr'><strong>modo,</strong></span> <span class='ocrx_word' id='word_1_546' title='bbox 3754 2937 3851 2980; x_wconf 78' lang='lat' dir='ltr'><strong>cum</strong></span> 
     </span>
    </p>
   </div>
   <div class='ocr_carea' id='block_1_74' title="bbox 2289 3011 3857 3090">
    <p class='ocr_par' dir='ltr' id='par_1_74' title="bbox 2289 3011 3857 3090">
     <span class='ocr_line' id='line_1_74' title="bbox 2289 3011 3857 3090; baseline 0 -24"><span class='ocrx_word' id='word_1_547' title='bbox 2289 3011 2444 3070; x_wconf 82' lang='lat' dir='ltr'><strong>infra</strong></span> <span class='ocrx_word' id='word_1_548' title='bbox 2466 3014 2527 3070; x_wconf 91' lang='lat' dir='ltr'><strong>in</strong></span> <span class='ocrx_word' id='word_1_549' title='bbox 2559 3017 2898 3088; x_wconf 84' lang='lat' dir='ltr'><strong>exemplum</strong></span> <span class='ocrx_word' id='word_1_550' title='bbox 2930 3019 3224 3090; x_wconf 90' lang='lat' dir='ltr'><strong>producat</strong></span> <span class='ocrx_word' id='word_1_551' title='bbox 3255 3017 3857 3090; x_wconf 87' lang='lat' dir='ltr'><strong>Cornelium,baptisma-</strong></span> 
     </span>
    </p>
   </div>
   <div class='ocr_carea' id='block_1_75' title="bbox 2288 3100 3858 3185">
    <p class='ocr_par' dir='ltr' id='par_1_75' title="bbox 2288 3100 3858 3185">
     <span class='ocr_line' id='line_1_75' title="bbox 2288 3100 3858 3185; baseline 0.004 -28"><span class='ocrx_word' id='word_1_552' title='bbox 2288 3103 2365 3158; x_wconf 90' lang='lat' dir='ltr'><strong>tis</strong></span> <span class='ocrx_word' id='word_1_553' title='bbox 2385 3120 2527 3159; x_wconf 89' lang='lat' dir='ltr'><strong>sane</strong></span> <span class='ocrx_word' id='word_1_554' title='bbox 2554 3121 2674 3159; x_wconf 91' lang='lat' dir='ltr'><strong>non</strong></span> <span class='ocrx_word' id='word_1_555' title='bbox 2696 3111 3208 3175; x_wconf 83' lang='lat' dir='ltr'><strong>contemnentem,</strong></span> <span class='ocrx_word' id='word_1_556' title='bbox 3235 3118 3292 3168; x_wconf 87' lang='lat' dir='ltr'><strong>et</strong></span> <span class='ocrx_word' id='word_1_557' title='bbox 3319 3131 3436 3185; x_wconf 88' lang='lat' dir='ltr'><strong>quo</strong></span> <span class='ocrx_word' id='word_1_558' title='bbox 3458 3117 3613 3185; x_wconf 91' lang='lat' dir='ltr'><strong>pacto</strong></span> <span class='ocrx_word' id='word_1_559' title='bbox 3655 3121 3764 3164; x_wconf 89' lang='lat' dir='ltr'><strong>eum</strong></span> <span class='ocrx_word' id='word_1_560' title='bbox 3787 3100 3858 3172; x_wconf 76' lang='lat' dir='ltr'><strong>qui</strong></span> 
     </span>
    </p>
   </div>
   <div class='ocr_carea' id='block_1_76' title="bbox 2294 3185 3865 3270">
    <p class='ocr_par' dir='ltr' id='par_1_76' title="bbox 2294 3185 3865 3270">
     <span class='ocr_line' id='line_1_76' title="bbox 2294 3185 3865 3270; baseline 0.003 -26"><span class='ocrx_word' id='word_1_561' title='bbox 2294 3190 2444 3246; x_wconf 92' lang='lat' dir='ltr'><strong>illud</strong></span> <span class='ocrx_word' id='word_1_562' title='bbox 2469 3197 2815 3249; x_wconf 88' lang='lat' dir='ltr'><strong>contemnat</strong></span> <span class='ocrx_word' id='word_1_563' title='bbox 2842 3195 3127 3252; x_wconf 90' lang='lat' dir='ltr'><strong>virtutum</strong></span> <span class='ocrx_word' id='word_1_564' title='bbox 3141 3201 3432 3270; x_wconf 90' lang='lat' dir='ltr'><strong>operibus</strong></span> <span class='ocrx_word' id='word_1_565' title='bbox 3455 3201 3780 3260; x_wconf 86' lang='lat' dir='ltr'><strong>instructum,</strong></span> <span class='ocrx_word' id='word_1_566' title='bbox 3805 3185 3865 3240; x_wconf 75' lang='grc' dir='ltr'><strong>ἒν·</strong></span> 
     </span>
    </p>
   </div>
   <div class='ocr_carea' id='block_1_77' title="bbox 2295 3274 3865 3355">
    <p class='ocr_par' dir='ltr' id='par_1_77' title="bbox 2295 3274 3865 3355">
     <span class='ocr_line' id='line_1_77' title="bbox 2295 3274 3865 3355; baseline -0.006 -15"><span class='ocrx_word' id='word_1_567' title='bbox 2295 3278 2484 3352; x_wconf 84' lang='grc' dir='ltr'><strong>ἀρετος</strong></span> <span class='ocrx_word' id='word_1_568' title='bbox 2515 3285 2633 3340; x_wconf 77' lang='grc' dir='ltr'><strong>τοῖς</strong></span> <span class='ocrx_word' id='word_1_569' title='bbox 2687 3274 2892 3355; x_wconf 80' lang='grc' dir='ltr'><strong>ἔργοις,</strong></span> <span class='ocrx_word' id='word_1_570' title='bbox 2923 3291 3160 3340; x_wconf 88' lang='lat' dir='ltr'><strong>vocaret</strong></span> <span class='ocrx_word' id='word_1_571' title='bbox 3179 3286 3210 3341; x_wconf 78' lang='lat'><strong>?</strong></span> <span class='ocrx_word' id='word_1_572' title='bbox 3232 3306 3374 3345; x_wconf 93' lang='lat' dir='ltr'><strong>cum</strong></span> <span class='ocrx_word' id='word_1_573' title='bbox 3405 3289 3554 3344; x_wconf 88' lang='lat' dir='ltr'><strong>dicat</strong></span> <span class='ocrx_word' id='word_1_574' title='bbox 3587 3284 3759 3341; x_wconf 87' lang='lat' dir='ltr'><strong>eadem</strong></span> <span class='ocrx_word' id='word_1_575' title='bbox 3782 3281 3865 3333; x_wconf 80' lang='lat' dir='ltr'><strong>cat.</strong></span> 
     </span>
    </p>
   </div>
   <div class='ocr_carea' id='block_1_78' title="bbox 2295 3365 3872 3440">
    <p class='ocr_par' dir='ltr' id='par_1_78' title="bbox 2295 3365 3872 3440">
     <span class='ocr_line' id='line_1_78' title="bbox 2295 3365 3872 3440; baseline 0.008 -25"><span class='ocrx_word' id='word_1_576' title='bbox 2295 3381 2347 3415; x_wconf 87' lang='grc' dir='ltr'><strong>ιι.</strong></span> <span class='ocrx_word' id='word_1_577' title='bbox 2381 3368 2472 3418; x_wconf 78' lang='lat'><strong>10:</strong></span> <span class='ocrx_word' id='word_1_578' title='bbox 2523 3370 2586 3418; x_wconf 89' lang='lat' dir='ltr'><strong>Si</strong></span> <span class='ocrx_word' id='word_1_579' title='bbox 2612 3370 2804 3419; x_wconf 82' lang='lat' dir='ltr'><strong>Filius</strong></span> <span class='ocrx_word' id='word_1_580' title='bbox 2862 3373 2962 3421; x_wconf 89' lang='lat' dir='ltr'><strong>Dei</strong></span> <span class='ocrx_word' id='word_1_581' title='bbox 2991 3381 3072 3422; x_wconf 72' lang='grc' dir='ltr'><strong>σεε</strong></span> <span class='ocrx_word' id='word_1_582' title='bbox 3129 3373 3473 3440; x_wconf 76' lang='lat' dir='ltr'><strong>baptizatus,</strong></span> <span class='ocrx_word' id='word_1_583' title='bbox 3524 3373 3680 3438; x_wconf 66' lang='lat' dir='ltr'><strong>coqui:</strong></span> <span class='ocrx_word' id='word_1_584' title='bbox 3726 3365 3872 3426; x_wconf 70' lang='lat' dir='ltr'><strong>bapti-</strong></span> 
     </span>
    </p>
   </div>
   <div class='ocr_carea' id='block_1_79' title="bbox 2291 3444 3870 3513">
    <p class='ocr_par' dir='ltr' id='par_1_79' title="bbox 2291 3444 3870 3513">
     <span class='ocr_line' id='line_1_79' title="bbox 2291 3444 3870 3513; baseline 0.003 -17"><span class='ocrx_word' id='word_1_585' title='bbox 2291 3463 2480 3497; x_wconf 87' lang='lat' dir='ltr'><strong>smum</strong></span> <span class='ocrx_word' id='word_1_586' title='bbox 2501 3449 2712 3510; x_wconf 79' lang='lat' dir='ltr'><strong>poterit</strong></span> <span class='ocrx_word' id='word_1_587' title='bbox 2745 3450 2899 3499; x_wconf 80' lang='lat' dir='ltr'><strong>salvo</strong></span> <span class='ocrx_word' id='word_1_588' title='bbox 2918 3453 3130 3513; x_wconf 85' lang='lat' dir='ltr'><strong>pietate</strong></span> <span class='ocrx_word' id='word_1_589' title='bbox 3185 3454 3558 3507; x_wconf 64' lang='lat' dir='ltr'><strong>contemnere!</strong></span> <span class='ocrx_word' id='word_1_590' title='bbox 3599 3447 3786 3508; x_wconf 86' lang='lat' dir='ltr'><strong>Deinde</strong></span> <span class='ocrx_word' id='word_1_591' title='bbox 3825 3444 3870 3496; x_wconf 82' lang='lat' dir='ltr'><strong>in</strong></span> 
     </span>
    </p>
   </div>
   <div class='ocr_carea' id='block_1_80' title="bbox 2294 3537 3871 3611">
    <p class='ocr_par' dir='ltr' id='par_1_80' title="bbox 2294 3537 3871 3611">
     <span class='ocr_line' id='line_1_80' title="bbox 2294 3537 3871 3611; baseline 0.003 -19"><span class='ocrx_word' id='word_1_592' title='bbox 2294 3537 2470 3594; x_wconf 80' lang='lat' dir='ltr'><strong>citato</strong></span> <span class='ocrx_word' id='word_1_593' title='bbox 2486 3544 2622 3594; x_wconf 88' lang='lat' dir='ltr'><strong>ante</strong></span> <span class='ocrx_word' id='word_1_594' title='bbox 2656 3556 2726 3594; x_wconf 82' lang='lat' dir='ltr'><strong>ex</strong></span> <span class='ocrx_word' id='word_1_595' title='bbox 2755 3557 2811 3595; x_wconf 90' lang='grc' dir='ltr'><strong>ιι.</strong></span> <span class='ocrx_word' id='word_1_596' title='bbox 2843 3543 2877 3595; x_wconf 69' lang='lat' dir='ltr'><strong>li</strong></span> <span class='ocrx_word' id='word_1_597' title='bbox 2909 3541 3059 3608; x_wconf 88' lang='lat' dir='ltr'><strong>loco,</strong></span> <span class='ocrx_word' id='word_1_598' title='bbox 3091 3549 3463 3604; x_wconf 87' lang='lat' dir='ltr'><strong>sententiam</strong></span> <span class='ocrx_word' id='word_1_599' title='bbox 3486 3559 3634 3603; x_wconf 86' lang='lat' dir='ltr'><strong>suam</strong></span> <span class='ocrx_word' id='word_1_600' title='bbox 3655 3549 3871 3611; x_wconf 79' lang='lat' dir='ltr'><strong>asperam</strong></span> 
     </span>
    </p>
   </div>
   <div class='ocr_carea' id='block_1_81' title="bbox 2291 3627 3872 3696">
    <p class='ocr_par' dir='ltr' id='par_1_81' title="bbox 2291 3627 3872 3696">
     <span class='ocr_line' id='line_1_81' title="bbox 2291 3627 3872 3696; baseline -0.006 -16"><span class='ocrx_word' id='word_1_601' title='bbox 2291 3627 2531 3696; x_wconf 76' lang='lat' dir='ltr'><strong>fatetur,</strong></span> <span class='ocrx_word' id='word_1_602' title='bbox 2564 3628 2758 3676; x_wconf 71' lang='lat' dir='ltr'><strong>audax</strong></span> <span class='ocrx_word' id='word_1_603' title='bbox 2791 3629 3052 3680; x_wconf 82' lang='lat' dir='ltr'><strong>videatur</strong></span> <span class='ocrx_word' id='word_1_604' title='bbox 3100 3632 3221 3682; x_wconf 65' lang='lat' dir='ltr'><strong>hac</strong></span> <span class='ocrx_word' id='word_1_605' title='bbox 3260 3639 3462 3696; x_wconf 86' lang='lat' dir='ltr'><strong>oratio,</strong></span> <span class='ocrx_word' id='word_1_606' title='bbox 3516 3633 3602 3683; x_wconf 84' lang='lat' dir='ltr'><strong>sed</strong></span> <span class='ocrx_word' id='word_1_607' title='bbox 3627 3644 3722 3680; x_wconf 78' lang='lat' dir='ltr'><strong>non</strong></span> <span class='ocrx_word' id='word_1_608' title='bbox 3748 3636 3872 3674; x_wconf 80' lang='lat' dir='ltr'><strong>mea:</strong></span> 
     </span>
    </p>
   </div>
   <div class='ocr_carea' id='block_1_82' title="bbox 2293 3711 3870 3794">
    <p class='ocr_par' dir='ltr' id='par_1_82' title="bbox 2293 3711 3870 3794">
     <span class='ocr_line' id='line_1_82' title="bbox 2293 3711 3870 3794; baseline 0.004 -23"><span class='ocrx_word' id='word_1_609' title='bbox 2293 3718 2466 3788; x_wconf 87' lang='lat' dir='ltr'><strong>cujus</strong></span> <span class='ocrx_word' id='word_1_610' title='bbox 2497 3718 2786 3788; x_wconf 88' lang='lat' dir='ltr'><strong>asperitas</strong></span> <span class='ocrx_word' id='word_1_611' title='bbox 2817 3720 2985 3776; x_wconf 88' lang='lat' dir='ltr'><strong>nulla</strong></span> <span class='ocrx_word' id='word_1_612' title='bbox 3015 3731 3299 3794; x_wconf 88' lang='lat' dir='ltr'><strong>respectu</strong></span> <span class='ocrx_word' id='word_1_613' title='bbox 3346 3726 3667 3782; x_wconf 88' lang='lat' dir='ltr'><strong>adultorum</strong></span> <span class='ocrx_word' id='word_1_614' title='bbox 3708 3717 3815 3779; x_wconf 67' lang='lat' dir='ltr'><strong>erit.</strong></span> <span class='ocrx_word' id='word_1_615' title='bbox 3837 3711 3870 3766; x_wconf 70' lang='lat' dir='ltr'><strong>Si</strong></span> 
     </span>
    </p>
   </div>
   <div class='ocr_carea' id='block_1_83' title="bbox 2291 3806 3872 3884">
    <p class='ocr_par' dir='ltr' id='par_1_83' title="bbox 2291 3806 3872 3884">
     <span class='ocr_line' id='line_1_83' title="bbox 2291 3806 3872 3884; baseline 0.001 -25"><span class='ocrx_word' id='word_1_616' title='bbox 2291 3811 2489 3860; x_wconf 89' lang='lat' dir='ltr'><strong>votum</strong></span> <span class='ocrx_word' id='word_1_617' title='bbox 2524 3821 2592 3861; x_wconf 91' lang='lat' dir='ltr'><strong>ac</strong></span> <span class='ocrx_word' id='word_1_618' title='bbox 2622 3806 2986 3864; x_wconf 88' lang='lat' dir='ltr'><strong>desiderium</strong></span> <span class='ocrx_word' id='word_1_619' title='bbox 3006 3809 3320 3884; x_wconf 89' lang='lat' dir='ltr'><strong>baptismi,</strong></span> <span class='ocrx_word' id='word_1_620' title='bbox 3345 3832 3466 3871; x_wconf 92' lang='lat' dir='ltr'><strong>non</strong></span> <span class='ocrx_word' id='word_1_621' title='bbox 3498 3828 3654 3870; x_wconf 89' lang='lat' dir='ltr'><strong>secus</strong></span> <span class='ocrx_word' id='word_1_622' title='bbox 3673 3823 3729 3864; x_wconf 86' lang='lat' dir='ltr'><strong>ac</strong></span> <span class='ocrx_word' id='word_1_623' title='bbox 3762 3819 3872 3860; x_wconf 72' lang='lat' dir='ltr'><strong>mar</strong></span> 
     </span>
    </p>
   </div>
   <div class='ocr_carea' id='block_1_84' title="bbox 2294 3893 3870 3976">
    <p class='ocr_par' dir='ltr' id='par_1_84' title="bbox 2294 3893 3870 3976">
     <span class='ocr_line' id='line_1_84' title="bbox 2294 3893 3870 3976; baseline -0.003 -29"><span class='ocrx_word' id='word_1_624' title='bbox 2294 3893 2533 3963; x_wconf 87' lang='lat' dir='ltr'><strong>tyrium,</strong></span> <span class='ocrx_word' id='word_1_625' title='bbox 2557 3893 2836 3966; x_wconf 87' lang='lat' dir='ltr'><strong>baptismi</strong></span> <span class='ocrx_word' id='word_1_626' title='bbox 2865 3895 3159 3954; x_wconf 88' lang='lat' dir='ltr'><strong>defectum</strong></span> <span class='ocrx_word' id='word_1_627' title='bbox 3182 3903 3484 3976; x_wconf 88' lang='lat' dir='ltr'><strong>suppleat.</strong></span> <span class='ocrx_word' id='word_1_628' title='bbox 3509 3904 3658 3958; x_wconf 86' lang='lat' dir='ltr'><strong>Nanc</strong></span> <span class='ocrx_word' id='word_1_629' title='bbox 3684 3899 3870 3953; x_wconf 86' lang='lat' dir='ltr'><strong>senten-</strong></span> 
     </span>
    </p>
   </div>
   <div class='ocr_carea' id='block_1_85' title="bbox 2293 3981 3874 4063">
    <p class='ocr_par' dir='ltr' id='par_1_85' title="bbox 2293 3981 3874 4063">
     <span class='ocr_line' id='line_1_85' title="bbox 2293 3981 3874 4063; baseline 0.002 -28"><span class='ocrx_word' id='word_1_630' title='bbox 2293 3981 2390 4035; x_wconf 65' lang='lat' dir='ltr'><strong>tiae</strong></span> <span class='ocrx_word' id='word_1_631' title='bbox 2420 3983 2802 4054; x_wconf 83' lang='lat' dir='ltr'><strong>asperitatem</strong></span> <span class='ocrx_word' id='word_1_632' title='bbox 2843 4002 2965 4042; x_wconf 91' lang='lat' dir='ltr'><strong>non</strong></span> <span class='ocrx_word' id='word_1_633' title='bbox 3019 3989 3293 4061; x_wconf 89' lang='lat' dir='ltr'><strong>mitigat;</strong></span> <span class='ocrx_word' id='word_1_634' title='bbox 3347 3999 3552 4048; x_wconf 86' lang='lat' dir='ltr'><strong>contra</strong></span> <span class='ocrx_word' id='word_1_635' title='bbox 3578 3987 3757 4063; x_wconf 87' lang='lat' dir='ltr'><strong>probat</strong></span> <span class='ocrx_word' id='word_1_636' title='bbox 3777 3988 3874 4034; x_wconf 83' lang='lat' dir='ltr'><strong>tum</strong></span> 
     </span>
    </p>
   </div>
   <div class='ocr_carea' id='block_1_86' title="bbox 2292 4071 3875 4146">
    <p class='ocr_par' dir='ltr' id='par_1_86' title="bbox 2292 4071 3875 4146">
     <span class='ocr_line' id='line_1_86' title="bbox 2292 4071 3875 4146; baseline 0.008 -21"><span class='ocrx_word' id='word_1_637' title='bbox 2292 4071 2644 4128; x_wconf 89' lang='lat' dir='ltr'><strong>auctoritate</strong></span> <span class='ocrx_word' id='word_1_638' title='bbox 2675 4073 2892 4130; x_wconf 88' lang='lat' dir='ltr'><strong>Christi</strong></span> <span class='ocrx_word' id='word_1_639' title='bbox 2925 4075 3027 4146; x_wconf 83' lang='lat' dir='ltr'><strong>qui</strong></span> <span class='ocrx_word' id='word_1_640' title='bbox 3071 4094 3189 4133; x_wconf 86' lang='lat' dir='ltr'><strong>eam</strong></span> <span class='ocrx_word' id='word_1_641' title='bbox 3237 4082 3572 4137; x_wconf 84' lang='lat' dir='ltr'><strong>sententiam</strong></span> <span class='ocrx_word' id='word_1_642' title='bbox 3609 4077 3721 4133; x_wconf 82' lang='lat' dir='ltr'><strong>tulit</strong></span> <span class='ocrx_word' id='word_1_643' title='bbox 3743 4089 3759 4137; x_wconf 72' lang='grc' dir='ltr'><em>ἱ</em></span> <span class='ocrx_word' id='word_1_644' title='bbox 3781 4075 3875 4125; x_wconf 60' lang='lat' dir='ltr'><strong>tum</strong></span> 
     </span>
    </p>
   </div>
   <div class='ocr_carea' id='block_1_87' title="bbox 2292 4159 3880 4239">
    <p class='ocr_par' dir='ltr' id='par_1_87' title="bbox 2292 4159 3880 4239">
     <span class='ocr_line' id='line_1_87' title="bbox 2292 4159 3880 4239; baseline 0.004 -25"><span class='ocrx_word' id='word_1_645' title='bbox 2292 4159 2551 4216; x_wconf 88' lang='lat' dir='ltr'><strong>Cornelii</strong></span> <span class='ocrx_word' id='word_1_646' title='bbox 2572 4163 2869 4234; x_wconf 83' lang='lat' dir='ltr'><strong>exemplo,</strong></span> <span class='ocrx_word' id='word_1_647' title='bbox 2893 4165 2992 4236; x_wconf 89' lang='lat' dir='ltr'><strong>qui</strong></span> <span class='ocrx_word' id='word_1_648' title='bbox 3019 4183 3372 4239; x_wconf 87' lang='lat' dir='ltr'><strong>quanquam</strong></span> <span class='ocrx_word' id='word_1_649' title='bbox 3383 4171 3585 4232; x_wconf 81' lang='lat' dir='ltr'><strong>justus</strong></span> <span class='ocrx_word' id='word_1_650' title='bbox 3605 4169 3682 4216; x_wconf 76' lang='lat' dir='ltr'><strong>vir</strong></span> <span class='ocrx_word' id='word_1_651' title='bbox 3703 4171 3746 4212; x_wconf 83' lang='lat' dir='ltr'><strong>et</strong></span> <span class='ocrx_word' id='word_1_652' title='bbox 3760 4169 3880 4220; x_wconf 70' lang='grc' dir='ltr'><strong>αηθι·</strong></span> 
     </span>
    </p>
   </div>
   <div class='ocr_carea' id='block_1_88' title="bbox 2291 4247 3877 4328">
    <p class='ocr_par' dir='ltr' id='par_1_88' title="bbox 2291 4247 3877 4328">
     <span class='ocr_line' id='line_1_88' title="bbox 2291 4247 3877 4328; baseline 0.008 -32"><span class='ocrx_word' id='word_1_653' title='bbox 2291 4247 2480 4298; x_wconf 83' lang='lat' dir='ltr'><strong>lorum</strong></span> <span class='ocrx_word' id='word_1_654' title='bbox 2511 4249 2966 4302; x_wconf 77' lang='lat' dir='ltr'><strong>visionehabitus</strong></span> <span class='ocrx_word' id='word_1_655' title='bbox 2989 4253 3201 4317; x_wconf 84' lang='lat' dir='ltr'><strong>dignus</strong></span> <span class='ocrx_word' id='word_1_656' title='bbox 3233 4259 3528 4328; x_wconf 80' lang='lat' dir='ltr'><strong>precibus,</strong></span> <span class='ocrx_word' id='word_1_657' title='bbox 3552 4263 3608 4313; x_wconf 86' lang='lat' dir='ltr'><strong>et</strong></span> <span class='ocrx_word' id='word_1_658' title='bbox 3622 4256 3877 4318; x_wconf 69' lang='lat' dir='ltr'><strong>eleemosy&#39;</strong></span> 
     </span>
    </p>
   </div>
   <div class='ocr_carea' id='block_1_89' title="bbox 2291 4333 3883 4418">
    <p class='ocr_par' dir='ltr' id='par_1_89' title="bbox 2291 4333 3883 4418">
     <span class='ocr_line' id='line_1_89' title="bbox 2291 4333 3883 4418; baseline -0.003 -24"><span class='ocrx_word' id='word_1_659' title='bbox 2291 4338 2386 4394; x_wconf 90' lang='lat' dir='ltr'><strong>nis</strong></span> <span class='ocrx_word' id='word_1_660' title='bbox 2415 4345 2693 4412; x_wconf 89' lang='lat' dir='ltr'><strong>acceptus</strong></span> <span class='ocrx_word' id='word_1_661' title='bbox 2711 4341 2828 4397; x_wconf 88' lang='lat' dir='ltr'><strong>Deo</strong></span> <span class='ocrx_word' id='word_1_662' title='bbox 2854 4359 2868 4409; x_wconf 88' lang='lat'><strong>;</strong></span> <span class='ocrx_word' id='word_1_663' title='bbox 2901 4344 3148 4418; x_wconf 90' lang='lat' dir='ltr'><strong>insuper</strong></span> <span class='ocrx_word' id='word_1_664' title='bbox 3173 4354 3315 4418; x_wconf 90' lang='lat' dir='ltr'><strong>post</strong></span> <span class='ocrx_word' id='word_1_665' title='bbox 3344 4349 3656 4406; x_wconf 87' lang='lat' dir='ltr'><strong>adventum</strong></span> <span class='ocrx_word' id='word_1_666' title='bbox 3683 4339 3810 4400; x_wconf 88' lang='lat' dir='ltr'><strong>Petri</strong></span> <span class='ocrx_word' id='word_1_667' title='bbox 3828 4333 3883 4389; x_wconf 87' lang='lat' dir='ltr'><strong>ad</strong></span> 
     </span>
    </p>
   </div>
   <div class='ocr_carea' id='block_1_90' title="bbox 2292 4427 3884 4508">
    <p class='ocr_par' dir='ltr' id='par_1_90' title="bbox 2292 4427 3884 4508">
     <span class='ocr_line' id='line_1_90' title="bbox 2292 4427 3884 4508; baseline 0.001 -26"><span class='ocrx_word' id='word_1_668' title='bbox 2292 4443 2428 4483; x_wconf 90' lang='lat' dir='ltr'><strong>eum</strong></span> <span class='ocrx_word' id='word_1_669' title='bbox 2458 4428 2691 4484; x_wconf 67' lang='lat' dir='ltr'><strong>caelitus</strong></span> <span class='ocrx_word' id='word_1_670' title='bbox 2723 4431 2912 4502; x_wconf 90' lang='lat' dir='ltr'><strong>missi,</strong></span> <span class='ocrx_word' id='word_1_671' title='bbox 2962 4433 3214 4504; x_wconf 89' lang='lat' dir='ltr'><strong>Spiritus</strong></span> <span class='ocrx_word' id='word_1_672' title='bbox 3278 4438 3474 4494; x_wconf 89' lang='lat' dir='ltr'><strong>sancti</strong></span> <span class='ocrx_word' id='word_1_673' title='bbox 3521 4437 3816 4508; x_wconf 83' lang='lat' dir='ltr'><strong>linguarum</strong></span> <span class='ocrx_word' id='word_1_674' title='bbox 3839 4427 3884 4477; x_wconf 72' lang='grc' dir='ltr'><strong>ει</strong></span> 
     </span>
    </p>
   </div>
   <div class='ocr_carea' id='block_1_91' title="bbox 2289 4515 3884 4597">
    <p class='ocr_par' dir='ltr' id='par_1_91' title="bbox 2289 4515 3884 4597">
     <span class='ocr_line' id='line_1_91' title="bbox 2289 4515 3884 4597; baseline 0.003 -26"><span class='ocrx_word' id='word_1_675' title='bbox 2289 4517 2618 4588; x_wconf 74' lang='lat' dir='ltr'><strong>prophetize</strong></span> <span class='ocrx_word' id='word_1_676' title='bbox 2650 4517 2806 4574; x_wconf 90' lang='lat' dir='ltr'><strong>dono</strong></span> <span class='ocrx_word' id='word_1_677' title='bbox 2840 4519 3140 4592; x_wconf 81' lang='lat' dir='ltr'><strong>dignatus,</strong></span> <span class='ocrx_word' id='word_1_678' title='bbox 3174 4529 3233 4580; x_wconf 91' lang='lat' dir='ltr'><strong>et</strong></span> <span class='ocrx_word' id='word_1_679' title='bbox 3278 4526 3342 4582; x_wconf 88' lang='lat' dir='ltr'><strong>in</strong></span> <span class='ocrx_word' id='word_1_680' title='bbox 3377 4527 3580 4583; x_wconf 90' lang='lat' dir='ltr'><strong>anima</strong></span> <span class='ocrx_word' id='word_1_681' title='bbox 3607 4541 3706 4597; x_wconf 88' lang='lat' dir='ltr'><strong>per</strong></span> <span class='ocrx_word' id='word_1_682' title='bbox 3749 4515 3884 4575; x_wconf 84' lang='lat' dir='ltr'><strong>ﬁdem</strong></span> 
     </span>
    </p>
   </div>
   <div class='ocr_carea' id='block_1_92' title="bbox 530 4607 3884 4687">
    <p class='ocr_par' dir='ltr' id='par_1_92' title="bbox 530 4607 3884 4687">
     <span class='ocr_line' id='line_1_92' title="bbox 530 4607 3884 4687; baseline 0.002 -17"><span class='ocrx_word' id='word_1_683' title='bbox 530 4631 696 4670; x_wconf 92' lang='lat' dir='ltr'><strong>num.</strong></span> <span class='ocrx_word' id='word_1_684' title='bbox 735 4618 822 4683; x_wconf 77' lang='lat' dir='ltr'><strong>I5,</strong></span> <span class='ocrx_word' id='word_1_685' title='bbox 853 4615 1031 4670; x_wconf 89' lang='lat' dir='ltr'><strong>homo</strong></span> <span class='ocrx_word' id='word_1_686' title='bbox 1061 4613 1222 4670; x_wconf 90' lang='lat' dir='ltr'><strong>velut</strong></span> <span class='ocrx_word' id='word_1_687' title='bbox 1249 4615 1635 4668; x_wconf 90' lang='lat' dir='ltr'><strong>resuscitatus</strong></span> <span class='ocrx_word' id='word_1_688' title='bbox 1665 4629 1733 4668; x_wconf 89' lang='lat' dir='ltr'><strong>ac</strong></span> <span class='ocrx_word' id='word_1_689' title='bbox 1771 4614 2176 4672; x_wconf 87' lang='lat' dir='ltr'><strong>conformatus</strong></span> <span class='ocrx_word' id='word_1_690' title='bbox 2210 4611 2254 4675; x_wconf 91' lang='lat' dir='ltr'>D</span> <span class='ocrx_word' id='word_1_691' title='bbox 2287 4611 2693 4677; x_wconf 68' lang='grc' dir='ltr'><strong>νθεθιιθτδῑιιδν</strong></span> <span class='ocrx_word' id='word_1_692' title='bbox 2716 4607 3000 4680; x_wconf 71' lang='lat' dir='ltr'><strong>baptizari</strong></span> <span class='ocrx_word' id='word_1_693' title='bbox 3023 4616 3222 4669; x_wconf 61' lang='lat' dir='ltr'><strong>tamen</strong></span> <span class='ocrx_word' id='word_1_694' title='bbox 3246 4615 3465 4687; x_wconf 74' lang='lat' dir='ltr'><strong>jussus</strong></span> <span class='ocrx_word' id='word_1_695' title='bbox 3495 4621 3602 4682; x_wconf 67' lang='lat' dir='ltr'><strong>est.</strong></span> <span class='ocrx_word' id='word_1_696' title='bbox 3633 4617 3694 4667; x_wconf 73' lang='grc' dir='ltr'><strong>ιιι</strong></span> <span class='ocrx_word' id='word_1_697' title='bbox 3718 4617 3884 4676; x_wconf 62' lang='lat' dir='ltr'><strong>corpus</strong></span> 
     </span>
    </p>
   </div>
   <div class='ocr_carea' id='block_1_93' title="bbox 529 4703 2172 4774">
    <p class='ocr_par' dir='ltr' id='par_1_93' title="bbox 529 4703 2172 4774">
     <span class='ocr_line' id='line_1_93' title="bbox 529 4703 2172 4774; baseline -0.001 -14"><span class='ocrx_word' id='word_1_698' title='bbox 529 4703 782 4773; x_wconf 89' lang='lat' dir='ltr'><strong>Christo,</strong></span> <span class='ocrx_word' id='word_1_699' title='bbox 808 4703 962 4759; x_wconf 88' lang='lat' dir='ltr'><strong>nihil</strong></span> <span class='ocrx_word' id='word_1_700' title='bbox 989 4703 1204 4759; x_wconf 88' lang='lat' dir='ltr'><strong>veteris</strong></span> <span class='ocrx_word' id='word_1_701' title='bbox 1221 4703 1484 4758; x_wconf 92' lang='lat' dir='ltr'><strong>hominis</strong></span> <span class='ocrx_word' id='word_1_702' title='bbox 1513 4703 1753 4773; x_wconf 87' lang='lat' dir='ltr'><strong>retinet,</strong></span> <span class='ocrx_word' id='word_1_703' title='bbox 1779 4709 1891 4759; x_wconf 88' lang='lat' dir='ltr'><strong>cat.</strong></span> <span class='ocrx_word' id='word_1_704' title='bbox 1927 4706 1980 4774; x_wconf 90' lang='lat'><strong>3,</strong></span> <span class='ocrx_word' id='word_1_705' title='bbox 2005 4719 2172 4758; x_wconf 90' lang='lat' dir='ltr'><strong>num.</strong></span> 
     </span>
    </p>
   </div>
   <div class='ocr_carea' id='block_1_94' title="bbox 529 4791 2176 4866">
    <p class='ocr_par' dir='ltr' id='par_1_94' title="bbox 529 4791 2176 4866">
     <span class='ocr_line' id='line_1_94' title="bbox 529 4791 2176 4866; baseline 0.001 -18"><span class='ocrx_word' id='word_1_706' title='bbox 529 4795 617 4860; x_wconf 84' lang='grc'><strong>12,</strong></span> <span class='ocrx_word' id='word_1_707' title='bbox 651 4797 762 4850; x_wconf 89' lang='lat' dir='ltr'><strong>cat.</strong></span> <span class='ocrx_word' id='word_1_708' title='bbox 795 4795 887 4860; x_wconf 91' lang='lat'><strong>20,</strong></span> <span class='ocrx_word' id='word_1_709' title='bbox 917 4809 977 4848; x_wconf 89' lang='grc' dir='ltr'><strong>ιι.</strong></span> <span class='ocrx_word' id='word_1_710' title='bbox 1013 4795 1064 4847; x_wconf 91' lang='grc'><strong>3.</strong></span> <span class='ocrx_word' id='word_1_711' title='bbox 1095 4793 1256 4848; x_wconf 89' lang='lat' dir='ltr'><strong>Hanc</strong></span> <span class='ocrx_word' id='word_1_712' title='bbox 1289 4791 1528 4864; x_wconf 89' lang='lat' dir='ltr'><strong>plenam</strong></span> <span class='ocrx_word' id='word_1_713' title='bbox 1549 4799 1929 4864; x_wconf 87' lang='lat' dir='ltr'><strong>peccatorum</strong></span> <span class='ocrx_word' id='word_1_714' title='bbox 1968 4811 2176 4866; x_wconf 82' lang='lat' dir='ltr'><strong>purga-</strong></span> 
     </span>
    </p>
   </div>
   <div class='ocr_carea' id='block_1_95' title="bbox 525 4881 2174 4955">
    <p class='ocr_par' dir='ltr' id='par_1_95' title="bbox 525 4881 2174 4955">
     <span class='ocr_line' id='line_1_95' title="bbox 525 4881 2174 4955; baseline -0.001 -16"><span class='ocrx_word' id='word_1_715' title='bbox 525 4883 750 4939; x_wconf 91' lang='lat' dir='ltr'><strong>tionem</strong></span> <span class='ocrx_word' id='word_1_716' title='bbox 782 4882 1024 4955; x_wconf 91' lang='lat' dir='ltr'><strong>Spiritui</strong></span> <span class='ocrx_word' id='word_1_717' title='bbox 1049 4886 1252 4936; x_wconf 89' lang='lat' dir='ltr'><strong>sancto</strong></span> <span class='ocrx_word' id='word_1_718' title='bbox 1285 4881 1546 4936; x_wconf 88' lang='lat' dir='ltr'><strong>tribuere</strong></span> <span class='ocrx_word' id='word_1_719' title='bbox 1562 4881 1810 4950; x_wconf 72' lang='lat' dir='ltr'><strong>vitetur,</strong></span> <span class='ocrx_word' id='word_1_720' title='bbox 1844 4883 1906 4937; x_wconf 91' lang='lat' dir='ltr'><strong>in</strong></span> <span class='ocrx_word' id='word_1_721' title='bbox 1933 4890 2174 4953; x_wconf 90' lang='lat' dir='ltr'><strong>aposto-</strong></span> 
     </span>
    </p>
   </div>
   <div class='ocr_carea' id='block_1_96' title="bbox 523 4969 2174 5043">
    <p class='ocr_par' dir='ltr' id='par_1_96' title="bbox 523 4969 2174 5043">
     <span class='ocr_line' id='line_1_96' title="bbox 523 4969 2174 5043; baseline -0.001 -15"><span class='ocrx_word' id='word_1_722' title='bbox 523 4972 601 5028; x_wconf 88' lang='lat' dir='ltr'><strong>lis</strong></span> <span class='ocrx_word' id='word_1_723' title='bbox 621 4973 880 5043; x_wconf 83' lang='lat' dir='ltr'><strong>primum</strong></span> <span class='ocrx_word' id='word_1_724' title='bbox 899 4971 994 5026; x_wconf 90' lang='lat' dir='ltr'><strong>die</strong></span> <span class='ocrx_word' id='word_1_725' title='bbox 1016 4973 1398 5026; x_wconf 88' lang='lat' dir='ltr'><strong>Pentecostes</strong></span> <span class='ocrx_word' id='word_1_726' title='bbox 1419 4971 1710 5036; x_wconf 71' lang='lat' dir='ltr'><strong>effectam,</strong></span> <span class='ocrx_word' id='word_1_727' title='bbox 1728 4969 1944 5026; x_wconf 91' lang='lat' dir='ltr'><strong>deinde</strong></span> <span class='ocrx_word' id='word_1_728' title='bbox 1975 4969 2036 5026; x_wconf 92' lang='lat' dir='ltr'><strong>in</strong></span> <span class='ocrx_word' id='word_1_729' title='bbox 2067 4989 2174 5027; x_wconf 92' lang='lat' dir='ltr'><strong>no-</strong></span> 
     </span>
    </p>
   </div>
   <div class='ocr_carea' id='block_1_97' title="bbox 525 5058 2172 5132">
    <p class='ocr_par' dir='ltr' id='par_1_97' title="bbox 525 5058 2172 5132">
     <span class='ocr_line' id='line_1_97' title="bbox 525 5058 2172 5132; baseline 0.001 -18"><span class='ocrx_word' id='word_1_730' title='bbox 525 5059 620 5115; x_wconf 91' lang='lat' dir='ltr'><strong>bis</strong></span> <span class='ocrx_word' id='word_1_731' title='bbox 649 5061 831 5116; x_wconf 89' lang='lat' dir='ltr'><strong>simili</strong></span> <span class='ocrx_word' id='word_1_732' title='bbox 867 5059 1136 5132; x_wconf 90' lang='lat' dir='ltr'><strong>ejusdem</strong></span> <span class='ocrx_word' id='word_1_733' title='bbox 1160 5058 1634 5131; x_wconf 88' lang='lat' dir='ltr'><strong>spiritusillapsn</strong></span> <span class='ocrx_word' id='word_1_734' title='bbox 1661 5059 2036 5116; x_wconf 77' lang='lat' dir='ltr'><strong>efﬁciendam</strong></span> <span class='ocrx_word' id='word_1_735' title='bbox 2057 5066 2172 5118; x_wconf 89' lang='lat' dir='ltr'><strong>cat.</strong></span> 
     </span>
    </p>
   </div>
   <div class='ocr_carea' id='block_1_98' title="bbox 531 5149 2174 5223">
    <p class='ocr_par' dir='ltr' id='par_1_98' title="bbox 531 5149 2174 5223">
     <span class='ocr_line' id='line_1_98' title="bbox 531 5149 2174 5223; baseline 0.002 -22"><span class='ocrx_word' id='word_1_736' title='bbox 531 5150 617 5216; x_wconf 79' lang='lat' dir='ltr'><strong>I7,</strong></span> <span class='ocrx_word' id='word_1_737' title='bbox 647 5163 707 5202; x_wconf 91' lang='grc' dir='ltr'><strong>ιι.</strong></span> <span class='ocrx_word' id='word_1_738' title='bbox 744 5151 828 5215; x_wconf 80' lang='grc'><strong>15,</strong></span> <span class='ocrx_word' id='word_1_739' title='bbox 859 5153 927 5204; x_wconf 87' lang='lat' dir='ltr'><strong>ut</strong></span> <span class='ocrx_word' id='word_1_740' title='bbox 952 5149 1114 5204; x_wconf 89' lang='lat' dir='ltr'><strong>hunc</strong></span> <span class='ocrx_word' id='word_1_741' title='bbox 1142 5164 1381 5219; x_wconf 89' lang='lat' dir='ltr'><strong>quoque</strong></span> <span class='ocrx_word' id='word_1_742' title='bbox 1416 5149 1693 5204; x_wconf 86' lang='lat' dir='ltr'><strong>effectum</strong></span> <span class='ocrx_word' id='word_1_743' title='bbox 1707 5149 1952 5204; x_wconf 90' lang='lat' dir='ltr'><strong>Joannis</strong></span> <span class='ocrx_word' id='word_1_744' title='bbox 1981 5149 2174 5223; x_wconf 88' lang='lat' dir='ltr'><strong>bapti-</strong></span> 
     </span>
    </p>
   </div>
   <div class='ocr_carea' id='block_1_99' title="bbox 530 5235 2171 5312">
    <p class='ocr_par' dir='ltr' id='par_1_99' title="bbox 530 5235 2171 5312">
     <span class='ocr_line' id='line_1_99' title="bbox 530 5235 2171 5312; baseline 0.003 -22"><span class='ocrx_word' id='word_1_745' title='bbox 530 5252 658 5291; x_wconf 88' lang='lat' dir='ltr'><strong>smo</strong></span> <span class='ocrx_word' id='word_1_746' title='bbox 687 5235 975 5291; x_wconf 90' lang='lat' dir='ltr'><strong>tributum</strong></span> <span class='ocrx_word' id='word_1_747' title='bbox 1004 5253 1040 5292; x_wconf 80' lang='grc' dir='ltr'><strong>θ,</strong></span> <span class='ocrx_word' id='word_1_748' title='bbox 1068 5236 1288 5306; x_wconf 87' lang='lat' dir='ltr'><strong>Cyrillo</strong></span> <span class='ocrx_word' id='word_1_749' title='bbox 1316 5236 1589 5292; x_wconf 88' lang='lat' dir='ltr'><strong>dicamus</strong></span> <span class='ocrx_word' id='word_1_750' title='bbox 1635 5235 1790 5291; x_wconf 88' lang='lat' dir='ltr'><strong>nihil</strong></span> <span class='ocrx_word' id='word_1_751' title='bbox 1837 5254 1948 5293; x_wconf 92' lang='lat' dir='ltr'><strong>nos</strong></span> <span class='ocrx_word' id='word_1_752' title='bbox 1977 5239 2133 5312; x_wconf 90' lang='lat' dir='ltr'><strong>cogit</strong></span> <span class='ocrx_word' id='word_1_753' title='bbox 2158 5257 2171 5294; x_wconf 91' lang='lat'><strong>:</strong></span> 
     </span>
    </p>
   </div>
   <div class='ocr_carea' id='block_1_100' title="bbox 527 5322 2168 5395">
    <p class='ocr_par' dir='ltr' id='par_1_100' title="bbox 527 5322 2168 5395">
     <span class='ocr_line' id='line_1_100' title="bbox 527 5322 2168 5395; baseline 0.002 -15"><span class='ocrx_word' id='word_1_754' title='bbox 527 5329 738 5380; x_wconf 85' lang='lat' dir='ltr'><strong>contra</strong></span> <span class='ocrx_word' id='word_1_755' title='bbox 765 5322 950 5378; x_wconf 91' lang='lat' dir='ltr'><strong>solius</strong></span> <span class='ocrx_word' id='word_1_756' title='bbox 1002 5325 1220 5380; x_wconf 89' lang='lat' dir='ltr'><strong>Christi</strong></span> <span class='ocrx_word' id='word_1_757' title='bbox 1279 5324 1559 5395; x_wconf 87' lang='lat' dir='ltr'><strong>baptismi</strong></span> <span class='ocrx_word' id='word_1_758' title='bbox 1611 5341 1741 5381; x_wconf 90' lang='lat' dir='ltr'><strong>esse</strong></span> <span class='ocrx_word' id='word_1_759' title='bbox 1772 5327 1876 5395; x_wconf 90' lang='lat' dir='ltr'><strong>ait,</strong></span> <span class='ocrx_word' id='word_1_760' title='bbox 1934 5333 2050 5384; x_wconf 89' lang='lat' dir='ltr'><strong>cat.</strong></span> <span class='ocrx_word' id='word_1_761' title='bbox 2087 5331 2168 5394; x_wconf 86' lang='grc'><strong>18,</strong></span> 
     </span>
    </p>
   </div>
   <div class='ocr_carea' id='block_1_101' title="bbox 527 5414 2172 5486">
    <p class='ocr_par' dir='ltr' id='par_1_101' title="bbox 527 5414 2172 5486">
     <span class='ocr_line' id='line_1_101' title="bbox 527 5414 2172 5486; baseline 0.002 -19"><span class='ocrx_word' id='word_1_762' title='bbox 527 5428 589 5468; x_wconf 93' lang='grc' dir='ltr'><strong>ιι.</strong></span> <span class='ocrx_word' id='word_1_763' title='bbox 623 5415 710 5480; x_wconf 89' lang='grc'><strong>20,</strong></span> <span class='ocrx_word' id='word_1_764' title='bbox 744 5417 803 5467; x_wconf 91' lang='lat' dir='ltr'><strong>et</strong></span> <span class='ocrx_word' id='word_1_765' title='bbox 833 5416 947 5467; x_wconf 91' lang='lat' dir='ltr'><strong>cat.</strong></span> <span class='ocrx_word' id='word_1_766' title='bbox 985 5415 1070 5475; x_wconf 80' lang='grc'><strong>15,</strong></span> <span class='ocrx_word' id='word_1_767' title='bbox 1125 5428 1188 5466; x_wconf 90' lang='grc' dir='ltr'><strong>ιι.</strong></span> <span class='ocrx_word' id='word_1_768' title='bbox 1223 5414 1308 5474; x_wconf 85' lang='grc'><strong>23,</strong></span> <span class='ocrx_word' id='word_1_769' title='bbox 1369 5419 1429 5468; x_wconf 89' lang='lat' dir='ltr'><strong>et</strong></span> <span class='ocrx_word' id='word_1_770' title='bbox 1483 5414 1709 5486; x_wconf 88' lang='lat' dir='ltr'><strong>alioqui</strong></span> <span class='ocrx_word' id='word_1_771' title='bbox 1759 5415 1918 5470; x_wconf 90' lang='lat' dir='ltr'><strong>hunc</strong></span> <span class='ocrx_word' id='word_1_772' title='bbox 1955 5417 2172 5472; x_wconf 89' lang='lat' dir='ltr'><strong>Christi</strong></span> 
     </span>
    </p>
   </div>
   <div class='ocr_carea' id='block_1_102' title="bbox 523 5499 2172 5576">
    <p class='ocr_par' dir='ltr' id='par_1_102' title="bbox 523 5499 2172 5576">
     <span class='ocr_line' id='line_1_102' title="bbox 523 5499 2172 5576; baseline 0.002 -18"><span class='ocrx_word' id='word_1_773' title='bbox 523 5501 736 5558; x_wconf 89' lang='lat' dir='ltr'><strong>mortis</strong></span> <span class='ocrx_word' id='word_1_774' title='bbox 765 5505 824 5556; x_wconf 88' lang='lat' dir='ltr'><strong>et</strong></span> <span class='ocrx_word' id='word_1_775' title='bbox 852 5499 1312 5556; x_wconf 88' lang='lat' dir='ltr'><strong>resurrectionis</strong></span> <span class='ocrx_word' id='word_1_776' title='bbox 1341 5501 1404 5558; x_wconf 89' lang='lat' dir='ltr'><strong>in</strong></span> <span class='ocrx_word' id='word_1_777' title='bbox 1461 5519 1530 5558; x_wconf 95' lang='lat' dir='ltr'><strong>eo</strong></span> <span class='ocrx_word' id='word_1_778' title='bbox 1559 5519 1837 5576; x_wconf 84' lang='lat' dir='ltr'><strong>expresse</strong></span> <span class='ocrx_word' id='word_1_779' title='bbox 1897 5505 2172 5562; x_wconf 80' lang='lat' dir='ltr'><strong>effectum</strong></span> 
     </span>
    </p>
   </div>
   <div class='ocr_carea' id='block_1_103' title="bbox 593 5696 1039 5768">
    <p class='ocr_par' dir='ltr' id='par_1_103' title="bbox 593 5696 1039 5768">
     <span class='ocr_line' id='line_1_103' title="bbox 593 5696 1039 5768; baseline -0.007 -13"><span class='ocrx_word' id='word_1_780' title='bbox 593 5696 643 5734; x_wconf 71' lang='grc' dir='ltr'><strong>³ο</strong></span> <span class='ocrx_word' id='word_1_781' title='bbox 671 5698 837 5754; x_wconf 91' lang='lat' dir='ltr'><strong>Joan.</strong></span> <span class='ocrx_word' id='word_1_782' title='bbox 861 5712 942 5768; x_wconf 85' lang='grc' dir='ltr'><strong>ιιι,</strong></span> <span class='ocrx_word' id='word_1_783' title='bbox 982 5711 1039 5752; x_wconf 93' lang='lat' dir='ltr'><strong>o.</strong></span> 
     </span>
    </p>
   </div>
   <div class='ocr_carea' id='block_1_104' title="bbox 2286 4701 3883 4776">
    <p class='ocr_par' dir='ltr' id='par_1_104' title="bbox 2286 4701 3883 4776">
     <span class='ocr_line' id='line_1_104' title="bbox 2286 4701 3883 4776; baseline -0.015 -10"><span class='ocrx_word' id='word_1_784' title='bbox 2286 4711 2521 4766; x_wconf 72' lang='lat' dir='ltr'><strong>quoque</strong></span> <span class='ocrx_word' id='word_1_785' title='bbox 2569 4713 2676 4768; x_wconf 63' lang='lat' dir='ltr'><strong>Per</strong></span> <span class='ocrx_word' id='word_1_786' title='bbox 2704 4714 2920 4768; x_wconf 65' lang='lat' dir='ltr'>aquam</span> <span class='ocrx_word' id='word_1_787' title='bbox 2971 4703 3176 4773; x_wconf 73' lang='lat' dir='ltr'><strong>gratias</strong></span> <span class='ocrx_word' id='word_1_788' title='bbox 3222 4705 3532 4776; x_wconf 87' lang='lat' dir='ltr'><strong>particeps</strong></span> <span class='ocrx_word' id='word_1_789' title='bbox 3581 4701 3883 4758; x_wconf 80' lang='lat' dir='ltr'><strong>efﬁceretur.</strong></span> 
     </span>
    </p>
   </div>
   <div class='ocr_carea' id='block_1_105' title="bbox 2285 4788 3886 4868">
    <p class='ocr_par' dir='ltr' id='par_1_105' title="bbox 2285 4788 3886 4868">
     <span class='ocr_line' id='line_1_105' title="bbox 2285 4788 3886 4868; baseline 0.003 -26"><span class='ocrx_word' id='word_1_790' title='bbox 2285 4788 2472 4860; x_wconf 83' lang='lat' dir='ltr'><strong>Hujus</strong></span> <span class='ocrx_word' id='word_1_791' title='bbox 2503 4791 2814 4847; x_wconf 70' lang='lat' dir='ltr'><strong>sententias</strong></span> <span class='ocrx_word' id='word_1_792' title='bbox 2847 4794 3140 4850; x_wconf 89' lang='lat' dir='ltr'><strong>rationem</strong></span> <span class='ocrx_word' id='word_1_793' title='bbox 3171 4797 3395 4868; x_wconf 91' lang='lat' dir='ltr'><strong>repetit</strong></span> <span class='ocrx_word' id='word_1_794' title='bbox 3424 4803 3538 4853; x_wconf 89' lang='lat' dir='ltr'><strong>cat.</strong></span> <span class='ocrx_word' id='word_1_795' title='bbox 3572 4798 3624 4866; x_wconf 88' lang='lat'><strong>3,</strong></span> <span class='ocrx_word' id='word_1_796' title='bbox 3654 4811 3710 4848; x_wconf 92' lang='grc' dir='ltr'><strong>ιι.</strong></span> <span class='ocrx_word' id='word_1_797' title='bbox 3742 4793 3812 4853; x_wconf 85' lang='grc'><strong>10,</strong></span> <span class='ocrx_word' id='word_1_798' title='bbox 3846 4789 3886 4837; x_wconf 67' lang='grc' dir='ltr'>ει</span> 
     </span>
    </p>
   </div>
   <div class='ocr_carea' id='block_1_106' title="bbox 2283 4875 3888 4957">
    <p class='ocr_par' dir='ltr' id='par_1_106' title="bbox 2283 4875 3888 4957">
     <span class='ocr_line' id='line_1_106' title="bbox 2283 4875 3888 4957; baseline 0.006 -23"><span class='ocrx_word' id='word_1_799' title='bbox 2283 4884 2395 4934; x_wconf 86' lang='lat' dir='ltr'><strong>cat.</strong></span> <span class='ocrx_word' id='word_1_800' title='bbox 2436 4881 2519 4947; x_wconf 88' lang='grc'><strong>13,</strong></span> <span class='ocrx_word' id='word_1_801' title='bbox 2553 4897 2612 4936; x_wconf 90' lang='lat' dir='ltr'><strong>n.</strong></span> <span class='ocrx_word' id='word_1_802' title='bbox 2647 4882 2737 4949; x_wconf 88' lang='grc'><strong>21,</strong></span> <span class='ocrx_word' id='word_1_803' title='bbox 2789 4883 3010 4957; x_wconf 89' lang='lat' dir='ltr'><strong>duplici</strong></span> <span class='ocrx_word' id='word_1_804' title='bbox 3075 4903 3146 4942; x_wconf 90' lang='lat' dir='ltr'><strong>ex</strong></span> <span class='ocrx_word' id='word_1_805' title='bbox 3177 4903 3384 4956; x_wconf 88' lang='lat' dir='ltr'><strong>causa,</strong></span> <span class='ocrx_word' id='word_1_806' title='bbox 3422 4892 3480 4942; x_wconf 87' lang='grc' dir='ltr'><strong>1ο</strong></span> <span class='ocrx_word' id='word_1_807' title='bbox 3535 4905 3604 4943; x_wconf 89' lang='lat' dir='ltr'><strong>ex</strong></span> <span class='ocrx_word' id='word_1_808' title='bbox 3634 4904 3698 4943; x_wconf 91' lang='lat' dir='ltr'><strong>eo</strong></span> <span class='ocrx_word' id='word_1_809' title='bbox 3745 4875 3888 4954; x_wconf 52' lang='lat' dir='ltr'><strong>quod,</strong></span> 
     </span>
    </p>
   </div>
   <div class='ocr_carea' id='block_1_107' title="bbox 2283 4970 3888 5048">
    <p class='ocr_par' dir='ltr' id='par_1_107' title="bbox 2283 4970 3888 5048">
     <span class='ocr_line' id='line_1_107' title="bbox 2283 4970 3888 5048; baseline 0.001 -24"><span class='ocrx_word' id='word_1_810' title='bbox 2283 4970 2498 5025; x_wconf 89' lang='lat' dir='ltr'><strong>Christi</strong></span> <span class='ocrx_word' id='word_1_811' title='bbox 2522 4971 2829 5043; x_wconf 85' lang='lat' dir='ltr'><strong>[CXCVIII]</strong></span> <span class='ocrx_word' id='word_1_812' title='bbox 2852 4973 3035 5028; x_wconf 88' lang='lat' dir='ltr'><strong>latere</strong></span> <span class='ocrx_word' id='word_1_813' title='bbox 3058 4981 3191 5046; x_wconf 91' lang='lat' dir='ltr'><strong>post</strong></span> <span class='ocrx_word' id='word_1_814' title='bbox 3229 4977 3366 5048; x_wconf 91' lang='lat' dir='ltr'><strong>ejus</strong></span> <span class='ocrx_word' id='word_1_815' title='bbox 3389 4984 3641 5034; x_wconf 90' lang='lat' dir='ltr'><strong>mortem</strong></span> <span class='ocrx_word' id='word_1_816' title='bbox 3672 4975 3726 5028; x_wconf 93' lang='lat' dir='ltr'><strong>in</strong></span> <span class='ocrx_word' id='word_1_817' title='bbox 3752 4975 3888 5022; x_wconf 73' lang='lat' dir='ltr'><strong>cruce</strong></span> 
     </span>
    </p>
   </div>
   <div class='ocr_carea' id='block_1_108' title="bbox 2282 5058 3888 5140">
    <p class='ocr_par' dir='ltr' id='par_1_108' title="bbox 2282 5058 3888 5140">
     <span class='ocr_line' id='line_1_108' title="bbox 2282 5058 3888 5140; baseline -0.003 -26"><span class='ocrx_word' id='word_1_818' title='bbox 2282 5058 2568 5130; x_wconf 80' lang='lat' dir='ltr'><strong>perfosso,</strong></span> <span class='ocrx_word' id='word_1_819' title='bbox 2598 5059 2771 5116; x_wconf 83' lang='lat' dir='ltr'><strong>ﬂuxit</strong></span> <span class='ocrx_word' id='word_1_820' title='bbox 2790 5061 3031 5134; x_wconf 88' lang='lat' dir='ltr'><strong>sanguis</strong></span> <span class='ocrx_word' id='word_1_821' title='bbox 3057 5068 3118 5118; x_wconf 85' lang='lat' dir='ltr'><strong>et</strong></span> <span class='ocrx_word' id='word_1_822' title='bbox 3132 5079 3309 5136; x_wconf 88' lang='lat' dir='ltr'><strong>aqua,</strong></span> <span class='ocrx_word' id='word_1_823' title='bbox 3337 5067 3600 5140; x_wconf 89' lang='lat' dir='ltr'><strong>duplicis</strong></span> <span class='ocrx_word' id='word_1_824' title='bbox 3621 5059 3888 5134; x_wconf 83' lang='lat' dir='ltr'><strong>baptisma-</strong></span> 
     </span>
    </p>
   </div>
   <div class='ocr_carea' id='block_1_109' title="bbox 2283 5145 3892 5222">
    <p class='ocr_par' dir='ltr' id='par_1_109' title="bbox 2283 5145 3892 5222">
     <span class='ocr_line' id='line_1_109' title="bbox 2283 5145 3892 5222; baseline 0.001 -20"><span class='ocrx_word' id='word_1_825' title='bbox 2283 5149 2380 5215; x_wconf 90' lang='lat' dir='ltr'><strong>tis,</strong></span> <span class='ocrx_word' id='word_1_826' title='bbox 2411 5164 2524 5204; x_wconf 90' lang='lat' dir='ltr'><strong>nec</strong></span> <span class='ocrx_word' id='word_1_827' title='bbox 2572 5149 2858 5222; x_wconf 89' lang='lat' dir='ltr'><strong>plurium,</strong></span> <span class='ocrx_word' id='word_1_828' title='bbox 2909 5151 3268 5222; x_wconf 83' lang='lat' dir='ltr'><strong>symbolum.</strong></span> <span class='ocrx_word' id='word_1_829' title='bbox 3322 5157 3390 5212; x_wconf 88' lang='lat' dir='ltr'><strong>Id</strong></span> <span class='ocrx_word' id='word_1_830' title='bbox 3423 5159 3664 5212; x_wconf 89' lang='lat' dir='ltr'><strong>Patrum</strong></span> <span class='ocrx_word' id='word_1_831' title='bbox 3702 5145 3892 5205; x_wconf 77' lang='lat' dir='ltr'><strong>turbam</strong></span> 
     </span>
    </p>
   </div>
   <div class='ocr_carea' id='block_1_110' title="bbox 2283 5231 3898 5310">
    <p class='ocr_par' dir='ltr' id='par_1_110' title="bbox 2283 5231 3898 5310">
     <span class='ocr_line' id='line_1_110' title="bbox 2283 5231 3898 5310; baseline -0.004 -19"><span class='ocrx_word' id='word_1_832' title='bbox 2283 5243 2522 5292; x_wconf 90' lang='lat' dir='ltr'><strong>secutus</strong></span> <span class='ocrx_word' id='word_1_833' title='bbox 2543 5239 2986 5310; x_wconf 90' lang='lat' dir='ltr'><strong>pronuntiavit;</strong></span> <span class='ocrx_word' id='word_1_834' title='bbox 3019 5241 3076 5294; x_wconf 88' lang='lat'><strong>2°</strong></span> <span class='ocrx_word' id='word_1_835' title='bbox 3105 5256 3177 5297; x_wconf 84' lang='lat' dir='ltr'><strong>ex</strong></span> <span class='ocrx_word' id='word_1_836' title='bbox 3207 5246 3576 5301; x_wconf 89' lang='lat' dir='ltr'><strong>necessitate</strong></span> <span class='ocrx_word' id='word_1_837' title='bbox 3614 5231 3898 5298; x_wconf 82' lang='lat' dir='ltr'><strong>confessio-</strong></span> 
     </span>
    </p>
   </div>
   <div class='ocr_carea' id='block_1_111' title="bbox 2281 5320 3898 5408">
    <p class='ocr_par' dir='ltr' id='par_1_111' title="bbox 2281 5320 3898 5408">
     <span class='ocr_line' id='line_1_111' title="bbox 2281 5320 3898 5408; baseline -0.004 -26"><span class='ocrx_word' id='word_1_838' title='bbox 2281 5327 2376 5382; x_wconf 91' lang='lat' dir='ltr'><strong>nis</strong></span> <span class='ocrx_word' id='word_1_839' title='bbox 2409 5327 2547 5383; x_wconf 82' lang='lat' dir='ltr'><strong>ﬁdei</strong></span> <span class='ocrx_word' id='word_1_840' title='bbox 2577 5345 2590 5395; x_wconf 91' lang='lat'><strong>;</strong></span> <span class='ocrx_word' id='word_1_841' title='bbox 2625 5345 2757 5400; x_wconf 67' lang='lat' dir='ltr'><strong>quas</strong></span> <span class='ocrx_word' id='word_1_842' title='bbox 2790 5346 2925 5385; x_wconf 90' lang='lat' dir='ltr'><strong>cum</strong></span> <span class='ocrx_word' id='word_1_843' title='bbox 2956 5330 3017 5384; x_wconf 93' lang='lat' dir='ltr'><strong>in</strong></span> <span class='ocrx_word' id='word_1_844' title='bbox 3041 5330 3342 5403; x_wconf 88' lang='lat' dir='ltr'><strong>baptismo</strong></span> <span class='ocrx_word' id='word_1_845' title='bbox 3376 5333 3719 5408; x_wconf 81' lang='lat' dir='ltr'><strong>rogantibus</strong></span> <span class='ocrx_word' id='word_1_846' title='bbox 3739 5320 3898 5380; x_wconf 86' lang='lat' dir='ltr'><strong>Eccle-</strong></span> 
     </span>
    </p>
   </div>
   <div class='ocr_carea' id='block_1_112' title="bbox 2282 5414 3898 5496">
    <p class='ocr_par' dir='ltr' id='par_1_112' title="bbox 2282 5414 3898 5496">
     <span class='ocr_line' id='line_1_112' title="bbox 2282 5414 3898 5496; baseline 0.004 -25"><span class='ocrx_word' id='word_1_847' title='bbox 2282 5417 2384 5472; x_wconf 73' lang='lat' dir='ltr'><strong>siaa</strong></span> <span class='ocrx_word' id='word_1_848' title='bbox 2411 5417 2678 5472; x_wconf 91' lang='lat' dir='ltr'><strong>minisris</strong></span> <span class='ocrx_word' id='word_1_849' title='bbox 2708 5418 2832 5490; x_wconf 81' lang='lat' dir='ltr'><strong>ﬁat,</strong></span> <span class='ocrx_word' id='word_1_850' title='bbox 2890 5419 2952 5474; x_wconf 91' lang='lat' dir='ltr'><strong>in</strong></span> <span class='ocrx_word' id='word_1_851' title='bbox 3007 5421 3294 5493; x_wconf 88' lang='lat' dir='ltr'><strong>martyrio</strong></span> <span class='ocrx_word' id='word_1_852' title='bbox 3359 5423 3430 5480; x_wconf 80' lang='lat' dir='ltr'><strong>fit</strong></span> <span class='ocrx_word' id='word_1_853' title='bbox 3473 5417 3801 5496; x_wconf 84' lang='lat' dir='ltr'><strong>rogantibus</strong></span> <span class='ocrx_word' id='word_1_854' title='bbox 3834 5414 3898 5478; x_wconf 72' lang='grc' dir='ltr'><strong>ιι·</strong></span> 
     </span>
    </p>
   </div>
   <div class='ocr_carea' id='block_1_113' title="bbox 2279 5521 2512 5562">
    <p class='ocr_par' dir='ltr' id='par_1_113' title="bbox 2279 5521 2512 5562">
     <span class='ocr_line' id='line_1_113' title="bbox 2279 5521 2512 5562; baseline 0 -2"><span class='ocrx_word' id='word_1_855' title='bbox 2279 5521 2512 5562; x_wconf 86' lang='lat' dir='ltr'><strong>ranms.</strong></span> 
     </span>
    </p>
   </div>
  </div>
