  <div class='ocr_page' id='page_1' title='image "/cluster/home/n/w/nwhite01/storage/ocr_20150623/33/coo.31924054869304/126.png"; bbox 0 0 2012 3186; ppageno 0'>
   <div class='ocr_carea' id='block_1_1' title="bbox 76 189 126 219">
    <p class='ocr_par' dir='ltr' id='par_1_1' title="bbox 76 189 126 219">
     <span class='ocr_line' id='line_1_1' title="bbox 76 189 126 219; baseline -0.02 0"><span class='ocrx_word' id='word_1_1' title='bbox 76 189 126 219; x_wconf 81' lang='grc'><strong>23⁵1</strong></span> 
     </span>
    </p>
   </div>
   <div class='ocr_carea' id='block_1_2' title="bbox 748 182 1084 214">
    <p class='ocr_par' dir='ltr' id='par_1_2' title="bbox 748 182 1084 214">
     <span class='ocr_line' id='line_1_2' title="bbox 748 182 1084 214; baseline 0.003 -1"><span class='ocrx_word' id='word_1_2' title='bbox 748 182 1009 214; x_wconf 83' lang='lat' dir='ltr'><strong>DISSERTATIO</strong></span> <span class='ocrx_word' id='word_1_3' title='bbox 1032 184 1084 214; x_wconf 87' lang='grc' dir='ltr'>ΠΙ.</span> 
     </span>
    </p>
   </div>
   <div class='ocr_carea' id='block_1_3' title="bbox 1712 187 1771 218">
    <p class='ocr_par' dir='ltr' id='par_1_3' title="bbox 1712 187 1771 218">
     <span class='ocr_line' id='line_1_3' title="bbox 1712 187 1771 218; baseline 0.017 -1"><span class='ocrx_word' id='word_1_4' title='bbox 1712 187 1771 218; x_wconf 80' lang='grc'><strong>238</strong></span> 
     </span>
    </p>
   </div>
   <div class='ocr_carea' id='block_1_4' title="bbox 99 248 1773 288">
    <p class='ocr_par' dir='ltr' id='par_1_4' title="bbox 99 248 1773 288">
     <span class='ocr_line' id='line_1_4' title="bbox 99 248 1773 288; baseline 0 -6"><span class='ocrx_word' id='word_1_5' title='bbox 99 257 140 283; x_wconf 81' lang='grc'>65.</span> <span class='ocrx_word' id='word_1_6' title='bbox 156 256 215 282; x_wconf 76' lang='lat' dir='ltr'><strong>Non</strong></span> <span class='ocrx_word' id='word_1_7' title='bbox 231 254 299 281; x_wconf 82' lang='lat' dir='ltr'><strong>haec</strong></span> <span class='ocrx_word' id='word_1_8' title='bbox 315 252 437 288; x_wconf 83' lang='lat' dir='ltr'><strong>propria</strong></span> <span class='ocrx_word' id='word_1_9' title='bbox 451 254 478 279; x_wconf 88' lang='lat' dir='ltr'><strong>et</strong></span> <span class='ocrx_word' id='word_1_10' title='bbox 492 250 646 287; x_wconf 78' lang='lat' dir='ltr'><strong>singularis</strong></span> <span class='ocrx_word' id='word_1_11' title='bbox 657 250 757 286; x_wconf 86' lang='lat' dir='ltr'><strong>Cyrilli</strong></span> <span class='ocrx_word' id='word_1_12' title='bbox 778 250 879 277; x_wconf 81' lang='lat' dir='ltr'><strong>animo</strong></span> <span class='ocrx_word' id='word_1_13' title='bbox 896 248 921 282; x_wconf 77' lang='grc' dir='ltr'><strong>Α</strong></span> <span class='ocrx_word' id='word_1_14' title='bbox 938 249 1017 284; x_wconf 85' lang='lat' dir='ltr'><strong>apud</strong></span> <span class='ocrx_word' id='word_1_15' title='bbox 1044 250 1194 278; x_wconf 75' lang='lat' dir='ltr'><strong>Iustinum</strong></span> <span class='ocrx_word' id='word_1_16' title='bbox 1211 253 1317 286; x_wconf 76' lang='lat' dir='ltr'><strong>quaest,</strong></span> <span class='ocrx_word' id='word_1_17' title='bbox 1336 253 1378 285; x_wconf 87' lang='grc'>13,</span> <span class='ocrx_word' id='word_1_18' title='bbox 1406 254 1460 279; x_wconf 88' lang='lat' dir='ltr'><strong>etc.</strong></span> <span class='ocrx_word' id='word_1_19' title='bbox 1480 252 1536 279; x_wconf 87' lang='lat' dir='ltr'><strong>Sed</strong></span> <span class='ocrx_word' id='word_1_20' title='bbox 1562 252 1598 280; x_wconf 90' lang='lat' dir='ltr'><strong>ab</strong></span> <span class='ocrx_word' id='word_1_21' title='bbox 1630 260 1665 280; x_wconf 89' lang='lat' dir='ltr'><strong>ea</strong></span> <span class='ocrx_word' id='word_1_22' title='bbox 1681 261 1773 282; x_wconf 85' lang='lat' dir='ltr'><strong>causa</strong></span> 
     </span>
    </p>
   </div>
   <div class='ocr_carea' id='block_1_5' title="bbox 69 295 883 335">
    <p class='ocr_par' dir='ltr' id='par_1_5' title="bbox 69 295 883 335">
     <span class='ocr_line' id='line_1_5' title="bbox 69 295 883 335; baseline -0.01 -6"><span class='ocrx_word' id='word_1_23' title='bbox 69 300 169 330; x_wconf 77' lang='lat' dir='ltr'>insedit</span> <span class='ocrx_word' id='word_1_24' title='bbox 183 299 298 335; x_wconf 87' lang='lat' dir='ltr'><strong>opinio.</strong></span> <span class='ocrx_word' id='word_1_25' title='bbox 316 298 453 325; x_wconf 87' lang='lat' dir='ltr'><strong>Citantur</strong></span> <span class='ocrx_word' id='word_1_26' title='bbox 466 297 495 324; x_wconf 93' lang='lat' dir='ltr'><strong>in</strong></span> <span class='ocrx_word' id='word_1_27' title='bbox 505 305 568 324; x_wconf 87' lang='lat' dir='ltr'><strong>eam</strong></span> <span class='ocrx_word' id='word_1_28' title='bbox 579 304 641 323; x_wconf 89' lang='lat' dir='ltr'><strong>rem</strong></span> <span class='ocrx_word' id='word_1_29' title='bbox 657 298 709 323; x_wconf 90' lang='lat' dir='ltr'><strong>aut</strong></span> <span class='ocrx_word' id='word_1_30' title='bbox 722 295 806 323; x_wconf 85' lang='lat' dir='ltr'><strong>citari</strong></span> <span class='ocrx_word' id='word_1_31' title='bbox 816 303 883 330; x_wconf 86' lang='lat' dir='ltr'><strong>pos-</strong></span> 
     </span>
    </p>
   </div>
   <div class='ocr_carea' id='block_1_6' title="bbox 73 339 883 376">
    <p class='ocr_par' dir='ltr' id='par_1_6' title="bbox 73 339 883 376">
     <span class='ocr_line' id='line_1_6' title="bbox 73 339 883 376; baseline -0.009 -3"><span class='ocrx_word' id='word_1_32' title='bbox 73 349 136 373; x_wconf 84' lang='lat' dir='ltr'><strong>sunt</strong></span> <span class='ocrx_word' id='word_1_33' title='bbox 142 348 236 372; x_wconf 82' lang='lat' dir='ltr'><strong>auctor</strong></span> <span class='ocrx_word' id='word_1_34' title='bbox 243 344 473 376; x_wconf 80' lang='lat' dir='ltr'><strong>Recognitionum</strong></span> <span class='ocrx_word' id='word_1_35' title='bbox 485 341 537 369; x_wconf 92' lang='lat' dir='ltr'><strong>sub</strong></span> <span class='ocrx_word' id='word_1_36' title='bbox 549 341 668 368; x_wconf 87' lang='lat' dir='ltr'><strong>nomine</strong></span> <span class='ocrx_word' id='word_1_37' title='bbox 681 341 707 367; x_wconf 89' lang='lat' dir='ltr'><strong>S.</strong></span> <span class='ocrx_word' id='word_1_38' title='bbox 721 339 883 367; x_wconf 79' lang='lat' dir='ltr'><strong>Clementis</strong></span> 
     </span>
    </p>
   </div>
   <div class='ocr_carea' id='block_1_7' title="bbox 75 385 883 422">
    <p class='ocr_par' dir='ltr' id='par_1_7' title="bbox 75 385 883 422">
     <span class='ocr_line' id='line_1_7' title="bbox 75 385 883 422; baseline -0.007 -5"><span class='ocrx_word' id='word_1_39' title='bbox 75 390 122 418; x_wconf 89' lang='lat' dir='ltr'><strong>lib.</strong></span> <span class='ocrx_word' id='word_1_40' title='bbox 138 398 191 422; x_wconf 88' lang='grc' dir='ltr'>ι,ιι.</span> <span class='ocrx_word' id='word_1_41' title='bbox 201 389 242 421; x_wconf 87' lang='grc'><strong>55,</strong></span> <span class='ocrx_word' id='word_1_42' title='bbox 259 390 292 414; x_wconf 90' lang='lat' dir='ltr'><strong>et</strong></span> <span class='ocrx_word' id='word_1_43' title='bbox 302 387 360 414; x_wconf 85' lang='lat' dir='ltr'><strong>lib.</strong></span> <span class='ocrx_word' id='word_1_44' title='bbox 374 395 409 420; x_wconf 77' lang='lat' dir='ltr'><strong>v1,</strong></span> <span class='ocrx_word' id='word_1_45' title='bbox 422 395 450 413; x_wconf 98' lang='grc' dir='ltr'><strong>ιι.</strong></span> <span class='ocrx_word' id='word_1_46' title='bbox 467 387 501 419; x_wconf 90' lang='lat'>8;</span> <span class='ocrx_word' id='word_1_47' title='bbox 518 389 620 413; x_wconf 83' lang='lat' dir='ltr'><strong>auctor</strong></span> <span class='ocrx_word' id='word_1_48' title='bbox 629 385 883 412; x_wconf 87' lang='lat' dir='ltr'><strong>Clementinarum</strong></span> 
     </span>
    </p>
   </div>
   <div class='ocr_carea' id='block_1_8' title="bbox 78 429 884 464">
    <p class='ocr_par' dir='ltr' id='par_1_8' title="bbox 78 429 884 464">
     <span class='ocr_line' id='line_1_8' title="bbox 78 429 884 464; baseline -0.009 -2"><span class='ocrx_word' id='word_1_49' title='bbox 78 434 255 463; x_wconf 87' lang='lat' dir='ltr'><strong>homiliarum,</strong></span> <span class='ocrx_word' id='word_1_50' title='bbox 287 431 396 459; x_wconf 88' lang='lat' dir='ltr'><strong>homil.</strong></span> <span class='ocrx_word' id='word_1_51' title='bbox 423 430 465 464; x_wconf 84' lang='grc'><strong>11,</strong></span> <span class='ocrx_word' id='word_1_52' title='bbox 482 438 510 457; x_wconf 86' lang='grc' dir='ltr'><strong>ιι.</strong></span> <span class='ocrx_word' id='word_1_53' title='bbox 525 432 559 457; x_wconf 88' lang='grc'>25</span> <span class='ocrx_word' id='word_1_54' title='bbox 589 432 618 457; x_wconf 90' lang='lat' dir='ltr'><strong>et</strong></span> <span class='ocrx_word' id='word_1_55' title='bbox 645 431 698 463; x_wconf 85' lang='lat'><strong>26;</strong></span> <span class='ocrx_word' id='word_1_56' title='bbox 727 429 884 464; x_wconf 79' lang='lat' dir='ltr'><strong>Gregorius</strong></span> 
     </span>
    </p>
   </div>
   <div class='ocr_carea' id='block_1_9' title="bbox 80 474 882 511">
    <p class='ocr_par' dir='ltr' id='par_1_9' title="bbox 80 474 882 511">
     <span class='ocr_line' id='line_1_9' title="bbox 80 474 882 511; baseline -0.007 -5"><span class='ocrx_word' id='word_1_57' title='bbox 80 481 133 511; x_wconf 65' lang='lat' dir='ltr'><strong>Nae,</strong></span> <span class='ocrx_word' id='word_1_58' title='bbox 144 479 206 505; x_wconf 81' lang='lat' dir='ltr'><strong>orat.</strong></span> <span class='ocrx_word' id='word_1_59' title='bbox 223 478 270 511; x_wconf 83' lang='grc'>40,</span> <span class='ocrx_word' id='word_1_60' title='bbox 288 484 357 511; x_wconf 77' lang='lat' dir='ltr'><strong>pag.</strong></span> <span class='ocrx_word' id='word_1_61' title='bbox 371 476 432 507; x_wconf 84' lang='lat'><strong>652,</strong></span> <span class='ocrx_word' id='word_1_62' title='bbox 447 478 476 502; x_wconf 90' lang='lat' dir='ltr'><strong>et</strong></span> <span class='ocrx_word' id='word_1_63' title='bbox 489 476 705 502; x_wconf 82' lang='lat' dir='ltr'><strong>commentator</strong></span> <span class='ocrx_word' id='word_1_64' title='bbox 718 474 782 510; x_wconf 87' lang='lat' dir='ltr'>ejus</span> <span class='ocrx_word' id='word_1_65' title='bbox 798 474 882 500; x_wconf 89' lang='lat' dir='ltr'><strong>Nice-</strong></span> 
     </span>
    </p>
   </div>
   <div class='ocr_carea' id='block_1_10' title="bbox 80 519 881 555">
    <p class='ocr_par' dir='ltr' id='par_1_10' title="bbox 80 519 881 555">
     <span class='ocr_line' id='line_1_10' title="bbox 80 519 881 555; baseline -0.006 -5"><span class='ocrx_word' id='word_1_66' title='bbox 80 524 145 550; x_wconf 82' lang='lat' dir='ltr'><strong>tasin</strong></span> <span class='ocrx_word' id='word_1_67' title='bbox 157 530 220 549; x_wconf 89' lang='lat' dir='ltr'><strong>eum</strong></span> <span class='ocrx_word' id='word_1_68' title='bbox 233 521 357 553; x_wconf 87' lang='lat' dir='ltr'><strong>locum;</strong></span> <span class='ocrx_word' id='word_1_69' title='bbox 372 521 487 555; x_wconf 81' lang='lat' dir='ltr'><strong>Gregor.</strong></span> <span class='ocrx_word' id='word_1_70' title='bbox 500 520 660 555; x_wconf 81' lang='lat' dir='ltr'><strong>Nyssenns,</strong></span> <span class='ocrx_word' id='word_1_71' title='bbox 678 521 748 546; x_wconf 88' lang='lat' dir='ltr'><strong>tom.</strong></span> <span class='ocrx_word' id='word_1_72' title='bbox 766 520 801 552; x_wconf 89' lang='lat' dir='ltr'>ll,</span> <span class='ocrx_word' id='word_1_73' title='bbox 812 519 881 546; x_wconf 87' lang='lat' dir='ltr'><strong>Ora-</strong></span> 
     </span>
    </p>
   </div>
   <div class='ocr_carea' id='block_1_11' title="bbox 75 563 884 601">
    <p class='ocr_par' dir='ltr' id='par_1_11' title="bbox 75 563 884 601">
     <span class='ocr_line' id='line_1_11' title="bbox 75 563 884 601; baseline -0.006 -7"><span class='ocrx_word' id='word_1_74' title='bbox 75 570 133 595; x_wconf 80' lang='lat' dir='ltr'><strong>tione</strong></span> <span class='ocrx_word' id='word_1_75' title='bbox 146 568 172 594; x_wconf 82' lang='lat' dir='ltr'><strong>in</strong></span> <span class='ocrx_word' id='word_1_76' title='bbox 183 567 349 601; x_wconf 75' lang='lat' dir='ltr'><strong>Differentes</strong></span> <span class='ocrx_word' id='word_1_77' title='bbox 359 565 501 600; x_wconf 83' lang='lat' dir='ltr'><strong>baptisma,</strong></span> <span class='ocrx_word' id='word_1_78' title='bbox 513 572 577 600; x_wconf 88' lang='lat' dir='ltr'><strong>pag.</strong></span> <span class='ocrx_word' id='word_1_79' title='bbox 594 565 643 590; x_wconf 86' lang='grc'>126</span> <span class='ocrx_word' id='word_1_80' title='bbox 652 572 659 596; x_wconf 89' lang='lat'><strong>;</strong></span> <span class='ocrx_word' id='word_1_81' title='bbox 669 563 884 599; x_wconf 89' lang='lat' dir='ltr'><strong>Chrysostom.,</strong></span> 
     </span>
    </p>
   </div>
   <div class='ocr_carea' id='block_1_12' title="bbox 76 608 883 645">
    <p class='ocr_par' dir='ltr' id='par_1_12' title="bbox 76 608 883 645">
     <span class='ocr_line' id='line_1_12' title="bbox 76 608 883 645; baseline -0.007 -5"><span class='ocrx_word' id='word_1_82' title='bbox 76 611 161 640; x_wconf 86' lang='lat' dir='ltr'><strong>homil.</strong></span> <span class='ocrx_word' id='word_1_83' title='bbox 176 612 209 638; x_wconf 80' lang='grc'>24</span> <span class='ocrx_word' id='word_1_84' title='bbox 223 612 252 637; x_wconf 83' lang='lat' dir='ltr'><strong>in</strong></span> <span class='ocrx_word' id='word_1_85' title='bbox 264 611 383 643; x_wconf 80' lang='lat' dir='ltr'><strong>Joann.,</strong></span> <span class='ocrx_word' id='word_1_86' title='bbox 407 617 470 645; x_wconf 77' lang='lat' dir='ltr'><strong>pag.</strong></span> <span class='ocrx_word' id='word_1_87' title='bbox 498 610 559 641; x_wconf 85' lang='grc'>159,</span> <span class='ocrx_word' id='word_1_88' title='bbox 581 611 611 635; x_wconf 90' lang='lat' dir='ltr'><strong>et</strong></span> <span class='ocrx_word' id='word_1_89' title='bbox 634 608 737 635; x_wconf 89' lang='lat' dir='ltr'><strong>homil.</strong></span> <span class='ocrx_word' id='word_1_90' title='bbox 755 609 799 639; x_wconf 80' lang='lat'><strong>62,</strong></span> <span class='ocrx_word' id='word_1_91' title='bbox 817 615 883 643; x_wconf 88' lang='lat' dir='ltr'><strong>pag.</strong></span> 
     </span>
    </p>
   </div>
   <div class='ocr_carea' id='block_1_13' title="bbox 72 652 885 688">
    <p class='ocr_par' dir='ltr' id='par_1_13' title="bbox 72 652 885 688">
     <span class='ocr_line' id='line_1_13' title="bbox 72 652 885 688; baseline -0.006 -5"><span class='ocrx_word' id='word_1_92' title='bbox 72 658 121 687; x_wconf 72' lang='grc'>402,</span> <span class='ocrx_word' id='word_1_93' title='bbox 136 658 162 683; x_wconf 93' lang='lat' dir='ltr'><strong>et</strong></span> <span class='ocrx_word' id='word_1_94' title='bbox 175 654 278 682; x_wconf 88' lang='lat' dir='ltr'><strong>homil.</strong></span> <span class='ocrx_word' id='word_1_95' title='bbox 296 655 313 681; x_wconf 89' lang='lat'>3</span> <span class='ocrx_word' id='word_1_96' title='bbox 329 653 358 681; x_wconf 79' lang='lat' dir='ltr'><strong>in</strong></span> <span class='ocrx_word' id='word_1_97' title='bbox 373 654 459 688; x_wconf 85' lang='lat' dir='ltr'><strong>Epist.</strong></span> <span class='ocrx_word' id='word_1_98' title='bbox 479 653 559 680; x_wconf 79' lang='lat' dir='ltr'><strong>Pauli</strong></span> <span class='ocrx_word' id='word_1_99' title='bbox 569 653 606 680; x_wconf 88' lang='lat' dir='ltr'><strong>ad</strong></span> <span class='ocrx_word' id='word_1_100' title='bbox 619 652 755 687; x_wconf 64' lang='lat' dir='ltr'><strong>Philipp,</strong></span> <span class='ocrx_word' id='word_1_101' title='bbox 772 660 837 687; x_wconf 86' lang='lat' dir='ltr'><strong>pag.</strong></span> <span class='ocrx_word' id='word_1_102' title='bbox 850 653 885 678; x_wconf 86' lang='grc'>32</span> 
     </span>
    </p>
   </div>
   <div class='ocr_carea' id='block_1_14' title="bbox 71 695 885 732">
    <p class='ocr_par' dir='ltr' id='par_1_14' title="bbox 71 695 885 732">
     <span class='ocr_line' id='line_1_14' title="bbox 71 695 885 732; baseline -0.006 -4"><span class='ocrx_word' id='word_1_103' title='bbox 71 704 93 728; x_wconf 84' lang='lat' dir='ltr'><strong>et</strong></span> <span class='ocrx_word' id='word_1_104' title='bbox 102 701 131 727; x_wconf 81' lang='lat'><strong>33</strong></span> <span class='ocrx_word' id='word_1_105' title='bbox 140 709 147 732; x_wconf 76' lang='grc' dir='ltr'>ς</span> <span class='ocrx_word' id='word_1_106' title='bbox 156 702 256 727; x_wconf 79' lang='lat' dir='ltr'><strong>auctor</strong></span> <span class='ocrx_word' id='word_1_107' title='bbox 266 698 417 726; x_wconf 87' lang='lat' dir='ltr'><strong>sermonis</strong></span> <span class='ocrx_word' id='word_1_108' title='bbox 427 698 463 725; x_wconf 78' lang='lat' dir='ltr'><strong>De</strong></span> <span class='ocrx_word' id='word_1_109' title='bbox 475 705 544 725; x_wconf 70' lang='lat' dir='ltr'><strong>czco</strong></span> <span class='ocrx_word' id='word_1_110' title='bbox 554 700 620 724; x_wconf 89' lang='lat' dir='ltr'><strong>nato</strong></span> <span class='ocrx_word' id='word_1_111' title='bbox 636 700 661 724; x_wconf 89' lang='lat' dir='ltr'><strong>et</strong></span> <span class='ocrx_word' id='word_1_112' title='bbox 673 697 791 731; x_wconf 82' lang='lat' dir='ltr'><strong>latrone,</strong></span> <span class='ocrx_word' id='word_1_113' title='bbox 806 695 885 732; x_wconf 90' lang='lat' dir='ltr'><strong>apud</strong></span> 
     </span>
    </p>
   </div>
   <div class='ocr_carea' id='block_1_15' title="bbox 70 741 885 778">
    <p class='ocr_par' dir='ltr' id='par_1_15' title="bbox 70 741 885 778">
     <span class='ocr_line' id='line_1_15' title="bbox 70 741 885 778; baseline -0.005 -6"><span class='ocrx_word' id='word_1_114' title='bbox 70 745 199 777; x_wconf 85' lang='lat' dir='ltr'><strong>eumdem,</strong></span> <span class='ocrx_word' id='word_1_115' title='bbox 216 747 291 771; x_wconf 84' lang='lat' dir='ltr'><strong>tom.</strong></span> <span class='ocrx_word' id='word_1_116' title='bbox 320 743 366 777; x_wconf 84' lang='lat' dir='ltr'><strong>Vl,</strong></span> <span class='ocrx_word' id='word_1_117' title='bbox 381 750 445 778; x_wconf 83' lang='lat' dir='ltr'><strong>pag.</strong></span> <span class='ocrx_word' id='word_1_118' title='bbox 476 743 538 775; x_wconf 82' lang='grc'>441,</span> <span class='ocrx_word' id='word_1_119' title='bbox 557 745 586 769; x_wconf 91' lang='lat' dir='ltr'><strong>et</strong></span> <span class='ocrx_word' id='word_1_120' title='bbox 598 744 702 769; x_wconf 79' lang='lat' dir='ltr'><strong>auctor</strong></span> <span class='ocrx_word' id='word_1_121' title='bbox 731 741 885 776; x_wconf 85' lang='lat' dir='ltr'><strong>sequentis</strong></span> 
     </span>
    </p>
   </div>
   <div class='ocr_carea' id='block_1_16' title="bbox 74 786 883 822">
    <p class='ocr_par' dir='ltr' id='par_1_16' title="bbox 74 786 883 822">
     <span class='ocr_line' id='line_1_16' title="bbox 74 786 883 822; baseline -0.006 -5"><span class='ocrx_word' id='word_1_122' title='bbox 74 789 185 817; x_wconf 69' lang='lat' dir='ltr'><strong>homiliae</strong></span> <span class='ocrx_word' id='word_1_123' title='bbox 204 790 235 816; x_wconf 81' lang='lat' dir='ltr'><strong>in</strong></span> <span class='ocrx_word' id='word_1_124' title='bbox 266 788 430 815; x_wconf 79' lang='lat' dir='ltr'><strong>triduanum</strong></span> <span class='ocrx_word' id='word_1_125' title='bbox 458 788 694 817; x_wconf 79' lang='lat' dir='ltr'><strong>resurrectionem.</strong></span> <span class='ocrx_word' id='word_1_126' title='bbox 724 794 789 822; x_wconf 86' lang='lat' dir='ltr'><strong>pag.</strong></span> <span class='ocrx_word' id='word_1_127' title='bbox 807 786 858 813; x_wconf 89' lang='grc'><strong>445</strong></span> <span class='ocrx_word' id='word_1_128' title='bbox 876 794 883 819; x_wconf 91' lang='lat'><strong>;</strong></span> 
     </span>
    </p>
   </div>
   <div class='ocr_carea' id='block_1_17' title="bbox 74 830 883 867">
    <p class='ocr_par' dir='ltr' id='par_1_17' title="bbox 74 830 883 867">
     <span class='ocr_line' id='line_1_17' title="bbox 74 830 883 867; baseline -0.004 -6"><span class='ocrx_word' id='word_1_129' title='bbox 74 833 231 866; x_wconf 80' lang='lat' dir='ltr'><strong>Gennadius,</strong></span> <span class='ocrx_word' id='word_1_130' title='bbox 249 833 288 860; x_wconf 88' lang='lat' dir='ltr'><strong>De</strong></span> <span class='ocrx_word' id='word_1_131' title='bbox 304 832 451 860; x_wconf 84' lang='lat' dir='ltr'><strong>eeclesiast.</strong></span> <span class='ocrx_word' id='word_1_132' title='bbox 476 832 639 866; x_wconf 83' lang='lat' dir='ltr'><strong>dogmatib.,</strong></span> <span class='ocrx_word' id='word_1_133' title='bbox 666 839 730 867; x_wconf 87' lang='lat' dir='ltr'><strong>cap.</strong></span> <span class='ocrx_word' id='word_1_134' title='bbox 746 832 776 857; x_wconf 82' lang='grc'><strong>41</strong></span> <span class='ocrx_word' id='word_1_135' title='bbox 792 840 798 864; x_wconf 75' lang='grc' dir='ltr'>ς</span> <span class='ocrx_word' id='word_1_136' title='bbox 816 830 883 858; x_wconf 92' lang='lat' dir='ltr'><strong>Ful-</strong></span> 
     </span>
    </p>
   </div>
   <div class='ocr_carea' id='block_1_18' title="bbox 71 875 883 914">
    <p class='ocr_par' dir='ltr' id='par_1_18' title="bbox 71 875 883 914">
     <span class='ocr_line' id='line_1_18' title="bbox 71 875 883 914; baseline -0.005 -8"><span class='ocrx_word' id='word_1_137' title='bbox 71 878 178 914; x_wconf 69' lang='lat' dir='ltr'><strong>gentius,</strong></span> <span class='ocrx_word' id='word_1_138' title='bbox 190 877 230 905; x_wconf 86' lang='lat' dir='ltr'><strong>lib</strong></span> <span class='ocrx_word' id='word_1_139' title='bbox 243 886 275 904; x_wconf 86' lang='grc' dir='ltr'><strong>ιιι</strong></span> <span class='ocrx_word' id='word_1_140' title='bbox 288 878 329 904; x_wconf 87' lang='lat' dir='ltr'><strong>De</strong></span> <span class='ocrx_word' id='word_1_141' title='bbox 339 878 455 904; x_wconf 75' lang='lat' dir='ltr'><strong>veritate</strong></span> <span class='ocrx_word' id='word_1_142' title='bbox 466 876 555 911; x_wconf 68' lang='lat' dir='ltr'><strong>przd.</strong></span> <span class='ocrx_word' id='word_1_143' title='bbox 573 879 599 903; x_wconf 82' lang='lat' dir='ltr'><strong>et</strong></span> <span class='ocrx_word' id='word_1_144' title='bbox 614 879 699 911; x_wconf 66' lang='lat' dir='ltr'><strong>grat,</strong></span> <span class='ocrx_word' id='word_1_145' title='bbox 715 884 778 911; x_wconf 93' lang='lat' dir='ltr'><strong>cap.</strong></span> <span class='ocrx_word' id='word_1_146' title='bbox 797 877 839 909; x_wconf 84' lang='grc' dir='ltr'><strong>1ο,</strong></span> <span class='ocrx_word' id='word_1_147' title='bbox 852 875 883 902; x_wconf 91' lang='lat' dir='ltr'><strong>in</strong></span> 
     </span>
    </p>
   </div>
   <div class='ocr_carea' id='block_1_19' title="bbox 72 919 881 956">
    <p class='ocr_par' dir='ltr' id='par_1_19' title="bbox 72 919 881 956">
     <span class='ocr_line' id='line_1_19' title="bbox 72 919 881 956; baseline -0.005 -6"><span class='ocrx_word' id='word_1_148' title='bbox 72 924 181 950; x_wconf 81' lang='lat' dir='ltr'><strong>libroDe</strong></span> <span class='ocrx_word' id='word_1_149' title='bbox 204 922 256 956; x_wconf 77' lang='lat' dir='ltr'><strong>ﬁde</strong></span> <span class='ocrx_word' id='word_1_150' title='bbox 283 922 324 948; x_wconf 81' lang='lat' dir='ltr'><strong>ad</strong></span> <span class='ocrx_word' id='word_1_151' title='bbox 342 923 462 953; x_wconf 85' lang='lat' dir='ltr'><strong>Petrum,</strong></span> <span class='ocrx_word' id='word_1_152' title='bbox 490 929 553 956; x_wconf 93' lang='lat' dir='ltr'><strong>cap.</strong></span> <span class='ocrx_word' id='word_1_153' title='bbox 570 921 597 954; x_wconf 86' lang='lat'><strong>3,</strong></span> <span class='ocrx_word' id='word_1_154' title='bbox 627 929 709 948; x_wconf 91' lang='lat' dir='ltr'><strong>num.</strong></span> <span class='ocrx_word' id='word_1_155' title='bbox 740 921 783 952; x_wconf 92' lang='grc'><strong>41,</strong></span> <span class='ocrx_word' id='word_1_156' title='bbox 806 922 836 947; x_wconf 90' lang='lat' dir='ltr'><strong>et</strong></span> <span class='ocrx_word' id='word_1_157' title='bbox 851 919 881 946; x_wconf 94' lang='lat' dir='ltr'><strong>in</strong></span> 
     </span>
    </p>
   </div>
   <div class='ocr_carea' id='block_1_20' title="bbox 75 965 880 1003">
    <p class='ocr_par' dir='ltr' id='par_1_20' title="bbox 75 965 880 1003">
     <span class='ocr_line' id='line_1_20' title="bbox 75 965 880 1003; baseline -0.005 -8"><span class='ocrx_word' id='word_1_158' title='bbox 75 967 178 1003; x_wconf 80' lang='lat' dir='ltr'><strong>epistola</strong></span> <span class='ocrx_word' id='word_1_159' title='bbox 190 967 225 995; x_wconf 89' lang='lat' dir='ltr'><strong>ad</strong></span> <span class='ocrx_word' id='word_1_160' title='bbox 237 966 426 994; x_wconf 85' lang='lat' dir='ltr'><strong>Ferrandum</strong></span> <span class='ocrx_word' id='word_1_161' title='bbox 444 966 478 993; x_wconf 88' lang='lat' dir='ltr'><strong>De</strong></span> <span class='ocrx_word' id='word_1_162' title='bbox 495 966 632 1000; x_wconf 81' lang='lat' dir='ltr'><strong>baptismo</strong></span> <span class='ocrx_word' id='word_1_163' title='bbox 650 965 798 1000; x_wconf 58' lang='lat' dir='ltr'><strong>Athiopis,</strong></span> <span class='ocrx_word' id='word_1_164' title='bbox 815 972 880 999; x_wconf 87' lang='lat' dir='ltr'><strong>cap.</strong></span> 
     </span>
    </p>
   </div>
   <div class='ocr_carea' id='block_1_21' title="bbox 79 1009 882 1046">
    <p class='ocr_par' dir='ltr' id='par_1_21' title="bbox 79 1009 882 1046">
     <span class='ocr_line' id='line_1_21' title="bbox 79 1009 882 1046; baseline -0.002 -8"><span class='ocrx_word' id='word_1_165' title='bbox 79 1014 107 1038; x_wconf 76' lang='lat'><strong>2:</strong></span> <span class='ocrx_word' id='word_1_166' title='bbox 120 1010 487 1046; x_wconf 52' lang='lat' dir='ltr'><strong>Arnobiusjuniorﬂnpsal.</strong></span> <span class='ocrx_word' id='word_1_167' title='bbox 501 1018 601 1043; x_wconf 76' lang='lat' dir='ltr'><strong>CXXIX;</strong></span> <span class='ocrx_word' id='word_1_168' title='bbox 615 1009 787 1045; x_wconf 83' lang='lat' dir='ltr'><strong>Hesychius,</strong></span> <span class='ocrx_word' id='word_1_169' title='bbox 800 1009 850 1036; x_wconf 91' lang='lat' dir='ltr'>lib.</span> <span class='ocrx_word' id='word_1_170' title='bbox 864 1017 882 1036; x_wconf 93' lang='grc' dir='ltr'><strong>ιι</strong></span> 
     </span>
    </p>
   </div>
   <div class='ocr_carea' id='block_1_22' title="bbox 83 1054 883 1090">
    <p class='ocr_par' dir='ltr' id='par_1_22' title="bbox 83 1054 883 1090">
     <span class='ocr_line' id='line_1_22' title="bbox 83 1054 883 1090; baseline -0.003 -8"><span class='ocrx_word' id='word_1_171' title='bbox 83 1057 107 1082; x_wconf 77' lang='lat' dir='ltr'><strong>in</strong></span> <span class='ocrx_word' id='word_1_172' title='bbox 120 1057 207 1083; x_wconf 71' lang='lat' dir='ltr'><strong>Leritic.</strong></span> <span class='ocrx_word' id='word_1_173' title='bbox 232 1056 268 1083; x_wconf 85' lang='lat' dir='ltr'><strong>ad</strong></span> <span class='ocrx_word' id='word_1_174' title='bbox 282 1064 354 1090; x_wconf 85' lang='lat' dir='ltr'><strong>cap.</strong></span> <span class='ocrx_word' id='word_1_175' title='bbox 384 1063 420 1089; x_wconf 80' lang='lat' dir='ltr'><strong>v1,</strong></span> <span class='ocrx_word' id='word_1_176' title='bbox 448 1055 464 1089; x_wconf 59' lang='grc' dir='ltr'><em>ᾖ</em></span> <span class='ocrx_word' id='word_1_177' title='bbox 494 1056 546 1088; x_wconf 85' lang='grc'><strong>27;</strong></span> <span class='ocrx_word' id='word_1_178' title='bbox 579 1056 692 1082; x_wconf 85' lang='lat' dir='ltr'><strong>auctor.</strong></span> <span class='ocrx_word' id='word_1_179' title='bbox 729 1055 833 1081; x_wconf 77' lang='lat' dir='ltr'><strong>Hister.</strong></span> <span class='ocrx_word' id='word_1_180' title='bbox 850 1054 883 1080; x_wconf 81' lang='lat' dir='ltr'><strong>de</strong></span> 
     </span>
    </p>
   </div>
   <div class='ocr_carea' id='block_1_23' title="bbox 84 1099 881 1135">
    <p class='ocr_par' dir='ltr' id='par_1_23' title="bbox 84 1099 881 1135">
     <span class='ocr_line' id='line_1_23' title="bbox 84 1099 881 1135; baseline -0.003 -8"><span class='ocrx_word' id='word_1_181' title='bbox 84 1101 188 1127; x_wconf 79' lang='lat' dir='ltr'><strong>Barlaam</strong></span> <span class='ocrx_word' id='word_1_182' title='bbox 211 1104 233 1127; x_wconf 86' lang='lat' dir='ltr'><strong>et</strong></span> <span class='ocrx_word' id='word_1_183' title='bbox 258 1099 410 1134; x_wconf 77' lang='lat' dir='ltr'><strong>Iosophat,</strong></span> <span class='ocrx_word' id='word_1_184' title='bbox 439 1107 502 1135; x_wconf 86' lang='lat' dir='ltr'><strong>cap.</strong></span> <span class='ocrx_word' id='word_1_185' title='bbox 521 1100 556 1132; x_wconf 89' lang='lat'><strong>8;</strong></span> <span class='ocrx_word' id='word_1_186' title='bbox 587 1099 727 1126; x_wconf 81' lang='lat' dir='ltr'><strong>Rabanus</strong></span> <span class='ocrx_word' id='word_1_187' title='bbox 754 1099 881 1131; x_wconf 84' lang='lat' dir='ltr'><strong>Maurus,</strong></span> 
     </span>
    </p>
   </div>
   <div class='ocr_carea' id='block_1_24' title="bbox 83 1142 882 1179">
    <p class='ocr_par' dir='ltr' id='par_1_24' title="bbox 83 1142 882 1179">
     <span class='ocr_line' id='line_1_24' title="bbox 83 1142 882 1179; baseline -0.003 -8"><span class='ocrx_word' id='word_1_188' title='bbox 83 1144 125 1179; x_wconf 92' lang='lat' dir='ltr'><strong>qui</strong></span> <span class='ocrx_word' id='word_1_189' title='bbox 137 1144 179 1171; x_wconf 92' lang='lat' dir='ltr'>lib.</span> <span class='ocrx_word' id='word_1_190' title='bbox 193 1153 214 1171; x_wconf 79' lang='grc' dir='ltr'><strong>ιι</strong></span> <span class='ocrx_word' id='word_1_191' title='bbox 229 1146 476 1179; x_wconf 79' lang='lat' dir='ltr'><strong>Deunivers.,cap.</strong></span> <span class='ocrx_word' id='word_1_192' title='bbox 493 1144 535 1177; x_wconf 83' lang='grc' dir='ltr'>ΙΟ,</span> <span class='ocrx_word' id='word_1_193' title='bbox 549 1143 693 1171; x_wconf 88' lang='lat' dir='ltr'><strong>Gennadii</strong></span> <span class='ocrx_word' id='word_1_194' title='bbox 703 1142 882 1169; x_wconf 86' lang='lat' dir='ltr'><strong>sententiam</strong></span> 
     </span>
    </p>
   </div>
   <div class='ocr_carea' id='block_1_25' title="bbox 83 1186 882 1224">
    <p class='ocr_par' dir='ltr' id='par_1_25' title="bbox 83 1186 882 1224">
     <span class='ocr_line' id='line_1_25' title="bbox 83 1186 882 1224; baseline -0.004 -8"><span class='ocrx_word' id='word_1_195' title='bbox 83 1189 167 1216; x_wconf 79' lang='lat' dir='ltr'><strong>laudat</strong></span> <span class='ocrx_word' id='word_1_196' title='bbox 179 1192 205 1216; x_wconf 89' lang='lat' dir='ltr'><strong>et</strong></span> <span class='ocrx_word' id='word_1_197' title='bbox 216 1189 324 1224; x_wconf 89' lang='lat' dir='ltr'><strong>probat.</strong></span> <span class='ocrx_word' id='word_1_198' title='bbox 343 1187 456 1216; x_wconf 84' lang='lat' dir='ltr'><strong>Eadem</strong></span> <span class='ocrx_word' id='word_1_199' title='bbox 480 1188 517 1215; x_wconf 88' lang='lat' dir='ltr'><strong>ad</strong></span> <span class='ocrx_word' id='word_1_200' title='bbox 538 1187 704 1215; x_wconf 84' lang='lat' dir='ltr'><strong>Orientales</strong></span> <span class='ocrx_word' id='word_1_201' title='bbox 719 1190 814 1214; x_wconf 89' lang='lat' dir='ltr'><strong>sectas</strong></span> <span class='ocrx_word' id='word_1_202' title='bbox 830 1186 882 1213; x_wconf 75' lang='lat' dir='ltr'><strong>do-</strong></span> 
     </span>
    </p>
   </div>
   <div class='ocr_carea' id='block_1_26' title="bbox 90 1231 883 1268">
    <p class='ocr_par' dir='ltr' id='par_1_26' title="bbox 90 1231 883 1268">
     <span class='ocr_line' id='line_1_26' title="bbox 90 1231 883 1268; baseline -0.001 -9"><span class='ocrx_word' id='word_1_203' title='bbox 90 1234 169 1260; x_wconf 83' lang='lat' dir='ltr'><strong>ctrina</strong></span> <span class='ocrx_word' id='word_1_204' title='bbox 180 1235 302 1268; x_wconf 74' lang='lat' dir='ltr'><strong>pervenit.</strong></span> <span class='ocrx_word' id='word_1_205' title='bbox 319 1234 454 1261; x_wconf 86' lang='lat' dir='ltr'><strong>Joannes</strong></span> <span class='ocrx_word' id='word_1_206' title='bbox 469 1233 639 1268; x_wconf 79' lang='lat' dir='ltr'><strong>patriarcha</strong></span> <span class='ocrx_word' id='word_1_207' title='bbox 663 1231 883 1260; x_wconf 84' lang='lat' dir='ltr'><strong>Alexandrinus</strong></span> 
     </span>
    </p>
   </div>
   <div class='ocr_carea' id='block_1_27' title="bbox 93 1276 883 1312">
    <p class='ocr_par' dir='ltr' id='par_1_27' title="bbox 93 1276 883 1312">
     <span class='ocr_line' id='line_1_27' title="bbox 93 1276 883 1312; baseline -0.003 -8"><span class='ocrx_word' id='word_1_208' title='bbox 93 1277 212 1311; x_wconf 81' lang='lat' dir='ltr'><strong>lacobita,</strong></span> <span class='ocrx_word' id='word_1_209' title='bbox 224 1278 347 1306; x_wconf 85' lang='lat' dir='ltr'><strong>laudatus</strong></span> <span class='ocrx_word' id='word_1_210' title='bbox 365 1286 383 1305; x_wconf 86' lang='lat' dir='ltr'><strong>a</strong></span> <span class='ocrx_word' id='word_1_211' title='bbox 401 1277 567 1305; x_wconf 87' lang='lat' dir='ltr'><strong>clarissimo</strong></span> <span class='ocrx_word' id='word_1_212' title='bbox 582 1277 653 1312; x_wconf 87' lang='lat' dir='ltr'><strong>viro,</strong></span> <span class='ocrx_word' id='word_1_213' title='bbox 680 1276 883 1312; x_wconf 81' lang='lat' dir='ltr'><strong>locupletissi-</strong></span> 
     </span>
    </p>
   </div>
   <div class='ocr_carea' id='block_1_28' title="bbox 93 1321 884 1357">
    <p class='ocr_par' dir='ltr' id='par_1_28' title="bbox 93 1321 884 1357">
     <span class='ocr_line' id='line_1_28' title="bbox 93 1321 884 1357; baseline -0.003 -8"><span class='ocrx_word' id='word_1_214' title='bbox 93 1330 183 1357; x_wconf 86' lang='lat' dir='ltr'><strong>moque</strong></span> <span class='ocrx_word' id='word_1_215' title='bbox 195 1323 316 1350; x_wconf 62' lang='lat' dir='ltr'><strong>universa:</strong></span> <span class='ocrx_word' id='word_1_216' title='bbox 333 1322 514 1350; x_wconf 87' lang='lat' dir='ltr'><strong>eruditionis</strong></span> <span class='ocrx_word' id='word_1_217' title='bbox 525 1330 614 1357; x_wconf 85' lang='lat' dir='ltr'><strong>penu,</strong></span> <span class='ocrx_word' id='word_1_218' title='bbox 631 1321 757 1348; x_wconf 88' lang='lat' dir='ltr'><strong>Eusebio</strong></span> <span class='ocrx_word' id='word_1_219' title='bbox 768 1323 884 1348; x_wconf 81' lang='lat' dir='ltr'><strong>Renau-</strong></span> 
     </span>
    </p>
   </div>
   <div class='ocr_carea' id='block_1_29' title="bbox 92 1365 882 1403">
    <p class='ocr_par' dir='ltr' id='par_1_29' title="bbox 92 1365 882 1403">
     <span class='ocr_line' id='line_1_29' title="bbox 92 1365 882 1403; baseline -0.001 -10"><span class='ocrx_word' id='word_1_220' title='bbox 92 1367 138 1398; x_wconf 87' lang='lat' dir='ltr'><strong>dot,</strong></span> <span class='ocrx_word' id='word_1_221' title='bbox 151 1370 208 1395; x_wconf 85' lang='lat' dir='ltr'><strong>tom.</strong></span> <span class='ocrx_word' id='word_1_222' title='bbox 229 1368 246 1393; x_wconf 80' lang='grc' dir='ltr'>ι’</span> <span class='ocrx_word' id='word_1_223' title='bbox 267 1368 469 1403; x_wconf 69' lang='lat' dir='ltr'><strong>Perpetuitatis</strong></span> <span class='ocrx_word' id='word_1_224' title='bbox 496 1367 570 1401; x_wconf 82' lang='lat' dir='ltr'><strong>ﬁdei,</strong></span> <span class='ocrx_word' id='word_1_225' title='bbox 592 1366 643 1393; x_wconf 91' lang='lat' dir='ltr'>lib.</span> <span class='ocrx_word' id='word_1_226' title='bbox 669 1374 700 1399; x_wconf 87' lang='grc' dir='ltr'>ιι,</span> <span class='ocrx_word' id='word_1_227' title='bbox 721 1374 785 1401; x_wconf 88' lang='lat' dir='ltr'><strong>cap.</strong></span> <span class='ocrx_word' id='word_1_228' title='bbox 803 1367 829 1399; x_wconf 88' lang='grc'>2,</span> <span class='ocrx_word' id='word_1_229' title='bbox 847 1365 882 1392; x_wconf 91' lang='lat' dir='ltr'><strong>de</strong></span> 
     </span>
    </p>
   </div>
   <div class='ocr_carea' id='block_1_30' title="bbox 84 1410 881 1447">
    <p class='ocr_par' dir='ltr' id='par_1_30' title="bbox 84 1410 881 1447">
     <span class='ocr_line' id='line_1_30' title="bbox 84 1410 881 1447; baseline 0 -10"><span class='ocrx_word' id='word_1_230' title='bbox 84 1411 167 1438; x_wconf 86' lang='lat' dir='ltr'><strong>adulto</strong></span> <span class='ocrx_word' id='word_1_231' title='bbox 185 1412 239 1439; x_wconf 84' lang='lat' dir='ltr'><strong>sine</strong></span> <span class='ocrx_word' id='word_1_232' title='bbox 265 1411 410 1447; x_wconf 84' lang='lat' dir='ltr'><strong>baptismi</strong></span> <span class='ocrx_word' id='word_1_233' title='bbox 437 1411 532 1446; x_wconf 85' lang='lat' dir='ltr'><strong>gratia</strong></span> <span class='ocrx_word' id='word_1_234' title='bbox 560 1410 722 1438; x_wconf 86' lang='lat' dir='ltr'><strong>decedente</strong></span> <span class='ocrx_word' id='word_1_235' title='bbox 751 1413 881 1446; x_wconf 89' lang='lat' dir='ltr'><strong>rogatus,</strong></span> 
     </span>
    </p>
   </div>
   <div class='ocr_carea' id='block_1_31' title="bbox 82 1454 882 1491">
    <p class='ocr_par' dir='ltr' id='par_1_31' title="bbox 82 1454 882 1491">
     <span class='ocr_line' id='line_1_31' title="bbox 82 1454 882 1491; baseline -0.001 -8"><span class='ocrx_word' id='word_1_236' title='bbox 82 1456 214 1491; x_wconf 85' lang='lat' dir='ltr'><strong>respondet</strong></span> <span class='ocrx_word' id='word_1_237' title='bbox 223 1457 303 1485; x_wconf 91' lang='lat' dir='ltr'><strong>illum</strong></span> <span class='ocrx_word' id='word_1_238' title='bbox 317 1456 438 1484; x_wconf 87' lang='lat' dir='ltr'><strong>etiamsi</strong></span> <span class='ocrx_word' id='word_1_239' title='bbox 449 1456 607 1483; x_wconf 79' lang='lat' dir='ltr'><strong>Jeremiam</strong></span> <span class='ocrx_word' id='word_1_240' title='bbox 619 1455 767 1491; x_wconf 88' lang='lat' dir='ltr'><strong>precibus,</strong></span> <span class='ocrx_word' id='word_1_241' title='bbox 776 1454 882 1482; x_wconf 86' lang='lat' dir='ltr'><strong>Jobum</strong></span> 
     </span>
    </p>
   </div>
   <div class='ocr_carea' id='block_1_32' title="bbox 82 1499 882 1537">
    <p class='ocr_par' dir='ltr' id='par_1_32' title="bbox 82 1499 882 1537">
     <span class='ocr_line' id='line_1_32' title="bbox 82 1499 882 1537; baseline -0.003 -10"><span class='ocrx_word' id='word_1_242' title='bbox 82 1500 256 1537; x_wconf 75' lang='lat' dir='ltr'><strong>eleemosynis,</strong></span> <span class='ocrx_word' id='word_1_243' title='bbox 271 1501 425 1529; x_wconf 82' lang='lat' dir='ltr'><strong>Abraham</strong></span> <span class='ocrx_word' id='word_1_244' title='bbox 437 1500 557 1536; x_wconf 87' lang='lat' dir='ltr'><strong>hospitii</strong></span> <span class='ocrx_word' id='word_1_245' title='bbox 572 1500 666 1536; x_wconf 82' lang='lat' dir='ltr'><strong>gratia</strong></span> <span class='ocrx_word' id='word_1_246' title='bbox 682 1499 838 1535; x_wconf 86' lang='lat' dir='ltr'><strong>superarit,</strong></span> <span class='ocrx_word' id='word_1_247' title='bbox 851 1499 882 1525; x_wconf 91' lang='lat' dir='ltr'><strong>in</strong></span> 
     </span>
    </p>
   </div>
   <div class='ocr_carea' id='block_1_33' title="bbox 84 1544 881 1583">
    <p class='ocr_par' dir='ltr' id='par_1_33' title="bbox 84 1544 881 1583">
     <span class='ocr_line' id='line_1_33' title="bbox 84 1544 881 1583; baseline -0.001 -11"><span class='ocrx_word' id='word_1_248' title='bbox 84 1545 188 1574; x_wconf 81' lang='lat' dir='ltr'><strong>ﬂammas</strong></span> <span class='ocrx_word' id='word_1_249' title='bbox 201 1547 346 1583; x_wconf 69' lang='lat' dir='ltr'><strong>gehennae</strong></span> <span class='ocrx_word' id='word_1_250' title='bbox 363 1546 578 1581; x_wconf 57' lang='lat' dir='ltr'><strong>praecipitatum</strong></span> <span class='ocrx_word' id='word_1_251' title='bbox 594 1545 640 1572; x_wconf 90' lang='lat' dir='ltr'><strong>iri.</strong></span> <span class='ocrx_word' id='word_1_252' title='bbox 659 1545 708 1572; x_wconf 86' lang='lat' dir='ltr'><strong>His</strong></span> <span class='ocrx_word' id='word_1_253' title='bbox 723 1544 792 1572; x_wconf 84' lang='lat' dir='ltr'><strong>addi</strong></span> <span class='ocrx_word' id='word_1_254' title='bbox 814 1553 881 1580; x_wconf 78' lang='lat' dir='ltr'><strong>pos-</strong></span> 
     </span>
    </p>
   </div>
   <div class='ocr_carea' id='block_1_34' title="bbox 86 1589 882 1627">
    <p class='ocr_par' dir='ltr' id='par_1_34' title="bbox 86 1589 882 1627">
     <span class='ocr_line' id='line_1_34' title="bbox 86 1589 882 1627; baseline -0.003 -10"><span class='ocrx_word' id='word_1_255' title='bbox 86 1591 165 1623; x_wconf 82' lang='lat' dir='ltr'><strong>sentii,</strong></span> <span class='ocrx_word' id='word_1_256' title='bbox 180 1592 225 1626; x_wconf 89' lang='lat' dir='ltr'><strong>qui</strong></span> <span class='ocrx_word' id='word_1_257' title='bbox 252 1591 410 1627; x_wconf 88' lang='lat' dir='ltr'><strong>duplicem</strong></span> <span class='ocrx_word' id='word_1_258' title='bbox 426 1593 541 1618; x_wconf 86' lang='lat' dir='ltr'><strong>tantum</strong></span> <span class='ocrx_word' id='word_1_259' title='bbox 557 1598 641 1625; x_wconf 72' lang='lat' dir='ltr'><strong>aquas</strong></span> <span class='ocrx_word' id='word_1_260' title='bbox 672 1592 700 1616; x_wconf 88' lang='lat' dir='ltr'><strong>et</strong></span> <span class='ocrx_word' id='word_1_261' title='bbox 728 1589 882 1625; x_wconf 78' lang='lat' dir='ltr'><strong>sanguinis</strong></span> 
     </span>
    </p>
   </div>
   <div class='ocr_carea' id='block_1_35' title="bbox 84 1634 881 1670">
    <p class='ocr_par' dir='ltr' id='par_1_35' title="bbox 84 1634 881 1670">
     <span class='ocr_line' id='line_1_35' title="bbox 84 1634 881 1670; baseline 0 -9"><span class='ocrx_word' id='word_1_262' title='bbox 84 1634 228 1670; x_wconf 84' lang='lat' dir='ltr'><strong>baptismum</strong></span> <span class='ocrx_word' id='word_1_263' title='bbox 241 1636 421 1668; x_wconf 84' lang='lat' dir='ltr'><strong>distinxere,</strong></span> <span class='ocrx_word' id='word_1_264' title='bbox 441 1638 475 1662; x_wconf 93' lang='lat' dir='ltr'><strong>ut</strong></span> <span class='ocrx_word' id='word_1_265' title='bbox 484 1634 670 1665; x_wconf 85' lang='lat' dir='ltr'><strong>Tertullian.,</strong></span> <span class='ocrx_word' id='word_1_266' title='bbox 682 1635 721 1661; x_wconf 89' lang='lat' dir='ltr'><strong>De</strong></span> <span class='ocrx_word' id='word_1_267' title='bbox 736 1635 881 1669; x_wconf 82' lang='lat' dir='ltr'><strong>baptismo.</strong></span> 
     </span>
    </p>
   </div>
   <div class='ocr_carea' id='block_1_36' title="bbox 82 1679 880 1716">
    <p class='ocr_par' dir='ltr' id='par_1_36' title="bbox 82 1679 880 1716">
     <span class='ocr_line' id='line_1_36' title="bbox 82 1679 880 1716; baseline 0 -11"><span class='ocrx_word' id='word_1_268' title='bbox 82 1688 128 1714; x_wconf 82' lang='lat' dir='ltr'><strong>cap.</strong></span> <span class='ocrx_word' id='word_1_269' title='bbox 144 1681 186 1713; x_wconf 82' lang='lat' dir='ltr'><strong>i3;</strong></span> <span class='ocrx_word' id='word_1_270' title='bbox 205 1681 361 1716; x_wconf 66' lang='lat' dir='ltr'><strong>Cyprium,</strong></span> <span class='ocrx_word' id='word_1_271' title='bbox 386 1680 422 1707; x_wconf 83' lang='lat' dir='ltr'><strong>De</strong></span> <span class='ocrx_word' id='word_1_272' title='bbox 436 1679 543 1707; x_wconf 67' lang='lat' dir='ltr'><strong>exhort.</strong></span> <span class='ocrx_word' id='word_1_273' title='bbox 569 1679 712 1713; x_wconf 78' lang='lat' dir='ltr'><strong>martyrii,</strong></span> <span class='ocrx_word' id='word_1_274' title='bbox 728 1686 793 1714; x_wconf 88' lang='lat' dir='ltr'><strong>pag.</strong></span> <span class='ocrx_word' id='word_1_275' title='bbox 812 1679 880 1711; x_wconf 65' lang='grc'>168,</span> 
     </span>
    </p>
   </div>
   <div class='ocr_carea' id='block_1_37' title="bbox 83 1723 882 1760">
    <p class='ocr_par' dir='ltr' id='par_1_37' title="bbox 83 1723 882 1760">
     <span class='ocr_line' id='line_1_37' title="bbox 83 1723 882 1760; baseline -0.001 -10"><span class='ocrx_word' id='word_1_276' title='bbox 83 1723 255 1760; x_wconf 73' lang='lat' dir='ltr'><strong>Hieronymus,</strong></span> <span class='ocrx_word' id='word_1_277' title='bbox 272 1725 328 1752; x_wconf 93' lang='lat' dir='ltr'>lib.</span> <span class='ocrx_word' id='word_1_278' title='bbox 344 1732 397 1751; x_wconf 83' lang='lat' dir='ltr'><strong>xui</strong></span> <span class='ocrx_word' id='word_1_279' title='bbox 412 1725 441 1751; x_wconf 82' lang='lat' dir='ltr'><strong>in</strong></span> <span class='ocrx_word' id='word_1_280' title='bbox 460 1726 511 1751; x_wconf 87' lang='lat' dir='ltr'><strong>Isa.</strong></span> <span class='ocrx_word' id='word_1_281' title='bbox 530 1732 593 1759; x_wconf 86' lang='lat' dir='ltr'><strong>cap.</strong></span> <span class='ocrx_word' id='word_1_282' title='bbox 607 1731 705 1756; x_wconf 73' lang='lat' dir='ltr'><strong>xcvm,</strong></span> <span class='ocrx_word' id='word_1_283' title='bbox 721 1723 778 1757; x_wconf 64' lang='grc' dir='ltr'><strong>Ῡ21</strong></span> <span class='ocrx_word' id='word_1_284' title='bbox 793 1731 799 1756; x_wconf 90' lang='lat'><strong>;</strong></span> <span class='ocrx_word' id='word_1_285' title='bbox 812 1723 882 1750; x_wconf 84' lang='lat' dir='ltr'><strong>Pru-</strong></span> 
     </span>
    </p>
   </div>
   <div class='ocr_carea' id='block_1_38' title="bbox 86 1768 882 1806">
    <p class='ocr_par' dir='ltr' id='par_1_38' title="bbox 86 1768 882 1806">
     <span class='ocr_line' id='line_1_38' title="bbox 86 1768 882 1806; baseline 0 -11"><span class='ocrx_word' id='word_1_286' title='bbox 86 1768 179 1803; x_wconf 79' lang='lat' dir='ltr'><strong>dentius,</strong></span> <span class='ocrx_word' id='word_1_287' title='bbox 195 1771 309 1806; x_wconf 85' lang='lat' dir='ltr'><strong>hymno</strong></span> <span class='ocrx_word' id='word_1_288' title='bbox 326 1768 508 1797; x_wconf 82' lang='lat' dir='ltr'><strong>Demiraculis</strong></span> <span class='ocrx_word' id='word_1_289' title='bbox 533 1768 644 1800; x_wconf 78' lang='lat' dir='ltr'><strong>Christi,</strong></span> <span class='ocrx_word' id='word_1_290' title='bbox 661 1768 773 1803; x_wconf 86' lang='lat' dir='ltr'><strong>stroph.</strong></span> <span class='ocrx_word' id='word_1_291' title='bbox 791 1769 835 1801; x_wconf 86' lang='lat'><strong>29,</strong></span> <span class='ocrx_word' id='word_1_292' title='bbox 853 1770 882 1795; x_wconf 88' lang='lat' dir='ltr'><strong>et</strong></span> 
     </span>
    </p>
   </div>
   <div class='ocr_carea' id='block_1_39' title="bbox 86 1813 879 1850">
    <p class='ocr_par' dir='ltr' id='par_1_39' title="bbox 86 1813 879 1850">
     <span class='ocr_line' id='line_1_39' title="bbox 86 1813 879 1850; baseline -0.001 -10"><span class='ocrx_word' id='word_1_293' title='bbox 86 1814 276 1850; x_wconf 76' lang='lat' dir='ltr'><strong>Peristephanon,</strong></span> <span class='ocrx_word' id='word_1_294' title='bbox 292 1822 387 1843; x_wconf 85' lang='lat' dir='ltr'><strong>carm.</strong></span> <span class='ocrx_word' id='word_1_295' title='bbox 406 1815 432 1847; x_wconf 91' lang='lat'><strong>8,</strong></span> <span class='ocrx_word' id='word_1_296' title='bbox 448 1822 512 1841; x_wconf 88' lang='lat' dir='ltr'><strong>vers</strong></span> <span class='ocrx_word' id='word_1_297' title='bbox 524 1815 555 1841; x_wconf 87' lang='grc'><strong>15</strong></span> <span class='ocrx_word' id='word_1_298' title='bbox 572 1816 601 1841; x_wconf 87' lang='lat' dir='ltr'><strong>et</strong></span> <span class='ocrx_word' id='word_1_299' title='bbox 617 1821 699 1848; x_wconf 64' lang='lat' dir='ltr'><strong>seqq.</strong></span> <span class='ocrx_word' id='word_1_300' title='bbox 712 1813 735 1839; x_wconf 93' lang='lat' dir='ltr'><strong>Ii</strong></span> <span class='ocrx_word' id='word_1_301' title='bbox 751 1821 879 1848; x_wconf 89' lang='lat' dir='ltr'><strong>quoque,</strong></span> 
     </span>
    </p>
   </div>
   <div class='ocr_carea' id='block_1_40' title="bbox 85 1857 881 1893">
    <p class='ocr_par' dir='ltr' id='par_1_40' title="bbox 85 1857 881 1893">
     <span class='ocr_line' id='line_1_40' title="bbox 85 1857 881 1893; baseline -0.005 -5"><span class='ocrx_word' id='word_1_302' title='bbox 85 1859 184 1892; x_wconf 80' lang='lat' dir='ltr'><strong>quicum</strong></span> <span class='ocrx_word' id='word_1_303' title='bbox 199 1860 270 1887; x_wconf 83' lang='lat' dir='ltr'><strong>alibi</strong></span> <span class='ocrx_word' id='word_1_304' title='bbox 293 1859 418 1887; x_wconf 86' lang='lat' dir='ltr'><strong>disertis</strong></span> <span class='ocrx_word' id='word_1_305' title='bbox 443 1858 621 1886; x_wconf 85' lang='lat' dir='ltr'><strong>testimoniis</strong></span> <span class='ocrx_word' id='word_1_306' title='bbox 645 1858 771 1885; x_wconf 86' lang='lat' dir='ltr'><strong>doceant</strong></span> <span class='ocrx_word' id='word_1_307' title='bbox 785 1857 881 1893; x_wconf 87' lang='lat' dir='ltr'><strong>bapti-</strong></span> 
     </span>
    </p>
   </div>
   <div class='ocr_carea' id='block_1_41' title="bbox 85 1902 879 1940">
    <p class='ocr_par' dir='ltr' id='par_1_41' title="bbox 85 1902 879 1940">
     <span class='ocr_line' id='line_1_41' title="bbox 85 1902 879 1940; baseline 0 -12"><span class='ocrx_word' id='word_1_308' title='bbox 85 1910 153 1931; x_wconf 85' lang='lat' dir='ltr'><strong>smum</strong></span> <span class='ocrx_word' id='word_1_309' title='bbox 164 1905 326 1940; x_wconf 82' lang='lat' dir='ltr'><strong>expetitum</strong></span> <span class='ocrx_word' id='word_1_310' title='bbox 339 1903 377 1931; x_wconf 84' lang='lat' dir='ltr'><strong>ad</strong></span> <span class='ocrx_word' id='word_1_311' title='bbox 389 1903 514 1930; x_wconf 88' lang='lat' dir='ltr'><strong>salutem</strong></span> <span class='ocrx_word' id='word_1_312' title='bbox 528 1903 665 1930; x_wconf 74' lang='lat' dir='ltr'><strong>sufficere</strong></span> <span class='ocrx_word' id='word_1_313' title='bbox 678 1910 685 1935; x_wconf 86' lang='lat'><strong>;</strong></span> <span class='ocrx_word' id='word_1_314' title='bbox 697 1902 763 1929; x_wconf 89' lang='lat' dir='ltr'><strong>aliis</strong></span> <span class='ocrx_word' id='word_1_315' title='bbox 780 1904 879 1929; x_wconf 90' lang='lat' dir='ltr'><strong>tamen</strong></span> 
     </span>
    </p>
   </div>
   <div class='ocr_carea' id='block_1_42' title="bbox 81 1946 879 1983">
    <p class='ocr_par' dir='ltr' id='par_1_42' title="bbox 81 1946 879 1983">
     <span class='ocr_line' id='line_1_42' title="bbox 81 1946 879 1983; baseline 0 -10"><span class='ocrx_word' id='word_1_316' title='bbox 81 1946 102 1974; x_wconf 88' lang='lat' dir='ltr'><strong>in</strong></span> <span class='ocrx_word' id='word_1_317' title='bbox 113 1948 178 1981; x_wconf 85' lang='lat' dir='ltr'><strong>locis,</strong></span> <span class='ocrx_word' id='word_1_318' title='bbox 193 1950 250 1977; x_wconf 83' lang='lat' dir='ltr'><strong>sive</strong></span> <span class='ocrx_word' id='word_1_319' title='bbox 267 1949 327 1977; x_wconf 87' lang='lat' dir='ltr'><strong>sibi</strong></span> <span class='ocrx_word' id='word_1_320' title='bbox 345 1948 402 1983; x_wconf 87' lang='lat' dir='ltr'><strong>ipsi</strong></span> <span class='ocrx_word' id='word_1_321' title='bbox 417 1948 665 1979; x_wconf 84' lang='lat' dir='ltr'><strong>contradicentes,</strong></span> <span class='ocrx_word' id='word_1_322' title='bbox 683 1947 742 1974; x_wconf 89' lang='lat' dir='ltr'><strong>sive</strong></span> <span class='ocrx_word' id='word_1_323' title='bbox 758 1947 793 1974; x_wconf 91' lang='lat' dir='ltr'><strong>ad</strong></span> <span class='ocrx_word' id='word_1_324' title='bbox 807 1955 879 1982; x_wconf 77' lang='lat' dir='ltr'><strong>prm-</strong></span> 
     </span>
    </p>
   </div>
   <div class='ocr_carea' id='block_1_43' title="bbox 78 1992 877 2030">
    <p class='ocr_par' dir='ltr' id='par_1_43' title="bbox 78 1992 877 2030">
     <span class='ocr_line' id='line_1_43' title="bbox 78 1992 877 2030; baseline -0.003 -11"><span class='ocrx_word' id='word_1_325' title='bbox 78 1996 164 2020; x_wconf 79' lang='lat' dir='ltr'><strong>sentem</strong></span> <span class='ocrx_word' id='word_1_326' title='bbox 176 1995 376 2030; x_wconf 66' lang='lat' dir='ltr'><strong>quaestionem</strong></span> <span class='ocrx_word' id='word_1_327' title='bbox 391 2001 449 2020; x_wconf 91' lang='lat' dir='ltr'><strong>non</strong></span> <span class='ocrx_word' id='word_1_328' title='bbox 461 1992 660 2023; x_wconf 81' lang='lat' dir='ltr'><strong>attendentes,</strong></span> <span class='ocrx_word' id='word_1_329' title='bbox 677 1992 831 2027; x_wconf 74' lang='lat' dir='ltr'><strong>generales</strong></span> <span class='ocrx_word' id='word_1_330' title='bbox 843 1992 877 2018; x_wconf 85' lang='lat' dir='ltr'><strong>de</strong></span> 
     </span>
    </p>
   </div>
   <div class='ocr_carea' id='block_1_44' title="bbox 76 2037 879 2075">
    <p class='ocr_par' dir='ltr' id='par_1_44' title="bbox 76 2037 879 2075">
     <span class='ocr_line' id='line_1_44' title="bbox 76 2037 879 2075; baseline -0.001 -12"><span class='ocrx_word' id='word_1_331' title='bbox 76 2038 214 2067; x_wconf 87' lang='lat' dir='ltr'><strong>omnimoda</strong></span> <span class='ocrx_word' id='word_1_332' title='bbox 229 2038 377 2075; x_wconf 84' lang='lat' dir='ltr'><strong>baptismi</strong></span> <span class='ocrx_word' id='word_1_333' title='bbox 389 2046 419 2064; x_wconf 91' lang='lat' dir='ltr'><strong>re</strong></span> <span class='ocrx_word' id='word_1_334' title='bbox 438 2038 564 2072; x_wconf 86' lang='lat' dir='ltr'><strong>suscepti</strong></span> <span class='ocrx_word' id='word_1_335' title='bbox 583 2037 619 2064; x_wconf 85' lang='lat' dir='ltr'><strong>ad</strong></span> <span class='ocrx_word' id='word_1_336' title='bbox 636 2037 762 2063; x_wconf 84' lang='lat' dir='ltr'><strong>salutem</strong></span> <span class='ocrx_word' id='word_1_337' title='bbox 780 2045 879 2063; x_wconf 79' lang='lat' dir='ltr'><strong>neces—</strong></span> 
     </span>
    </p>
   </div>
   <div class='ocr_carea' id='block_1_45' title="bbox 75 2081 875 2118">
    <p class='ocr_par' dir='ltr' id='par_1_45' title="bbox 75 2081 875 2118">
     <span class='ocr_line' id='line_1_45' title="bbox 75 2081 875 2118; baseline -0.003 -9"><span class='ocrx_word' id='word_1_338' title='bbox 75 2081 138 2110; x_wconf 65' lang='lat' dir='ltr'><strong>silete</strong></span> <span class='ocrx_word' id='word_1_339' title='bbox 162 2084 325 2111; x_wconf 85' lang='lat' dir='ltr'><strong>sententias</strong></span> <span class='ocrx_word' id='word_1_340' title='bbox 365 2081 563 2118; x_wconf 89' lang='lat' dir='ltr'><strong>protulerunt.</strong></span> <span class='ocrx_word' id='word_1_341' title='bbox 599 2082 690 2113; x_wconf 81' lang='lat' dir='ltr'><strong>Quem</strong></span> <span class='ocrx_word' id='word_1_342' title='bbox 722 2081 751 2107; x_wconf 90' lang='lat' dir='ltr'><strong>in</strong></span> <span class='ocrx_word' id='word_1_343' title='bbox 779 2081 875 2108; x_wconf 84' lang='lat' dir='ltr'><strong>locum</strong></span> 
     </span>
    </p>
   </div>
   <div class='ocr_carea' id='block_1_46' title="bbox 75 2125 876 2164">
    <p class='ocr_par' dir='ltr' id='par_1_46' title="bbox 75 2125 876 2164">
     <span class='ocr_line' id='line_1_46' title="bbox 75 2125 876 2164; baseline -0.002 -10"><span class='ocrx_word' id='word_1_344' title='bbox 75 2125 155 2154; x_wconf 62' lang='lat' dir='ltr'><strong>abeant</strong></span> <span class='ocrx_word' id='word_1_345' title='bbox 166 2128 186 2155; x_wconf 85' lang='lat' dir='ltr'><strong>ii</strong></span> <span class='ocrx_word' id='word_1_346' title='bbox 196 2129 245 2164; x_wconf 86' lang='lat' dir='ltr'><strong>qui</strong></span> <span class='ocrx_word' id='word_1_347' title='bbox 267 2128 356 2156; x_wconf 88' lang='lat' dir='ltr'><strong>nulla</strong></span> <span class='ocrx_word' id='word_1_348' title='bbox 375 2135 427 2154; x_wconf 87' lang='lat' dir='ltr'><strong>sua</strong></span> <span class='ocrx_word' id='word_1_349' title='bbox 436 2127 523 2162; x_wconf 87' lang='lat' dir='ltr'><strong>culpa</strong></span> <span class='ocrx_word' id='word_1_350' title='bbox 534 2126 673 2161; x_wconf 80' lang='lat' dir='ltr'><strong>baptismi</strong></span> <span class='ocrx_word' id='word_1_351' title='bbox 691 2129 825 2160; x_wconf 82' lang='lat' dir='ltr'><strong>expertes</strong></span> <span class='ocrx_word' id='word_1_352' title='bbox 842 2135 876 2153; x_wconf 78' lang='lat' dir='ltr'><strong>ex</strong></span> 
     </span>
    </p>
   </div>
   <div class='ocr_carea' id='block_1_47' title="bbox 74 2168 874 2201">
    <p class='ocr_par' dir='ltr' id='par_1_47' title="bbox 74 2168 874 2201">
     <span class='ocr_line' id='line_1_47' title="bbox 74 2168 874 2201; baseline -0.001 -3"><span class='ocrx_word' id='word_1_353' title='bbox 74 2168 112 2198; x_wconf 73' lang='lat' dir='ltr'><strong>hac</strong></span> <span class='ocrx_word' id='word_1_354' title='bbox 124 2171 179 2200; x_wconf 83' lang='lat' dir='ltr'><strong>luce</strong></span> <span class='ocrx_word' id='word_1_355' title='bbox 191 2173 375 2201; x_wconf 85' lang='lat' dir='ltr'><strong>secesserint</strong></span> <span class='ocrx_word' id='word_1_356' title='bbox 388 2181 447 2199; x_wconf 89' lang='lat' dir='ltr'><strong>non</strong></span> <span class='ocrx_word' id='word_1_357' title='bbox 460 2172 537 2199; x_wconf 89' lang='lat' dir='ltr'><strong>inter</strong></span> <span class='ocrx_word' id='word_1_358' title='bbox 552 2180 602 2198; x_wconf 87' lang='lat' dir='ltr'><strong>eos</strong></span> <span class='ocrx_word' id='word_1_359' title='bbox 613 2180 716 2198; x_wconf 74' lang='lat' dir='ltr'><strong>omnes</strong></span> <span class='ocrx_word' id='word_1_360' title='bbox 728 2172 874 2198; x_wconf 74' lang='lat' dir='ltr'><strong>convenit.</strong></span> 
     </span>
    </p>
   </div>
   <div class='ocr_carea' id='block_1_48' title="bbox 78 2213 872 2252">
    <p class='ocr_par' dir='ltr' id='par_1_48' title="bbox 78 2213 872 2252">
     <span class='ocr_line' id='line_1_48' title="bbox 78 2213 872 2252; baseline -0.001 -10"><span class='ocrx_word' id='word_1_361' title='bbox 78 2213 117 2242; x_wconf 67' lang='lat' dir='ltr'><strong>Alii</strong></span> <span class='ocrx_word' id='word_1_362' title='bbox 126 2217 257 2252; x_wconf 69' lang='lat' dir='ltr'><strong>gehennaa</strong></span> <span class='ocrx_word' id='word_1_363' title='bbox 272 2217 362 2244; x_wconf 86' lang='lat' dir='ltr'><strong>nulla</strong></span> <span class='ocrx_word' id='word_1_364' title='bbox 376 2216 583 2244; x_wconf 87' lang='lat' dir='ltr'><strong>misericordia</strong></span> <span class='ocrx_word' id='word_1_365' title='bbox 598 2215 748 2242; x_wconf 85' lang='lat' dir='ltr'><strong>addicunt.</strong></span> <span class='ocrx_word' id='word_1_366' title='bbox 768 2217 872 2251; x_wconf 74' lang='lat' dir='ltr'><strong>Grego-</strong></span> 
     </span>
    </p>
   </div>
   <div class='ocr_carea' id='block_1_49' title="bbox 76 2258 874 2298">
    <p class='ocr_par' dir='ltr' id='par_1_49' title="bbox 76 2258 874 2298">
     <span class='ocr_line' id='line_1_49' title="bbox 76 2258 874 2298; baseline -0.001 -10"><span class='ocrx_word' id='word_1_367' title='bbox 76 2258 239 2298; x_wconf 67' lang='lat' dir='ltr'><strong>ﬁunterque</strong></span> <span class='ocrx_word' id='word_1_368' title='bbox 255 2263 459 2290; x_wconf 69' lang='lat' dir='ltr'><strong>Nazianzenus</strong></span> <span class='ocrx_word' id='word_1_369' title='bbox 476 2264 504 2288; x_wconf 90' lang='lat' dir='ltr'><strong>et</strong></span> <span class='ocrx_word' id='word_1_370' title='bbox 528 2262 689 2296; x_wconf 80' lang='lat' dir='ltr'><strong>Nyssenus.</strong></span> <span class='ocrx_word' id='word_1_371' title='bbox 707 2264 735 2287; x_wconf 88' lang='lat' dir='ltr'><strong>et</strong></span> <span class='ocrx_word' id='word_1_372' title='bbox 760 2261 874 2288; x_wconf 71' lang='lat' dir='ltr'><strong>Nicetes</strong></span> 
     </span>
    </p>
   </div>
   <div class='ocr_carea' id='block_1_50' title="bbox 936 294 1772 334">
    <p class='ocr_par' dir='ltr' id='par_1_50' title="bbox 936 294 1772 334">
     <span class='ocr_line' id='line_1_50' title="bbox 936 294 1772 334; baseline 0.006 -14"><span class='ocrx_word' id='word_1_373' title='bbox 936 294 1063 329; x_wconf 87' lang='lat' dir='ltr'><strong>Gyrillus</strong></span> <span class='ocrx_word' id='word_1_374' title='bbox 1074 294 1157 322; x_wconf 88' lang='lat' dir='ltr'><strong>abest</strong></span> <span class='ocrx_word' id='word_1_375' title='bbox 1173 295 1356 331; x_wconf 82' lang='lat' dir='ltr'><strong>longissime.</strong></span> <span class='ocrx_word' id='word_1_376' title='bbox 1374 296 1451 324; x_wconf 89' lang='lat' dir='ltr'><strong>Duas</strong></span> <span class='ocrx_word' id='word_1_377' title='bbox 1468 297 1547 324; x_wconf 91' lang='lat' dir='ltr'><strong>enim</strong></span> <span class='ocrx_word' id='word_1_378' title='bbox 1564 299 1679 325; x_wconf 88' lang='lat' dir='ltr'><strong>tantum</strong></span> <span class='ocrx_word' id='word_1_379' title='bbox 1703 301 1772 334; x_wconf 90' lang='lat' dir='ltr'><strong>post</strong></span> 
     </span>
    </p>
   </div>
   <div class='ocr_carea' id='block_1_51' title="bbox 937 339 1767 378">
    <p class='ocr_par' dir='ltr' id='par_1_51' title="bbox 937 339 1767 378">
     <span class='ocr_line' id='line_1_51' title="bbox 937 339 1767 378; baseline 0.006 -13"><span class='ocrx_word' id='word_1_380' title='bbox 937 339 1265 375; x_wconf 84' lang='lat' dir='ltr'><strong>extremumjudicium,</strong></span> <span class='ocrx_word' id='word_1_381' title='bbox 1278 340 1432 367; x_wconf 89' lang='lat' dir='ltr'><strong>hominum</strong></span> <span class='ocrx_word' id='word_1_382' title='bbox 1444 344 1539 368; x_wconf 87' lang='lat' dir='ltr'><strong>sortes</strong></span> <span class='ocrx_word' id='word_1_383' title='bbox 1551 341 1643 375; x_wconf 91' lang='lat' dir='ltr'><strong>novit,</strong></span> <span class='ocrx_word' id='word_1_384' title='bbox 1655 342 1767 378; x_wconf 86' lang='lat' dir='ltr'><strong>gehen-</strong></span> 
     </span>
    </p>
   </div>
   <div class='ocr_carea' id='block_1_52' title="bbox 937 384 1768 420">
    <p class='ocr_par' dir='ltr' id='par_1_52' title="bbox 937 384 1768 420">
     <span class='ocr_line' id='line_1_52' title="bbox 937 384 1768 420; baseline 0.005 -10"><span class='ocrx_word' id='word_1_385' title='bbox 937 391 1007 410; x_wconf 89' lang='lat' dir='ltr'><strong>nam</strong></span> <span class='ocrx_word' id='word_1_386' title='bbox 1024 386 1052 410; x_wconf 90' lang='lat' dir='ltr'><strong>et</strong></span> <span class='ocrx_word' id='word_1_387' title='bbox 1065 392 1188 420; x_wconf 83' lang='lat' dir='ltr'><strong>regnum</strong></span> <span class='ocrx_word' id='word_1_388' title='bbox 1204 384 1356 411; x_wconf 67' lang='lat' dir='ltr'><strong>coalorum.</strong></span> <span class='ocrx_word' id='word_1_389' title='bbox 1377 385 1438 412; x_wconf 89' lang='lat' dir='ltr'><strong>Vid.</strong></span> <span class='ocrx_word' id='word_1_390' title='bbox 1456 388 1511 413; x_wconf 88' lang='lat' dir='ltr'><strong>cat.</strong></span> <span class='ocrx_word' id='word_1_391' title='bbox 1529 385 1573 420; x_wconf 81' lang='grc'><strong>15,</strong></span> <span class='ocrx_word' id='word_1_392' title='bbox 1592 394 1621 413; x_wconf 87' lang='grc' dir='ltr'><strong>ιι.</strong></span> <span class='ocrx_word' id='word_1_393' title='bbox 1638 387 1691 419; x_wconf 79' lang='grc' dir='ltr'><strong>26ς</strong></span> <span class='ocrx_word' id='word_1_394' title='bbox 1711 389 1768 414; x_wconf 89' lang='lat' dir='ltr'><strong>cat.</strong></span> 
     </span>
    </p>
   </div>
   <div class='ocr_carea' id='block_1_53' title="bbox 938 428 1769 464">
    <p class='ocr_par' dir='ltr' id='par_1_53' title="bbox 938 428 1769 464">
     <span class='ocr_line' id='line_1_53' title="bbox 938 428 1769 464; baseline 0.004 -10"><span class='ocrx_word' id='word_1_395' title='bbox 938 428 981 459; x_wconf 85' lang='grc'>18,</span> <span class='ocrx_word' id='word_1_396' title='bbox 998 436 1017 454; x_wconf 90' lang='grc' dir='ltr'><strong>ιι</strong></span> <span class='ocrx_word' id='word_1_397' title='bbox 1046 429 1088 461; x_wconf 82' lang='grc'>19,</span> <span class='ocrx_word' id='word_1_398' title='bbox 1105 431 1133 455; x_wconf 91' lang='lat' dir='ltr'><strong>et</strong></span> <span class='ocrx_word' id='word_1_399' title='bbox 1148 431 1204 456; x_wconf 81' lang='lat' dir='ltr'><strong>cat.</strong></span> <span class='ocrx_word' id='word_1_400' title='bbox 1229 429 1254 459; x_wconf 85' lang='grc'><strong>1,</strong></span> <span class='ocrx_word' id='word_1_401' title='bbox 1270 437 1300 455; x_wconf 86' lang='grc' dir='ltr'><strong>ιι.</strong></span> <span class='ocrx_word' id='word_1_402' title='bbox 1332 430 1358 461; x_wconf 87' lang='grc'>2,</span> <span class='ocrx_word' id='word_1_403' title='bbox 1376 437 1432 464; x_wconf 85' lang='lat' dir='ltr'><strong>quo</strong></span> <span class='ocrx_word' id='word_1_404' title='bbox 1446 429 1511 457; x_wconf 91' lang='lat' dir='ltr'><strong>loco</strong></span> <span class='ocrx_word' id='word_1_405' title='bbox 1537 430 1599 457; x_wconf 85' lang='lat' dir='ltr'><strong>ait:</strong></span> <span class='ocrx_word' id='word_1_406' title='bbox 1617 430 1719 455; x_wconf 79' lang='lat' dir='ltr'><strong>Sancta</strong></span> <span class='ocrx_word' id='word_1_407' title='bbox 1733 438 1769 455; x_wconf 81' lang='lat' dir='ltr'><strong>ac</strong></span> 
     </span>
    </p>
   </div>
   <div class='ocr_carea' id='block_1_54' title="bbox 938 472 1770 504">
    <p class='ocr_par' dir='ltr' id='par_1_54' title="bbox 938 472 1770 504">
     <span class='ocr_line' id='line_1_54' title="bbox 938 472 1770 504; baseline 0.005 -9"><span class='ocrx_word' id='word_1_408' title='bbox 938 472 1047 496; x_wconf 78' lang='lat' dir='ltr'><strong>ratione</strong></span> <span class='ocrx_word' id='word_1_409' title='bbox 1058 472 1179 502; x_wconf 61' lang='lat' dir='ltr'><strong>praedito</strong></span> <span class='ocrx_word' id='word_1_410' title='bbox 1196 472 1304 497; x_wconf 73' lang='lat' dir='ltr'><strong>Christi</strong></span> <span class='ocrx_word' id='word_1_411' title='bbox 1320 473 1401 504; x_wconf 72' lang='lat' dir='ltr'><strong>gregi</strong></span> <span class='ocrx_word' id='word_1_412' title='bbox 1416 474 1627 502; x_wconf 75' lang='lat' dir='ltr'><strong>aceenseamini,</strong></span> <span class='ocrx_word' id='word_1_413' title='bbox 1643 478 1676 498; x_wconf 85' lang='lat' dir='ltr'><strong>ut</strong></span> <span class='ocrx_word' id='word_1_414' title='bbox 1701 475 1770 500; x_wconf 80' lang='lat' dir='ltr'><strong>olim</strong></span> 
     </span>
    </p>
   </div>
   <div class='ocr_carea' id='block_1_55' title="bbox 937 517 1770 549">
    <p class='ocr_par' dir='ltr' id='par_1_55' title="bbox 937 517 1770 549">
     <span class='ocr_line' id='line_1_55' title="bbox 937 517 1770 549; baseline 0.004 -8"><span class='ocrx_word' id='word_1_415' title='bbox 937 517 974 541; x_wconf 82' lang='lat' dir='ltr'><strong>ad</strong></span> <span class='ocrx_word' id='word_1_416' title='bbox 987 517 1050 546; x_wconf 79' lang='lat' dir='ltr'><strong>ejus</strong></span> <span class='ocrx_word' id='word_1_417' title='bbox 1064 517 1206 541; x_wconf 67' lang='lat' dir='ltr'><strong>dem-teram</strong></span> <span class='ocrx_word' id='word_1_418' title='bbox 1221 522 1361 548; x_wconf 68' lang='lat' dir='ltr'><strong>segregati</strong></span> <span class='ocrx_word' id='word_1_419' title='bbox 1372 522 1505 549; x_wconf 75' lang='lat' dir='ltr'><strong>paratam</strong></span> <span class='ocrx_word' id='word_1_420' title='bbox 1524 519 1598 543; x_wconf 77' lang='lat' dir='ltr'><strong>vobis</strong></span> <span class='ocrx_word' id='word_1_421' title='bbox 1613 520 1701 544; x_wconf 79' lang='lat' dir='ltr'><strong>vitam</strong></span> <span class='ocrx_word' id='word_1_422' title='bbox 1718 519 1770 544; x_wconf 75' lang='lat' dir='ltr'><strong>lua-</strong></span> 
     </span>
    </p>
   </div>
   <div class='ocr_carea' id='block_1_56' title="bbox 938 561 1770 595">
    <p class='ocr_par' dir='ltr' id='par_1_56' title="bbox 938 561 1770 595">
     <span class='ocr_line' id='line_1_56' title="bbox 938 561 1770 595; baseline 0.004 -10"><span class='ocrx_word' id='word_1_423' title='bbox 938 561 1055 586; x_wconf 78' lang='lat' dir='ltr'><strong>reditate</strong></span> <span class='ocrx_word' id='word_1_424' title='bbox 1069 563 1290 594; x_wconf 73' lang='lat' dir='ltr'><strong>consequamini.</strong></span> <span class='ocrx_word' id='word_1_425' title='bbox 1310 563 1416 590; x_wconf 74' lang='lat' dir='ltr'><strong>Quibus</strong></span> <span class='ocrx_word' id='word_1_426' title='bbox 1440 564 1516 588; x_wconf 84' lang='lat' dir='ltr'><strong>enim</strong></span> <span class='ocrx_word' id='word_1_427' title='bbox 1534 564 1625 588; x_wconf 80' lang='lat' dir='ltr'><strong>adhuc</strong></span> <span class='ocrx_word' id='word_1_428' title='bbox 1650 568 1770 595; x_wconf 80' lang='lat' dir='ltr'><strong>peccato-</strong></span> 
     </span>
    </p>
   </div>
   <div class='ocr_carea' id='block_1_57' title="bbox 937 603 1771 633">
    <p class='ocr_par' dir='ltr' id='par_1_57' title="bbox 937 603 1771 633">
     <span class='ocr_line' id='line_1_57' title="bbox 937 603 1771 633; baseline 0.005 -8"><span class='ocrx_word' id='word_1_429' title='bbox 937 609 1003 626; x_wconf 81' lang='lat' dir='ltr'><strong>rum</strong></span> <span class='ocrx_word' id='word_1_430' title='bbox 1018 603 1157 632; x_wconf 73' lang='lat' dir='ltr'><strong>asperitas</strong></span> <span class='ocrx_word' id='word_1_431' title='bbox 1174 603 1346 633; x_wconf 71' lang='lat' dir='ltr'><strong>adhmrescit,</strong></span> <span class='ocrx_word' id='word_1_432' title='bbox 1362 605 1412 629; x_wconf 86' lang='lat' dir='ltr'><strong>illi</strong></span> <span class='ocrx_word' id='word_1_433' title='bbox 1424 612 1442 628; x_wconf 85' lang='grc' dir='ltr'>α</span> <span class='ocrx_word' id='word_1_434' title='bbox 1455 605 1586 629; x_wconf 68' lang='lat' dir='ltr'><strong>sinistris</strong></span> <span class='ocrx_word' id='word_1_435' title='bbox 1600 605 1771 629; x_wconf 69' lang='lat' dir='ltr'><strong>constituen-</strong></span> 
     </span>
    </p>
   </div>
   <div class='ocr_carea' id='block_1_58' title="bbox 938 648 1769 681">
    <p class='ocr_par' dir='ltr' id='par_1_58' title="bbox 938 648 1769 681">
     <span class='ocr_line' id='line_1_58' title="bbox 938 648 1769 681; baseline 0.005 -11"><span class='ocrx_word' id='word_1_436' title='bbox 938 650 1003 676; x_wconf 84' lang='lat' dir='ltr'><strong>tur;</strong></span> <span class='ocrx_word' id='word_1_437' title='bbox 1026 655 1054 671; x_wconf 83' lang='lat' dir='ltr'><strong>eo</strong></span> <span class='ocrx_word' id='word_1_438' title='bbox 1066 648 1140 679; x_wconf 72' lang='lat' dir='ltr'><strong>quod</strong></span> <span class='ocrx_word' id='word_1_439' title='bbox 1154 648 1190 672; x_wconf 83' lang='lat' dir='ltr'><strong>ad</strong></span> <span class='ocrx_word' id='word_1_440' title='bbox 1216 649 1342 680; x_wconf 77' lang='lat' dir='ltr'><strong>gratiam</strong></span> <span class='ocrx_word' id='word_1_441' title='bbox 1357 650 1418 677; x_wconf 82' lang='lat' dir='ltr'><strong>Dei,</strong></span> <span class='ocrx_word' id='word_1_442' title='bbox 1448 657 1509 681; x_wconf 76' lang='lat' dir='ltr'><strong>quae</strong></span> <span class='ocrx_word' id='word_1_443' title='bbox 1525 650 1556 673; x_wconf 82' lang='lat' dir='ltr'><strong>in</strong></span> <span class='ocrx_word' id='word_1_444' title='bbox 1572 650 1680 674; x_wconf 80' lang='lat' dir='ltr'><strong>lavacri</strong></span> <span class='ocrx_word' id='word_1_445' title='bbox 1693 658 1769 681; x_wconf 76' lang='lat' dir='ltr'><strong>rege-</strong></span> 
     </span>
    </p>
   </div>
   <div class='ocr_carea' id='block_1_59' title="bbox 937 693 1770 723">
    <p class='ocr_par' dir='ltr' id='par_1_59' title="bbox 937 693 1770 723">
     <span class='ocr_line' id='line_1_59' title="bbox 937 693 1770 723; baseline 0.005 -8"><span class='ocrx_word' id='word_1_446' title='bbox 937 693 1083 716; x_wconf 82' lang='lat' dir='ltr'><strong>neratione</strong></span> <span class='ocrx_word' id='word_1_447' title='bbox 1103 701 1156 723; x_wconf 79' lang='lat' dir='ltr'><strong>per</strong></span> <span class='ocrx_word' id='word_1_448' title='bbox 1171 694 1315 718; x_wconf 67' lang='lat' dir='ltr'><strong>Christum</strong></span> <span class='ocrx_word' id='word_1_449' title='bbox 1328 693 1425 723; x_wconf 83' lang='lat' dir='ltr'><strong>datur,</strong></span> <span class='ocrx_word' id='word_1_450' title='bbox 1442 703 1497 719; x_wconf 81' lang='lat' dir='ltr'><strong>non</strong></span> <span class='ocrx_word' id='word_1_451' title='bbox 1523 695 1699 720; x_wconf 72' lang='lat' dir='ltr'><strong>accesserint.</strong></span> <span class='ocrx_word' id='word_1_452' title='bbox 1716 696 1770 723; x_wconf 91' lang='lat' dir='ltr'><strong>Su-</strong></span> 
     </span>
    </p>
   </div>
   <div class='ocr_carea' id='block_1_60' title="bbox 937 738 1769 775">
    <p class='ocr_par' dir='ltr' id='par_1_60' title="bbox 937 738 1769 775">
     <span class='ocr_line' id='line_1_60' title="bbox 937 738 1769 775; baseline 0.004 -11"><span class='ocrx_word' id='word_1_453' title='bbox 937 740 1037 772; x_wconf 89' lang='lat' dir='ltr'><strong>perest</strong></span> <span class='ocrx_word' id='word_1_454' title='bbox 1052 746 1120 773; x_wconf 84' lang='lat' dir='ltr'><strong>ergo</strong></span> <span class='ocrx_word' id='word_1_455' title='bbox 1141 740 1174 765; x_wconf 90' lang='lat' dir='ltr'><strong>ut</strong></span> <span class='ocrx_word' id='word_1_456' title='bbox 1202 738 1262 774; x_wconf 88' lang='lat' dir='ltr'><strong>igni</strong></span> <span class='ocrx_word' id='word_1_457' title='bbox 1293 742 1404 766; x_wconf 69' lang='lat' dir='ltr'><strong>esterno</strong></span> <span class='ocrx_word' id='word_1_458' title='bbox 1435 739 1554 767; x_wconf 83' lang='lat' dir='ltr'><strong>addicat</strong></span> <span class='ocrx_word' id='word_1_459' title='bbox 1583 748 1633 767; x_wconf 87' lang='lat' dir='ltr'><strong>eos</strong></span> <span class='ocrx_word' id='word_1_460' title='bbox 1661 740 1769 775; x_wconf 93' lang='lat' dir='ltr'><strong>quibus</strong></span> 
     </span>
    </p>
   </div>
   <div class='ocr_carea' id='block_1_61' title="bbox 937 781 1527 819">
    <p class='ocr_par' dir='ltr' id='par_1_61' title="bbox 937 781 1527 819">
     <span class='ocr_line' id='line_1_61' title="bbox 937 781 1527 819; baseline 0.005 -11"><span class='ocrx_word' id='word_1_461' title='bbox 937 781 1103 817; x_wconf 87' lang='lat' dir='ltr'><strong>baptismus</strong></span> <span class='ocrx_word' id='word_1_462' title='bbox 1117 783 1201 810; x_wconf 89' lang='lat' dir='ltr'><strong>nulla</strong></span> <span class='ocrx_word' id='word_1_463' title='bbox 1218 791 1271 811; x_wconf 90' lang='lat' dir='ltr'><strong>sua</strong></span> <span class='ocrx_word' id='word_1_464' title='bbox 1286 783 1374 819; x_wconf 87' lang='lat' dir='ltr'><strong>culpa</strong></span> <span class='ocrx_word' id='word_1_465' title='bbox 1390 783 1527 811; x_wconf 84' lang='lat' dir='ltr'><strong>defuerit.</strong></span> 
     </span>
    </p>
   </div>
   <div class='ocr_carea' id='block_1_62' title="bbox 972 827 1769 865">
    <p class='ocr_par' dir='ltr' id='par_1_62' title="bbox 972 827 1769 865">
     <span class='ocr_line' id='line_1_62' title="bbox 972 827 1769 865; baseline 0.004 -12"><span class='ocrx_word' id='word_1_466' title='bbox 972 827 1017 853; x_wconf 88' lang='lat'><strong>60.</strong></span> <span class='ocrx_word' id='word_1_467' title='bbox 1036 827 1128 859; x_wconf 91' lang='lat' dir='ltr'><strong>Quam</strong></span> <span class='ocrx_word' id='word_1_468' title='bbox 1145 836 1197 864; x_wconf 86' lang='lat' dir='ltr'><strong>ego</strong></span> <span class='ocrx_word' id='word_1_469' title='bbox 1209 828 1388 856; x_wconf 81' lang='lat' dir='ltr'><strong>sententiam</strong></span> <span class='ocrx_word' id='word_1_470' title='bbox 1403 829 1543 856; x_wconf 91' lang='lat' dir='ltr'><strong>omnibus</strong></span> <span class='ocrx_word' id='word_1_471' title='bbox 1555 829 1620 865; x_wconf 87' lang='lat' dir='ltr'><strong>ejus</strong></span> <span class='ocrx_word' id='word_1_472' title='bbox 1631 829 1719 856; x_wconf 88' lang='lat' dir='ltr'><strong>dictis</strong></span> <span class='ocrx_word' id='word_1_473' title='bbox 1734 837 1769 857; x_wconf 88' lang='lat' dir='ltr'><strong>ac</strong></span> 
     </span>
    </p>
   </div>
   <div class='ocr_carea' id='block_1_63' title="bbox 937 871 1769 908">
    <p class='ocr_par' dir='ltr' id='par_1_63' title="bbox 937 871 1769 908">
     <span class='ocr_line' id='line_1_63' title="bbox 937 871 1769 908; baseline 0.004 -10"><span class='ocrx_word' id='word_1_474' title='bbox 937 871 1064 899; x_wconf 79' lang='lat' dir='ltr'><strong>decretis</strong></span> <span class='ocrx_word' id='word_1_475' title='bbox 1075 872 1281 900; x_wconf 85' lang='lat' dir='ltr'><strong>adversantem</strong></span> <span class='ocrx_word' id='word_1_476' title='bbox 1291 873 1451 908; x_wconf 88' lang='lat' dir='ltr'><strong>comperio.</strong></span> <span class='ocrx_word' id='word_1_477' title='bbox 1461 874 1561 901; x_wconf 89' lang='lat' dir='ltr'><strong>Primo</strong></span> <span class='ocrx_word' id='word_1_478' title='bbox 1569 873 1649 901; x_wconf 89' lang='lat' dir='ltr'><strong>enim</strong></span> <span class='ocrx_word' id='word_1_479' title='bbox 1656 876 1712 901; x_wconf 87' lang='lat' dir='ltr'><strong>cat.</strong></span> <span class='ocrx_word' id='word_1_480' title='bbox 1722 875 1754 900; x_wconf 86' lang='grc'>18</span> <span class='ocrx_word' id='word_1_481' title='bbox 1761 896 1769 907; x_wconf 89' lang='grc'><strong>,</strong></span> 
     </span>
    </p>
   </div>
   <div class='ocr_carea' id='block_1_64' title="bbox 937 916 1768 947">
    <p class='ocr_par' dir='ltr' id='par_1_64' title="bbox 937 916 1768 947">
     <span class='ocr_line' id='line_1_64' title="bbox 937 916 1768 947; baseline 0.002 -7"><span class='ocrx_word' id='word_1_482' title='bbox 937 924 966 943; x_wconf 90' lang='lat' dir='ltr'><strong>n.</strong></span> <span class='ocrx_word' id='word_1_483' title='bbox 983 916 1026 947; x_wconf 84' lang='grc'>31,</span> <span class='ocrx_word' id='word_1_484' title='bbox 1044 917 1164 943; x_wconf 82' lang='lat' dir='ltr'><strong>statuit:</strong></span> <span class='ocrx_word' id='word_1_485' title='bbox 1184 917 1255 941; x_wconf 86' lang='lat' dir='ltr'><strong>Cum</strong></span> <span class='ocrx_word' id='word_1_486' title='bbox 1270 917 1534 942; x_wconf 74' lang='lat' dir='ltr'><strong>haminumsumme</strong></span> <span class='ocrx_word' id='word_1_487' title='bbox 1547 925 1648 942; x_wconf 72' lang='lat' dir='ltr'><strong>amans</strong></span> <span class='ocrx_word' id='word_1_488' title='bbox 1661 919 1699 942; x_wconf 72' lang='lat' dir='ltr'><strong>sit</strong></span> <span class='ocrx_word' id='word_1_489' title='bbox 1711 919 1768 942; x_wconf 87' lang='lat' dir='ltr'><strong>Do-</strong></span> 
     </span>
    </p>
   </div>
   <div class='ocr_carea' id='block_1_65' title="bbox 934 960 1766 992">
    <p class='ocr_par' dir='ltr' id='par_1_65' title="bbox 934 960 1766 992">
     <span class='ocr_line' id='line_1_65' title="bbox 934 960 1766 992; baseline 0.004 -9"><span class='ocrx_word' id='word_1_490' title='bbox 934 960 1040 987; x_wconf 67' lang='lat' dir='ltr'><strong>minus.</strong></span> <span class='ocrx_word' id='word_1_491' title='bbox 1058 968 1113 984; x_wconf 79' lang='lat' dir='ltr'><strong>non</strong></span> <span class='ocrx_word' id='word_1_492' title='bbox 1126 969 1213 985; x_wconf 75' lang='lat' dir='ltr'><strong>unum</strong></span> <span class='ocrx_word' id='word_1_493' title='bbox 1221 969 1270 985; x_wconf 81' lang='lat' dir='ltr'><strong>nec</strong></span> <span class='ocrx_word' id='word_1_494' title='bbox 1284 962 1404 986; x_wconf 83' lang='lat' dir='ltr'><strong>alteram</strong></span> <span class='ocrx_word' id='word_1_495' title='bbox 1417 966 1538 990; x_wconf 82' lang='lat' dir='ltr'><strong>tantum,</strong></span> <span class='ocrx_word' id='word_1_496' title='bbox 1549 962 1597 986; x_wconf 76' lang='lat' dir='ltr'><strong>sed</strong></span> <span class='ocrx_word' id='word_1_497' title='bbox 1607 961 1705 992; x_wconf 70' lang='lat' dir='ltr'><strong>plures</strong></span> <span class='ocrx_word' id='word_1_498' title='bbox 1721 963 1766 986; x_wconf 84' lang='lat' dir='ltr'><strong>in-</strong></span> 
     </span>
    </p>
   </div>
   <div class='ocr_carea' id='block_1_66' title="bbox 933 1005 1768 1038">
    <p class='ocr_par' dir='ltr' id='par_1_66' title="bbox 933 1005 1768 1038">
     <span class='ocr_line' id='line_1_66' title="bbox 933 1005 1768 1038; baseline 0.004 -10"><span class='ocrx_word' id='word_1_499' title='bbox 933 1013 1046 1036; x_wconf 73' lang='lat' dir='ltr'><strong>gressus</strong></span> <span class='ocrx_word' id='word_1_500' title='bbox 1061 1005 1092 1029; x_wconf 83' lang='lat' dir='ltr'><strong>in</strong></span> <span class='ocrx_word' id='word_1_501' title='bbox 1106 1006 1193 1030; x_wconf 80' lang='lat' dir='ltr'><strong>vitam</strong></span> <span class='ocrx_word' id='word_1_502' title='bbox 1210 1010 1345 1031; x_wconf 67' lang='lat' dir='ltr'><strong>(uernam</strong></span> <span class='ocrx_word' id='word_1_503' title='bbox 1362 1007 1474 1037; x_wconf 72' lang='lat' dir='ltr'><strong>januas</strong></span> <span class='ocrx_word' id='word_1_504' title='bbox 1501 1008 1655 1038; x_wconf 62' lang='lat' dir='ltr'><strong>aperuisse,</strong></span> <span class='ocrx_word' id='word_1_505' title='bbox 1672 1012 1698 1031; x_wconf 82' lang='lat' dir='ltr'><strong>ut</strong></span> <span class='ocrx_word' id='word_1_506' title='bbox 1713 1015 1768 1032; x_wconf 86' lang='lat' dir='ltr'><strong>om-</strong></span> 
     </span>
    </p>
   </div>
   <div class='ocr_carea' id='block_1_67' title="bbox 935 1052 1766 1086">
    <p class='ocr_par' dir='ltr' id='par_1_67' title="bbox 935 1052 1766 1086">
     <span class='ocr_line' id='line_1_67' title="bbox 935 1052 1766 1086; baseline 0.006 -13"><span class='ocrx_word' id='word_1_507' title='bbox 935 1055 1138 1086; x_wconf 55' lang='lat' dir='ltr'><strong>nes-ﬂuctum&quot;:</strong></span> <span class='ocrx_word' id='word_1_508' title='bbox 1148 1052 1178 1075; x_wconf 83' lang='lat' dir='ltr'><strong>in</strong></span> <span class='ocrx_word' id='word_1_509' title='bbox 1186 1052 1246 1082; x_wconf 68' lang='lat' dir='ltr'><strong>ipso</strong></span> <span class='ocrx_word' id='word_1_510' title='bbox 1255 1056 1335 1076; x_wconf 80' lang='lat' dir='ltr'><strong>estea</strong></span> <span class='ocrx_word' id='word_1_511' title='bbox 1346 1053 1428 1076; x_wconf 77' lang='lat' dir='ltr'><strong>nullo</strong></span> <span class='ocrx_word' id='word_1_512' title='bbox 1441 1053 1766 1083; x_wconf 74' lang='lat' dir='ltr'><strong>impedienteperfruan-</strong></span> 
     </span>
    </p>
   </div>
   <div class='ocr_carea' id='block_1_68' title="bbox 936 1096 1768 1134">
    <p class='ocr_par' dir='ltr' id='par_1_68' title="bbox 936 1096 1768 1134">
     <span class='ocr_line' id='line_1_68' title="bbox 936 1096 1768 1134; baseline 0.005 -12"><span class='ocrx_word' id='word_1_513' title='bbox 936 1100 994 1122; x_wconf 81' lang='lat' dir='ltr'><strong>tur.</strong></span> <span class='ocrx_word' id='word_1_514' title='bbox 1012 1096 1067 1123; x_wconf 83' lang='lat' dir='ltr'><strong>Sed</strong></span> <span class='ocrx_word' id='word_1_515' title='bbox 1083 1096 1119 1129; x_wconf 89' lang='lat' dir='ltr'><strong>is,</strong></span> <span class='ocrx_word' id='word_1_516' title='bbox 1137 1097 1187 1131; x_wconf 89' lang='lat' dir='ltr'><strong>qui</strong></span> <span class='ocrx_word' id='word_1_517' title='bbox 1204 1096 1238 1124; x_wconf 87' lang='lat' dir='ltr'><strong>ad</strong></span> <span class='ocrx_word' id='word_1_518' title='bbox 1256 1097 1480 1132; x_wconf 89' lang='lat' dir='ltr'><strong>suscipiendum</strong></span> <span class='ocrx_word' id='word_1_519' title='bbox 1492 1098 1673 1133; x_wconf 84' lang='lat' dir='ltr'><strong>baptismum</strong></span> <span class='ocrx_word' id='word_1_520' title='bbox 1695 1099 1768 1134; x_wconf 86' lang='lat' dir='ltr'><strong>legi-</strong></span> 
     </span>
    </p>
   </div>
   <div class='ocr_carea' id='block_1_69' title="bbox 936 1140 1765 1177">
    <p class='ocr_par' dir='ltr' id='par_1_69' title="bbox 936 1140 1765 1177">
     <span class='ocr_line' id='line_1_69' title="bbox 936 1140 1765 1177; baseline 0.004 -10"><span class='ocrx_word' id='word_1_521' title='bbox 936 1140 1006 1167; x_wconf 90' lang='lat' dir='ltr'><strong>time</strong></span> <span class='ocrx_word' id='word_1_522' title='bbox 1017 1143 1212 1176; x_wconf 68' lang='lat' dir='ltr'><strong>prmparatus,</strong></span> <span class='ocrx_word' id='word_1_523' title='bbox 1226 1149 1261 1168; x_wconf 89' lang='lat' dir='ltr'><strong>eo</strong></span> <span class='ocrx_word' id='word_1_524' title='bbox 1273 1142 1357 1169; x_wconf 91' lang='lat' dir='ltr'><strong>nulla</strong></span> <span class='ocrx_word' id='word_1_525' title='bbox 1369 1150 1422 1169; x_wconf 89' lang='lat' dir='ltr'><strong>sua</strong></span> <span class='ocrx_word' id='word_1_526' title='bbox 1433 1142 1520 1177; x_wconf 90' lang='lat' dir='ltr'><strong>culpa</strong></span> <span class='ocrx_word' id='word_1_527' title='bbox 1534 1143 1666 1177; x_wconf 87' lang='lat' dir='ltr'><strong>privatur</strong></span> <span class='ocrx_word' id='word_1_528' title='bbox 1677 1143 1765 1176; x_wconf 86' lang='lat' dir='ltr'><strong>;nul-</strong></span> 
     </span>
    </p>
   </div>
   <div class='ocr_carea' id='block_1_70' title="bbox 935 1184 1766 1223">
    <p class='ocr_par' dir='ltr' id='par_1_70' title="bbox 935 1184 1766 1223">
     <span class='ocr_line' id='line_1_70' title="bbox 935 1184 1766 1223; baseline 0.005 -12"><span class='ocrx_word' id='word_1_529' title='bbox 935 1184 997 1212; x_wconf 92' lang='lat' dir='ltr'><strong>lum</strong></span> <span class='ocrx_word' id='word_1_530' title='bbox 1014 1193 1048 1212; x_wconf 91' lang='lat' dir='ltr'><strong>ex</strong></span> <span class='ocrx_word' id='word_1_531' title='bbox 1060 1193 1090 1212; x_wconf 89' lang='lat' dir='ltr'><strong>se</strong></span> <span class='ocrx_word' id='word_1_532' title='bbox 1104 1185 1140 1212; x_wconf 89' lang='lat' dir='ltr'><strong>ad</strong></span> <span class='ocrx_word' id='word_1_533' title='bbox 1157 1186 1244 1213; x_wconf 88' lang='lat' dir='ltr'><strong>vitam</strong></span> <span class='ocrx_word' id='word_1_534' title='bbox 1256 1189 1398 1213; x_wconf 72' lang='lat' dir='ltr'><strong>aeternam</strong></span> <span class='ocrx_word' id='word_1_535' title='bbox 1410 1187 1496 1213; x_wconf 71' lang='lat' dir='ltr'><strong>affert</strong></span> <span class='ocrx_word' id='word_1_536' title='bbox 1507 1187 1766 1223; x_wconf 89' lang='lat' dir='ltr'><strong>impedimentum,</strong></span> 
     </span>
    </p>
   </div>
   <div class='ocr_carea' id='block_1_71' title="bbox 935 1230 1767 1267">
    <p class='ocr_par' dir='ltr' id='par_1_71' title="bbox 935 1230 1767 1267">
     <span class='ocr_line' id='line_1_71' title="bbox 935 1230 1767 1267; baseline 0.004 -11"><span class='ocrx_word' id='word_1_537' title='bbox 935 1232 1124 1264; x_wconf 89' lang='lat' dir='ltr'><strong>peccatorum</strong></span> <span class='ocrx_word' id='word_1_538' title='bbox 1140 1230 1299 1265; x_wconf 66' lang='lat' dir='ltr'><strong>paenitens,</strong></span> <span class='ocrx_word' id='word_1_539' title='bbox 1320 1230 1501 1266; x_wconf 88' lang='lat' dir='ltr'><strong>baptismum</strong></span> <span class='ocrx_word' id='word_1_540' title='bbox 1517 1234 1669 1267; x_wconf 78' lang='lat' dir='ltr'><strong>expetens,</strong></span> <span class='ocrx_word' id='word_1_541' title='bbox 1683 1240 1767 1259; x_wconf 91' lang='lat' dir='ltr'><strong>eum-</strong></span> 
     </span>
    </p>
   </div>
   <div class='ocr_carea' id='block_1_72' title="bbox 936 1275 1765 1312">
    <p class='ocr_par' dir='ltr' id='par_1_72' title="bbox 936 1275 1765 1312">
     <span class='ocr_line' id='line_1_72' title="bbox 936 1275 1765 1312; baseline 0.005 -12"><span class='ocrx_word' id='word_1_542' title='bbox 936 1282 992 1308; x_wconf 86' lang='lat' dir='ltr'><strong>que</strong></span> <span class='ocrx_word' id='word_1_543' title='bbox 1009 1277 1154 1309; x_wconf 86' lang='lat' dir='ltr'><strong>quantum</strong></span> <span class='ocrx_word' id='word_1_544' title='bbox 1168 1275 1198 1302; x_wconf 92' lang='lat' dir='ltr'><strong>in</strong></span> <span class='ocrx_word' id='word_1_545' title='bbox 1216 1283 1246 1302; x_wconf 88' lang='lat' dir='ltr'><strong>se</strong></span> <span class='ocrx_word' id='word_1_546' title='bbox 1262 1278 1307 1302; x_wconf 89' lang='lat' dir='ltr'><strong>est</strong></span> <span class='ocrx_word' id='word_1_547' title='bbox 1321 1275 1480 1311; x_wconf 88' lang='lat' dir='ltr'><strong>recipiens.</strong></span> <span class='ocrx_word' id='word_1_548' title='bbox 1499 1276 1576 1303; x_wconf 90' lang='lat' dir='ltr'><strong>Deus</strong></span> <span class='ocrx_word' id='word_1_549' title='bbox 1592 1284 1660 1312; x_wconf 88' lang='lat' dir='ltr'><strong>ergo</strong></span> <span class='ocrx_word' id='word_1_550' title='bbox 1684 1277 1765 1304; x_wconf 89' lang='lat' dir='ltr'><strong>solus</strong></span> 
     </span>
    </p>
   </div>
   <div class='ocr_carea' id='block_1_73' title="bbox 936 1318 1766 1356">
    <p class='ocr_par' dir='ltr' id='par_1_73' title="bbox 936 1318 1766 1356">
     <span class='ocr_line' id='line_1_73' title="bbox 936 1318 1766 1356; baseline 0.004 -11"><span class='ocrx_word' id='word_1_551' title='bbox 936 1318 1061 1353; x_wconf 88' lang='lat' dir='ltr'><strong>impedit</strong></span> <span class='ocrx_word' id='word_1_552' title='bbox 1075 1327 1111 1346; x_wconf 92' lang='lat' dir='ltr'><strong>ne</strong></span> <span class='ocrx_word' id='word_1_553' title='bbox 1123 1319 1159 1346; x_wconf 91' lang='lat' dir='ltr'><strong>ad</strong></span> <span class='ocrx_word' id='word_1_554' title='bbox 1177 1320 1264 1347; x_wconf 89' lang='lat' dir='ltr'><strong>vitam</strong></span> <span class='ocrx_word' id='word_1_555' title='bbox 1280 1322 1423 1347; x_wconf 64' lang='lat' dir='ltr'><strong>aeternam</strong></span> <span class='ocrx_word' id='word_1_556' title='bbox 1436 1321 1598 1356; x_wconf 89' lang='lat' dir='ltr'><strong>perveniat.</strong></span> <span class='ocrx_word' id='word_1_557' title='bbox 1612 1321 1693 1348; x_wconf 90' lang='lat' dir='ltr'><strong>Inter</strong></span> <span class='ocrx_word' id='word_1_558' title='bbox 1703 1329 1766 1356; x_wconf 86' lang='lat' dir='ltr'><strong>eas,</strong></span> 
     </span>
    </p>
   </div>
   <div class='ocr_carea' id='block_1_74' title="bbox 935 1363 1765 1400">
    <p class='ocr_par' dir='ltr' id='par_1_74' title="bbox 935 1363 1765 1400">
     <span class='ocr_line' id='line_1_74' title="bbox 935 1363 1765 1400; baseline 0.005 -11"><span class='ocrx_word' id='word_1_559' title='bbox 935 1371 1009 1397; x_wconf 87' lang='lat' dir='ltr'><strong>quas</strong></span> <span class='ocrx_word' id='word_1_560' title='bbox 1025 1363 1112 1398; x_wconf 73' lang='lat' dir='ltr'><strong>longo</strong></span> <span class='ocrx_word' id='word_1_561' title='bbox 1124 1364 1229 1391; x_wconf 89' lang='lat' dir='ltr'><strong>ordine</strong></span> <span class='ocrx_word' id='word_1_562' title='bbox 1250 1364 1377 1400; x_wconf 86' lang='lat' dir='ltr'><strong>Cyrillus</strong></span> <span class='ocrx_word' id='word_1_563' title='bbox 1399 1367 1554 1392; x_wconf 90' lang='lat' dir='ltr'><strong>enumerat</strong></span> <span class='ocrx_word' id='word_1_564' title='bbox 1565 1373 1592 1392; x_wconf 88' lang='grc' dir='ltr'><strong>ιι.</strong></span> <span class='ocrx_word' id='word_1_565' title='bbox 1612 1365 1656 1397; x_wconf 81' lang='grc'><strong>30,</strong></span> <span class='ocrx_word' id='word_1_566' title='bbox 1673 1373 1690 1392; x_wconf 89' lang='lat' dir='ltr'><strong>a</strong></span> <span class='ocrx_word' id='word_1_567' title='bbox 1705 1366 1765 1393; x_wconf 90' lang='lat' dir='ltr'><strong>Deo</strong></span> 
     </span>
    </p>
   </div>
   <div class='ocr_carea' id='block_1_75' title="bbox 935 1407 1768 1443">
    <p class='ocr_par' dir='ltr' id='par_1_75' title="bbox 935 1407 1768 1443">
     <span class='ocr_line' id='line_1_75' title="bbox 935 1407 1768 1443; baseline 0.005 -10"><span class='ocrx_word' id='word_1_568' title='bbox 935 1407 1175 1435; x_wconf 88' lang='lat' dir='ltr'><strong>subministratas</strong></span> <span class='ocrx_word' id='word_1_569' title='bbox 1186 1409 1251 1436; x_wconf 70' lang='lat' dir='ltr'><strong>vitae</strong></span> <span class='ocrx_word' id='word_1_570' title='bbox 1263 1411 1381 1436; x_wconf 74' lang='lat' dir='ltr'><strong>mternzn</strong></span> <span class='ocrx_word' id='word_1_571' title='bbox 1397 1409 1566 1437; x_wconf 78' lang='lat' dir='ltr'><strong>obtinendae</strong></span> <span class='ocrx_word' id='word_1_572' title='bbox 1579 1410 1768 1443; x_wconf 89' lang='lat' dir='ltr'><strong>rationes,re-</strong></span> 
     </span>
    </p>
   </div>
   <div class='ocr_carea' id='block_1_76' title="bbox 935 1453 1766 1488">
    <p class='ocr_par' dir='ltr' id='par_1_76' title="bbox 935 1453 1766 1488">
     <span class='ocr_line' id='line_1_76' title="bbox 935 1453 1766 1488; baseline 0.005 -10"><span class='ocrx_word' id='word_1_573' title='bbox 935 1454 1038 1479; x_wconf 88' lang='lat' dir='ltr'><strong>censet</strong></span> <span class='ocrx_word' id='word_1_574' title='bbox 1053 1453 1261 1480; x_wconf 84' lang='lat' dir='ltr'><strong>mandatorum</strong></span> <span class='ocrx_word' id='word_1_575' title='bbox 1278 1453 1524 1488; x_wconf 75' lang='lat' dir='ltr'><strong>observationem,</strong></span> <span class='ocrx_word' id='word_1_576' title='bbox 1539 1454 1737 1481; x_wconf 87' lang='lat' dir='ltr'><strong>secessionem</strong></span> <span class='ocrx_word' id='word_1_577' title='bbox 1749 1462 1766 1482; x_wconf 81' lang='lat' dir='ltr'><strong>a</strong></span> 
     </span>
    </p>
   </div>
   <div class='ocr_carea' id='block_1_77' title="bbox 935 1498 1764 1534">
    <p class='ocr_par' dir='ltr' id='par_1_77' title="bbox 935 1498 1764 1534">
     <span class='ocr_line' id='line_1_77' title="bbox 935 1498 1764 1534; baseline 0.002 -10"><span class='ocrx_word' id='word_1_578' title='bbox 935 1499 1067 1532; x_wconf 88' lang='lat' dir='ltr'><strong>peccato,</strong></span> <span class='ocrx_word' id='word_1_579' title='bbox 1084 1498 1218 1525; x_wconf 90' lang='lat' dir='ltr'><strong>omnium</strong></span> <span class='ocrx_word' id='word_1_580' title='bbox 1230 1498 1456 1525; x_wconf 87' lang='lat' dir='ltr'><strong>derelictionem</strong></span> <span class='ocrx_word' id='word_1_581' title='bbox 1466 1501 1588 1534; x_wconf 89' lang='lat' dir='ltr'><strong>propter</strong></span> <span class='ocrx_word' id='word_1_582' title='bbox 1603 1499 1764 1534; x_wconf 88' lang='lat' dir='ltr'><strong>Christum,</strong></span> 
     </span>
    </p>
   </div>
   <div class='ocr_carea' id='block_1_78' title="bbox 936 1541 1765 1578">
    <p class='ocr_par' dir='ltr' id='par_1_78' title="bbox 936 1541 1765 1578">
     <span class='ocr_line' id='line_1_78' title="bbox 936 1541 1765 1578; baseline 0.002 -11"><span class='ocrx_word' id='word_1_583' title='bbox 936 1541 1035 1568; x_wconf 84' lang='lat' dir='ltr'><strong>ﬁdem.</strong></span> <span class='ocrx_word' id='word_1_584' title='bbox 1053 1542 1141 1576; x_wconf 85' lang='lat' dir='ltr'><strong>Atqui</strong></span> <span class='ocrx_word' id='word_1_585' title='bbox 1158 1542 1221 1569; x_wconf 85' lang='lat' dir='ltr'><strong>ﬁeri</strong></span> <span class='ocrx_word' id='word_1_586' title='bbox 1238 1544 1335 1577; x_wconf 87' lang='lat' dir='ltr'><strong>potest</strong></span> <span class='ocrx_word' id='word_1_587' title='bbox 1347 1546 1379 1570; x_wconf 90' lang='lat' dir='ltr'><strong>ut</strong></span> <span class='ocrx_word' id='word_1_588' title='bbox 1397 1543 1498 1570; x_wconf 89' lang='lat' dir='ltr'><strong>omnia</strong></span> <span class='ocrx_word' id='word_1_589' title='bbox 1513 1542 1765 1578; x_wconf 77' lang='lat' dir='ltr'><strong>hmcimpleverit,</strong></span> 
     </span>
    </p>
   </div>
   <div class='ocr_carea' id='block_1_79' title="bbox 935 1585 1768 1622">
    <p class='ocr_par' dir='ltr' id='par_1_79' title="bbox 935 1585 1768 1622">
     <span class='ocr_line' id='line_1_79' title="bbox 935 1585 1768 1622; baseline 0.002 -10"><span class='ocrx_word' id='word_1_590' title='bbox 935 1586 986 1620; x_wconf 90' lang='lat' dir='ltr'><strong>qui</strong></span> <span class='ocrx_word' id='word_1_591' title='bbox 1003 1585 1066 1613; x_wconf 85' lang='lat' dir='ltr'><strong>sine</strong></span> <span class='ocrx_word' id='word_1_592' title='bbox 1081 1586 1240 1622; x_wconf 84' lang='lat' dir='ltr'><strong>baptismo,</strong></span> <span class='ocrx_word' id='word_1_593' title='bbox 1250 1590 1343 1614; x_wconf 90' lang='lat' dir='ltr'><strong>morte</strong></span> <span class='ocrx_word' id='word_1_594' title='bbox 1360 1590 1525 1622; x_wconf 76' lang='lat' dir='ltr'><strong>praeventus</strong></span> <span class='ocrx_word' id='word_1_595' title='bbox 1538 1587 1709 1615; x_wconf 87' lang='lat' dir='ltr'><strong>decesserit.</strong></span> <span class='ocrx_word' id='word_1_596' title='bbox 1720 1588 1768 1615; x_wconf 87' lang='lat' dir='ltr'><strong>Se-</strong></span> 
     </span>
    </p>
   </div>
   <div class='ocr_carea' id='block_1_80' title="bbox 936 1630 1766 1667">
    <p class='ocr_par' dir='ltr' id='par_1_80' title="bbox 936 1630 1766 1667">
     <span class='ocr_line' id='line_1_80' title="bbox 936 1630 1766 1667; baseline 0.002 -10"><span class='ocrx_word' id='word_1_597' title='bbox 936 1631 1045 1664; x_wconf 89' lang='lat' dir='ltr'><strong>cundo,</strong></span> <span class='ocrx_word' id='word_1_598' title='bbox 1061 1630 1244 1658; x_wconf 85' lang='lat' dir='ltr'><strong>desiderium</strong></span> <span class='ocrx_word' id='word_1_599' title='bbox 1265 1632 1370 1659; x_wconf 80' lang='lat' dir='ltr'><strong>efﬁcax</strong></span> <span class='ocrx_word' id='word_1_600' title='bbox 1386 1632 1530 1659; x_wconf 89' lang='lat' dir='ltr'><strong>bonorum</strong></span> <span class='ocrx_word' id='word_1_601' title='bbox 1561 1640 1685 1667; x_wconf 92' lang='lat' dir='ltr'><strong>operum</strong></span> <span class='ocrx_word' id='word_1_602' title='bbox 1703 1632 1766 1660; x_wconf 79' lang='lat' dir='ltr'><strong>effi-</strong></span> 
     </span>
    </p>
   </div>
   <div class='ocr_carea' id='block_1_81' title="bbox 936 1676 1767 1713">
    <p class='ocr_par' dir='ltr' id='par_1_81' title="bbox 936 1676 1767 1713">
     <span class='ocr_line' id='line_1_81' title="bbox 936 1676 1767 1713; baseline 0.002 -10"><span class='ocrx_word' id='word_1_603' title='bbox 936 1676 1123 1709; x_wconf 91' lang='lat' dir='ltr'><strong>ciendorum,</strong></span> <span class='ocrx_word' id='word_1_604' title='bbox 1149 1685 1216 1704; x_wconf 91' lang='lat' dir='ltr'><strong>cum</strong></span> <span class='ocrx_word' id='word_1_605' title='bbox 1232 1677 1297 1713; x_wconf 89' lang='lat' dir='ltr'><strong>ipsa</strong></span> <span class='ocrx_word' id='word_1_606' title='bbox 1312 1685 1402 1713; x_wconf 88' lang='lat' dir='ltr'><strong>opera</strong></span> <span class='ocrx_word' id='word_1_607' title='bbox 1429 1680 1525 1704; x_wconf 90' lang='lat' dir='ltr'><strong>morte</strong></span> <span class='ocrx_word' id='word_1_608' title='bbox 1540 1685 1574 1705; x_wconf 87' lang='lat' dir='ltr'><strong>ac</strong></span> <span class='ocrx_word' id='word_1_609' title='bbox 1590 1677 1767 1705; x_wconf 86' lang='lat' dir='ltr'><strong>necessitate</strong></span> 
     </span>
    </p>
   </div>
   <div class='ocr_carea' id='block_1_82' title="bbox 936 1721 1766 1757">
    <p class='ocr_par' dir='ltr' id='par_1_82' title="bbox 936 1721 1766 1757">
     <span class='ocr_line' id='line_1_82' title="bbox 936 1721 1766 1757; baseline 0.004 -10"><span class='ocrx_word' id='word_1_610' title='bbox 936 1721 1133 1756; x_wconf 68' lang='lat' dir='ltr'><strong>praeoccupati</strong></span> <span class='ocrx_word' id='word_1_611' title='bbox 1141 1722 1663 1757; x_wconf 84' lang='lat' dir='ltr'><strong>exsequiprohibemur,sutﬁcere,ac</strong></span> <span class='ocrx_word' id='word_1_612' title='bbox 1676 1722 1766 1750; x_wconf 87' lang='lat' dir='ltr'><strong>ﬁdem</strong></span> 
     </span>
    </p>
   </div>
   <div class='ocr_carea' id='block_1_83' title="bbox 936 1765 1765 1801">
    <p class='ocr_par' dir='ltr' id='par_1_83' title="bbox 936 1765 1765 1801">
     <span class='ocr_line' id='line_1_83' title="bbox 936 1765 1765 1801; baseline 0.001 -9"><span class='ocrx_word' id='word_1_613' title='bbox 936 1765 1067 1800; x_wconf 87' lang='lat' dir='ltr'><strong>ipsorum</strong></span> <span class='ocrx_word' id='word_1_614' title='bbox 1082 1765 1175 1793; x_wconf 89' lang='lat' dir='ltr'><strong>vicem</strong></span> <span class='ocrx_word' id='word_1_615' title='bbox 1191 1766 1356 1801; x_wconf 85' lang='lat' dir='ltr'><strong>adimplere</strong></span> <span class='ocrx_word' id='word_1_616' title='bbox 1373 1767 1460 1793; x_wconf 87' lang='lat' dir='ltr'><strong>docet</strong></span> <span class='ocrx_word' id='word_1_617' title='bbox 1476 1769 1532 1794; x_wconf 85' lang='lat' dir='ltr'><strong>cat.</strong></span> <span class='ocrx_word' id='word_1_618' title='bbox 1551 1767 1594 1799; x_wconf 89' lang='grc'>13,</span> <span class='ocrx_word' id='word_1_619' title='bbox 1613 1775 1643 1794; x_wconf 91' lang='grc' dir='ltr'><strong>ιι.</strong></span> <span class='ocrx_word' id='word_1_620' title='bbox 1668 1768 1712 1800; x_wconf 89' lang='grc'>31,</span> <span class='ocrx_word' id='word_1_621' title='bbox 1728 1767 1765 1794; x_wconf 90' lang='lat' dir='ltr'><strong>de</strong></span> 
     </span>
    </p>
   </div>
   <div class='ocr_carea' id='block_1_84' title="bbox 935 1810 1764 1846">
    <p class='ocr_par' dir='ltr' id='par_1_84' title="bbox 935 1810 1764 1846">
     <span class='ocr_line' id='line_1_84' title="bbox 935 1810 1764 1846; baseline 0.001 -10"><span class='ocrx_word' id='word_1_622' title='bbox 935 1810 984 1845; x_wconf 92' lang='lat' dir='ltr'><strong>pio</strong></span> <span class='ocrx_word' id='word_1_623' title='bbox 996 1810 1216 1845; x_wconf 73' lang='lat' dir='ltr'><strong>agenslatrone,</strong></span> <span class='ocrx_word' id='word_1_624' title='bbox 1230 1811 1332 1846; x_wconf 88' lang='lat' dir='ltr'><strong>sicque</strong></span> <span class='ocrx_word' id='word_1_625' title='bbox 1344 1811 1379 1838; x_wconf 89' lang='lat' dir='ltr'><strong>de</strong></span> <span class='ocrx_word' id='word_1_626' title='bbox 1389 1820 1423 1838; x_wconf 86' lang='lat' dir='ltr'><strong>eo</strong></span> <span class='ocrx_word' id='word_1_627' title='bbox 1431 1811 1604 1846; x_wconf 89' lang='lat' dir='ltr'><strong>loquentem</strong></span> <span class='ocrx_word' id='word_1_628' title='bbox 1613 1811 1764 1838; x_wconf 89' lang='lat' dir='ltr'><strong>Christum</strong></span> 
     </span>
    </p>
   </div>
   <div class='ocr_carea' id='block_1_85' title="bbox 935 1854 1764 1885">
    <p class='ocr_par' dir='ltr' id='par_1_85' title="bbox 935 1854 1764 1885">
     <span class='ocr_line' id='line_1_85' title="bbox 935 1854 1764 1885; baseline -0.004 -4"><span class='ocrx_word' id='word_1_629' title='bbox 935 1854 1058 1881; x_wconf 80' lang='lat' dir='ltr'><strong>inducit.</strong></span> <span class='ocrx_word' id='word_1_630' title='bbox 1082 1855 1148 1878; x_wconf 76' lang='lat' dir='ltr'><strong>Vult</strong></span> <span class='ocrx_word' id='word_1_631' title='bbox 1163 1855 1242 1884; x_wconf 71' lang='lat' dir='ltr'><strong>iusta</strong></span> <span class='ocrx_word' id='word_1_632' title='bbox 1257 1862 1339 1885; x_wconf 78' lang='lat' dir='ltr'><strong>opera</strong></span> <span class='ocrx_word' id='word_1_633' title='bbox 1353 1857 1446 1885; x_wconf 77' lang='lat' dir='ltr'><strong>facere</strong></span> <span class='ocrx_word' id='word_1_634' title='bbox 1459 1855 1540 1883; x_wconf 82' lang='lat' dir='ltr'><strong>latro,</strong></span> <span class='ocrx_word' id='word_1_635' title='bbox 1550 1855 1598 1879; x_wconf 71' lang='lat' dir='ltr'><strong>sed</strong></span> <span class='ocrx_word' id='word_1_636' title='bbox 1608 1862 1684 1879; x_wconf 71' lang='lat' dir='ltr'><strong>mars</strong></span> <span class='ocrx_word' id='word_1_637' title='bbox 1698 1862 1764 1878; x_wconf 79' lang='lat' dir='ltr'><strong>eum</strong></span> 
     </span>
    </p>
   </div>
   <div class='ocr_carea' id='block_1_86' title="bbox 930 1899 1764 1930">
    <p class='ocr_par' dir='ltr' id='par_1_86' title="bbox 930 1899 1764 1930">
     <span class='ocr_line' id='line_1_86' title="bbox 930 1899 1764 1930; baseline 0.001 -8"><span class='ocrx_word' id='word_1_638' title='bbox 930 1903 1118 1930; x_wconf 76' lang='lat' dir='ltr'><strong>prwoccupat.</strong></span> <span class='ocrx_word' id='word_1_639' title='bbox 1147 1900 1209 1923; x_wconf 81' lang='lat' dir='ltr'><strong>Non</strong></span> <span class='ocrx_word' id='word_1_640' title='bbox 1225 1903 1336 1923; x_wconf 84' lang='lat' dir='ltr'><strong>tantum</strong></span> <span class='ocrx_word' id='word_1_641' title='bbox 1360 1907 1429 1929; x_wconf 71' lang='lat' dir='ltr'><strong>opus</strong></span> <span class='ocrx_word' id='word_1_642' title='bbox 1446 1907 1550 1927; x_wconf 83' lang='lat' dir='ltr'><strong>moror,</strong></span> <span class='ocrx_word' id='word_1_643' title='bbox 1581 1899 1629 1923; x_wconf 73' lang='lat' dir='ltr'><strong>sed</strong></span> <span class='ocrx_word' id='word_1_644' title='bbox 1642 1903 1668 1922; x_wconf 74' lang='grc' dir='ltr'><strong>σε</strong></span> <span class='ocrx_word' id='word_1_645' title='bbox 1680 1899 1764 1930; x_wconf 75' lang='lat' dir='ltr'><strong>ﬁdem</strong></span> 
     </span>
    </p>
   </div>
   <div class='ocr_carea' id='block_1_87' title="bbox 933 1942 1763 1979">
    <p class='ocr_par' dir='ltr' id='par_1_87' title="bbox 933 1942 1763 1979">
     <span class='ocr_line' id='line_1_87' title="bbox 933 1942 1763 1979; baseline 0.004 -11"><span class='ocrx_word' id='word_1_646' title='bbox 933 1948 1072 1974; x_wconf 71' lang='lat' dir='ltr'><strong>acceptam</strong></span> <span class='ocrx_word' id='word_1_647' title='bbox 1094 1943 1190 1971; x_wconf 77' lang='lat' dir='ltr'><strong>habui,</strong></span> <span class='ocrx_word' id='word_1_648' title='bbox 1219 1943 1404 1971; x_wconf 79' lang='lat' dir='ltr'><strong>Desiderium</strong></span> <span class='ocrx_word' id='word_1_649' title='bbox 1430 1944 1521 1979; x_wconf 80' lang='lat' dir='ltr'><strong>igitur</strong></span> <span class='ocrx_word' id='word_1_650' title='bbox 1544 1942 1696 1978; x_wconf 80' lang='lat' dir='ltr'><strong>baptismi,</strong></span> <span class='ocrx_word' id='word_1_651' title='bbox 1712 1943 1763 1971; x_wconf 80' lang='lat' dir='ltr'><strong>ba-</strong></span> 
     </span>
    </p>
   </div>
   <div class='ocr_carea' id='block_1_88' title="bbox 934 1988 1765 2023">
    <p class='ocr_par' dir='ltr' id='par_1_88' title="bbox 934 1988 1765 2023">
     <span class='ocr_line' id='line_1_88' title="bbox 934 1988 1765 2023; baseline 0 -9"><span class='ocrx_word' id='word_1_652' title='bbox 934 1989 1032 2023; x_wconf 82' lang='lat' dir='ltr'><strong>ptismi</strong></span> <span class='ocrx_word' id='word_1_653' title='bbox 1053 1988 1144 2023; x_wconf 78' lang='lat' dir='ltr'><strong>ipsius</strong></span> <span class='ocrx_word' id='word_1_654' title='bbox 1162 1989 1257 2015; x_wconf 83' lang='lat' dir='ltr'><strong>locum</strong></span> <span class='ocrx_word' id='word_1_655' title='bbox 1276 1991 1375 2014; x_wconf 66' lang='lat' dir='ltr'><strong>tenere</strong></span> <span class='ocrx_word' id='word_1_656' title='bbox 1389 1988 1495 2020; x_wconf 77' lang='lat' dir='ltr'><strong>debet;</strong></span> <span class='ocrx_word' id='word_1_657' title='bbox 1514 1996 1607 2022; x_wconf 76' lang='lat' dir='ltr'><strong>eoque</strong></span> <span class='ocrx_word' id='word_1_658' title='bbox 1624 1988 1765 2015; x_wconf 75' lang='lat' dir='ltr'><strong>favorabi-</strong></span> 
     </span>
    </p>
   </div>
   <div class='ocr_carea' id='block_1_89' title="bbox 935 2033 1766 2068">
    <p class='ocr_par' dir='ltr' id='par_1_89' title="bbox 935 2033 1766 2068">
     <span class='ocr_line' id='line_1_89' title="bbox 935 2033 1766 2068; baseline 0 -9"><span class='ocrx_word' id='word_1_659' title='bbox 935 2033 990 2059; x_wconf 79' lang='lat' dir='ltr'><strong>lior</strong></span> <span class='ocrx_word' id='word_1_660' title='bbox 1007 2033 1136 2059; x_wconf 75' lang='lat' dir='ltr'><strong>hominis</strong></span> <span class='ocrx_word' id='word_1_661' title='bbox 1146 2034 1292 2068; x_wconf 79' lang='lat' dir='ltr'><strong>baptismo</strong></span> <span class='ocrx_word' id='word_1_662' title='bbox 1303 2033 1386 2059; x_wconf 81' lang='lat' dir='ltr'><strong>nulla</strong></span> <span class='ocrx_word' id='word_1_663' title='bbox 1397 2042 1449 2059; x_wconf 69' lang='lat' dir='ltr'><strong>sua</strong></span> <span class='ocrx_word' id='word_1_664' title='bbox 1461 2033 1548 2067; x_wconf 84' lang='lat' dir='ltr'><strong>culpa</strong></span> <span class='ocrx_word' id='word_1_665' title='bbox 1561 2033 1663 2067; x_wconf 80' lang='lat' dir='ltr'><strong>privati</strong></span> <span class='ocrx_word' id='word_1_666' title='bbox 1677 2041 1766 2059; x_wconf 78' lang='lat' dir='ltr'><strong>causa</strong></span> 
     </span>
    </p>
   </div>
   <div class='ocr_carea' id='block_1_90' title="bbox 934 2078 1764 2113">
    <p class='ocr_par' dir='ltr' id='par_1_90' title="bbox 934 2078 1764 2113">
     <span class='ocr_line' id='line_1_90' title="bbox 934 2078 1764 2113; baseline 0.001 -9"><span class='ocrx_word' id='word_1_667' title='bbox 934 2081 974 2104; x_wconf 83' lang='lat' dir='ltr'><strong>est</strong></span> <span class='ocrx_word' id='word_1_668' title='bbox 990 2087 995 2110; x_wconf 85' lang='lat'><strong>;</strong></span> <span class='ocrx_word' id='word_1_669' title='bbox 1014 2078 1092 2113; x_wconf 68' lang='lat' dir='ltr'><strong>quod</strong></span> <span class='ocrx_word' id='word_1_670' title='bbox 1106 2087 1176 2108; x_wconf 70' lang='lat' dir='ltr'><strong>non,</strong></span> <span class='ocrx_word' id='word_1_671' title='bbox 1198 2079 1274 2104; x_wconf 76' lang='lat' dir='ltr'><strong>sicut</strong></span> <span class='ocrx_word' id='word_1_672' title='bbox 1290 2078 1374 2107; x_wconf 70' lang='lat' dir='ltr'><strong>latro,</strong></span> <span class='ocrx_word' id='word_1_673' title='bbox 1394 2087 1498 2104; x_wconf 70' lang='lat' dir='ltr'><strong>recens</strong></span> <span class='ocrx_word' id='word_1_674' title='bbox 1515 2086 1685 2107; x_wconf 71' lang='lat' dir='ltr'><strong>conversus.</strong></span> <span class='ocrx_word' id='word_1_675' title='bbox 1713 2078 1764 2105; x_wconf 85' lang='lat' dir='ltr'><strong>sed</strong></span> 
     </span>
    </p>
   </div>
   <div class='ocr_carea' id='block_1_91' title="bbox 934 2123 1762 2158">
    <p class='ocr_par' dir='ltr' id='par_1_91' title="bbox 934 2123 1762 2158">
     <span class='ocr_line' id='line_1_91' title="bbox 934 2123 1762 2158; baseline 0 -9"><span class='ocrx_word' id='word_1_676' title='bbox 934 2123 1019 2158; x_wconf 62' lang='lat' dir='ltr'><strong>longo</strong></span> <span class='ocrx_word' id='word_1_677' title='bbox 1031 2123 1104 2149; x_wconf 68' lang='lat' dir='ltr'><strong>forte</strong></span> <span class='ocrx_word' id='word_1_678' title='bbox 1117 2123 1262 2149; x_wconf 83' lang='lat' dir='ltr'><strong>bonorum</strong></span> <span class='ocrx_word' id='word_1_679' title='bbox 1275 2132 1395 2158; x_wconf 77' lang='lat' dir='ltr'><strong>operum</strong></span> <span class='ocrx_word' id='word_1_680' title='bbox 1410 2124 1549 2150; x_wconf 74' lang='lat' dir='ltr'><strong>exercitio</strong></span> <span class='ocrx_word' id='word_1_681' title='bbox 1562 2123 1703 2158; x_wconf 84' lang='lat' dir='ltr'><strong>probatus</strong></span> <span class='ocrx_word' id='word_1_682' title='bbox 1715 2123 1762 2154; x_wconf 85' lang='lat' dir='ltr'><strong>sit,</strong></span> 
     </span>
    </p>
   </div>
   <div class='ocr_carea' id='block_1_92' title="bbox 933 2168 1763 2202">
    <p class='ocr_par' dir='ltr' id='par_1_92' title="bbox 933 2168 1763 2202">
     <span class='ocr_line' id='line_1_92' title="bbox 933 2168 1763 2202; baseline 0 -8"><span class='ocrx_word' id='word_1_683' title='bbox 933 2176 965 2194; x_wconf 81' lang='lat' dir='ltr'><strong>ac</strong></span> <span class='ocrx_word' id='word_1_684' title='bbox 982 2169 1113 2194; x_wconf 69' lang='lat' dir='ltr'><strong>virtutum</strong></span> <span class='ocrx_word' id='word_1_685' title='bbox 1130 2169 1255 2202; x_wconf 66' lang='lat' dir='ltr'><strong>operibus</strong></span> <span class='ocrx_word' id='word_1_686' title='bbox 1272 2169 1428 2198; x_wconf 55' lang='lat' dir='ltr'><strong>instructus,</strong></span> <span class='ocrx_word' id='word_1_687' title='bbox 1447 2171 1478 2194; x_wconf 85' lang='lat' dir='ltr'><strong>ut</strong></span> <span class='ocrx_word' id='word_1_688' title='bbox 1494 2168 1626 2202; x_wconf 83' lang='lat' dir='ltr'><strong>loquitur</strong></span> <span class='ocrx_word' id='word_1_689' title='bbox 1637 2168 1763 2202; x_wconf 80' lang='lat' dir='ltr'><strong>Cyrillus</strong></span> 
     </span>
    </p>
   </div>
   <div class='ocr_carea' id='block_1_93' title="bbox 933 2213 1764 2247">
    <p class='ocr_par' dir='ltr' id='par_1_93' title="bbox 933 2213 1764 2247">
     <span class='ocr_line' id='line_1_93' title="bbox 933 2213 1764 2247; baseline -0.002 -8"><span class='ocrx_word' id='word_1_690' title='bbox 933 2216 987 2239; x_wconf 69' lang='lat' dir='ltr'><strong>cat,</strong></span> <span class='ocrx_word' id='word_1_691' title='bbox 1005 2213 1031 2244; x_wconf 79' lang='lat'><strong>3,</strong></span> <span class='ocrx_word' id='word_1_692' title='bbox 1049 2221 1077 2238; x_wconf 89' lang='grc' dir='ltr'><strong>ιι.</strong></span> <span class='ocrx_word' id='word_1_693' title='bbox 1096 2213 1121 2243; x_wconf 71' lang='lat' dir='ltr'><strong>lt,</strong></span> <span class='ocrx_word' id='word_1_694' title='bbox 1139 2221 1204 2239; x_wconf 79' lang='lat' dir='ltr'><strong>cum</strong></span> <span class='ocrx_word' id='word_1_695' title='bbox 1224 2216 1320 2239; x_wconf 78' lang='lat' dir='ltr'><strong>tamen</strong></span> <span class='ocrx_word' id='word_1_696' title='bbox 1340 2221 1355 2239; x_wconf 88' lang='lat' dir='ltr'><strong>a</strong></span> <span class='ocrx_word' id='word_1_697' title='bbox 1373 2221 1461 2247; x_wconf 72' lang='lat' dir='ltr'><strong>regno</strong></span> <span class='ocrx_word' id='word_1_698' title='bbox 1478 2213 1619 2239; x_wconf 63' lang='lat' dir='ltr'><strong>ca‘lnrum</strong></span> <span class='ocrx_word' id='word_1_699' title='bbox 1643 2214 1764 2247; x_wconf 84' lang='lat' dir='ltr'><strong>propter</strong></span> 
     </span>
    </p>
   </div>
   <div class='ocr_carea' id='block_1_94' title="bbox 931 2257 1761 2292">
    <p class='ocr_par' dir='ltr' id='par_1_94' title="bbox 931 2257 1761 2292">
     <span class='ocr_line' id='line_1_94' title="bbox 931 2257 1761 2292; baseline 0 -9"><span class='ocrx_word' id='word_1_700' title='bbox 931 2257 1070 2292; x_wconf 80' lang='lat' dir='ltr'><strong>baptismi</strong></span> <span class='ocrx_word' id='word_1_701' title='bbox 1087 2257 1233 2284; x_wconf 73' lang='lat' dir='ltr'><strong>detectum</strong></span> <span class='ocrx_word' id='word_1_702' title='bbox 1252 2257 1335 2283; x_wconf 91' lang='lat' dir='ltr'><strong>illum</strong></span> <span class='ocrx_word' id='word_1_703' title='bbox 1364 2257 1509 2284; x_wconf 76' lang='lat' dir='ltr'><strong>excludat.</strong></span> <span class='ocrx_word' id='word_1_704' title='bbox 1535 2257 1643 2289; x_wconf 70' lang='lat' dir='ltr'><strong>&quot;l‘crtio,</strong></span> <span class='ocrx_word' id='word_1_705' title='bbox 1661 2260 1716 2284; x_wconf 83' lang='lat' dir='ltr'><strong>cat.</strong></span> <span class='ocrx_word' id='word_1_706' title='bbox 1735 2258 1761 2288; x_wconf 80' lang='grc'><strong>5,</strong></span> 
     </span>
    </p>
   </div>
   <div class='ocr_carea' id='block_1_95' title="bbox 79 2300 1762 2342">
    <p class='ocr_par' dir='ltr' id='par_1_95' title="bbox 79 2300 1762 2342">
     <span class='ocr_line' id='line_1_95' title="bbox 79 2300 1762 2342; baseline -0.001 -13"><span class='ocrx_word' id='word_1_707' title='bbox 79 2302 178 2334; x_wconf 67' lang='lat' dir='ltr'><strong>multum</strong></span> <span class='ocrx_word' id='word_1_708' title='bbox 193 2307 359 2342; x_wconf 82' lang='lat' dir='ltr'><strong>quemdam</strong></span> <span class='ocrx_word' id='word_1_709' title='bbox 371 2309 403 2333; x_wconf 88' lang='lat' dir='ltr'><strong>ut</strong></span> <span class='ocrx_word' id='word_1_710' title='bbox 423 2306 549 2333; x_wconf 74' lang='lat' dir='ltr'><strong>felicitas</strong></span> <span class='ocrx_word' id='word_1_711' title='bbox 565 2305 606 2332; x_wconf 78' lang='lat' dir='ltr'><strong>ita</strong></span> <span class='ocrx_word' id='word_1_712' title='bbox 617 2307 646 2331; x_wconf 81' lang='lat' dir='ltr'><strong>et</strong></span> <span class='ocrx_word' id='word_1_713' title='bbox 663 2305 812 2340; x_wconf 72' lang='lat' dir='ltr'><strong>supplicii,</strong></span> <span class='ocrx_word' id='word_1_714' title='bbox 827 2313 876 2331; x_wconf 75' lang='lat' dir='ltr'><strong>ex-</strong></span> <span class='ocrx_word' id='word_1_715' title='bbox 894 2300 915 2331; x_wconf 88' lang='lat' dir='ltr'><strong>D</strong></span> <span class='ocrx_word' id='word_1_716' title='bbox 933 2310 961 2327; x_wconf 87' lang='grc' dir='ltr'><strong>ιι.</strong></span> <span class='ocrx_word' id='word_1_717' title='bbox 981 2303 1005 2332; x_wconf 82' lang='lat'><strong>6.</strong></span> <span class='ocrx_word' id='word_1_718' title='bbox 1023 2302 1063 2328; x_wconf 86' lang='lat' dir='ltr'><strong>ait</strong></span> <span class='ocrx_word' id='word_1_719' title='bbox 1085 2301 1297 2333; x_wconf 83' lang='lat' dir='ltr'><strong>Abrahamum,</strong></span> <span class='ocrx_word' id='word_1_720' title='bbox 1329 2310 1395 2328; x_wconf 71' lang='lat' dir='ltr'><strong>cum</strong></span> <span class='ocrx_word' id='word_1_721' title='bbox 1414 2302 1509 2329; x_wconf 83' lang='lat' dir='ltr'><strong>ﬁlium</strong></span> <span class='ocrx_word' id='word_1_722' title='bbox 1539 2302 1762 2328; x_wconf 82' lang='lat' dir='ltr'><strong>sacriﬁcaturus</strong></span> 
     </span>
    </p>
   </div>
   <div class='ocr_carea' id='block_1_96' title="bbox 79 2349 873 2386">
    <p class='ocr_par' dir='ltr' id='par_1_96' title="bbox 79 2349 873 2386">
     <span class='ocr_line' id='line_1_96' title="bbox 79 2349 873 2386; baseline -0.006 -6"><span class='ocrx_word' id='word_1_723' title='bbox 79 2350 262 2380; x_wconf 65' lang='grc' dir='ltr'>Ρειῒθιιιοειιιιι</span> <span class='ocrx_word' id='word_1_724' title='bbox 273 2359 325 2379; x_wconf 77' lang='lat' dir='ltr'><strong>eas</strong></span> <span class='ocrx_word' id='word_1_725' title='bbox 333 2351 468 2386; x_wconf 87' lang='lat' dir='ltr'><strong>excipere</strong></span> <span class='ocrx_word' id='word_1_726' title='bbox 475 2350 592 2378; x_wconf 85' lang='lat' dir='ltr'><strong>docent.</strong></span> <span class='ocrx_word' id='word_1_727' title='bbox 602 2349 785 2382; x_wconf 80' lang='lat' dir='ltr'><strong>Ambrosius,</strong></span> <span class='ocrx_word' id='word_1_728' title='bbox 795 2350 844 2376; x_wconf 90' lang='lat' dir='ltr'><strong>lib.</strong></span> <span class='ocrx_word' id='word_1_729' title='bbox 855 2358 873 2376; x_wconf 86' lang='grc' dir='ltr'><strong>ιι</strong></span> 
     </span>
    </p>
   </div>
   <div class='ocr_carea' id='block_1_97' title="bbox 77 2391 871 2432">
    <p class='ocr_par' dir='ltr' id='par_1_97' title="bbox 77 2391 871 2432">
     <span class='ocr_line' id='line_1_97' title="bbox 77 2391 871 2432; baseline -0.003 -10"><span class='ocrx_word' id='word_1_730' title='bbox 77 2391 210 2430; x_wconf 67' lang='lat' dir='ltr'><strong>DtAbralL,</strong></span> <span class='ocrx_word' id='word_1_731' title='bbox 226 2405 296 2432; x_wconf 88' lang='lat' dir='ltr'><strong>cap,</strong></span> <span class='ocrx_word' id='word_1_732' title='bbox 311 2398 354 2430; x_wconf 84' lang='grc'><strong>11,</strong></span> <span class='ocrx_word' id='word_1_733' title='bbox 370 2404 398 2423; x_wconf 92' lang='lat' dir='ltr'><strong>n.</strong></span> <span class='ocrx_word' id='word_1_734' title='bbox 414 2396 458 2429; x_wconf 83' lang='grc'><strong>84,</strong></span> <span class='ocrx_word' id='word_1_735' title='bbox 470 2395 608 2429; x_wconf 79' lang='lat' dir='ltr'><strong>infantem</strong></span> <span class='ocrx_word' id='word_1_736' title='bbox 621 2398 649 2421; x_wconf 91' lang='lat' dir='ltr'><strong>et</strong></span> <span class='ocrx_word' id='word_1_737' title='bbox 665 2394 800 2421; x_wconf 88' lang='lat' dir='ltr'><strong>adultum</strong></span> <span class='ocrx_word' id='word_1_738' title='bbox 814 2395 871 2421; x_wconf 84' lang='lat' dir='ltr'><strong>ali-</strong></span> 
     </span>
    </p>
   </div>
   <div class='ocr_carea' id='block_1_98' title="bbox 76 2439 872 2474">
    <p class='ocr_par' dir='ltr' id='par_1_98' title="bbox 76 2439 872 2474">
     <span class='ocr_line' id='line_1_98' title="bbox 76 2439 872 2474; baseline -0.006 -4"><span class='ocrx_word' id='word_1_739' title='bbox 76 2443 283 2474; x_wconf 70' lang='lat' dir='ltr'><strong>Wprzventum</strong></span> <span class='ocrx_word' id='word_1_740' title='bbox 313 2441 481 2473; x_wconf 81' lang='lat' dir='ltr'><strong>necessitate,</strong></span> <span class='ocrx_word' id='word_1_741' title='bbox 513 2448 549 2467; x_wconf 87' lang='lat' dir='ltr'><strong>ne</strong></span> <span class='ocrx_word' id='word_1_742' title='bbox 565 2439 746 2474; x_wconf 88' lang='lat' dir='ltr'><strong>baptismum</strong></span> <span class='ocrx_word' id='word_1_743' title='bbox 778 2439 872 2466; x_wconf 80' lang='lat' dir='ltr'><strong>susci-</strong></span> 
     </span>
    </p>
   </div>
   <div class='ocr_carea' id='block_1_99' title="bbox 76 2481 873 2522">
    <p class='ocr_par' dir='ltr' id='par_1_99' title="bbox 76 2481 873 2522">
     <span class='ocr_line' id='line_1_99' title="bbox 76 2481 873 2522; baseline 0.004 -14"><span class='ocrx_word' id='word_1_744' title='bbox 76 2481 144 2516; x_wconf 78' lang='lat' dir='ltr'><strong>piant,</strong></span> <span class='ocrx_word' id='word_1_745' title='bbox 157 2493 273 2522; x_wconf 80' lang='lat' dir='ltr'><strong>aregno</strong></span> <span class='ocrx_word' id='word_1_746' title='bbox 292 2485 433 2512; x_wconf 80' lang='lat' dir='ltr'><strong>ccelorum</strong></span> <span class='ocrx_word' id='word_1_747' title='bbox 459 2484 607 2516; x_wconf 83' lang='lat' dir='ltr'><strong>excludit;</strong></span> <span class='ocrx_word' id='word_1_748' title='bbox 630 2487 658 2511; x_wconf 87' lang='lat' dir='ltr'><strong>et</strong></span> <span class='ocrx_word' id='word_1_749' title='bbox 684 2483 801 2511; x_wconf 88' lang='lat' dir='ltr'><strong>subdit:</strong></span> <span class='ocrx_word' id='word_1_750' title='bbox 819 2484 873 2507; x_wconf 81' lang='grc' dir='ltr'><strong>Πα-</strong></span> 
     </span>
    </p>
   </div>
   <div class='ocr_carea' id='block_1_100' title="bbox 75 2524 873 2560">
    <p class='ocr_par' dir='ltr' id='par_1_100' title="bbox 75 2524 873 2560">
     <span class='ocr_line' id='line_1_100' title="bbox 75 2524 873 2560; baseline -0.003 -6"><span class='ocrx_word' id='word_1_751' title='bbox 75 2524 134 2551; x_wconf 67' lang='grc' dir='ltr'><strong>δεωα</strong></span> <span class='ocrx_word' id='word_1_752' title='bbox 143 2532 229 2554; x_wconf 69' lang='lat' dir='ltr'><strong>Men</strong></span> <span class='ocrx_word' id='word_1_753' title='bbox 241 2530 327 2554; x_wconf 78' lang='lat' dir='ltr'><strong>illam</strong></span> <span class='ocrx_word' id='word_1_754' title='bbox 342 2533 465 2560; x_wconf 78' lang='lat' dir='ltr'><strong>opertam.</strong></span> <span class='ocrx_word' id='word_1_755' title='bbox 477 2536 627 2559; x_wconf 56' lang='lat' dir='ltr'><strong>poenarum</strong></span> <span class='ocrx_word' id='word_1_756' title='bbox 645 2529 853 2552; x_wconf 81' lang='lat' dir='ltr'><strong>immunitatem.</strong></span> <span class='ocrx_word' id='word_1_757' title='bbox 865 2537 873 2552; x_wconf 85' lang='grc'>.-</span> 
     </span>
    </p>
   </div>
   <div class='ocr_carea' id='block_1_101' title="bbox 76 2571 872 2605">
    <p class='ocr_par' dir='ltr' id='par_1_101' title="bbox 76 2571 872 2605">
     <span class='ocr_line' id='line_1_101' title="bbox 76 2571 872 2605; baseline 0.004 -8"><span class='ocrx_word' id='word_1_758' title='bbox 76 2571 143 2596; x_wconf 66' lang='grc' dir='ltr'><strong>ιεεοίο</strong></span> <span class='ocrx_word' id='word_1_759' title='bbox 153 2581 187 2598; x_wconf 79' lang='lat' dir='ltr'><strong>an</strong></span> <span class='ocrx_word' id='word_1_760' title='bbox 201 2574 320 2599; x_wconf 73' lang='lat' dir='ltr'><strong>habeant</strong></span> <span class='ocrx_word' id='word_1_761' title='bbox 334 2574 415 2605; x_wconf 78' lang='lat' dir='ltr'><strong>regni</strong></span> <span class='ocrx_word' id='word_1_762' title='bbox 426 2573 568 2597; x_wconf 77' lang='lat' dir='ltr'><strong>honorem.</strong></span> <span class='ocrx_word' id='word_1_763' title='bbox 580 2574 612 2600; x_wconf 88' lang='lat' dir='ltr'><strong>In</strong></span> <span class='ocrx_word' id='word_1_764' title='bbox 624 2573 727 2600; x_wconf 87' lang='lat' dir='ltr'><strong>eodem</strong></span> <span class='ocrx_word' id='word_1_765' title='bbox 740 2573 872 2601; x_wconf 79' lang='lat' dir='ltr'><strong>fortassis</strong></span> 
     </span>
    </p>
   </div>
   <div class='ocr_carea' id='block_1_102' title="bbox 77 2615 872 2655">
    <p class='ocr_par' dir='ltr' id='par_1_102' title="bbox 77 2615 872 2655">
     <span class='ocr_line' id='line_1_102' title="bbox 77 2615 872 2655; baseline 0.001 -12"><span class='ocrx_word' id='word_1_766' title='bbox 77 2615 156 2645; x_wconf 81' lang='lat' dir='ltr'><strong>ordine</strong></span> <span class='ocrx_word' id='word_1_767' title='bbox 169 2619 257 2647; x_wconf 88' lang='lat' dir='ltr'><strong>locari</strong></span> <span class='ocrx_word' id='word_1_768' title='bbox 274 2622 408 2655; x_wconf 87' lang='lat' dir='ltr'><strong>possunt,</strong></span> <span class='ocrx_word' id='word_1_769' title='bbox 425 2619 474 2654; x_wconf 88' lang='lat' dir='ltr'><strong>qui</strong></span> <span class='ocrx_word' id='word_1_770' title='bbox 496 2618 625 2646; x_wconf 76' lang='lat' dir='ltr'><strong>infantes</strong></span> <span class='ocrx_word' id='word_1_771' title='bbox 641 2618 705 2645; x_wconf 89' lang='lat' dir='ltr'><strong>sine</strong></span> <span class='ocrx_word' id='word_1_772' title='bbox 724 2618 872 2653; x_wconf 81' lang='lat' dir='ltr'><strong>baptismo</strong></span> 
     </span>
    </p>
   </div>
   <div class='ocr_carea' id='block_1_103' title="bbox 81 2657 870 2695">
    <p class='ocr_par' dir='ltr' id='par_1_103' title="bbox 81 2657 870 2695">
     <span class='ocr_line' id='line_1_103' title="bbox 81 2657 870 2695; baseline 0 -6"><span class='ocrx_word' id='word_1_773' title='bbox 81 2657 228 2691; x_wconf 70' lang='lat' dir='ltr'><strong>decedentes</strong></span> <span class='ocrx_word' id='word_1_774' title='bbox 242 2664 274 2691; x_wconf 90' lang='lat' dir='ltr'><strong>in</strong></span> <span class='ocrx_word' id='word_1_775' title='bbox 290 2664 345 2691; x_wconf 90' lang='lat' dir='ltr'><strong>hoc</strong></span> <span class='ocrx_word' id='word_1_776' title='bbox 361 2663 456 2691; x_wconf 90' lang='lat' dir='ltr'><strong>medio</strong></span> <span class='ocrx_word' id='word_1_777' title='bbox 472 2663 537 2690; x_wconf 89' lang='lat' dir='ltr'><strong>loco</strong></span> <span class='ocrx_word' id='word_1_778' title='bbox 553 2663 738 2690; x_wconf 87' lang='lat' dir='ltr'><strong>constituunt</strong></span> <span class='ocrx_word' id='word_1_779' title='bbox 752 2672 758 2695; x_wconf 87' lang='lat'><strong>;</strong></span> <span class='ocrx_word' id='word_1_780' title='bbox 775 2666 807 2689; x_wconf 91' lang='lat' dir='ltr'><strong>ut</strong></span> <span class='ocrx_word' id='word_1_781' title='bbox 820 2672 870 2690; x_wconf 83' lang='lat' dir='ltr'><strong>au-</strong></span> 
     </span>
    </p>
   </div>
   <div class='ocr_carea' id='block_1_104' title="bbox 81 2706 871 2742">
    <p class='ocr_par' dir='ltr' id='par_1_104' title="bbox 81 2706 871 2742">
     <span class='ocr_line' id='line_1_104' title="bbox 81 2706 871 2742; baseline -0.003 -7"><span class='ocrx_word' id='word_1_782' title='bbox 81 2706 534 2741; x_wconf 57' lang='lat' dir='ltr'><strong>et01&#39;QuestionumadAntiochum,</strong></span> <span class='ocrx_word' id='word_1_783' title='bbox 548 2709 653 2742; x_wconf 66' lang='lat' dir='ltr'><strong>quaest.</strong></span> <span class='ocrx_word' id='word_1_784' title='bbox 667 2708 727 2739; x_wconf 82' lang='grc'>115,</span> <span class='ocrx_word' id='word_1_785' title='bbox 741 2709 810 2734; x_wconf 87' lang='lat' dir='ltr'><strong>tom.</strong></span> <span class='ocrx_word' id='word_1_786' title='bbox 825 2708 871 2739; x_wconf 85' lang='lat' dir='ltr'><strong>lll,</strong></span> 
     </span>
    </p>
   </div>
   <div class='ocr_carea' id='block_1_105' title="bbox 83 2748 871 2788">
    <p class='ocr_par' dir='ltr' id='par_1_105' title="bbox 83 2748 871 2788">
     <span class='ocr_line' id='line_1_105' title="bbox 83 2748 871 2788; baseline 0.008 -15"><span class='ocrx_word' id='word_1_787' title='bbox 83 2748 203 2784; x_wconf 62' lang='lat' dir='ltr'><strong>Athenas,</strong></span> <span class='ocrx_word' id='word_1_788' title='bbox 219 2761 298 2788; x_wconf 80' lang='lat' dir='ltr'><strong>pag.,</strong></span> <span class='ocrx_word' id='word_1_789' title='bbox 314 2753 384 2784; x_wconf 76' lang='lat'><strong>296;</strong></span> <span class='ocrx_word' id='word_1_790' title='bbox 399 2752 521 2779; x_wconf 87' lang='lat' dir='ltr'><strong>Severus</strong></span> <span class='ocrx_word' id='word_1_791' title='bbox 538 2751 713 2785; x_wconf 78' lang='lat' dir='ltr'><strong>Antiochen,</strong></span> <span class='ocrx_word' id='word_1_792' title='bbox 729 2755 832 2779; x_wconf 83' lang='lat' dir='ltr'><strong>catena</strong></span> <span class='ocrx_word' id='word_1_793' title='bbox 845 2754 871 2779; x_wconf 81' lang='lat' dir='ltr'><strong>in</strong></span> 
     </span>
    </p>
   </div>
   <div class='ocr_carea' id='block_1_106' title="bbox 82 2791 871 2832">
    <p class='ocr_par' dir='ltr' id='par_1_106' title="bbox 82 2791 871 2832">
     <span class='ocr_line' id='line_1_106' title="bbox 82 2791 871 2832; baseline 0.009 -16"><span class='ocrx_word' id='word_1_794' title='bbox 82 2791 149 2828; x_wconf 63' lang='lat' dir='ltr'><strong>lnam,</strong></span> <span class='ocrx_word' id='word_1_795' title='bbox 163 2796 196 2824; x_wconf 84' lang='lat' dir='ltr'><strong>ad</strong></span> <span class='ocrx_word' id='word_1_796' title='bbox 211 2805 275 2832; x_wconf 89' lang='lat' dir='ltr'><strong>cap.</strong></span> <span class='ocrx_word' id='word_1_797' title='bbox 294 2805 333 2831; x_wconf 87' lang='grc' dir='ltr'>ιιι,</span> <span class='ocrx_word' id='word_1_798' title='bbox 349 2796 365 2830; x_wconf 60' lang='grc' dir='ltr'><em>ᾗ</em></span> <span class='ocrx_word' id='word_1_799' title='bbox 381 2797 414 2829; x_wconf 85' lang='grc'><strong>3;</strong></span> <span class='ocrx_word' id='word_1_800' title='bbox 432 2796 555 2832; x_wconf 82' lang='lat' dir='ltr'><strong>[CXCIX]</strong></span> <span class='ocrx_word' id='word_1_801' title='bbox 574 2796 694 2823; x_wconf 85' lang='lat' dir='ltr'><strong>Cosmas</strong></span> <span class='ocrx_word' id='word_1_802' title='bbox 711 2797 871 2832; x_wconf 68' lang='lat' dir='ltr'><strong>Egyptius,</strong></span> 
     </span>
    </p>
   </div>
   <div class='ocr_carea' id='block_1_107' title="bbox 82 2834 871 2878">
    <p class='ocr_par' dir='ltr' id='par_1_107' title="bbox 82 2834 871 2878">
     <span class='ocr_line' id='line_1_107' title="bbox 82 2834 871 2878; baseline 0.003 -10"><span class='ocrx_word' id='word_1_803' title='bbox 82 2834 120 2865; x_wconf 63' lang='lat' dir='ltr'><strong>lib.</strong></span> <span class='ocrx_word' id='word_1_804' title='bbox 128 2847 169 2874; x_wconf 74' lang='lat' dir='ltr'><strong>vn,</strong></span> <span class='ocrx_word' id='word_1_805' title='bbox 179 2848 242 2878; x_wconf 76' lang='lat' dir='ltr'><strong>pag.</strong></span> <span class='ocrx_word' id='word_1_806' title='bbox 254 2842 322 2875; x_wconf 75' lang='lat'><strong>295;</strong></span> <span class='ocrx_word' id='word_1_807' title='bbox 335 2843 434 2869; x_wconf 79' lang='lat' dir='ltr'><strong>auctor</strong></span> <span class='ocrx_word' id='word_1_808' title='bbox 447 2842 631 2874; x_wconf 63' lang='lat' dir='ltr'><strong>Quastionum</strong></span> <span class='ocrx_word' id='word_1_809' title='bbox 641 2841 677 2869; x_wconf 87' lang='lat' dir='ltr'><strong>ad</strong></span> <span class='ocrx_word' id='word_1_810' title='bbox 696 2841 871 2878; x_wconf 68' lang='lat' dir='ltr'><strong>orthodoxae,</strong></span> 
     </span>
    </p>
   </div>
   <div class='ocr_carea' id='block_1_108' title="bbox 931 2345 1761 2381">
    <p class='ocr_par' dir='ltr' id='par_1_108' title="bbox 931 2345 1761 2381">
     <span class='ocr_line' id='line_1_108' title="bbox 931 2345 1761 2381; baseline -0.001 -9"><span class='ocrx_word' id='word_1_811' title='bbox 931 2345 1077 2381; x_wconf 71' lang='lat' dir='ltr'><strong>colligarit</strong></span> <span class='ocrx_word' id='word_1_812' title='bbox 1093 2349 1121 2371; x_wconf 79' lang='lat' dir='ltr'><strong>et</strong></span> <span class='ocrx_word' id='word_1_813' title='bbox 1133 2346 1219 2380; x_wconf 75' lang='lat' dir='ltr'><strong>lignis</strong></span> <span class='ocrx_word' id='word_1_814' title='bbox 1237 2347 1422 2381; x_wconf 82' lang='lat' dir='ltr'><strong>imposuerit,</strong></span> <span class='ocrx_word' id='word_1_815' title='bbox 1442 2347 1584 2373; x_wconf 62' lang='lat' dir='ltr'><strong>voluntate</strong></span> <span class='ocrx_word' id='word_1_816' title='bbox 1597 2354 1629 2373; x_wconf 88' lang='lat' dir='ltr'><strong>ac</strong></span> <span class='ocrx_word' id='word_1_817' title='bbox 1655 2346 1761 2372; x_wconf 89' lang='lat' dir='ltr'><strong>merito</strong></span> 
     </span>
    </p>
   </div>
   <div class='ocr_carea' id='block_1_109' title="bbox 928 2390 1760 2425">
    <p class='ocr_par' dir='ltr' id='par_1_109' title="bbox 928 2390 1760 2425">
     <span class='ocr_line' id='line_1_109' title="bbox 928 2390 1760 2425; baseline 0 -10"><span class='ocrx_word' id='word_1_818' title='bbox 928 2391 1101 2424; x_wconf 54' lang='lat' dir='ltr'><strong>saeriﬁrasse,</strong></span> <span class='ocrx_word' id='word_1_819' title='bbox 1117 2393 1172 2417; x_wconf 87' lang='lat' dir='ltr'><strong>Deo</strong></span> <span class='ocrx_word' id='word_1_820' title='bbox 1186 2391 1323 2417; x_wconf 77' lang='lat' dir='ltr'><strong>sacrificii</strong></span> <span class='ocrx_word' id='word_1_821' title='bbox 1337 2390 1760 2425; x_wconf 79' lang='lat' dir='ltr'><strong>exsecutionemimpediente.</strong></span> 
     </span>
    </p>
   </div>
   <div class='ocr_carea' id='block_1_110' title="bbox 929 2433 1762 2470">
    <p class='ocr_par' dir='ltr' id='par_1_110' title="bbox 929 2433 1762 2470">
     <span class='ocr_line' id='line_1_110' title="bbox 929 2433 1762 2470; baseline -0.002 -9"><span class='ocrx_word' id='word_1_822' title='bbox 929 2435 1030 2461; x_wconf 83' lang='lat' dir='ltr'><strong>Nonne</strong></span> <span class='ocrx_word' id='word_1_823' title='bbox 1047 2434 1185 2461; x_wconf 85' lang='lat' dir='ltr'><strong>similiter</strong></span> <span class='ocrx_word' id='word_1_824' title='bbox 1197 2436 1330 2470; x_wconf 84' lang='lat' dir='ltr'><strong>martyrii</strong></span> <span class='ocrx_word' id='word_1_825' title='bbox 1344 2435 1496 2461; x_wconf 81' lang='lat' dir='ltr'><strong>voluntate</strong></span> <span class='ocrx_word' id='word_1_826' title='bbox 1511 2443 1543 2461; x_wconf 86' lang='lat' dir='ltr'><strong>ac</strong></span> <span class='ocrx_word' id='word_1_827' title='bbox 1555 2433 1714 2465; x_wconf 89' lang='lat' dir='ltr'><strong>desiderio,</strong></span> <span class='ocrx_word' id='word_1_828' title='bbox 1728 2441 1762 2459; x_wconf 87' lang='lat' dir='ltr'><strong>ac</strong></span> 
     </span>
    </p>
   </div>
   <div class='ocr_carea' id='block_1_111' title="bbox 929 2478 1759 2515">
    <p class='ocr_par' dir='ltr' id='par_1_111' title="bbox 929 2478 1759 2515">
     <span class='ocr_line' id='line_1_111' title="bbox 929 2478 1759 2515; baseline -0.002 -10"><span class='ocrx_word' id='word_1_829' title='bbox 929 2479 1045 2505; x_wconf 82' lang='lat' dir='ltr'><strong>sincera</strong></span> <span class='ocrx_word' id='word_1_830' title='bbox 1061 2479 1153 2506; x_wconf 85' lang='lat' dir='ltr'><strong>animi</strong></span> <span class='ocrx_word' id='word_1_831' title='bbox 1170 2480 1396 2515; x_wconf 74' lang='lat' dir='ltr'><strong>prmparatione.</strong></span> <span class='ocrx_word' id='word_1_832' title='bbox 1411 2479 1544 2514; x_wconf 77' lang='lat' dir='ltr'><strong>martyrii</strong></span> <span class='ocrx_word' id='word_1_833' title='bbox 1557 2478 1650 2513; x_wconf 84' lang='lat' dir='ltr'><strong>ipsius</strong></span> <span class='ocrx_word' id='word_1_834' title='bbox 1669 2478 1759 2503; x_wconf 84' lang='lat' dir='ltr'><strong>meri-</strong></span> 
     </span>
    </p>
   </div>
   <div class='ocr_carea' id='block_1_112' title="bbox 930 2522 1759 2559">
    <p class='ocr_par' dir='ltr' id='par_1_112' title="bbox 930 2522 1759 2559">
     <span class='ocr_line' id='line_1_112' title="bbox 930 2522 1759 2559; baseline -0.001 -10"><span class='ocrx_word' id='word_1_835' title='bbox 930 2526 990 2550; x_wconf 89' lang='lat' dir='ltr'><strong>tum</strong></span> <span class='ocrx_word' id='word_1_836' title='bbox 1006 2524 1170 2558; x_wconf 74' lang='lat' dir='ltr'><strong>comparari</strong></span> <span class='ocrx_word' id='word_1_837' title='bbox 1202 2524 1321 2559; x_wconf 79' lang='lat' dir='ltr'><strong>potest?</strong></span> <span class='ocrx_word' id='word_1_838' title='bbox 1351 2524 1487 2550; x_wconf 81' lang='lat' dir='ltr'><strong>Ambros.</strong></span> <span class='ocrx_word' id='word_1_839' title='bbox 1506 2523 1555 2549; x_wconf 87' lang='lat' dir='ltr'><strong>lib.</strong></span> <span class='ocrx_word' id='word_1_840' title='bbox 1575 2531 1595 2549; x_wconf 85' lang='lat' dir='ltr'>Il</span> <span class='ocrx_word' id='word_1_841' title='bbox 1622 2522 1657 2548; x_wconf 77' lang='lat' dir='ltr'><strong>De</strong></span> <span class='ocrx_word' id='word_1_842' title='bbox 1674 2522 1759 2554; x_wconf 82' lang='lat' dir='ltr'><strong>Isaac,</strong></span> 
     </span>
    </p>
   </div>
   <div class='ocr_carea' id='block_1_113' title="bbox 929 2566 1757 2603">
    <p class='ocr_par' dir='ltr' id='par_1_113' title="bbox 929 2566 1757 2603">
     <span class='ocr_line' id='line_1_113' title="bbox 929 2566 1757 2603; baseline -0.002 -9"><span class='ocrx_word' id='word_1_843' title='bbox 929 2577 952 2594; x_wconf 70' lang='grc' dir='ltr'>ο.</span> <span class='ocrx_word' id='word_1_844' title='bbox 971 2569 996 2599; x_wconf 89' lang='grc'><strong>8,</strong></span> <span class='ocrx_word' id='word_1_845' title='bbox 1014 2576 1042 2594; x_wconf 88' lang='grc' dir='ltr'><strong>ιι.</strong></span> <span class='ocrx_word' id='word_1_846' title='bbox 1061 2569 1104 2600; x_wconf 78' lang='lat'><strong>76,</strong></span> <span class='ocrx_word' id='word_1_847' title='bbox 1123 2568 1218 2602; x_wconf 57' lang='lat' dir='ltr'><strong>Pilius,</strong></span> <span class='ocrx_word' id='word_1_848' title='bbox 1232 2569 1328 2603; x_wconf 80' lang='lat' dir='ltr'><strong>inquit</strong></span> <span class='ocrx_word' id='word_1_849' title='bbox 1343 2569 1479 2602; x_wconf 86' lang='lat' dir='ltr'><strong>(mortem</strong></span> <span class='ocrx_word' id='word_1_850' title='bbox 1494 2570 1658 2602; x_wconf 83' lang='lat' dir='ltr'><strong>martyrum</strong></span> <span class='ocrx_word' id='word_1_851' title='bbox 1672 2566 1757 2593; x_wconf 86' lang='lat' dir='ltr'><strong>intel-</strong></span> 
     </span>
    </p>
   </div>
   <div class='ocr_carea' id='block_1_114' title="bbox 932 2612 1760 2648">
    <p class='ocr_par' dir='ltr' id='par_1_114' title="bbox 932 2612 1760 2648">
     <span class='ocr_line' id='line_1_114' title="bbox 932 2612 1760 2648; baseline -0.006 -9"><span class='ocrx_word' id='word_1_852' title='bbox 932 2613 1014 2648; x_wconf 70' lang='lat' dir='ltr'><strong>ligit),</strong></span> <span class='ocrx_word' id='word_1_853' title='bbox 1034 2622 1087 2639; x_wconf 83' lang='lat' dir='ltr'><strong>non.</strong></span> <span class='ocrx_word' id='word_1_854' title='bbox 1099 2619 1137 2637; x_wconf 69' lang='lat' dir='ltr'><strong>est.</strong></span> <span class='ocrx_word' id='word_1_855' title='bbox 1157 2615 1249 2645; x_wconf 72' lang='lat' dir='ltr'><strong>impar</strong></span> <span class='ocrx_word' id='word_1_856' title='bbox 1263 2613 1463 2644; x_wconf 41' lang='lat' dir='ltr'><strong>charitaxqum</strong></span> <span class='ocrx_word' id='word_1_857' title='bbox 1477 2612 1760 2643; x_wconf 68' lang='lat' dir='ltr'><strong>adaequaturmarty-</strong></span> 
     </span>
    </p>
   </div>
   <div class='ocr_carea' id='block_1_115' title="bbox 928 2657 1760 2691">
    <p class='ocr_par' dir='ltr' id='par_1_115' title="bbox 928 2657 1760 2691">
     <span class='ocr_line' id='line_1_115' title="bbox 928 2657 1760 2691; baseline -0.006 -6"><span class='ocrx_word' id='word_1_858' title='bbox 928 2670 993 2686; x_wconf 81' lang='lat' dir='ltr'><strong>rum</strong></span> <span class='ocrx_word' id='word_1_859' title='bbox 1005 2661 1145 2691; x_wconf 61' lang='lat' dir='ltr'><strong>passioni,</strong></span> <span class='ocrx_word' id='word_1_860' title='bbox 1166 2664 1195 2683; x_wconf 77' lang='lat' dir='ltr'><strong>ut</strong></span> <span class='ocrx_word' id='word_1_861' title='bbox 1209 2662 1320 2688; x_wconf 72' lang='lat' dir='ltr'><strong>(zu/crat</strong></span> <span class='ocrx_word' id='word_1_862' title='bbox 1340 2658 1473 2681; x_wconf 79' lang='lat' dir='ltr'><strong>meritum</strong></span> <span class='ocrx_word' id='word_1_863' title='bbox 1487 2658 1662 2681; x_wconf 78' lang='lat' dir='ltr'><strong>delictorum.</strong></span> <span class='ocrx_word' id='word_1_864' title='bbox 1680 2657 1760 2683; x_wconf 78' lang='lat' dir='ltr'><strong>Hanc</strong></span> 
     </span>
    </p>
   </div>
   <div class='ocr_carea' id='block_1_116' title="bbox 928 2701 1760 2740">
    <p class='ocr_par' dir='ltr' id='par_1_116' title="bbox 928 2701 1760 2740">
     <span class='ocr_line' id='line_1_116' title="bbox 928 2701 1760 2740; baseline -0.007 -7"><span class='ocrx_word' id='word_1_865' title='bbox 928 2707 965 2734; x_wconf 85' lang='lat' dir='ltr'><strong>ad</strong></span> <span class='ocrx_word' id='word_1_866' title='bbox 982 2706 1156 2740; x_wconf 87' lang='lat' dir='ltr'><strong>martyrium</strong></span> <span class='ocrx_word' id='word_1_867' title='bbox 1174 2703 1432 2739; x_wconf 60' lang='lat' dir='ltr'><strong>praeparationem,</strong></span> <span class='ocrx_word' id='word_1_868' title='bbox 1446 2710 1511 2736; x_wconf 74' lang='lat' dir='ltr'><strong>quae</strong></span> <span class='ocrx_word' id='word_1_869' title='bbox 1523 2702 1657 2736; x_wconf 74' lang='lat' dir='ltr'><strong>martyrii</strong></span> <span class='ocrx_word' id='word_1_870' title='bbox 1669 2701 1760 2727; x_wconf 87' lang='lat' dir='ltr'><strong>meri-</strong></span> 
     </span>
    </p>
   </div>
   <div class='ocr_carea' id='block_1_117' title="bbox 928 2745 1761 2783">
    <p class='ocr_par' dir='ltr' id='par_1_117' title="bbox 928 2745 1761 2783">
     <span class='ocr_line' id='line_1_117' title="bbox 928 2745 1761 2783; baseline -0.007 -5"><span class='ocrx_word' id='word_1_871' title='bbox 928 2755 990 2778; x_wconf 88' lang='lat' dir='ltr'><strong>tum</strong></span> <span class='ocrx_word' id='word_1_872' title='bbox 1004 2751 1342 2783; x_wconf 75' lang='lat' dir='ltr'><strong>contineat,supponere</strong></span> <span class='ocrx_word' id='word_1_873' title='bbox 1356 2747 1551 2782; x_wconf 86' lang='lat' dir='ltr'><strong>possumusin</strong></span> <span class='ocrx_word' id='word_1_874' title='bbox 1562 2746 1694 2775; x_wconf 86' lang='lat' dir='ltr'><strong>homine.</strong></span> <span class='ocrx_word' id='word_1_875' title='bbox 1709 2745 1761 2780; x_wconf 90' lang='lat' dir='ltr'><strong>qui</strong></span> 
     </span>
    </p>
   </div>
   <div class='ocr_carea' id='block_1_118' title="bbox 928 2790 1759 2831">
    <p class='ocr_par' dir='ltr' id='par_1_118' title="bbox 928 2790 1759 2831">
     <span class='ocr_line' id='line_1_118' title="bbox 928 2790 1759 2831; baseline -0.008 -8"><span class='ocrx_word' id='word_1_876' title='bbox 928 2795 1067 2831; x_wconf 80' lang='lat' dir='ltr'><strong>baptismi</strong></span> <span class='ocrx_word' id='word_1_877' title='bbox 1080 2794 1173 2830; x_wconf 82' lang='lat' dir='ltr'><strong>gratia</strong></span> <span class='ocrx_word' id='word_1_878' title='bbox 1185 2792 1268 2819; x_wconf 90' lang='lat' dir='ltr'><strong>nullo</strong></span> <span class='ocrx_word' id='word_1_879' title='bbox 1280 2800 1333 2818; x_wconf 89' lang='lat' dir='ltr'><strong>suo</strong></span> <span class='ocrx_word' id='word_1_880' title='bbox 1345 2791 1414 2818; x_wconf 87' lang='lat' dir='ltr'><strong>vitio</strong></span> <span class='ocrx_word' id='word_1_881' title='bbox 1428 2800 1461 2819; x_wconf 89' lang='lat' dir='ltr'><strong>ac</strong></span> <span class='ocrx_word' id='word_1_882' title='bbox 1479 2790 1661 2827; x_wconf 82' lang='lat' dir='ltr'><strong>negligentia</strong></span> <span class='ocrx_word' id='word_1_883' title='bbox 1678 2790 1759 2816; x_wconf 88' lang='lat' dir='ltr'><strong>frau-</strong></span> 
     </span>
    </p>
   </div>
   <div class='ocr_carea' id='block_1_119' title="bbox 929 2834 1757 2875">
    <p class='ocr_par' dir='ltr' id='par_1_119' title="bbox 929 2834 1757 2875">
     <span class='ocr_line' id='line_1_119' title="bbox 929 2834 1757 2875; baseline -0.011 -7"><span class='ocrx_word' id='word_1_884' title='bbox 929 2841 1031 2874; x_wconf 82' lang='lat' dir='ltr'><strong>datur;</strong></span> <span class='ocrx_word' id='word_1_885' title='bbox 1044 2839 1171 2875; x_wconf 86' lang='lat' dir='ltr'><strong>Cyrillus</strong></span> <span class='ocrx_word' id='word_1_886' title='bbox 1182 2840 1282 2865; x_wconf 87' lang='lat' dir='ltr'><strong>autem</strong></span> <span class='ocrx_word' id='word_1_887' title='bbox 1291 2844 1351 2864; x_wconf 90' lang='lat' dir='ltr'><strong>non</strong></span> <span class='ocrx_word' id='word_1_888' title='bbox 1359 2836 1476 2864; x_wconf 87' lang='lat' dir='ltr'><strong>dubitat</strong></span> <span class='ocrx_word' id='word_1_889' title='bbox 1484 2835 1657 2871; x_wconf 87' lang='lat' dir='ltr'><strong>martyrium</strong></span> <span class='ocrx_word' id='word_1_890' title='bbox 1666 2834 1757 2861; x_wconf 86' lang='lat' dir='ltr'><strong>vicem</strong></span> 
     </span>
    </p>
   </div>
  </div>
