4024 6424
475 399 594 460 239

1668 391 1770 450 DE
1815 382 2208 448 DOOTBINA
2256 382 2322 442 S.
2368 379 2702 442 CYRILLI.

3779 383 3903 445 3ιο

475 531 856 605 baptismatis
877 528 1227 600 adimplere.
1253 529 1492 596 Quarto,
1516 528 1798 584 meritum
1821 529 1880 580 et
1905 521 2027 577 vim
2054 517 2127 575 ad
2158 519 2211 587 Α
2231 527 2432 605 patest.
2470 515 2628 572 Nihil
2649 515 2950 588 prioribus
2969 515 3284 588 Augustini
3305 519 3366 571 et
3385 515 3687 572 Ambrosii
3724 519 3904 574 testi-

479 621 735 678 salutem
767 620 885 675 sive
905 617 1188 691 baptismi
1211 617 1471 688 suscepti
1497 617 1615 672 sive
1637 612 1905 687 martyrii
1930 607 2125 682 Cyril-

478 712 576 769 lus
599 713 770 785 ponit
807 712 870 767 in
893 710 1030 766 ﬁdei
1067 708 1464 776 confessione,
1497 709 1627 778 [CC]
1657 713 1724 762 ut
1743 723 1812 761 ex
1846 703 1960 777 ipsi
1981 699 2124 756 vidi-

479 820 617 862 mus
639 819 768 875 sup.
795 818 960 858 num.
985 803 1072 855 64.
1097 798 1275 871 Atqui
1297 798 1477 853 homo
1501 797 1670 852 nulla
1689 812 1797 852 sua
1821 793 1996 864 culpa
2024 789 2130 844 ba-

477 895 698 966 ptismo
730 892 1008 963 privatus,
1043 887 1236 962 potuit
1283 887 1460 943 ﬁdem
1489 887 1761 942 confiteri
1799 883 1891 939 vel
1930 897 2128 938 coram

478 982 748 1055 tyrannis
775 985 876 1037 aut
905 978 1220 1046 haereticis,
1263 982 1366 1032 aut
1394 976 1617 1047 alioqui
1651 974 1791 1030 ﬁdei
1843 973 2126 1041 inimicis,

479 1071 570 1126 vel
590 1071 652 1125 in
673 1068 936 1126 Ecclesia
956 1083 1157 1122 coram
1183 1064 1592 1122 sacerdotibus
1615 1062 1958 1135 Symbolum
1977 1061 2129 1116 reci-

478 1158 683 1216 tando.
711 1157 938 1214 Habere
961 1156 1140 1229 igitur
1155 1154 1430 1210 debetvel
1455 1153 1722 1225 martyrii
1737 1150 1826 1207 vel
1847 1149 2126 1222 baptismi

475 1248 780 1305 meritum.
813 1248 894 1302 Ea
923 1261 1018 1299 me
1071 1248 1420 1316 permovent
1447 1247 1515 1298 ut
1569 1241 1830 1308 credam,
1885 1238 2046 1310 quod
2078 1239 2126 1293 si

477 1337 732 1411 Cyrillus
761 1337 858 1392 bis
879 1335 1002 1392 suis
1024 1335 1334 1407 principiis
1359 1333 1731 1395 attendisset,
1765 1336 1870 1387 aut
1899 1330 2126 1402 specia-

473 1427 592 1484 lius
615 1427 688 1481 de
719 1442 897 1482 causa
918 1424 1179 1480 hominis
1197 1423 1340 1478 sine
1362 1422 1657 1495 baptismo
1681 1420 1848 1476 nulla
1879 1437 1987 1476 sua
2007 1419 2127 1474 cul~

473 1535 550 1590 pa
581 1515 922 1572 decedentis
953 1519 1192 1586 rogatus
1223 1512 1469 1580 fuisset;
1499 1525 1932 1583 responsurum
1953 1509 2126 1565 illum

471 1606 680 1673 fuisse,
711 1604 1020 1660 hominem
1067 1602 1240 1656 illum
1289 1601 1336 1656 si
1391 1599 1614 1671 alioqui
1664 1603 1908 1671 peccata
1951 1598 2126 1670 digne

477 1693 875 1760 emendasset,
901 1691 1111 1748 salutis
1127 1695 1428 1762 expertem
1451 1706 1571 1744 non
1585 1688 1872 1744 futurum.
1895 1689 1974 1742 De
1996 1691 2130 1742 Am-

477 1782 661 1838 brosii
695 1787 753 1837 et
773 1780 1086 1854 Augustini
1113 1778 1272 1834 circa
1293 1779 1533 1850 expetiti
1557 1777 1933 1849 baptismatis
1955 1777 2124 1832 suffi-

477 1873 758 1928 cientiam
787 1871 1083 1928 sententia
1109 1869 1356 1925 dubium
1373 1869 1607 1924 nullum
1629 1884 1759 1922 esse
1782 1872 1997 1966 potest.
2023 1867 2130 1924 Vix
2155 1901 2203 1966 B

477 1967 677 2017 tamen
693 1960 850 2033 apud
862 1959 1148 2033 Cyrillum
1163 1957 1564 2028 expressiores
1582 1961 1903 2011 occurrunt
1915 1955 2124 2010 adver-

475 2069 578 2107 sus
593 2067 721 2106 eam
739 2050 1080 2122 opinionem
1098 2047 1428 2102 sententias.
1447 2045 1816 2115 Ambrosius,
1831 2045 1932 2099 lib.
1965 2062 2022 2100 II.
2047 2049 2124 2099 De

471 2138 711 2195 Abrah..
741 2155 870 2211 cap.
897 2141 981 2203 11,
1008 2153 1171 2192 num.
1195 2138 1286 2204 79,
1318 2133 1492 2183 Nemo
1519 2133 1766 2182 ascendit
1799 2133 1860 2181 in
1880 2147 2124 2195 regnum

471 2229 738 2277 caelorum
769 2228 886 2276 nisi
928 2241 1035 2287 per
1071 2240 1279 2290 aquam
1331 2225 1726 2286 baptismatis;
1753 2228 1806 2272 et
1852 2237 1999 2273 num.
2041 2223 2123 2280 84,

471 2337 500 2363 «ι
530 2319 658 2368 Νιςὶ
686 2318 816 2381 quis
845 2323 1079 2364 renatus
1125 2315 1306 2375 fuerit
1346 2315 1406 2371 ³ο,
1439 2334 1464 2359 ιο
1514 2317 1614 2370 etc,
1655 2313 1859 2376 Utique
1892 2312 2123 2361 nullum

470 2409 694 2470 excipit,
727 2423 838 2456 non
871 2407 1169 2470 infantem,
1205 2421 1314 2455 non
1343 2405 1539 2469 aliqua
1565 2412 1916 2466 praeventum
1949 2419 2124 2452 neces-

469 2489 654 2538 sitate.
681 2488 753 2536 In
774 2487 926 2548 psal.
962 2505 1150 2556 cxvm,
1184 2503 1362 2542 serm.
1397 2486 1451 2555 3,
1484 2503 1648 2541 num.
1706 2487 1791 2552 13,
1829 2485 2120 2556 triplicem

470 2578 836 2650 baptismum
880 2575 1230 2648 distinguit:
1289 2573 1568 2630 Ecclesiae
1625 2573 1985 2646 baptismum
2018 2590 2124 2645 per

469 2683 687 2738 aquam
719 2672 778 2720 et
805 2665 1088 2738 Spiritum
1121 2670 1426 2730 sanctum;
1477 2661 1838 2734 baptismum
1883 2663 2119 2734 sangui-

467 2755 594 2824 nis;
618 2761 677 2810 et
700 2755 1061 2826 baptismum
1078 2754 1230 2828 ignis
1252 2752 1577 2826 purgatorii
1599 2752 1661 2806 in
1680 2750 2019 2823 diejudicii.
2041 2751 2121 2805 De

465 2844 786 2917 mysteriis,
821 2861 949 2916 cap.
977 2846 1032 2912 4,
1066 2861 1124 2898 n.
1151 2845 1239 2908 20,
1274 2841 1462 2890 Credit
1494 2841 1665 2889 etiam
1695 2837 2122 2888 catechumenus

463 2934 527 2983 in
563 2947 780 2982 crucem
810 2933 878 2980 D.
909 2931 1066 2978 Jesu.
1095 2930 1205 2980 Sed
1234 2928 1350 2977 nisi
1383 2927 1699 2989 baptizatus
1725 2925 1908 2988 fuerit
1937 2926 2001 2974 in
2031 2939 2123 2973 no-

461 3025 616 3074 mine
642 3023 837 3072 Patris
862 3030 912 3070 et
937 3019 1082 3069 Itilii
1109 3027 1158 3068 et
1188 3018 1446 3080 Spiritus
1499 3017 1700 3074 sancti,
1731 3015 2119 3065 remissionem

459 3129 572 3164 non
593 3121 774 3176 potest
803 3112 1051 3174 accipere
1070 3119 1448 3173 peccatorum,
1477 3123 1577 3157 nec
1621 3107 1826 3170 gratia:
1849 3107 2121 3168 spiritua-

459 3205 535 3254 lis
565 3219 778 3253 munus
806 3203 1056 3252 haurire.
1087 3200 1450 3275 Augustinus
1472 3217 1708 3272 quoque
1732 3199 1921 3254 multa
1940 3197 2120 3254 habet

2239 604 2460 659 moniis
2490 606 2646 677 apud
2677 605 2964 676 Cyrillum
2994 605 3356 677 expressius.
3409 606 3711 661 Potuisset
3741 625 3903 680 ergo,

2239 691 2288 746 si
2319 695 2716 763 quaestionem
2745 701 3008 751 nostram
3041 696 3378 752 accuratius
3403 697 3839 764 examinasset,
3872 715 3906 755 a

2239 796 2348 836 sua
2379 784 2671 840 sententia
2705 784 3032 840 discedere.

2558 874 2638 920 De
2665 874 2937 934 baptismo
2963 873 3032 924 ab
3059 873 3330 924 haereticis
3360 874 3577 926 collato.

2309 961 2398 1013 67.
2419 961 2586 1017 Hunc
2604 963 2863 1034 Cyrillus
2890 963 3125 1020 nullum
3149 971 3206 1019 et
3231 965 3580 1030 invalidum,
3606 971 3668 1021 et
3691 965 3772 1022 ab
3797 969 3906 1023 Ec-

2237 1051 2422 1106 clesia
2450 1052 2652 1107 iterari
2679 1053 2945 1110 declarat
2971 1054 3066 1110 his
3094 1061 3319 1126 procat.
3371 1072 3539 1112 num.
3594 1061 3627 1111 7
3657 1057 3903 1112 verbis:

2235 1139 2358 1189 Non
2409 1141 2538 1190 licet
2586 1139 2668 1191 bis
2723 1149 2825 1190 aut
2855 1150 2940 1191 ter
2995 1145 3286 1194 lavacrum
3325 1145 3627 1208 suscipere.
3659 1182 3672 1195 .
3745 1146 3906 1196 Unus

2235 1233 2390 1281 enim
2419 1231 2724 1290 Dominus,
2777 1242 2828 1282 et
2855 1249 2977 1284 una
3001 1235 3157 1299 ﬁdes,
3189 1244 3240 1284 et
3290 1251 3476 1286 unum
3524 1236 3816 1298 baptisma
3842 1240 3901 1286 υ.

2235 1318 2385 1386 [CCI]
2419 1323 2674 1371 "(cretici
2737 1337 2980 1388 namque
3031 1325 3376 1374 solummodo
3423 1326 3902 1387 rebaptisantur;

2233 1411 2516 1476 siquidem
2547 1413 2714 1474 prius
2748 1414 2900 1462 illud
2931 1416 3210 1477 baptism
3239 1430 3352 1464 non
3381 1423 3519 1465 erat.
3552 1419 3616 1472 In
3636 1417 3739 1474 his
3773 1436 3898 1475 vero

2233 1500 2324 1556 bis
2356 1501 2472 1558 duo
2504 1502 2961 1576 distinguenda:
3020 1505 3222 1576 Cyrilli
3255 1505 3456 1578 opinio
3509 1505 3582 1562 de
3623 1507 3892 1564 invalido

2234 1591 2650 1647 haereticorum
2663 1592 3326 1663 baptismo,etEcclesim
3339 1595 3739 1667 Hierosolymi
3747 1605 3898 1655 una

2231 1681 2294 1735 in
2313 1681 2433 1736 illis
2453 1681 2888 1754 rebaptizandis
2907 1701 3073 1740 usus.
3091 1686 3246 1750 Hinc,
3271 1685 3537 1756 inquam,
3558 1685 3898 1761 distinguo;

2233 1771 2429 1842 potuit
2447 1771 2609 1827 enim
2622 1771 2874 1842 Cyrillus
2886 1774 3224 1845 generalem
3243 1773 3355 1830 sibi
3367 1774 3441 1830 de
3464 1775 3632 1830 nullo
3647 1783 3708 1832 et
3725 1794 3896 1834 casso

2234 1858 2648 1916 hmreticorum
2671 1861 2939 1916 omnium
2959 1861 3256 1933 baptismo
3277 1862 3604 1919 informare
3645 1872 3899 1922 senten-

2235 1949 2398 2014 tiam,
2427 1964 2496 2003 ex
2528 1966 2596 2004 eo
2613 1950 2774 2020 quod
2795 1951 3120 2008 nonnullos
3138 1952 3200 2007 in
3231 1968 3340 2008 sua
3359 1953 3624 2009 Ecclesia
3650 1955 3898 2022 viderit,

2233 2037 2372 2092 dum
2404 2037 2476 2092 ad
2505 2039 2860 2095 catholicam
2889 2046 3286 2107 revertuntur,
3336 2041 3710 2114 rebaptizari.
3767 2046 3898 2100 Pri-

2235 2143 2399 2181 mum
2429 2127 2628 2198 itaque
2660 2127 2731 2182 de
2753 2129 2954 2200 Cyrilli
2984 2130 3280 2187 sententia
3308 2147 3434 2203 ago.
3470 2132 3576 2186 Vix
3625 2132 3896 2191 dubitari

2234 2220 2430 2286 potest
2457 2216 2606 2286 quin
2636 2218 2976 2288 generalem
3002 2219 3074 2275 de
3101 2218 3382 2274 omnibus
3425 2219 3728 2278 heareticis
3760 2241 3896 2280 sen-

2235 2305 2481 2359 tentiam
2515 2307 2900 2376 pronuntiet;
2933 2308 3045 2362 hoc
3074 2308 3236 2363 enim
3269 2308 3778 2382 testimonio,quo
3811 2331 3901 2368 re-

2232 2409 2369 2448 vera
2397 2393 2500 2450 ille
2534 2411 2701 2450 error
2754 2397 3057 2462 evertitur,
3107 2413 3248 2454 unus
3280 2400 3561 2465 Dominus,
3592 2416 3712 2455 una
3739 2403 3892 2470 fides,

2231 2499 2403 2538 unum
2427 2484 2716 2554 baptisma,
2733 2485 2806 2540 ad
2831 2485 3107 2541 eumdem
3121 2503 3386 2542 errorem
3407 2489 3894 2548 confirmandum

2231 2575 2421 2628 utitur
2447 2589 2584 2628 cum
2615 2574 2910 2645 Cypriane
2935 2591 2949 2629 :
2977 2575 3366 2644 concludens,
3397 2578 3552 2633 sicut
3583 2585 3760 2636 extra
3788 2584 3896 2638 Ec-

2231 2664 2476 2719 clesiam
2507 2681 2619 2720 nec
2647 2682 2782 2720 vere
2833 2667 3120 2722 Dominus
3166 2668 3404 2732 colitur,
3453 2686 3566 2726 nec
3594 2673 3897 2743 reperitur

2231 2769 2366 2807 vera
2395 2753 2564 2821 fides,
2597 2755 2679 2809 ita
2709 2771 2818 2810 nec
2847 2771 3053 2810 verum
3085 2773 3152 2811 ac
3185 2762 3378 2812 ratum
3409 2757 3888 2830 baptismumin-

2230 2843 2436 2898 veniri.
2463 2845 2588 2898 Non
2609 2849 2746 2899 utar
2772 2845 2885 2900 hoc
2907 2845 3034 2900 loco
3066 2845 3142 2902 ad
3171 2847 3578 2904 excusandum
3600 2851 3884 2922 Cyrillum

2231 2948 2300 2988 ea
2327 2932 2696 2999 defensione,
2738 2951 2918 3006 quam
2965 2936 3306 2992 Theodorus
3349 2937 3580 2996 Studita
3627 2940 3731 2996 lib.
3764 2959 3785 2996 ι
3813 2943 3886 2998 ad

2229 3024 2402 3094 epist.
2435 3025 2504 3078 40
2534 3025 2605 3078 ad
2653 3025 3078 3082 Constitutiones
3129 3027 3456 3097 apostolicus
3510 3034 3571 3084 et
3599 3030 3888 3088 Basiliam

2229 3112 2491 3179 adhibet,
2521 3129 2657 3168 cum
2701 3115 2876 3170 ambo
2933 3116 3352 3172 haareticorum
3409 3117 3712 3190 baptisma
3741 3125 3887 3194 reji-

2227 3203 2426 3258 ciunt:
2455 3203 2739 3258 nimirum
2770 3205 3082 3266 Apostolico
3115 3220 3326 3254 canone
3353 3221 3440 3254 eos
3479 3205 3774 3259 hereticos
3807 3228 3891 3260 ιοο.

461 3313 582 3352 sua:
615 3297 802 3368 ipsius
829 3294 1142 3350 sententia:
1173 3269 1246 3348 de
1269 3269 1589 3348 sufficienti
1621 3291 1695 3346 ad
1727 3291 1981 3347 salutem
2009 3289 2113 3344 ba—
2143 3269 2188 3336 CI
2225 3292 2364 3350 cari,
2399 3293 2502 3354 qui
2531 3292 2590 3342 in
2617 3307 2818 3341 nomen
2859 3293 3054 3342 Patris
3083 3301 3132 3341 et
3161 3293 3308 3342 Filii
3334 3301 3386 3343 et
3419 3295 3674 3356 Spiritus
3701 3303 3895 3349 sancti

459 3386 663 3460 ptismi
695 3390 826 3440 voto
885 3386 1200 3440 contraria.
1261 3383 1446 3437 Serm.
1480 3383 1534 3448 4,
1583 3395 1748 3435 num.
1783 3383 1836 3450 9,
1897 3395 2025 3450 cap.
2058 3380 2112 3446 8,

461 3473 894 3524 Catechumenos
914 3487 1092 3538 usque
1111 3473 1183 3520 ad
1202 3471 1541 3533 baptismum
1555 3475 1984 3533 persequuntur
1995 3481 2114 3528 pec-

451 3574 608 3625 cata;
639 3568 795 3614 tract.
830 3563 888 3614 13
945 3564 1007 3612 in
1053 3563 1242 3621 Jean.,
1276 3576 1330 3610 ιι.
1361 3561 1436 3620 17,
1493 3561 1996 3622 Quantumcunque
2029 3573 2114 3607 ca-

451 3655 812 3705 techumenus
833 3652 1310 3717 proﬁciat,adhuc
1335 3651 1624 3699 sarcinam
1647 3647 1976 3712 iniquitatis
1993 3662 2114 3695 suae

451 3753 651 3810 portat.
682 3746 808 3794 Ilion
840 3745 936 3794 illi
969 3744 1302 3800 dimittitur,
1334 3742 1452 3792 nisi
1491 3757 1616 3790 cum
1652 3741 1806 3790 venit
1835 3738 1908 3787 ad
1940 3739 2113 3799 bapti-

451 3849 676 3896 smum;
705 3837 786 3884 De
812 3832 991 3898 symb.
1025 3833 1100 3883 ad
1146 3832 1580 3888 catechumenos,
1629 3833 1792 3880 tract.
1828 3829 1872 3886 1,
1904 3841 2024 3892 cap.
2060 3827 2114 3890 8,

452 3938 510 3974 ιι.
549 3925 625 3986 15,
661 3921 1048 3972 Catechumeni
1101 3921 1360 3986 quandiu
1416 3929 1570 3976 sunt,
1603 3933 1771 3980 super
1823 3917 1950 3966 illos
1982 3919 2137 3965 sunt‘

438 4021 670 4074 peccata
697 4027 928 4072 eorum;
961 4029 1139 4067 serm.
1172 4011 1263 4080 27,
1295 4027 1352 4065 n.
1388 4013 1441 4077 6,
1473 4027 1580 4082 pro
1607 4008 1838 4065 occulto
1885 4008 1985 4062 Dei
2009 4007 2112 4079 ju-

448 4101 605 4157 dicio
628 4101 828 4169 habet,
853 4101 1012 4172 quod
1037 4100 1274 4148 illecum
1286 4099 1713 4148 catechumenus
1735 4097 2108 4162 benevia'erit,

445 4191 636 4241 subita
665 4191 842 4238 ruina
871 4197 1130 4238 mortuus
1148 4195 1222 4236 est
1251 4195 1302 4234 et
1322 4186 1396 4234 ad
1418 4185 1761 4247 baptismum
1785 4199 1899 4232 non
1912 4199 2111 4246 perve-

450 4281 559 4336 nit.
589 4275 850 4350 Epistola
879 4278 1004 4346 228,
1037 4275 1348 4332 consultus
1367 4273 1439 4330 de
1470 4279 1777 4347 pastorum
1805 4272 1940 4345 fuga
1960 4279 2101 4327 tem-

450 4384 594 4439 pore
625 4366 1077 4440 persecutionis,
1112 4369 1280 4420 notat
1310 4380 1376 4418 eo
1409 4369 1673 4434 tempore
1730 4361 2109 4434 potissimum

449 4457 524 4513 ad
546 4454 870 4512 Ecclesiam
886 4453 1159 4510 concurri
1185 4453 1398 4518 solere,
1425 4468 1560 4508 cum
1592 4451 1692 4506 alii
1717 4449 2107 4522 baptismum,

447 4545 548 4601 alii
565 4545 625 4600 in
644 4544 997 4616 pamitentia
1019 4541 1328 4598 constituti
1360 4541 1450 4596 vel
1475 4540 1878 4596 admissorum
1893 4556 2074 4612 pecca
2089 4573 2102 4582 -

2220 3396 2320 3430 nec
2351 3382 2623 3444 baptismi
2650 3383 2770 3430 sint
2797 3397 2897 3432 nec
2921 3384 3216 3445 baptisent.
3253 3384 3520 3441 Alienum
3543 3387 3763 3444 anima
3783 3393 3898 3460 Cy-

2217 3469 2354 3526 rillo
2387 3487 2598 3526 censeo
2632 3471 2929 3528 insuetam
2963 3473 3114 3528 hanc
3145 3489 3214 3528 ac
3245 3475 3572 3530 restrictam
3623 3475 3892 3534 haeresis

2217 3561 2524 3616 notionem
2552 3579 2565 3627 ;
2597 3577 2707 3616 nec
2730 3561 2804 3616 ab
2837 3578 2906 3616 eo
2927 3561 3312 3632 reprobatum
3329 3563 3658 3620 universim
3689 3566 3892 3625 heare-

2218 3651 2470 3706 ticorum
2505 3651 2867 3722 baptismum
2897 3652 3101 3709 miror.
3135 3652 3510 3710 Celebratum
3533 3670 3742 3711 revera
3754 3659 3889 3730 jam

2216 3740 2412 3796 fuerat
2439 3740 2777 3812 plenarium
2811 3739 2961 3796 illud
2991 3741 3314 3797 concilium
3359 3747 3673 3815 tantopere
3725 3748 3888 3818 apud

2218 3829 2614 3901 Augustinum
2646 3829 3050 3897 decantatum,
3084 3846 3201 3902 quo
3249 3831 3468 3903 agitata
3511 3832 3886 3904 Stephanum

2217 3917 2375 3972 inter
2405 3923 2464 3972 et
2483 3918 2844 3990 Cyprianum
2867 3918 2939 3974 de
2982 3918 3173 3975 valido
3206 3919 3537 3976 invalidove
3569 3922 3887 3979 haeretico-

2217 4024 2350 4062 rum
2381 4007 2738 4080 baptismate
2791 4011 3093 4065 contentio
3150 4010 3322 4066 ﬂnita
3349 4017 3496 4067 erat.
3557 4013 3682 4067 Sive
3716 4014 3886 4070 enim

2219 4097 2588 4162 Arelatense,
2627 4098 2746 4152 sive
2778 4098 3104 4170 Nicmnum,
3132 4099 3456 4156 obscurum
3489 4100 3642 4157 illud
3681 4105 3887 4160 conci-

2216 4185 2362 4240 lium
2405 4185 2648 4252 dixeris,
2693 4191 3014 4258 utrumque
3059 4187 3419 4260 jamdudum
3489 4191 3886 4248 terminatum

2215 4275 2424 4330 fuerat.
2453 4277 2668 4330 Verum
2699 4274 2872 4348 longe
2898 4276 3077 4331 etiam
3099 4283 3233 4348 post
3255 4277 3359 4334 illa
3380 4283 3651 4351 tempora
3665 4289 3884 4338 notum

2215 4369 2303 4418 est
2336 4364 2556 4419 multos
2586 4366 2792 4420 Patres
2811 4365 3226 4421 haereticorum
3259 4367 3557 4439 baptisma
3577 4386 3682 4440 pro
3705 4371 3887 4428 nullo

2214 4452 2529 4507 habuisse:
2555 4453 2674 4507 sive
2697 4453 2966 4508 nondum
2998 4453 3143 4510 satis
3161 4455 3397 4524 cognita
3417 4462 3478 4512 et
3509 4457 3784 4532 evulgata
3813 4461 3884 4516 in

2215 4541 2452 4596 Oriente
2485 4541 2662 4612 hujus
2700 4541 2952 4613 plenarii
2997 4545 3236 4601 concilii
3269 4545 3564 4615 definitio,
3609 4549 3774 4619 quod
3803 4550 3885 4606 de

447 4639 648 4690 torum
679 4633 924 4701 conscii,
957 4631 1394 4689 absolutionem
1423 4630 1732 4703 apeccatis
1763 4629 2102 4701 requirant:
2139 4626 2178 4690 D
2213 4629 2543 4686 Arelatensi
2569 4631 2823 4686 concilio
2847 4631 3070 4688 dictum
3092 4634 3203 4701 sit;
3229 4634 3354 4690 sive
3377 4652 3498 4692 non
3523 4637 3670 4692 satis
3687 4637 3888 4695 diser-

447 4731 574 4781 tum
605 4741 680 4779 ne
707 4723 964 4779 ministri
998 4722 1137 4777 huic
1160 4721 1499 4776 necessitati
1532 4719 1747 4787 desint,
1780 4735 1880 4774 eos
1904 4719 2099 4775 consi~

449 4814 658 4870 derare
693 4812 887 4885 jubet,
943 4828 1003 4866 n.
1037 4811 1070 4864 8
1097 4828 1110 4866 :
1145 4807 1431 4862 Quantum
1460 4807 1701 4857 exitium
1729 4807 1990 4870 sequitur
2017 4822 2105 4856 eos

445 4906 549 4971 qui
577 4905 642 4954 de
671 4904 778 4954 isto
805 4903 1000 4952 saeculo
1029 4901 1116 4949 vel
1147 4915 1262 4949 non
1311 4900 1624 4964 regens-rati
1669 4907 1892 4956 exeunt,
1926 4897 2012 4946 vel
2040 4897 2108 4946 li-

445 4996 585 5058 gati.
623 4987 880 5047 Quantus
909 4993 1098 5040 luctus
1125 4989 1521 5055 ﬁdelium,qui
1555 5003 1642 5036 eos
1665 5003 1852 5036 secum
1884 4989 1946 5036 in
1976 4985 2106 5036 vitae

447 5091 672 5134 wternaz
691 5080 886 5144 requie
905 5094 1018 5127 non
1043 5076 1337 5128 habebunt.
1363 5077 1525 5134 Idem
1550 5083 1750 5133 tamen
1772 5077 1944 5150 longe
1967 5083 2106 5132 ante

453 5171 558 5228 lib.
583 5187 635 5225 xv
677 5172 752 5225 De
784 5170 1073 5239 baptismo,
1106 5185 1236 5240 cap.
1282 5171 1369 5234 22,
1398 5184 1458 5222 ιι.
1492 5169 1582 5232 29,
1607 5183 1882 5238 expresse
1906 5165 2104 5222 decla-

447 5266 559 5326 rat,
594 5264 942 5326 non_tantum
952 5257 1276 5318 passionem
1282 5271 1390 5317 pro
1401 5255 1630 5304 nomine
1651 5254 1864 5304 Christi
1885 5255 1945 5304 id
1961 5255 2111 5318 quod

446 5363 516 5397 ex
563 5345 835 5408 baptismo
875 5345 1060 5395 deerat
1085 5361 1247 5408 posse
1286 5346 1566 5408 supplere,
1624 5345 1719 5392 sed
1745 5346 1915 5394 etiam
1935 5346 2103 5409 fidem

449 5436 1161 5500 conversionemquecordis
1182 5453 1200 5495 ;
1227 5439 1282 5482 si
1301 5438 1448 5496 forte
1473 5433 1546 5482 ad
1564 5433 1956 5484 celebrandum
1977 5449 2103 5500 my-

446 5529 685 5576 sterium
698 5527 980 5589 baptismi,
996 5527 1057 5576 in
1077 5528 1366 5589 angustiis
1383 5533 1694 5588 temporum
1706 5528 1971 5576 succurri
1990 5543 2102 5578 non

519 5697 569 5736 ³ο
596 5700 762 5756 Joan.
795 5715 880 5772 Ill,
909 5701 964 5758 3.
1037 5673 1082 5738 ⁸1
1116 5697 1330 5772 Ephes.
1361 5715 1437 5770 iv,
1471 5702 1522 5755 5.

2212 4727 2271 4775 ta
2290 4735 2688 4792 expressaque
2703 4721 2828 4776 visa
2843 4722 3102 4794 sit,quod
3125 4722 3198 4778 ad
3221 4724 3542 4781 concilium
3563 4726 3884 4785 Nicasnum

2211 4810 2488 4881 pertinet.
2547 4811 2692 4864 Cum
2728 4811 2888 4865 enim
2927 4811 2990 4866 in
3021 4828 3088 4867 eo
3147 4813 3452 4868 Novatiani
3508 4820 3888 4874 revertentes

2215 4897 2344 4952 sine
2376 4913 2523 4954 novo
2555 4898 2850 4970 baptismo
2883 4899 3063 4972 recipi
3089 4900 3418 4971 jubeantur
3433 4919 3564 4959 can.
3597 4904 3652 4972 8,
3677 4909 3894 4976 sequi-

2213 4991 2311 5040 tur
2338 5003 2543 5042 revera
2589 4987 2950 5059 baptismum
3003 4990 3422 5047 haareticorum
3455 5009 3576 5048 non
3633 5009 3771 5050 esse
3801 4996 3889 5052 ob

2213 5091 2396 5130 unam
2418 5091 2657 5132 causam
2685 5077 2932 5134 haeresis
2952 5078 3188 5133 nullum
3212 5095 3226 5145 ;
3249 5079 3355 5135 sed
3379 5081 3573 5151 potuit
3595 5079 3700 5136 illa
3731 5098 3890 5138 con—

2214 5163 2440 5219 secutio
2460 5179 2581 5220 non
2614 5166 2837 5222 attendi
2865 5183 2878 5232 ;
2905 5171 3196 5238 prmterea
3215 5184 3338 5223 non
3361 5169 3567 5226 deerat
3579 5171 3892 5242 exceptio-

2213 5254 2275 5308 ni
2307 5254 2493 5322 locus,
2524 5272 2660 5312 cum
2717 5258 3020 5312 Novatiani
3058 5258 3280 5329 passim
3337 5274 3444 5331 pro
3477 5259 3892 5319 schismaticis

2212 5344 2402 5416 magis
2431 5361 2609 5415 quam
2641 5363 2746 5416 pro
2777 5345 3073 5402 hmreticis
3127 5347 3507 5414 haberentur,
3557 5355 3892 5422 ratamque

2212 5431 2547 5504 baptizandi
2568 5435 2889 5491 formulam
2907 5451 3020 5491 nec
3033 5436 3226 5491 verbis
3243 5453 3354 5494 nec
3383 5445 3584 5494 mente
3600 5455 3853 5498 corrum
3868 5473 3896 5483 -

2211 5531 2435 5596 pereat.
2477 5528 2618 5582 Nam
2647 5527 2928 5599 plurimis
2979 5528 3166 5584 visum
3217 5533 3328 5597 est,
3365 5545 3488 5586 non
3520 5529 3710 5586 solam
3741 5549 3891 5604 quae
