2012 3185
41 183 92 214 Mi

750 180 1007 212 DlSSERTA'l‘lO
1030 181 1085 211 III.

1717 183 1777 213 242

42 250 128 278 verbo
141 249 253 283 ﬁebat,
270 250 330 277 sed
345 259 418 278 eam
430 257 558 286 quoque,
572 257 636 285 quas
646 257 736 285 prava
752 248 895 275 duntaxat
912 247 939 289 Α
955 246 1065 274 schatis
1078 256 1094 274 a
1105 248 1238 275 Romana
1248 247 1454 275 dissidentem.
1469 248 1532 275 Non
1539 247 1738 275 refertutrum
1748 257 1778 276 in

44 295 304 331 interpretatione
311 295 632 329 inducebaturﬁormaa
640 292 827 330 baptismalis
838 300 899 319 cor-

45 341 230 377 ruptionem.
249 339 385 367 irritum
398 340 552 368 etnullum
567 339 746 375 baptismum
765 337 898 365 efﬁcere.

52 387 102 414 ita
112 385 238 413 sensisse
246 384 379 412 videtur
389 385 582 416 Athanasius,
592 386 665 411 orat.
678 385 703 415 2,
717 391 745 410 n.
757 383 792 410 42
807 385 837 409 et
852 383 897 415 43,

62 432 145 458 aiens
168 430 277 457 multas
304 430 445 458 hmreses
462 430 491 456 in
508 429 651 465 baptismo
676 428 723 456 SS.
742 426 894 454 Trinitatis

64 483 251 513 personarum
268 475 404 503 nomina
419 475 540 510 quidem
563 474 755 510 pronuntiare
772 481 778 499 :
796 480 897 499 verum

65 528 124 548 cum
139 523 217 547 recte
228 528 296 547 non
308 520 455 552 sentiant,
467 518 601 546 inutilem
611 526 674 545 esse
685 525 774 553 quam
783 516 897 544 donant

63 573 172 600 aquam.
190 564 317 592 Nicmno
336 564 389 591 ille
410 563 536 591 concilio
559 562 736 590 interfuerat
758 562 893 597 Optatus,

61 617 229 645 quanquam
257 609 433 641 Africanus,
463 616 551 643 quam
568 607 748 643 provinciam
774 606 894 642 proprie

58 654 234 690 respiciebat
250 647 443 681 Arelatensis
458 652 576 680 concilii
593 660 688 679 canon
705 652 720 679 8
734 659 740 678 :
758 651 891 686 Optatus,

55 700 186 735 inquam,
213 699 423 732 Milevitanus,
447 698 499 725 lib.
522 700 592 725 cont.
618 697 844 729 Parmenianum,
861 703 891 722 n.

55 744 385 778 tagwhismaticorum
403 743 549 778 baptisma
568 742 707 777 probans,
735 740 892 767 haeretico—

265 787 381 824 rejicit.
398 789 435 814 At
450 787 500 815 lib.
517 795 546 819 ιι,
563 796 592 814 n.
609 787 635 820 8,
653 789 681 813 ct
709 786 748 812 lih
786 795 809 816 ν,
828 794 856 811 ιι.
878 787 887 811 1

51 835 84 861 ει
94 824 232 869 {iamne
247 832 358 860 datum
375 832 404 860 in
430 832 550 859 nomine
575 831 726 858 Trinitatis
742 830 890 865 baptisma

47 876 178 914 probum
188 877 328 910 videtur,
341 876 430 904 modo
441 879 540 904 tamen
559 876 635 904 adsit
651 878 730 902 recta
746 875 793 910 (ex
806 877 888 910 parte

49 920 141 960 [ϐαι]
153 922 270 951 saltem
301 921 493 957 suscipientis
515 929 603 956 quem
626 921 778 948 credentem
794 922 886 951 vocat,
906 934 927 965 Β

256 975 316 994 seu
338 966 474 993 ministro
492 965 687 1000 distinguens)
705 965 735 991 in
752 964 887 991 eamdem

247 1011 339 1039 ﬁdes.
357 1011 448 1043 Quam
459 1011 578 1046 quidem
595 1010 785 1044 suscipimus
799 1009 887 1036 ﬁdem

59 1047 346 1089 cuiﬁhdmdiose
358 1055 491 1091 requirit,
502 1055 617 1082 videtur
627 1054 663 1081 ad
673 1056 803 1081 mentem
820 1062 887 1081 con-

59 1100 125 1130 cilii
141 1094 326 1131 “tonsis
338 1100 445 1129 facere.
465 1100 600 1134 Basilius,
613 1100 697 1135 epist.
718 1100 727 1126 l
745 1099 887 1126 canonica

55 1140 246 1184 cauri,“
255 1147 302 1179 ﬂ),
318 1153 386 1174 cum
397 1152 684 1181 parasynagogarum
705 1143 885 1179 baptismum

55 1189 468 1237 Μῃξωεηῌςωαιὶοοωω
475 1198 527 1225 pro
534 1188 749 1216 consuetudine
756 1188 887 1214 locorum

62 1232 419 1279 anbeat
427 1243 434 1268 ;
443 1234 616 1262 haereticoru
623 1241 649 1260 m
658 1235 830 1261 constanter
842 1232 884 1259 uti

382 1279 529 1315 repudiat,
552 1279 668 1306 tametsi
681 1278 710 1305 in
723 1279 840 1305 Patrem
858 1280 886 1304 et

66 1322 359 1360 FilinmelSpimum
366 1327 503 1352 sanctum
510 1323 881 1359 baptizent.Na7.ianlenus,

64 1371 139 1397 orat.
156 1370 204 1404 40,
218 1377 251 1397 n.
265 1369 309 1403 ις,
323 1377 387 1406 pag,
404 1371 466 1402 637,
483 1369 615 1404 quemvis
639 1368 777 1403 baptismi
794 1368 883 1394 mini-

57 1417 153 1443 strum
167 1413 287 1452 probat,
314 1414 402 1442 modo
432 1413 578 1441 catholica
604 1412 660 1440 ﬁde
679 1413 883 1446 informatum,

53 1459 244 1496 S.Ephrsm,
255 1462 331 1487 orat.
343 1459 379 1487 de
389 1459 416 1487 S.
428 1459 589 1492 Basilio,Gr
611 1458 669 1491 ed.,
684 1466 711 1493 p.
729 1458 791 1487 403,
803 1457 883 1484 Aria-

54 1503 176 1539 nocuit,
191 1511 264 1533 cum
282 1503 410 1532 Valentis
441 1504 534 1531 ﬁlium
560 1503 714 1538 parvulum
731 1502 881 1537 (sexennis

57 1548 334 1586 enﬁhptizarent,
346 1557 419 1584 aqua
430 1549 588 1584 baptizusse,
601 1556 654 1575 non
677 1548 795 1582 Spiritu.
813 1547 881 1582 Epi—

56 1588 446 1630 phuﬁiAnacephalmosi,
463 1602 545 1621 num.
564 1595 589 1625 5,
608 1602 634 1628 p.
654 1592 835 1626 i5l,aliquos
846 1599 879 1615 ex

55 1619 259 1664 ἔκηαν-κω
268 1619 408 1670 ριῖνιίὂω,
416 1638 532 1669 privata,
540 1637 595 1662 sibi
608 1619 736 1667 lfactione
748 1638 876 1667 conﬂala,
895 1619 915 1653 ϐ

46 1689 150 1719 ρων
161 1684 301 1710 εωιεεεω
310 1683 537 1708 consuetudinarii
552 1687 577 1706 et
589 1682 661 1707 citra
676 1682 790 1706 concilii
800 1689 878 1712 gerie-

52 1730 121 1757 κη·
135 1731 295 1760 mnunc,
311 1737 357 1753 eos
383 1729 434 1761 qui
446 1729 480 1753 ab
507 1728 625 1753 Arianis
651 1728 687 1751 ad
701 1735 768 1751 suas
779 1731 876 1757 partes

55 1775 196 1803 tvm
208 1776 320 1801 iurum
335 1774 477 1806 baptizare
491 1782 547 1799 non
570 1774 676 1802 vereri.
696 1773 752 1802 ait;
766 1781 829 1797 cum
845 1781 877 1797 ea

52 1820 280 1847 rcta-lianc“:
293 1819 512 1851 synodijudicio
523 1819 614 1843 decisa
626 1826 680 1842 non
693 1818 739 1844 sit.
757 1819 820 1845 Non
830 1826 875 1844 er-

51 1864 248 1903 pmm
263 1864 413 1900 synodum
433 1863 634 1891 arbitrabatur
650 1871 769 1890 causam
791 1862 873 1889 illam

50 1907 183 1939 om
197 1909 390 1942 Ambrosius,
403 1909 440 1936 De
454 1908 601 1943 mysteriis,
615 1916 678 1943 cap.
691 1908 718 1941 4,
732 1916 814 1935 num.
827 1907 872 1940 23,

50 1954 200 1980 Non“
216 1953 376 1985 baptismus
386 1952 581 1984 perﬁdorum;
602 1959 658 1976 non
685 1952 812 1980 mundat,
828 1952 874 1976 sed

45 1999 164 2031 polluit;
178 1999 318 2028 Asterius
335 1999 509 2026 Amasenus.
537 1999 566 2025 in
586 1998 659 2033 psal.
685 2006 709 2024 vr
723 2006 733 2029 ;
750 1998 870 2025 Monum.

51 2042 338 2076 men-comem,
354 2046 423 2070 tom.
439 2043 475 2076 ΙΙ,
492 2052 520 2078 p.
537 2044 582 2074 61,
598 2042 753 2078 parvulum
767 2042 802 2069 ab
815 2042 873 2069 has-

50 2082 348 2126 fﬁshapﬁutum,
364 2096 419 2115 non
437 2088 615 2123 baptizatum,
635 2087 681 2115 sed
693 2086 720 2114 in
746 2087 871 2114 haeresim

50 2127 208 2172 “tu,
224 2135 257 2161 et
267 2132 304 2160 ab
315 2133 379 2168 ipso
387 2133 453 2160 vitaz
465 2133 601 2168 ingressu
618 2133 800 2166 naufragium
815 2132 870 2165 iam

250 2177 392 2210 decernit;
410 2177 616 2213 Hieronymus,
646 2185 817 2212 quanquam
839 2176 870 2203 in

286 2223 475 2256 Luciferianos
493 2222 702 2250 hareticorum
722 2221 869 2257 baptisma

212 2267 342 2300 'enderit,
354 2267 384 2294 in
398 2267 501 2294 multis
522 2270 622 2295 tamen
634 2266 707 2294 locis
720 2275 771 2302 pro
784 2266 866 2293 nullo

58 2310 310 2346 Were
321 2311 446 2344 videtur,
457 2312 527 2339 utin
542 2312 733 2344 Ecclesiasten,
744 2319 808 2346 cap.
821 2319 866 2345 vn,

51 2353 203 2389 nam:
227 2357 259 2384 in
275 2356 380 2389 Oscam,
401 2364 464 2392 cap.
480 2356 540 2390 HJ
560 2357 628 2390 5,et
647 2355 700 2382 lib.
727 2364 767 2389 Ill,
790 2364 815 2383 c.
837 2364 865 2390 x,

50 2399 67 2434 γ
78 2401 124 2435 i0,
137 2400 248 2437 croup.
263 2408 324 2434 xm,
336 2401 354 2435 ᾗ
376 2401 411 2434 4;
428 2403 458 2428 et
479 2401 510 2428 in
525 2401 634 2436 Ephes,
661 2408 725 2436 cap.
751 2409 788 2433 iv,
806 2400 822 2434 Ῡ
838 2401 863 2428 6.

49 2439 113 2481 ιδ
120 2443 163 2474 Id
170 2445 372 2474 excusandam
384 2445 485 2481 Cyrilli
495 2445 667 2481 opinionem
680 2444 798 2472 abunde
808 2444 866 2472 suf-

50 2482 163 2519 Hui:
172 2497 264 2527 quam
278 2492 368 2522 certe,
378 2490 404 2518 si
415 2498 476 2518 non
487 2490 584 2524 citius,
605 2490 712 2517 saltem
723 2498 801 2516 anno
813 2490 861 2516 381

47 2531 178 2573 ﬁt.
189 2544 259 2565 cum
268 2536 301 2564 in
315 2535 442 2564 concilio
459 2536 788 2572 Constantinopolitano
805 2544 865 2563 una

243 2581 392 2613 Patribus,
405 2589 519 2608 canone
531 2583 558 2614 7,
569 2581 680 2609 multos
690 2589 726 2608 ex
746 2581 862 2608 haareti-

52 2614 352 2667 éﬁiebsptismate
362 2633 438 2653 novo
450 2625 542 2661 recipi
555 2625 693 2654 decrevit.
707 2626 747 2653 De
758 2626 863 2653 Eccle-

54 2662 383 2706 K‘I‘evosolymitanm
397 2673 465 2698 ante
477 2670 538 2698 haec
547 2672 681 2706 tempora
692 2671 722 2698 in
733 2671 863 2707 rebapti—

56 2707 304 2755 ᾳδειδθιὶοἰε
318 2722 386 2748 usu,
397 2715 460 2750 jam
475 2723 579 2750 pauca.

79 2755 117 2787 Ui
129 2755 213 2788 nunc
230 2758 394 2787 Ecclesiam
413 2759 645 2795 repraesentabat
659 2759 731 2787 olim
756 2760 860 2787 Firmi-

53 2798 136 2832 Iiills
145 2804 184 2832 ad
194 2802 381 2840 Cyprianum
392 2803 533 2838 scribens,
543 2804 588 2832 uti
608 2803 732 2832 diversis
743 2805 773 2832 in
791 2814 860 2833 con-

52 2847 250 2878 lletl'xlinibus
264 2855 302 2876 ac
317 2847 464 2883 pracipue
474 2848 553 2877 circa
565 2847 797 2878 celebrationem
812 2851 864 2877 Pa-

124 2337 192 2385 ﬁ,

159 3086 285 3121 alii}
311 3112 320 3117 η

952 291 1140 326 baptismatis
1156 292 1365 320 haereticorum
1381 300 1470 320 causa
1486 292 1589 320 eadem
1605 300 1722 327 suoque
1739 292 1780 319 di-

951 337 1073 364 versitas
1085 337 1182 364 locum
1198 337 1332 371 haberet,
1345 346 1412 364 cum
1422 340 1522 365 tamen
1535 337 1564 365 id
1576 340 1654 365 esset
1666 337 1702 364 de
1718 346 1778 372 quo

951 381 1107 418 agebatur:
1125 382 1338 417 silentiumque
1350 382 1426 410 illud
1437 382 1615 410 nonnullam
1629 382 1780 410 submini-

951 429 1024 454 strat
1040 426 1222 454 contrarium
1236 427 1437 462 praesumendi
1447 434 1567 454 causam
1581 435 1587 453 :
1605 434 1778 462 quanquam

950 470 1186 507 exemplo,quod
1198 471 1334 506 inipsum
1350 473 1523 506 retorquere
1539 471 1717 506 inpromptu
1729 479 1777 498 es-

948 519 1002 550 set,
1019 524 1080 543 non
1095 516 1210 543 videtur
1225 524 1333 543 usurus
1348 515 1439 543 fuisse
1455 515 1656 543 Firmilianus.
1681 516 1774 543 Euse-

947 561 1014 588 bius
1029 563 1140 593 tamen,
1168 560 1220 587 lib.
1243 569 1279 587 vn
1295 561 1374 594 Hist,
1404 568 1468 596 cap.
1486 562 1512 592 2,
1544 560 1579 587 de
1609 562 1679 587 nata
1695 560 1774 587 inter

947 606 1072 633 Asianos
1083 608 1111 632 et
1119 607 1286 633 Romanum
1298 605 1469 641 pontiﬁcem
1480 605 1679 632 controversia
1695 605 1774 632 circa

945 650 1126 686 baptismum
1143 649 1363 683 hmreticorum,
1378 658 1469 686 agens
1486 650 1527 677 ait
1540 650 1690 681 antiquam
1710 657 1776 674 con—

944 695 1122 719 suetudinem
1129 695 1293 721 invaluisse,
1303 699 1335 718 ut
1350 695 1380 718 in
1395 694 1599 719 hominibusad
1609 694 1774 719 catholicam

944 741 1062 764 rerersix
1079 741 1137 763 so’a
1153 747 1292 763 manuum
1321 740 1461 769 impnsilio
1476 748 1539 763 cum
1560 740 1772 769 precationibus

944 785 1130 811 adhiberetur.
1148 786 1179 812 Id
1200 785 1263 813 sine
1280 786 1370 812 dubio
1388 786 1545 820 provinciae
1564 794 1624 812 sum
1641 785 1772 811 Palaesti-

943 835 988 853 na:
1001 836 1055 855 usu
1069 830 1244 857 azstimabat,
1260 832 1294 857 At
1319 832 1532 857 ('onstiluriimes
1558 831 1714 864 apostolica?
1730 831 1766 857 ad

941 881 1027 900 usum
1044 875 1241 902 Ecclesiarum
1265 876 1354 911 Syria}
1372 878 1400 901 et.
1414 875 1579 902 Palaestina:
1605 875 1765 901 maximam

943 920 1056 952 partem
1069 928 1201 954 crprcssa?
1214 920 1263 946 lib.
1278 929 1312 951 vi,
1330 929 1393 955 cap.
1412 922 1452 952 15,
1478 920 1657 955 baptismum
1677 920 1769 946 haere-

945 963 1069 990 ticorum
1087 964 1127 990 uti
1144 964 1259 991 nullum
1276 964 1425 999 rejiciunt.
1446 965 1514 991 Utut
1540 964 1588 996 sit,
1606 964 1768 991 Ecclesium

945 1008 1244 1042 Hierosolymilanam
1254 1009 1360 1035 Nicmni
1370 1008 1488 1035 concilii
1495 1008 1623 1035 decretis
1631 1008 1770 1035 adhzesis-

944 1060 974 1077 se
983 1053 1087 1079 merito
1097 1053 1165 1087 jure
1174 1053 1367 1088 supponitur:
1381 1061 1515 1088 quosque
1526 1053 1686 1079 concilium
1697 1053 1771 1079 illud

946 1097 1099 1124 hmreticos
1116 1098 1180 1125 sine
1198 1107 1271 1124 novo
1289 1098 1464 1133 baptismate
1481 1099 1572 1133 recipi
1595 1098 1691 1133 jubet,
1708 1106 1769 1125 non

944 1142 1045 1177 [CCIII]
1056 1143 1263 1177 rebaptizassc.
1282 1143 1367 1169 Pauci
1396 1143 1426 1169 in
1450 1151 1483 1169 ea
1500 1151 1530 1168 Se
1547 1143 1582 1169 ad
1599 1143 1766 1169 conversio-

943 1195 1012 1214 nem
1029 1187 1191 1214 offerebant
1212 1188 1353 1219 limretici,
1373 1188 1422 1222 qui
1441 1196 1499 1214 non
1517 1188 1604 1214 vitato
1622 1187 1768 1222 baptismo

942 1235 1107 1260 uterentur.
1120 1232 1221 1259 Nullos
1233 1233 1308 1259 alios
1316 1232 1350 1259 ab
1362 1233 1509 1259 lllDI‘Ollt'lS
1521 1240 1677 1259 conversos
1687 1235 1769 1259 notat

942 1277 1377 1312 CyrillusprmterManicluros,
1387 1278 1463 1312 quod
1473 1278 1508 1304 ad
1517 1277 1697 1313 baptismum
1710 1286 1769 1304 una

941 1331 1006 1349 cum
1018 1322 1392 1357 cznterisprmparahatcat.
1412 1323 1453 1353 15,
1473 1331 1499 1348 n.
1520 1324 1561 1354 t3,
1579 1331 1637 1357 quo
1654 1322 1718 1348 loco
1732 1322 1768 1348 ad

940 1376 990 1394 eos
1007 1375 1174 1394 sermonem
1192 1370 1365 1394 convertens
1383 1367 1441 1394 ait:
1459 1366 1636 1390 Erudiantur
1659 1367 1709 1397 qui
1733 1374 1767 1389 e.1'

939 1411 1100 1435 Illarum/mis
1116 1412 1241 1435 conrrrsi
1258 1416 1332 1441 sunt,
1351 1418 1400 1434 nec
1414 1411 1538 1440 amplius
1557 1411 1716 1434 luminaria
1727 1411 1765 1434 rli-

940 1457 1057 1481 z‘initate
1073 1457 1181 1486 donent,
1203 1460 1269 1490 etc.,
1283 1466 1348 1492 qum
1364 1457 1400 1483 ad
1410 1456 1761 1491 conversosjamdudum,

938 1511 970 1529 ac
988 1503 1126 1530 ﬁdelibus
1144 1503 1284 1529 diuturno
1302 1506 1434 1537 tempore
1450 1504 1631 1537 aggregatos,
1648 1510 1708 1528 non
1720 1501 1762 1527 vi-

938 1548 1111 1575 denturdici
1129 1549 1271 1583 potuisse.
1289 1549 1323 1575 At
1340 1548 1490 1575 Maniclizni
1512 1548 1692 1582 baptismum
1710 1547 1761 1573 ha-

936 1594 1066 1620 buerunt
1081 1602 1097 1620 a
1114 1593 1245 1629 legitimo
1264 1593 1402 1620 Ecclesia:
1418 1593 1476 1619 ritu
1493 1592 1566 1619 adeo
1589 1592 1762 1626 discrepan-

937 1642 1005 1670 tem,
1023 1641 1054 1665 ut
1071 1638 1159 1665 etiam
1181 1639 1305 1673 qumslio
1326 1638 1363 1665 sit
1379 1646 1438 1664 non
1461 1637 1547 1664 facile
1564 1637 1762 1672 explicabilis,

934 1692 1006 1710 num
1016 1683 1137 1710 omnino
1149 1683 1328 1718 baptismum
1346 1684 1549 1717 agnoscerent.
1561 1683 1668 1708 Eorum
1680 1683 1759 1708 certe

933 1728 1097 1762 baptismus
1115 1731 1195 1755 tanta
1207 1727 1378 1763 impuritale
1390 1735 1422 1754 ac
1434 1727 1564 1754 fmditate
1577 1727 1759 1754 contamina-

932 1776 978 1800 tus
991 1776 1063 1806 erat,
1073 1776 1104 1800 ut
1120 1781 1155 1799 ne
1173 1773 1253 1799 illius
1264 1772 1385 1799 modum
1398 1772 1647 1807 cnarret,pudore
1655 1780 1758 1807 sepro-

932 1819 1026 1846 hiberi
1044 1819 1171 1854 Cyrillus
1187 1818 1266 1845 dicat
1281 1821 1338 1845 cat.
1357 1820 1382 1851 5,
1400 1827 1428 1845 n.
1446 1819 1489 1844 33.
1503 1818 1576 1844 Cum
1594 1817 1663 1844 totis
1678 1820 1755 1844 cate-

931 1864 1068 1890 chcsibus
1081 1863 1256 1890 Manichmos
1269 1872 1328 1898 prie
1338 1862 1432 1890 oculis
1441 1862 1755 1896 habeat,studioscque

930 1908 1010 1935 omni
1028 1908 1091 1934 loco
1109 1908 1244 1943 exagitet,
1262 1907 1340 1942 quod
1358 1908 1387 1934 in
1404 1906 1496 1933 nullis
1516 1906 1582 1933 aliis
1607 1906 1754 1932 haereticis

929 1954 1025 1981 facere
1035 1953 1277 1988 deprehenditur,
1289 1952 1425 1979 concludi
1438 1952 1505 1979 inde
1514 1952 1603 1987 possit
1613 1951 1667 1977 hos
1678 1959 1752 1986 pene

929 2008 1003 2026 unos
1013 1999 1067 2025 hoc
1083 2001 1214 2033 tempore
1227 1998 1255 2024 in
1268 1996 1671 2032 llierosolymitanaparmcia
1681 2004 1751 2023 con—

928 2047 1053 2079 spectos.
1072 2043 1172 2070 Fuisse
1184 2042 1387 2070 Marcionistas
1400 2042 1428 2068 in
1446 2041 1603 2068 Palaestina
1615 2042 1697 2068 testis
1709 2044 1753 2068 ost

927 2088 1120 2123 Epiphanius,
1139 2087 1244 2114 limresi
1260 2088 1304 2119 42,
1319 2095 1400 2114 num.
1414 2089 1436 2118 l,
1454 2087 1549 2121 deque
1566 2094 1669 2113 eorum
1681 2094 1751 2113 con-

926 2133 1082 2161 venticulis
1100 2141 1133 2160 ac
1149 2132 1311 2159 Dominicis
1335 2132 1468 2166 loquitur
1483 2131 1611 2167 Cyrillus
1627 2134 1682 2158 cat.
1704 2132 1746 2163 18,

925 2188 954 2207 n.
972 2181 1015 2213 26,
1029 2188 1079 2206 eos
1094 2187 1161 2206 cum
1176 2178 1343 2205 Manichmis
1360 2178 1554 2214 conjungens.
1573 2178 1612 2204 De
1630 2178 1749 2205 Marcio-

926 2224 1010 2251 nistis
1030 2224 1119 2251 dubia
1131 2232 1177 2250 res
1194 2232 1265 2250 num
1279 2226 1453 2250 consuetam
1469 2222 1609 2258 baptismi
1622 2222 1750 2250 formam

924 2267 1146 2294 commutarint.
1163 2267 1273 2293 Horum
1290 2266 1438 2301 baptisma
1466 2266 1601 2298 Basilius,
1619 2266 1703 2301 epist.
1723 2268 1748 2300 1,

884 2305 906 2339 D
923 2321 988 2339 can.
1009 2314 1031 2345 l,
1046 2312 1081 2339 ab
1099 2311 1183 2338 initio
1195 2311 1338 2346 reiectum
1348 2313 1474 2338 testatur
1483 2310 1560 2338 sicut
1573 2310 1748 2337 Manichmo-

922 2365 998 2390 rum,
1031 2356 1306 2384 Valcntinianorum
1323 2357 1352 2382 et
1376 2357 1616 2391 Pepuzenorum;
1633 2356 1747 2391 aitque,

922 2402 1007 2436 epist.
1024 2402 1051 2434 2,
1068 2409 1133 2428 can.
1165 2402 1209 2433 47,
1228 2401 1430 2428 Marcionistas
1456 2400 1492 2427 ab
1522 2400 1654 2427 Ecclesia
1669 2399 1746 2436 [sua]

921 2454 981 2473 non
997 2445 1100 2481 recipi,
1117 2445 1175 2473 nisi
1193 2446 1222 2472 in
1247 2448 1382 2472 nostrum
1403 2444 1583 2479 baptismum
1609 2444 1748 2479 baptizati

920 2490 1041 2517 fuerint.
1060 2490 1130 2518 Inde
1148 2498 1207 2517 non
1224 2490 1336 2526 injuria
1351 2489 1503 2516 dubitatur
1519 2497 1590 2516 num
1606 2496 1675 2515 vera
1694 2488 1747 2515 ba-

920 2535 1021 2570 ptismi
1038 2535 1167 2563 formula
1182 2538 1346 2562 uterentur.
1360 2535 1439 2561 Hanc
1456 2536 1545 2566 certe,
1562 2533 1662 2568 Cyrilli
1679 2542 1745 2561 sen-

921 2580 1024 2613 tentia,
1043 2580 1066 2607 si
1086 2589 1146 2607 non
1156 2580 1267 2611 verbis.
1276 2582 1307 2607 at
1317 2582 1416 2607 mente
1428 2582 1455 2606 et
1468 2578 1665 2615 intelligentia
1680 2588 1747 2616 gra-

920 2625 1040 2652 vissime
1056 2625 1303 2661 corrumpebant:
1323 2624 1412 2651 unius
1438 2623 1589 2652 Trinitatis
1605 2624 1670 2652 loco
1687 2627 1747 2652 tres

919 2670 990 2698 dros
1006 2670 1203 2705 praidicantes
1219 2672 1275 2697 cat.
1296 2670 1337 2702 16,
1349 2677 1432 2696 num.
1450 2670 1466 2695 4
1483 2671 1511 2696 et
1526 2671 1551 2701 1,
1568 2669 1747 2705 Patremque

920 2718 949 2742 et
964 2715 1106 2750 Spiritum
1122 2717 1270 2748 sanctum,
1287 2722 1413 2749 quorum
1431 2713 1460 2741 in
1481 2722 1591 2742 nomen
1621 2714 1749 2750 baptiza-

919 2768 995 2793 mus,
1011 2769 1029 2787 a
1049 2761 1186 2787 Creatore
1217 2759 1319 2786 mundi
1345 2761 1374 2785 et
1386 2759 1497 2794 Spiritu
1514 2759 1563 2794 qui
1586 2759 1746 2795 prophetas

918 2804 1074 2840 inspiravit
1081 2806 1263 2840 separantes.
1271 2805 1340 2836 Qua:
1349 2803 1469 2839 quidem
1484 2803 1649 2831 secundum
1660 2803 1747 2831 intel-

918 2849 1072 2885 ligentiam
1083 2848 1268 2886 baptismalis
1274 2848 1378 2875 formzn
1386 2848 1546 2884 corruptio,
1557 2847 1709 2876 sufﬁciens
1716 2848 1749 2875 ut
