4024 6402
559 413 678 474 243

1740 409 1843 470 DE
1885 407 2283 470 DOCTRINA
2325 406 2389 468 S.
2437 406 2768 470 CYRILLI.
3749 413 3830 474 su

542 542 802 598 vidimus
821 556 884 600 n.
901 542 992 609 6'7,
1021 540 1455 598 nonnullorum
1477 542 1757 614 opinione
1779 541 2194 614 rebaptizatio-
2223 539 2280 609 Α
2309 540 2689 614 ingenueque
2711 537 2978 613 profiteri
2999 538 3294 612 mquitatis
3313 555 3435 596 esse
3460 539 3708 597 duxerint.
3723 544 3836 600 Unus

543 631 640 687 nis
660 630 1140 687 fundamentum.
1167 631 1322 687 Nihil
1345 632 1547 703 itaque
1571 633 1704 688 miri
1723 633 1794 701 si,
1821 633 1978 705 quod
1994 639 2194 688 tamen

546 720 716 776 nullo
747 726 1135 776 monumento
1159 721 1396 792 probari
1420 727 1636 793 potest,
1675 722 2060 794 Jerosolymis
2099 738 2194 776 re-

543 808 987 881 baptizarentur
1016 809 1427 865 Marcionistze.
1482 810 1916 882 Cataphrygum
1959 827 2195 882 quoque

547 915 654 954 seu
684 899 1180 954 Montanistarum
1213 904 1272 953 et
1303 903 1739 970 Pepuzenorum
1769 899 2049 954 meminit
2086 900 2198 972 Cy-

544 987 740 1057 rillus,
773 991 888 1042 cat.
924 990 1010 1050 i6.
1042 1003 1210 1052 num,
1243 987 1297 1054 8,
1329 1004 1480 1058 quos
1509 987 1832 1044 concilium
1869 989 2196 1056 Nicamum,

546 1094 677 1134 can.
706 1080 794 1145 1⁸7,
817 1076 1238 1143 Laodicenum,
1259 1093 1391 1132 can.
1419 1077 1474 1144 8,
1510 1083 1569 1132 et
1585 1077 2198 1148 Constantinopolita-

545 1182 715 1235 num,
747 1181 878 1222 can.
921 1169 976 1232 7,
1009 1182 1161 1220 novo
1193 1181 1327 1220 cum
1357 1164 1714 1238 baptismate
1744 1166 1974 1222 admitti
1999 1167 2202 1239 praeci-

544 1256 755 1328 piunt:
817 1271 929 1310 nec
960 1253 1203 1322 mirum,
1253 1254 1301 1308 si
1333 1272 1454 1310 non
1511 1272 1692 1311 sensu
1751 1256 1968 1322 solum,
1996 1273 2198 1311 verum

547 1344 724 1399 etiam
743 1343 961 1412 verbis,
983 1345 1043 1398 in
1072 1347 1303 1400 Patrem
1327 1351 1384 1400 et
1406 1345 1620 1401 Filium
1645 1352 1704 1401 et
1726 1348 2068 1403 Montanum
2097 1347 2196 1403 ba-

544 1432 864 1506 ptizabant,
897 1450 967 1488 ex
997 1433 1176 1489 Basil.
1201 1433 1373 1506 epist.
1412 1438 1432 1489 l
1469 1451 1599 1490 can.
1636 1440 1686 1492 1.
1730 1435 2098 1492 Sabellianos
2131 1454 2202 1492 ex

543 1522 790 1578 nomine
807 1538 964 1594 smpe
987 1521 1251 1594 appellat
1271 1523 1558 1594 Cyrillus;
1586 1524 2090 1581 Paulianistarum
2108 1543 2197 1582 er-

544 1627 744 1666 rorem
781 1610 1128 1682 aliquando,
1166 1627 1387 1668 nomen
1418 1629 1726 1684 nunquam
1759 1621 2048 1670 recenset.
2086 1616 2202 1670 llos

547 1699 761 1756 concil.
787 1699 1112 1766 Nicaenum,
1137 1716 1268 1754 can.
1295 1701 1380 1768 19,
1415 1701 1550 1756 illos
1583 1702 2200 1774 Constantinopolita—

547 1805 714 1856 num,
734 1805 861 1844 can.
889 1792 943 1853 7,
971 1788 1046 1843 ad
1069 1788 1393 1845 Ecclesiam
1417 1796 1782 1846 revertentes
1809 1792 2200 1864 baptizariju-

2304 646 2374 684 ex
2409 629 2496 684 eis
2522 634 2632 694 est,
2658 646 2836 701 quem
2867 645 2974 701 ego
3005 629 3250 685 honoris
3268 644 3436 686 causa
3464 631 3692 697 nomino,
3707 633 3834 687 Erne-

2303 724 2430 773 stus
2457 718 2730 790 Grabius,
2749 719 2921 791 cujus
2943 725 3143 774 tamen
3165 719 3483 790 Cyrillianm
3503 721 3759 775 sententiae
3774 737 3839 775 ex-

2302 808 2610 879 plicationi
2643 809 2705 864 in
2737 808 3015 864 omnibus
3044 807 3330 864 assentire
3358 824 3470 863 non
3491 825 3729 879 possum:
3761 825 3840 878 qua

2303 897 2376 952 de
2409 913 2472 952 re
2506 897 2614 952 sub
2648 898 2828 953 ﬁnem
2862 897 3074 969 capitis
3099 900 3184 963 Η,
3231 897 3499 958 ιιαω.91.
3535 895 3762 950 nonnihil
3782 895 3844 950 di-

2303 991 2508 1041 cturus
2539 1003 2691 1044 sum.
2727 986 2985 1042 Aliunde
3018 1002 3086 1042 ea
3111 985 3314 1058 Cyrilli
3345 984 3637 1056 antiquitas
3655 984 3844 1039 etEccle

2305 1075 2408 1131 size
2431 1075 2985 1148 Hierosolymitanai
3011 1075 3334 1132 auctoritas
3351 1080 3456 1140 est,
3471 1079 3533 1128 ut
3551 1074 3596 1128 si
3614 1071 3845 1128 Catholicis

2305 1161 2578 1230 dedatur,
2611 1164 2872 1219 haeretici
2903 1163 3018 1220 sibi
3067 1179 3249 1220 causa
3291 1161 3562 1218 cecidisse
3605 1160 3843 1217 videantur.

2305 1251 2702 1319 Quamobrem
2735 1253 2967 1308 nullum
2991 1269 3110 1308 non
3134 1251 3387 1325 lapidem
3409 1251 3580 1307 movit
3593 1249 3844 1304 Albertinus

2305 1347 2373 1398 ut
2401 1342 2688 1414 Cyrillum
2713 1341 2884 1398 nobis
2908 1343 3194 1414 eriperet:
3245 1340 3657 1410 salebrosisque
3689 1338 3737 1393 in
3753 1336 3844 1392 locis

2305 1448 2440 1488 cum
2472 1449 2533 1487 se
2565 1433 2783 1488 versari
2815 1449 2935 1487 non
2959 1433 3276 1505 ignoraret,
3291 1435 3515 1487 tantum
3544 1427 3843 1484 nihilominus

2307 1523 2368 1577 in
2402 1522 2663 1594 speciem
2699 1521 2813 1576 sibi
2843 1521 3027 1576 sumit
3057 1521 3309 1590 fiducia,
3328 1524 3392 1575 ut
3407 1517 3564 1574 nullo
3589 1515 3834 1589 magislooo

2307 1629 2369 1666 se
2385 1612 2591 1682 jactet,
2623 1610 3111 1682 adversariosque
3142 1627 3281 1665 suos
3299 1623 3502 1665 omnes
3535 1605 3738 1668 bardos,
3761 1609 3841 1658 stu-

2308 1701 2500 1772 pidos,
2552 1699 2883 1772 imperitos,
2927 1699 3081 1754 nihil
3131 1699 3328 1754 videre
3375 1697 3544 1753 dicat.
3588 1697 3660 1750 Ex
3687 1693 3843 1748 illisest

2308 1787 2585 1842 videlicet
2604 1788 2821 1859 quibus
2851 1787 3002 1842 nihil
3035 1788 3194 1842 intra
3223 1791 3314 1842 est
3344 1785 3556 1848 oleum,
3587 1781 3717 1838 nihil
3747 1783 3846 1834 extra

547 1877 710 1934 bent.
740 1876 898 1932 Nihil
929 1876 1001 1932 de
1030 1877 1325 1933 veteribus
1351 1878 1650 1936 haareticis
1670 1880 1742 1936 ab
1775 1881 1994 1953 Cyrillo
2029 1898 2198 1936 com-
2236 1900 2279 1965 Β
2311 1877 2371 1931 in
2403 1893 2554 1932 nuce
2587 1875 2738 1931 duri.
2774 1875 2933 1931 Adeo
2967 1875 3316 1965 perstrinxit
3344 1865 3850 1965 oculos_Thommhil-

547 1967 893 2022 memoratis
923 1965 1140 2034 dicam,
1173 1966 1410 2023 Simone
1443 1971 1625 2042 Mago,
1659 1970 2004 2039 Menandro,
2033 1969 2193 2024 Basi-

547 2055 690 2125 lide,
749 2054 1062 2122 Gnosticis,
1099 2055 1550 2126 Valentinianis,
1609 2064 1744 2126 etc.,
1801 2077 2056 2130 quorum
2097 2059 2202 2114 illa

550 2149 722 2200 astate
751 2160 904 2216 pene
948 2145 1255 2199 exstinctae
1311 2145 1589 2215 haereses,
1623 2147 1818 2203 adhuc
1859 2148 2064 2204 vitiata
2110 2146 2200 2201 vel

548 2233 744 2290 verbis
793 2232 881 2288 vel
937 2233 1336 2306 intelligentia
1390 2242 1548 2290 certe
1607 2236 1886 2308 baptismi
1944 2236 2202 2290 formula

551 2329 810 2378 utentes.
837 2323 1088 2378 Arianos
1119 2323 1373 2396 Cyrillus
1405 2341 1440 2379 a
1480 2325 1726 2380 diversis
1757 2325 1983 2380 exsiliis
2013 2325 2201 2380 redux

556 2411 686 2465 sine
709 2409 886 2465 dubio
910 2411 1130 2466 multos
1153 2411 1214 2466 in
1238 2411 1562 2468 Ecclesiam
1595 2414 1819 2484 recepit
1842 2431 1855 2468 :
1877 2431 2200 2485 eorumque

556 2498 777 2554 multos
805 2498 878 2554 ab
908 2500 1284 2555 invasoribus
1305 2501 1583 2556 Ecclesiae
1606 2519 1726 2557 sum
1745 2502 1979 2558 Arianis
2010 2503 2198 2575 bapti-

549 2593 708 2644 zatos
739 2587 1007 2644 offendit.
1053 2591 1122 2642 At
1178 2605 1384 2644 eorum
1416 2591 1615 2645 nullos
1663 2609 1812 2646 novo
1843 2593 2199 2663 baptismate

551 2677 822 2732 initiasse
853 2675 1064 2749 igitur:
1097 2677 1298 2749 [CCIV]
1331 2695 1582 2750 seseque
1613 2682 2080 2752 suppponendus
2111 2687 2202 2738 est

551 2765 958 2822 conformasse
989 2765 1104 2838 legi
1137 2784 1244 2838 per
1275 2773 1460 2824 totam
1491 2769 1814 2826 Ecclesiam
1839 2772 2197 2843 constitutaa,

547 2861 614 2912 ut
646 2855 774 2912 sola
791 2855 1014 2911 Nicasni
1045 2857 1284 2912 concilii
1309 2856 1961 2931 subscriptione,eaque
1981 2861 2202 2932 profes-

549 2945 716 3001 sione
738 2944 899 3016 quod
921 2944 1173 3016 Spiritus
1196 2951 1434 3001 sanctus
1456 2953 1727 3004 creatura
1766 2966 1885 3004 non
1917 2949 2014 3018 sit,
2047 2950 2200 3005 reci-

548 3038 856 3107 perentur.
890 3035 1260 3104 Praeceptum
1291 3033 1352 3089 id
1403 3041 1529 3091 erat
1559 3036 1619 3092 in
1651 3055 1818 3094 conc.
1872 3039 2039 3095 Alex.
2088 3039 2198 3095 sub

549 3123 873 3178 Athanasio
897 3139 992 3178 an.
1027 3125 1152 3194 362,
1187 3129 1245 3179 et
1274 3140 1308 3179 a
1337 3125 1584 3181 Paulino
1608 3129 1979 3185 Antiocheno
2001 3146 2200 3185 assen-

549 3229 713 3281 sum;
769 3228 803 3267 a
829 3211 1064 3281 Basilio,
1100 3214 1272 3285 epist.
1322 3217 1449 3280 203,
1483 3232 1612 3288 pag.
1655 3221 1778 3287 222,
1812 3224 1870 3274 et
1899 3237 1934 3276 a
1964 3220 2196 3276 Liberio

2311 1965 2442 2021 lesii
2465 1966 2759 2038 jactantia
2775 1965 2924 2032 haec,
2955 1971 3023 2020 ut
3042 1964 3282 2021 abunde
3303 1965 3486 2019 fracta
3520 1961 3588 2017 ab
3612 1959 3698 2015 illo
3723 1954 3851 2012 existi-

2309 2071 2479 2111 mans
2505 2055 2857 2128 deprompta
2885 2071 2921 2110 a
2965 2055 3287 2110 Catholicis
3335 2071 3404 2111 ex
3449 2050 3650 2124 Cyrillo
3687 2049 3735 2103 in
3758 2048 3849 2100 Pro-

2308 2149 2593 2200 testantes
2636 2145 2751 2200 tela
2779 2161 2793 2211 ;
2825 2144 2976 2199 nihil
3008 2145 3071 2199 in
3098 2145 3224 2200 suis
3253 2144 3329 2200 ad
3358 2142 3675 2199 catecheses
3703 2139 3850 2206 mysta-

2308 2234 2540 2306 gogicas
2571 2235 2728 2289 notis
2757 2233 2831 2289 ad
2863 2233 2966 2289 illa
3005 2233 3208 2306 Cyrilli
3243 2231 3580 2288 testimonia
3618 2227 3682 2283 de
3705 2240 3754 2282 se
3774 2237 3855 2276 res-

2307 2323 2587 2395 pondeat,
2621 2323 2724 2377 sed
2755 2339 2958 2378 verum
2999 2323 3240 2378 illorum
3278 2337 3516 2378 sensum
3543 2336 3608 2374 ex
3635 2311 3852 2372 Albertino

2307 2413 2530 2484 requiri
2547 2413 2758 2484 jubeat
2777 2427 2790 2468 :
2815 2413 2986 2484 cujus
3015 2412 3314 2484 integrum
3333 2416 3509 2483 caput
3527 2404 3798 2464 secundum
3814 2412 3857 2451 ει

2308 2501 2460 2556 libro
2493 2500 2754 2556 secundo
2784 2502 2861 2554 De
2890 2507 3232 2556 sacramento
3263 2500 3354 2555 vel
3385 2499 3575 2572 potius
3603 2499 3771 2550 contra

2308 2596 2674 2647 cramentum
2705 2589 3110 2657 Eucharistiaa,
3143 2589 3450 2661 prteclarai
3472 2589 3644 2643 instar
3660 2575 3861 2652 appendi-

2309 2680 2395 2736 cis
2424 2679 2498 2735 ad
2529 2679 2753 2734 calcem
2787 2695 2908 2734 sum
2937 2679 3297 2734 Oxoniensis
3339 2675 3608 2734 editionis
3649 2664 3862 2742 appinxit.

2308 2769 2446 2824 Mihi
2477 2768 2615 2823 fidei
2643 2783 2880 2839 quoque
2903 2781 3052 2823 mea)
3089 2766 3468 2824 vindicandas
3495 2759 3771 2848 exemplum
3793 2751 3866 2848 dfi-

2307 2857 2720 2930 dit;ac[CCV]
2757 2857 3178 2912 necessitatem
3216 2857 3523 2930 imposuit,
3563 2869 3630 2908 ne
3653 2847 3865 2936 ωἱιιιιεῇη

2308 2927 2757 3020 propugnandis
2779 2945 3086 3002 catholicas
3118 2927 3414 3003 doctrinae
3435 2939 3700 3018 praesidiis
3716 2927 3872 3027 studio-

2308 3053 2409 3092 sus
2437 3036 2660 3103 videar,
2683 3051 2862 3106 quam
2895 3035 2998 3090 ille
3024 3035 3088 3089 in
3130 3033 3567 3108 oppugnandis.
3607 3027 3775 3084 Parato
3799 3021 3872 3071 ita-

2308 3142 2423 3198 que
2445 3126 2506 3180 in
2530 3125 2660 3197 ejus
2685 3124 2944 3180 editione
2971 3125 3166 3179 toxico
3194 3123 3591 3180 necessarium
3613 3118 3667 3172 in
3695 3113 3782 3168 hac
3802 3119 3874 3198 ιιοξ

2309 3194 2431 3270 stra
2459 3194 2793 3270 antidotum
2825 3229 3128 3285 opponere
3158 3214 3352 3270 officii
3376 3212 3491 3269 mei
3529 3224 3643 3266 esse
3675 3198 3820 3257 duxi:
3844 3194 3882 3245 el

545 3305 681 3374 post
699 3270 1030 3358 concilium
1049 3270 1454 3373 IAriminense,
1483 3270 2196 3381 ltekslteSi—riciowepistt
2224 3270 2270 3339 ο
2307 3318 2650 3376 quanquam
2671 3301 2742 3358 ad
2763 3270 3055 3374 prolixam
3079 3301 3382 3360 Albertini
3414 3297 3788 3359 catholicorum
3811 3297 3879 3337 δι”

548 3389 624 3446 ad
645 3389 970 3446 Himerium
1000 3391 1338 3460 Tarracon.,
1370 3409 1499 3448 can.
1525 3397 1576 3462 7,
1621 3397 1788 3466 quod,
1820 3397 2017 3469 inquit
2047 3399 2197 3454 Siri-

550 3479 697 3547 cius,
723 3486 868 3535 totus
888 3480 1082 3536 Oriens
1121 3482 1494 3552 Occidensque
1527 3485 1788 3540 custodit.
1842 3488 2197 3544 Pneumato-

548 3569 794 3624 machos
812 3569 1066 3642 Cyrillus
1087 3587 1183 3625 an.
1217 3571 1342 3642 380,
1375 3578 1584 3644 agente
1609 3574 1862 3631 Melania
1883 3583 1941 3631 et
1960 3578 2194 3647 Ruﬁno,

545 3660 825 3716 Ecclesia)
877 3660 1322 3729 reconciliavit;
1381 3662 1556 3718 ambo
1595 3665 1874 3720 Romanis
1919 3667 2198 3722 Ecclesiaa

544 3749 996 3806 consuetudinis
1035 3749 1284 3820 astricti,
1329 3751 1680 3824 rebaptizari
1712 3769 1814 3810 eos
1847 3771 1958 3811 nec
1987 3755 2198 3828 proba-

541 3840 768 3896 vissent
817 3857 928 3896 nec
985 3841 1406 3896 assensissent.
1467 3842 1631 3898 Idem
1678 3844 1886 3900 eodem
1931 3852 2199 3918 tempore

545 3946 714 3985 suam
765 3929 1160 3984 schismaticis
1219 3929 1662 4001 Apollinaristis
1716 3950 1824 4004 per
1852 3935 2198 4007 Gregorium

543 4018 876 4086 Nyssenum
908 4017 1396 4074 communionem
1454 4019 1777 4090 efferebat;
1837 4039 2024 4080 novus
2055 4039 2198 4080 sane

542 4102 876 4176 baptismus
907 4121 1030 4160 non
1081 4105 1544 4177 pr0ponebatur.
1579 4110 1660 4164 Ex
1691 4110 1782 4165 his
1813 4113 2091 4168 omnibus
2139 4111 2199 4168 id

542 4193 862 4264 probatum
897 4199 956 4249 et
984 4194 1320 4249 confectum
1353 4211 1508 4265 reor,
1543 4198 1870 4256 Ecclesiam
1903 4203 2200 4276 Jerosoly-

546 4283 836 4338 mitanam
871 4289 1137 4355 tempore
1157 4283 1471 4357 Cyrilli,ac
1504 4287 1791 4360 Cyrillum
1825 4293 2044 4364 ipsum,
2077 4311 2200 4350 non

546 4387 756 4427 omnes
788 4371 863 4428 ad
893 4371 1218 4428 Ecclesiam
1249 4380 1612 4433 revertentes
1664 4379 1975 4438 hmreticos
2004 4383 2200 4456 bapti-

543 4474 706 4516 zasse
732 4477 745 4515 :
769 4477 880 4517 nec
904 4461 1145 4534 probari
1177 4479 1351 4535 posse
1373 4465 1524 4521 alios
1555 4467 1626 4522 ab
1652 4469 1738 4525 eis
1783 4470 2196 4546 rebaptizatos,

541 4554 761 4621 praster
788 4565 890 4606 eos
940 4567 1089 4622 quos
1148 4552 1238 4607 vel
1297 4555 1551 4612 concilia
1577 4557 1648 4614 de
1707 4575 1855 4614 novo
1911 4561 2194 4633 baptizari

2303 3398 2720 3465 gumentorum
2745 3391 3218 3448 confutationem
3242 3393 3410 3448 brevi
3435 3388 3668 3448 oratione
3686 3385 3884 3472 1138.139“;

2303 3451 2430 3537 deri
2462 3497 2584 3537 non
2614 3482 2822 3553 possit,
2855 3481 3003 3536 mihi
3035 3480 3300 3538 liberum
3335 3499 3458 3538 non
3485 3476 3581 3534 fuit
3609 3483 3740 3527 onus
3764 3451 3884 3562 illud

2304 3572 2583 3642 effugere.
2619 3571 2744 3624 Non
2776 3569 2983 3642 ignoro
3017 3568 3320 3626 Albertini
3364 3562 3735 3627 cavillationes
3769 3562 3884 3642 λείως

2303 3659 2530 3715 dudum
2563 3660 2624 3714 in
2655 3658 2826 3713 libris
2856 3658 3073 3714 eximia
3103 3661 3451 3716 eruditione
3483 3663 3539 3712 et
3577 3649 3828 3708 rationum
3852 3647 3884 3685 τι

2303 3748 2656 3820 conscriptis
2685 3747 2960 3820 explosus
2989 3753 3168 3818 atque
3202 3750 3436 3822 ejectas
3465 3760 3609 3807 esse,
3653 3741 3710 3794 ut
3734 3738 3884 3788 eorum

2303 3839 2628 3912 diligentias
2675 3839 2770 3894 vix
2819 3837 3144 3910 quidquam
3197 3840 3389 3912 adjici
3439 3851 3606 3911 posse
3651 3827 3884 3884 videatur;

2304 3945 2532 4000 nosque
2563 3944 2632 3982 ex
2663 3944 2870 3983 eorum
2895 3927 3191 3984 industria
3225 3930 3492 3985 multum
3534 3915 3884 3998 proiecisse,“

2303 4017 2495 4073 multa
2516 4017 2590 4073 ab
2603 4017 2691 4072 eis
2703 4016 2965 4073 delibata
2980 4017 3095 4071 huc
3115 4017 3390 4074 fatemur
3405 4003 3884 4074 contulisse,1101'um

2302 4106 2550 4180 vestigia
2569 4107 2740 4177 sequi
2763 4105 2925 4162 laudi
2947 4105 3244 4163 ducentes
3269 4124 3283 4162 :
3318 4122 3528 4162 verum
3558 4111 3744 4159 eorum
3768 4094 3884 4181 0325f

2302 4173 2583 4252 nonnihil
2613 4173 2876 4251 ahostra
2897 4194 3235 4252 dissimilis.
3257 4197 3357 4252 Illi
3389 4189 3661 4266 ampliori
3687 4187 3742 4240 in
3762 4173 3884 4236 stadi'

2301 4285 2502 4358 positi,
2522 4299 2764 4341 causam
2781 4285 3027 4340 Patrum
3045 4284 3325 4342 omnium
3349 4283 3636 4341 tuendam
3656 4268 3884 4358 habentffi

2303 4351 2426 4445 non
2475 4351 2752 4445 suscepta
2796 4373 3166 4446 singulorum
3221 4373 3638 4447 indagatione,
3671 4351 3883 4447 generali

2303 4444 2682 4521 solummodo
2711 4444 3010 4534 principia
3037 4467 3220 4534 atque
3253 4444 3622 4537 argumenta
3649 4444 3884 4544 protulert

2305 4571 2436 4626 quae
2472 4551 2723 4626 singulis
2755 4551 3056 4624 applicata
3083 4551 3200 4607 vim
3233 4553 3681 4609 sententiarum
3720 4539 3779 4597 ab
3802 4539 3884 4626 ills]

540 4638 936 4711 principium;
968 4639 1060 4694 vel
1091 4639 1295 4698 vitiata
1325 4643 1538 4700 saltem
1569 4647 1765 4718 quoad
1800 4623 2044 4706 sensum
2087 4651 2192 4708 ba-
2224 4629 2273 4696 Ῑ)
2303 4623 2705 4714 βτοΐθοιειίηιω
2733 4623 3024 4713 αῐίθΐὶειῐιῐ,
3054 4646 3114 4696 et
3141 4640 3332 4698 falsas
3362 4656 3586 4698 omnes
3624 4623 3884 4699 inleTPmu

538 4725 842 4799 ptismatis
869 4727 1131 4786 formula
1158 4745 1299 4786 usos
1330 4747 1460 4788 esse
1495 4741 1746 4792 constat.

1188 4839 1420 4894 CAPUT
1460 4842 1557 4897 IX.

539 4944 620 4993 De
643 4945 792 4995 νεαιί
834 4945 1045 4994 Christi
1063 4947 1379 5006 praesentia
1426 4949 1489 4997 in
1520 4951 1880 5005 Eucharistia
1905 4965 1958 5005 et
2006 4965 2198 5007 trans-

603 5015 1115 5076 substantiatione;
1163 5017 1228 5066 in
1256 5032 1366 5081 quo
1413 5020 1613 5070 inanes
1651 5023 1937 5076 Albertim'
1970 5027 2042 5078 ad
2086 5029 2199 5078 ele-

602 5084 844 5160 gantiam
873 5088 991 5136 vim
1029 5088 1493 5160 testimoniorum
1524 5093 1735 5157 Cyrilli
1758 5098 2004 5158 argutiae
2031 5099 2196 5160 refel-

606 5153 851 5230 luntur;
882 5158 1184 5230 generales
1221 5159 1285 5208 in
1337 5153 1796 5214 Albertinianam
1825 5153 2196 5230 respondendi

606 5225 884 5274 rationem
911 5227 1336 5280 observationes.

617 5329 705 5385 69.
737 5331 819 5386 Ea
838 5331 1318 5392 testimoniorum
1339 5337 1542 5409 Cyrilli
1573 5357 1681 5412 pro
1703 5348 1954 5417 utroque
1989 5349 2191 5406 catho-

541 5417 662 5473 lico
717 5417 990 5491 dogmate
1047 5422 1394 5496 multitudo,
1431 5442 1500 5484 ac
1551 5433 1944 5503 perspicuitas
2002 5444 2091 5493 est
2119 5439 2192 5494 ab

546 5507 711 5562 omni
730 5507 866 5564 fuco
888 5513 990 5564 aut
1012 5511 1278 5585 ambage,
1301 5521 1404 5570 aut
1430 5522 1834 5592 metaphorico
1856 5541 2072 5596 genere
2102 5528 2190 5584 lo-

543 5596 802 5652 cutionis
819 5597 1032 5668 aliena,
1049 5603 1115 5654 ut
1143 5616 1174 5656 e
1189 5603 1301 5658 Pro
1310 5609 1664 5666 testantibus
1679 5612 2032 5672 sinceriores
2053 5633 2194 5674 sen-

539 5685 742 5743 tentias
760 5702 882 5746 sum
898 5687 1302 5747 adversarium
1324 5709 1388 5750 se
1401 5695 1620 5756 habere
1635 5701 1919 5776 Cyrillum
1936 5707 2188 5766 candide

2305 4732 2502 4788 tiones
2535 4730 2799 4803 ejiciant.
2823 4729 3003 4785 Nobis
3033 4731 3351 4802 augustius
3375 4731 3642 4802 spatium
3671 4726 3728 4778 et
3745 4720 3796 4773 in
3818 4721 3884 4804 (ξομ

2306 4825 2494 4878 tracto
2517 4799 2688 4876 labor
2717 4823 2826 4876 est.
2845 4819 3031 4874 Unius
3049 4799 3212 4875 enim
3231 4799 3449 4891 Cyrilli
3469 4811 3760 4875 sententia
3769 4799 3884 4900 nolit

2306 4927 2376 4967 ex
2407 4909 2758 4966 accuratiori
2779 4907 3094 4964 verborum
3118 4909 3168 4980 ej
3179 4923 3256 4964 us
3277 4909 3568 4965 examine
3589 4921 3656 4962 ac
3677 4904 3784 4956 toto
3805 4903 3883 4980 ei?

2305 4999 2441 5056 dem
2472 4999 2758 5055 doctrinm
2791 5013 2969 5068 scopo
3001 5002 3060 5052 et
3107 4975 3396 5054 instituto
3449 4988 3785 5070 aperienda,
3823 4975 3884 5078 ill]

2304 5089 2548 5145 stranda
2577 5101 2646 5144 ac
2675 5085 3104 5160 propugnanda
3144 5090 3256 5142 est.
3293 5087 3496 5156 Quod,
3555 5086 3673 5140 Deo
3702 5073 3884 5152 propitl

2303 5178 2387 5233 ita
2416 5193 2526 5232 nos
2575 5175 2922 5248 praestitisse
2981 5189 3320 5246 speramus,
3383 5181 3454 5230 ut
3485 5173 3724 5231 nullum
3747 5164 3884 5255 jatlf‘

2301 5265 2504 5338 Cyrilli
2517 5264 2791 5321 doctrina
2801 5263 2960 5320 circa
2971 5262 3721 5321 transsubstantiationem
3738 5248 3884 5338 dubii1

2301 5335 2658 5428 cujusquam
2687 5354 2888 5410 animo
2918 5352 3146 5408 haerere
3167 5368 3350 5424 posse
3367 5354 3663 5409 videatur.
3688 5335 3884 5436 Eumde

2301 5464 2436 5502 cum
2471 5445 2774 5502 Albertino
2818 5443 3092 5500 ordinem
3143 5459 3502 5514 sequemur.
3537 5443 3646 5498 Ille
3676 5438 3884 5524 deserti?

2299 5535 2458 5606 apud
2489 5534 2918 5591 Bellarminum
2948 5548 3018 5587 ex
3048 5531 3272 5604 Cyrillo
3306 5537 3674 5606 argumenta
3702 5521 3806 5581 sibi
3837 5521 3883 5570 si

2299 5624 2546 5698 gulatim
2608 5622 2836 5696 objicit,
2865 5637 3156 5692 suamque
3201 5621 3446 5679 eisdem
3505 5613 3884 5704 confutationt

2297 5711 2542 5787 subjicit
2567 5731 2582 5783 ;
2615 5729 2725 5770 nos
2755 5710 2972 5768 iisdem
3007 5713 3386 5784 argumentis
3409 5713 3636 5770 iterum
3657 5713 3880 5781 pmposn
