4024 6380
179 343 305 403 245

1581 340 2099 405 DISSERTATIO
2148 344 2255 405 Ill.

3524 345 3645 404 246

182 494 255 533 ac
288 490 445 530 nova
474 472 799 528 interdum
848 471 1059 527 robore
1107 473 1560 542 conﬁrmmatis,
1611 475 1745 545 quis
1773 491 1871 530 re—
1900 478 1954 544 Α
1985 477 2155 547 panis
2183 477 2310 533 dari
2342 478 2403 533 in
2424 478 2795 534 Eucharistia
2826 479 3025 550 ipsum
3048 495 3264 551 corpus
3286 476 3525 533 Christi.
3552 478 3641 532 Ita

185 572 374 641 ponat
444 562 807 618 Albertinus
884 562 1231 631 referemus,
1309 563 1874 636 cavillationumque

198 658 340 727 ejus
369 652 723 708 (utilitatem
755 652 1167 707 demonstrare
1217 658 1573 726 satagemu5°
1624 654 1737 709 Sed
1767 671 1874 709 an-

209 753 459 817 tequam
483 743 558 797 ad
610 758 741 796 rem
793 741 1165 810 accedamus,
1220 742 1351 813 ipsa
1392 744 1719 814 generatim
1774 744 1876 798 Al-

214 834 547 890 bertiniana
576 830 989 902 respondendi
1011 831 1160 888 ratio
1183 847 1249 886 ac
1278 831 1470 887 forma
1487 832 1875 904 proponenda

222 930 334 989 est,
364 922 794 995 generalesque
841 921 906 975 in
947 937 1076 977 eam
1121 920 1564 977 observationes
1610 923 1876 993 praemit-

217 1012 444 1069 tendaa:
500 1028 638 1082 quas
699 1010 945 1080 quidem
1019 1010 1373 1065 universalis
1449 1011 1873 1066 confutationis

214 1104 409 1158 locum
448 1106 656 1155 tenere
688 1098 943 1169 possint,
977 1102 1035 1151 et
1063 1115 1170 1153 nos
1193 1098 1535 1169 importuno
1560 1099 1766 1155 eadem
1798 1098 1872 1154 ad

207 1190 482 1263 singulas
541 1187 1091 1261 argumentationes
1134 1188 1441 1259 repetendi
1510 1196 1570 1244 et
1620 1189 1875 1262 ingemi-

207 1280 396 1336 nandi
431 1294 619 1333 onere
650 1277 929 1332 liberent.

276 1374 367 1424 70.
406 1371 493 1423 Ac
522 1367 719 1439 primo
751 1366 993 1437 quidem
1024 1365 1369 1422 Albertinus
1399 1368 1637 1423 tametsi
1677 1384 1871 1423 causa;

196 1476 328 1515 sum
360 1475 426 1513 se
456 1456 718 1511 maxime
747 1455 1156 1527 praeﬁdentem
1203 1462 1479 1523 ostentet,
1513 1457 1869 1528 Cyrillianoc

202 1566 342 1604 rum
400 1554 610 1601 tamen
658 1545 1133 1600 testimoniorum
1178 1545 1292 1599 vim
1348 1551 1533 1601 totam
1579 1547 1867 1611 sentiens,

206 1637 364 1693 nihil
384 1634 815 1709 prastermittit,
840 1651 955 1705 quo
980 1634 1210 1705 pondus
1234 1634 1356 1690 illis
1376 1652 1553 1690 omne
1571 1635 1864 1691 detrahat.

196 1726 497 1799 Cyrillum
524 1740 718 1795 ipsum
734 1723 957 1778 invidia
986 1724 1146 1778 omni
1178 1728 1388 1779 onerat
1413 1740 1425 1778 :
1460 1725 1866 1781 communica-

1984 566 2441 640 intelligendum
2467 569 2720 640 reponit,
2746 584 2960 640 panem
2976 584 3104 622 esse
3129 574 3332 639 typum
3348 567 3636 639 corporis,

1983 673 2088 711 seu
2119 674 2336 728 corpus
2387 658 2648 730 typicum
2678 675 2692 724 ;
2725 674 2793 713 ac
2837 658 3026 712 multa
3079 657 3347 712 cumulat
3394 657 3526 711 loca
3572 657 3636 711 in

1984 745 2201 816 quibus
2231 764 2326 801 res
2358 748 2486 818 ipsa
2516 764 2647 818 quas
2680 752 2768 802 est
2798 752 2971 819 typus
3003 750 3062 801 et
3083 747 3340 819 signum,
3384 747 3510 801 voci
3543 750 3635 817 ty-

1983 852 2093 907 pus
2125 837 2187 907 in
2218 837 2508 909 regimine
2549 838 2896 909 subjicitur:
2948 836 3455 908 quemadmodum
3488 836 3636 892 dici-

1984 932 2100 989 tur,
2122 929 2339 996 signum
2366 929 2816 995 circumcisionis,
2842 935 3004 998 typus
3031 930 3203 996 Jonas,
3236 945 3343 999 pro
3381 927 3638 983 circum-

1984 1014 2130 1069 cisio
2159 1015 2587 1083 signum,Jonas
2618 1022 2798 1086 typus.
2822 1016 3037 1087 Aitque
3069 1017 3153 1072 sic
3169 1016 3385 1071 Christi
3420 1032 3637 1087 corpus

1983 1103 2044 1157 in
2075 1110 2212 1176 typo
2242 1106 2415 1176 panis
2446 1104 2619 1159 nobis
2650 1104 2799 1171 dari,
2833 1105 2988 1159 sicut
3016 1121 3050 1159 a
3096 1105 3370 1161 Patribus
3420 1104 3639 1159 dicitur

1982 1193 2250 1247 Christus
2282 1194 2341 1247 in
2363 1200 2499 1265 typo
2533 1210 2757 1249 manna
2778 1194 3048 1265 patribus
3071 1193 3265 1262 datus,
3293 1194 3354 1248 in
3380 1193 3639 1266 imagine

1983 1287 2042 1336 et
2073 1281 2261 1353 ﬁgura
2290 1282 2616 1338 bestiarum
2649 1283 2919 1337 omnium
2943 1283 3005 1337 in
3036 1283 3227 1337 Veteri
3260 1284 3637 1338 Testamento

1983 1371 2451 1426 sacriﬁcatarum
2502 1370 2862 1427 immolatus.
2910 1371 3102 1426 Nihilo
3152 1371 3340 1443 magis
3370 1376 3639 1426 moratur

1983 1461 2139 1531 quod
2163 1479 2267 1533 per
2285 1463 2671 1517 Eucharistia)
2696 1462 3476 1533 participationem,Christo
3499 1477 3637 1516 con-

1981 1567 2236 1624 sangues
2267 1558 2325 1607 et
2357 1553 2742 1624 concorporei
2775 1551 2929 1608 efﬁci
2963 1552 3252 1607 dicamur.
3273 1551 3435 1606 Idem
3470 1550 3632 1605 enim

1980 1640 2051 1695 de
2084 1641 2380 1713 baptismo
2415 1642 2639 1696 dictum
2671 1658 2705 1697 a
2734 1641 2941 1697 multis
2967 1641 3241 1696 Patribus
3288 1639 3628 1712 pertendit:

1981 1731 2081 1800 qui
2114 1732 2355 1801 quidem
2388 1733 2508 1786 fere
2540 1748 2747 1787 omnes
2780 1731 2833 1785 id
2870 1730 2940 1786 de
2971 1730 3342 1786 Eucharistia
3372 1746 3507 1785 cum
3523 1729 3630 1784 ba-

198 1816 387 1871 tionis
420 1830 566 1869 cum
601 1812 861 1911 Arianis,
898 1812 1239 1867 variationis
1271 1813 1332 1868 in
1368 1812 1483 1868 ﬁde
1515 1819 1572 1869 et
1603 1830 1865 1869 commu-
1901 1848 1949 1913 B
1979 1822 2197 1892 ptismo
2222 1822 2958 1892 sumptaloquuntur.Nec
2991 1820 3125 1892 plus
3146 1819 3519 1875 difﬁcultatis
3540 1835 3631 1874 re-

200 1906 404 1973 nione,
437 1903 548 1957 zeli
601 1917 740 1974 erga
792 1901 1176 1972 impietatem,
1223 1903 1625 1959 contentionis
1676 1904 1869 1959 ambi-

214 1995 378 2049 tiosa
408 1993 484 2048 de
515 1992 777 2063 primatu
806 1996 1061 2046 accusat.
1105 1993 1150 2046 A
1182 1992 1542 2047 sanctissimi
1593 1993 1869 2065 prtesulis

217 2100 487 2157 persona,
510 2084 576 2139 in
601 2082 735 2154 ejus
756 2082 976 2153 scripta
997 2082 1286 2153 impetum
1305 2082 1552 2148 faciens,
1592 2085 1866 2140 cateche-

224 2192 321 2231 ses
347 2178 405 2229 in
432 2174 801 2230 adolescentia
827 2173 1085 2229 auctoris
1116 2174 1366 2245 scriptas
1395 2190 1515 2229 non
1548 2175 1676 2229 sine
1707 2179 1868 2230 certo

217 2264 472 2320 consilio
501 2268 689 2329 notat,
709 2262 1109 2317 Romanorum
1131 2261 1405 2318 codicum
1429 2280 1459 2317 e
1486 2262 1704 2333 quibus
1729 2266 1871 2319 Pre-

209 2355 409 2410 votius
440 2354 783 2409 catecheses
805 2353 1034 2407 Graecas
1068 2351 1270 2415 edidit,
1296 2358 1633 2424 suspectam
1665 2352 1774 2408 sibi
1798 2356 1867 2409 ﬁs

205 2444 383 2509 dem,
410 2445 800 2513 Danaumque
816 2440 1057 2496 fraudes
1086 2447 1141 2497 et
1158 2442 1543 2497 inimicorum
1567 2442 1724 2498 dona
1743 2459 1867 2497 me-

214 2540 404 2589 tuere
427 2548 494 2587 se
517 2533 615 2586 ait.
632 2533 734 2587 Eas
754 2534 817 2586 in
848 2531 1025 2586 variis
1069 2530 1215 2586 locis
1253 2538 1563 2604 corruptas
1598 2548 1727 2588 esse
1759 2548 1867 2604 pro

230 2636 303 2676 re
327 2619 1232 2691 demonstrataindubitabilique
1248 2622 1551 2692 supponit.
1578 2623 1868 2693 Mystago—

234 2709 499 2782 gicarum
525 2725 628 2764 nec
644 2708 916 2764 eumdem
947 2709 1164 2780 stylum
1183 2725 1293 2765 nec
1316 2710 1587 2765 eamdem
1617 2710 1870 2766 auctori-

226 2804 411 2854 tatem
443 2814 505 2853 se
537 2803 679 2853 teste
711 2815 778 2853 ac
801 2797 1006 2870 judice
1037 2798 1322 2853 decernit.
1359 2800 1503 2854 Dato
1536 2806 1736 2855 tamen
1767 2816 1867 2855 eas

218 2886 423 2958 Cyrilli
456 2903 589 2942 vere
619 2886 940 2954 esse,nihil
971 2887 1033 2941 in
1053 2888 1137 2942 eis
1158 2888 1449 2943 contineri
1471 2889 1629 2959 quod
1662 2890 1866 2944 catho-

216 2977 345 3033 lica)
376 2993 574 3033 causas
599 2976 808 3042 faveat,
837 2978 1151 3032 ostendere.
1182 2978 1540 3052 aggreditur,
1576 2980 1733 3035 Nihil
1769 2980 1867 3035 hic

213 3067 405 3122 dicam
438 3067 512 3121 de
544 3065 908 3138 imprudenti
952 3071 1009 3121 et
1038 3066 1247 3122 frivola
1297 3067 1592 3123 Albertini
1624 3085 1863 3124 accusa-

210 3158 372 3212 tione
404 3156 468 3211 in
501 3156 811 3228 Cyrillum,
843 3156 1183 3212 catecheses
1237 3156 1437 3229 [CCVI]
1493 3158 1643 3230 ejus,
1675 3165 1733 3214 et
1763 3159 1864 3230 qui

1980 1910 2136 1981 perit
2156 1911 2216 1963 in
2244 1927 2334 1978 eo,
2368 1910 2526 1981 quod
2554 1916 2789 1982 sumpto
2822 1916 2882 1965 et
2911 1909 3226 1964 distributo
3272 1910 3334 1964 in
3366 1908 3635 1963 membra

1978 2007 2184 2056 nostra
2208 2000 2424 2055 Christi
2456 2017 2701 2071 corpore
2734 2006 2792 2055 et
2821 2000 3109 2072 sanguine
3136 1998 3470 2054 Christiferi
3500 1998 3629 2053 efﬁ-

1979 2090 2192 2145 cimur.
2225 2090 2408 2161 Negat
2436 2089 2596 2143 enim
2628 2088 2744 2143 dici
2777 2105 2951 2160 posse
2982 2088 3141 2160 quod
3172 2105 3374 2144 verum
3414 2088 3632 2143 Christi

1978 2196 2195 2252 corpus
2226 2179 2288 2233 in
2307 2178 2575 2233 membra
2597 2184 2802 2233 nostra
2831 2177 3228 2233 distribuitur.
3253 2178 3633 2234 Christiferos

1979 2275 2178 2325 autem
2208 2267 2338 2339 pios
2369 2267 2643 2322 homines
2676 2284 2744 2322 eo
2769 2267 2927 2338 quod
2968 2266 3268 2322 Christum
3319 2267 3381 2322 in
3431 2273 3631 2322 mente

1977 2363 2186 2431 gerant
2209 2357 2527 2429 vulgariter
2547 2357 2854 2428 appellari.
2882 2357 2937 2412 Si
2960 2356 3211 2428 objicias
3227 2356 3514 2427 Cyrillum
3536 2356 3629 2411 di-

1978 2463 2134 2517 cere,
2167 2464 2287 2502 non
2319 2445 2685 2503 credendum
2716 2446 2992 2501 sensibus
3024 2462 3240 2516 panem
3264 2450 3323 2501 et
3340 2447 3541 2502 vinum
3567 2447 3628 2501 in

1976 2536 2348 2591 Eucharistia
2372 2535 2875 2602 renuntiantibus,
2903 2535 3005 2590 sed
3026 2534 3163 2591 ﬁdei
3182 2534 3628 2608 Christicorpus

1979 2631 2037 2680 et
2067 2627 2417 2697 sanguinem
2451 2642 2580 2681 esse
2600 2625 2859 2692 docenti,
2884 2625 2985 2695 qui
3009 2626 3169 2680 enim
3190 2624 3627 2696 videturpanis,

1977 2732 2193 2788 panem
2225 2733 2344 2770 non
2387 2732 2537 2779 esse,
2591 2721 2725 2779 etc.,
2785 2714 3109 2786 respondet
3155 2717 3361 2770 Patres
3419 2715 3629 2771 eodem

1977 2805 2156 2860 modo
2174 2805 2237 2860 in
2259 2805 2431 2876 aquis
2453 2804 2911 2876 baptismalibus
2936 2819 3218 2859 sensuum
3248 2803 3477 2875 judicio
3507 2822 3629 2859 non

1978 2911 2108 2951 esse
2142 2894 2420 2950 standum
2441 2894 2829 2949 afﬁrmavisse
2856 2910 2868 2947 :
2903 2910 3120 2966 panem
3145 2898 3203 2947 et
3226 2894 3427 2948 vinum
3447 2893 3503 2948 id
3528 2911 3630 2949 ac-

1978 2985 2295 3055 quisixisse
2312 2990 2378 3039 ut
2399 3000 2612 3056 corpus
2639 2983 2897 3056 typicum
2923 2988 2982 3037 et
3022 2983 3261 3054 sanguis
3299 2983 3439 3048 sint,
3472 2982 3633 3053 quod

1977 3081 2184 3145 gustus
2214 3088 2335 3128 non
2367 3072 2776 3144 deprehendit.
2806 3072 2951 3127 Cum
2975 3071 3233 3144 denique
3267 3071 3477 3144 objicit
3496 3071 3632 3140 sibi,

1982 3163 2141 3235 quod
2154 3162 2408 3234 Cyrillus
2424 3162 2486 3217 in
2502 3177 2668 3217 sacra
2681 3162 3105 3217 communione
3118 3177 3315 3233 regem
3329 3161 3634 3217 Christum

209 3262 307 3302 eas
337 3213 587 3301 edider‘e
613 3262 628 3312 ;
660 3213 975 3300 hmclenim
1009 3262 1043 3300 ξι
1090 3213 1263 3301 nobis
1312 3213 1869 3318 partimuin’Prael‘a-
1899 3213 1943 3280 C
1982 3213 2390 3324 sluscipiddicat
2419 3257 2479 3307 et
2490 3251 2702 3323 jubeat
2720 3251 2954 3307 adorari
2982 3268 2995 3306 :
3036 3250 3098 3305 in
3127 3213 3409 3322 prbmptu
3431 3250 3629 3322 habet,

214 3337 378 3391 tione
409 3335 699 3407 generali,
720 3335 939 3406 partim
962 3336 1022 3390 in
1045 3335 1568 3391 dissertationibus
1585 3336 1658 3394 de
1678 3338 1795 3393 vita
1811 3342 1871 3393 et

220 3425 459 3496 scriptis
490 3422 695 3495 Cyrilli
721 3423 961 3495 repulsa
991 3429 1049 3478 et
1088 3424 1314 3496 rejecta
1360 3430 1500 3480 sunt
1528 3442 1541 3480 :
1575 3426 1706 3499 ejus
1737 3432 1867 3482 tan-

222 3512 534 3569 tummodo
552 3512 628 3567 ad
648 3513 1086 3568 Catholicorum
1100 3520 1451 3593 argumenta
1467 3515 1869 3587 respondendi

210 3605 508 3659 rationem
540 3607 742 3673 specto
770 3619 783 3656 :
820 3619 951 3673 qua:
980 3608 1100 3658 tota
1132 3603 1194 3657 in
1227 3603 1553 3659 subtilitate
1574 3605 1869 3660 consistit.

209 3694 364 3748 Cum
395 3692 511 3747 sibi
544 3691 752 3763 objicit
780 3708 851 3747 ex
880 3691 1121 3763 Cyrillo,
1156 3709 1276 3748 non
1310 3709 1439 3749 esse
1477 3692 1871 3749 dubitandum

216 3782 359 3852 quin
385 3781 563 3853 panis
598 3786 656 3836 et
684 3781 885 3835 viuum
918 3781 1378 3837 eucharisticum
1410 3783 1531 3837 sint
1569 3800 1784 3855 corpus
1818 3787 1875 3837 et

228 3871 459 3943 sanguis
489 3870 729 3935 Christi,
758 3870 1078 3941 respondet
1108 3871 1396 3941 mysticum
1426 3878 1478 3926 et
1520 3874 1874 3942 symbolicum

221 3976 438 4029 corpus,
466 3960 579 4015 hoc
618 3965 1092 4025 est,sacramento
1127 3966 1178 4016 et
1204 3960 1440 4016 virtute:
1488 3961 1648 4033 quod
1693 3962 1876 4017 nimi-

224 4067 358 4105 rum
390 4051 786 4106 eucharistica
815 4050 971 4106 dona
1003 4050 1252 4123 ﬁguram
1299 4051 1563 4107 referant
1611 4053 1875 4125 corporis

223 4140 469 4201 Christi,
504 4140 751 4212 ejusque
791 4139 952 4195 vobis
999 4141 1277 4195 virtutem
1311 4146 1369 4195 et
1412 4141 1736 4197 efﬁcaciam
1771 4158 1879 4198 sua

220 4229 567 4300 sumptione
590 4230 1057 4285 communicent:
1082 4230 1588 4301 quemadmodum
1602 4248 1756 4303 aqua
1772 4232 1879 4287 ba-

220 4318 524 4392 ptismalis
555 4324 615 4373 et
644 4335 877 4374 sacrum
926 4324 1318 4392 unguentum,
1370 4320 1643 4392 ejusdem
1676 4321 1879 4392 Cyrilli

219 4409 545 4471 sententia,
572 4408 731 4463 nuda
748 4425 865 4463 non
890 4413 1032 4464 sunt
1052 4407 1368 4476 elementa,
1395 4409 1499 4464 sed
1514 4410 1629 4465 vim
1654 4409 1878 4465 sancti-

225 4497 447 4553 ﬁcandi
482 4498 795 4552 continent
842 4498 902 4553 Si
934 4498 1182 4569 objicias
1213 4516 1281 4553 ex
1314 4498 1603 4554 miraculo
1639 4516 1878 4555 conver-

1976 3343 2275 3398 Christum
2334 3341 2555 3412 suscipi
2608 3341 2670 3395 in
2703 3340 2871 3409 signo
2930 3356 3036 3395 suo
3068 3356 3173 3395 seu
3233 3344 3627 3409 sacramento,

1946 3506 1951 3509 _
1979 3430 2138 3502 quod
2167 3431 2255 3486 rei
2289 3430 2636 3502 signiﬁcatus
2669 3429 2915 3484 nomine
2929 3428 3151 3500 passim
3174 3428 3509 3500 appelletur
3534 3447 3546 3496 ;
3572 3434 3631 3484 et

1979 3519 2389 3576 adorationem
2418 3518 2597 3573 rebus
2627 3533 2661 3573 a
2692 3519 2808 3573 Deo
2844 3518 3102 3574 maxime
3152 3517 3398 3573 diversis
3446 3517 3629 3573 tribui

1982 3609 2195 3666 solere.
2232 3607 2461 3678 [CCVII]
2492 3609 2613 3661 Hoc
2646 3607 2923 3679 generale
2955 3606 3504 3662 Albertinianarum
3535 3624 3633 3662 ro-

1983 3696 2373 3768 sponsionum
2417 3711 2450 3749 a
2499 3694 2671 3749 nobis
2718 3694 3103 3766 peculiariter
3147 3694 3637 3763 exponendarum

1983 3786 2287 3857 specimen
2320 3790 2378 3838 et
2407 3783 2765 3855 exemplum.
2790 3782 3036 3836 Interim
3058 3782 3370 3853 generales
3390 3781 3464 3837 ad
3503 3798 3635 3838 eam

1982 3872 2384 3945 respondendi
2410 3872 2701 3927 rationem
2725 3872 2831 3926 has
2854 3869 3298 3926 observationes
3312 3868 3635 3942 habe,qu£e

1983 3963 2216 4036 possint
2244 3979 2348 4034 pro
2375 3961 2535 4016 omni
2563 3959 2955 4032 responsione
2986 3960 3284 4015 sufﬁcere.

2056 4057 2145 4110 71.
2178 4052 2378 4108 Prima
2406 4051 2609 4122 itaque
2635 4051 2713 4105 sit
2736 4050 3092 4105 observatio;
3130 4050 3184 4105 Si
3223 4048 3635 4105 Albertiniana

1983 4142 2186 4215 Cyrilli
2210 4157 2417 4197 vocum
2441 4144 2499 4195 et
2518 4140 2951 4195 sententiarum
2984 4138 3398 4211 interpretatio
3438 4155 3638 4194 veram

1986 4232 2041 4289 S.
2061 4232 2251 4287 Patris
2267 4236 2554 4297 mentem,
2571 4236 2630 4285 et
2651 4231 2779 4301 ejus
2804 4229 3145 4284 auditorum
3172 4228 3634 4302 intelligentiam

1985 4326 2394 4393 repraesentet,
2418 4318 2533 4375 duo
2561 4324 2732 4391 juxta
2754 4317 3027 4387 ridicula,
3065 4318 3138 4374 ab
3161 4319 3323 4374 omni
3374 4320 3639 4375 humana

1987 4408 2417 4466 consuetudine
2440 4408 2847 4473 abhorrentia,
2867 4425 2936 4463 ac
2963 4424 3164 4463 rerum
3199 4413 3427 4464 natura;
3459 4409 3637 4480 plane

1986 4501 2284 4556 contraria
2314 4503 2776 4569 consequentur.
2802 4498 2999 4553 Primo
3038 4514 3281 4553 necesse
3332 4502 3423 4552 est
3446 4497 3637 4569 Cyril—

230 4587 411 4642 sionis
443 4603 615 4658 aquae
648 4587 708 4641 in
738 4588 960 4653 vinum,
994 4587 1282 4659 Cyrillum
1313 4590 1667 4645 conﬁrmare
1687 4594 1874 4645 muta-
1906 4575 1953 4638 D
1985 4588 2130 4655 lum,
2150 4605 2286 4644 eum
2308 4603 2523 4658 nempe
2547 4586 2852 4642 doctorem
2876 4586 2975 4657 qui
3000 4585 3063 4641 in
3085 4585 3454 4658 exponendis
3476 4592 3632 4658 apte,

239 4675 450 4731 tionem
486 4676 659 4747 panis
692 4681 751 4731 et
778 4676 894 4731 vini
927 4677 987 4731 in
1019 4676 1231 4732 Christi
1282 4693 1496 4749 corpus
1551 4684 1608 4734 et
1638 4680 1879 4752 sangui-

232 4781 405 4835 nem;
471 4771 677 4837 parata
723 4766 1034 4837 responsio
1084 4782 1154 4821 ex
1202 4765 1407 4821 multis
1448 4769 1879 4824 mutationibus

223 4855 652 4927 metaphoricis
684 4855 744 4910 in
786 4872 885 4911 ore
936 4857 1179 4911 Patrum
1228 4856 1666 4914 communibus.
1701 4858 1882 4912 Aiunt

223 4945 386 4999 enim
420 4949 659 5000 sanctos
688 4944 963 5000 homines
981 4945 1041 5000 in
1065 4944 1308 5018 angelos
1334 4946 1742 5017 transmutari,
1764 4947 1878 5000 im-

227 5036 360 5106 pios
382 5034 444 5089 in
466 5034 687 5090 bestias
713 5051 725 5089 :
752 5040 1089 5090 sanctorum
1118 5033 1351 5090 animas
1373 5052 1480 5107 per
1491 5036 1791 5107 justitiam
1819 5052 1882 5091 1n

230 5123 492 5179 divinam
524 5129 822 5193 naturam,
842 5123 961 5178 imo
994 5129 1053 5177 et
1076 5138 1328 5195 corpora
1357 5124 1420 5179 in
1442 5125 1882 5180 resurrectione

230 5212 293 5268 in
315 5213 647 5284 spiritalem
670 5212 888 5268 animas
910 5217 1208 5279 naturam,
1233 5216 1293 5267 et
1323 5212 1384 5267 in
1406 5212 1597 5284 ipsam
1620 5213 1882 5269 divinam

1986 4676 2243 4732 breviter
2273 4682 2331 4732 et
2360 4675 2619 4731 dilucide
2651 4675 2872 4730 nostris
2919 4674 3295 4748 dogmatibus
3342 4674 3631 4747 singulari

1986 4767 2268 4823 facultate
2300 4765 2584 4838 praaditus
2613 4765 2744 4832 fuit,
2778 4771 2844 4820 ut
2870 4763 2961 4819 vel
2992 4764 3119 4819 sola
3145 4769 3397 4819 testatur
3426 4769 3641 4834 quarta

1990 4855 2339 4924 catechesis,
2372 4873 2508 4911 cum
2537 4854 2786 4911 rudibus
2816 4853 3132 4925 neophytis
3172 4852 3639 4908 ecclesiasticam

1990 4945 2062 5002 de
2094 4945 2467 5001 Eucharistia
2516 4943 2848 5001 doctrinam
2910 4959 3134 5013 presse,
3186 4940 3542 5013 simpliciter
3571 4957 3641 4997 ac

1992 5035 2438 5107 circumscripte
2466 5031 2916 5107 proponendam
2941 5047 3007 5087 ac
3022 5028 3440 5086 declarandam
3464 5028 3643 5087 habe-

1990 5129 2101 5194 ret,
2134 5126 2197 5179 in
2228 5125 2339 5179 hoc
2371 5123 2496 5179 solo
2542 5123 2755 5196 capite,
2802 5126 3033 5177 tantum
3084 5136 3119 5175 a
3167 5136 3275 5176 sua
3314 5119 3551 5176 dicendi
3583 5125 3644 5176 et

1992 5213 2327 5286 exponendi
2358 5213 2642 5269 facilitate
2690 5211 3013 5277 desertum,
3074 5214 3194 5264 tam
3235 5210 3536 5282 elinguem
3586 5215 3647 5266 et

1991 5304 2335 5375 imperitum
2359 5301 2555 5357 subito
2574 5300 2923 5366 evasisse,ut
2950 5297 3119 5354 nulla
3143 5298 3359 5370 quibus
3377 5306 3642 5357 mentem

1993 5410 2060 5450 ac
2089 5391 2448 5449 sententiam
2483 5407 2649 5446 suam
2682 5388 2902 5443 diserte
2934 5388 3323 5460 expediteque
3354 5406 3643 5461 propone-

1991 5488 2083 5538 ret
2112 5481 2290 5537 verba
2332 5481 2598 5536 invenire
2624 5478 2917 5551 potuerit:
2979 5485 3187 5533 contra
3235 5479 3308 5533 iis
3357 5479 3555 5534 verbis
3586 5484 3646 5535 et

1994 5570 2309 5628 sententiis
2339 5586 2538 5637 usum,
2598 5567 2814 5640 quibus
2846 5565 3105 5622 alienam
3162 5584 3429 5640 prorsus,
3487 5573 3545 5624 et
3575 5585 3645 5622 ex

1993 5665 2118 5717 toto
2148 5659 2482 5732 oppositam
2504 5658 2580 5729 ei,
2614 5672 2794 5731 quam
2815 5654 3073 5712 habebat
3091 5656 3154 5713 in
3174 5656 3398 5732 animo,
3422 5656 3647 5712 doctri-

227 5309 502 5358 naturam
534 5300 960 5367 transmutari;
994 5300 1293 5355 Christum
1338 5302 1460 5356 sive
1497 5302 1561 5357 in
1606 5302 1885 5359 incarna-

228 5392 407 5457 tione,
438 5392 555 5448 sive
572 5396 711 5465 post
752 5389 1166 5445 ascensionem
1190 5394 1380 5444 totum
1418 5391 1603 5447 Deum
1637 5391 1881 5462 factum,

231 5481 661 5540 humanitatem
681 5481 747 5535 in
765 5478 1024 5534 divinam
1046 5485 1323 5535 naturam
1346 5479 1629 5537 transisse
1656 5499 1670 5539 :
1699 5499 1885 5554 aquas

234 5572 504 5647 baptismi
532 5568 760 5629 Christi
792 5568 1077 5640 sanguine
1116 5567 1468 5624 rubricatas.
1509 5570 1627 5626 Sibi
1678 5570 1887 5644 objicit

232 5664 571 5724 Albertinus
604 5657 777 5734 quod
807 5655 1059 5728 Cyrillus
1091 5656 1250 5715 dicat
1280 5656 1389 5716 sub
1420 5663 1557 5730 typo
1589 5665 1649 5716 et
1696 5659 1886 5734 ﬁgura
