4024 6404
351 395 468 457 ΞΠ

1552 393 1655 454 DE
1698 385 2092 453 DOCTBINA
2135 389 2198 448 S.
2248 388 2584 450 CYBlLLl.

3653 395 3769 453 248

357 543 499 583 nam
527 526 888 594 enuntiaret,
921 530 988 581 ut
1015 542 1046 582 e
1076 526 1298 582 nostris
1336 524 1656 581 Catholicis
1705 526 1800 580 vix
1839 523 2003 595 quis-
2034 523 2088 589 Α
2121 538 2300 594 quam
2331 540 2402 578 ex
2436 522 2740 579 Albertino
2771 523 2944 582 attuli
2971 539 3033 579 ιι.
3063 525 3254 581 70.Ea
3281 525 3430 582 adeo
3454 526 3770 582 anaturali

365 631 546 688 quam
583 614 865 670 disertius
917 632 1096 686 quam
1135 615 1338 686 Cyrilli
1381 615 1597 684 verbis,
1649 613 2010 669 catholicum

364 705 582 778 dogma
601 705 932 776 exprimere
957 722 1025 760 ac
1047 704 1350 760 declarare
1371 703 1584 760 voleat.
1601 702 1751 769 Quid
1783 701 2016 756 facilius

372 793 593 865 Cyrillo
620 810 798 864 quam
817 793 1014 849 dicere
1043 811 1055 848 :
1085 794 1310 865 Mystici
1345 795 1520 866 panis
1556 800 1613 848 et
1633 794 1752 848 vini
1777 792 2014 865 partici-

365 900 473 955 pes
504 882 644 937 facti
677 883 841 947 estis,
875 899 1005 954 qua:
1057 882 1324 954 corporis
1357 889 1415 937 et
1465 883 1769 956 sanguinis
1798 879 2016 936 Christi

368 972 765 1043 appellatione
789 971 1006 1026 donata
1029 978 1191 1037 sunt;
1223 988 1346 1026 non
1366 971 1523 1043 quod
1548 972 1716 1043 panis
1735 977 1793 1026 et
1817 971 2018 1024 vinum

372 1077 504 1117 esse
535 1059 855 1128 desierint;
889 1061 1221 1116 reclamant
1251 1061 1414 1115 enim
1463 1077 1676 1116 sensus
1715 1077 1930 1132 panem
1965 1064 2024 1114 et

370 1153 570 1206 vinum
594 1157 660 1204 ut
679 1150 845 1222 prius
871 1151 1382 1217 demonstrantes;
1405 1150 1507 1205 sed
1538 1150 1716 1222 quod,
1747 1149 2022 1222 precibus

370 1237 648 1294 Ecclesia:
673 1245 732 1295 et
751 1239 1004 1310 Spiritus
1023 1240 1212 1294 sancti
1234 1246 1593 1311 superventu
1633 1241 2022 1309 sanctiﬁcata,

371 1328 543 1400 panis
575 1327 772 1383 nudus
803 1334 862 1383 et
891 1327 1118 1384 nudum
1147 1329 1349 1384 vinum
1392 1346 1512 1384 non
1561 1329 1682 1384 sint
1725 1327 2022 1400 amplius;

373 1434 578 1472 verum
619 1417 868 1489 ﬁguram
891 1423 1100 1490 gerant
1119 1419 1386 1490 corporis
1421 1418 1660 1486 Christi,
1701 1418 2028 1473 occultam-

376 1523 493 1580 que
525 1507 802 1562 sensibus
835 1507 1180 1562 eorumdem
1211 1508 1489 1562 virtutem
1521 1513 1580 1561 et
1609 1506 1938 1562 efﬁcaciam
1965 1506 2026 1561 in

375 1612 439 1652 se
461 1595 855 1651 contineant?
885 1595 1036 1661 Quid
1078 1595 1422 1652 Calviniano
1459 1596 1546 1651 vel
1579 1596 2028 1668 imperitissimo

378 1686 489 1741 hac
515 1685 783 1740 oratione
815 1684 1050 1739 facilius
1081 1700 1148 1739 ac
1199 1685 1534 1757 promptius
1554 1685 1582 1739 ‘I
1628 1685 1846 1740 Eodem
1879 1701 2028 1756 pene

381 1773 558 1830 modo
583 1773 839 1844 Cyrillus
881 1774 994 1828 vim
1017 1789 1187 1845 aqua;
1228 1772 1624 1845 baptismalis,
1658 1773 1772 1827 olei
1806 1773 2030 1828 exorci-

2122 613 2437 669 verborum
2469 630 2650 670 sensu
2705 614 2950 684 recedit,
3009 620 3360 687 tantumque
3419 615 3774 672 subtilitatis

2123 701 2560 773 complectitur,
2589 709 2654 758 ut
2684 720 2803 759 non
2835 719 2906 758 ex
2935 720 2999 758 re
3029 709 3230 760 natam
3262 721 3329 761 ac
3359 706 3551 760 menti
3585 721 3662 760 ex
3701 705 3774 760 si-

2125 791 2506 863 gniﬁcatione
2528 809 2736 848 vocum
2768 792 3048 858 oblatam,
3087 793 3193 849 sed
3234 793 3427 849 studio
3466 799 3524 848 et
3552 795 3777 866 sagaci-

2125 885 2244 934 tate
2275 881 2704 951 conquisitam,
2735 887 2793 937 et
2817 881 2891 937 ad
2923 883 3318 954 effugiendam
3351 883 3466 936 vim
3511 883 3784 938 veritatis
3892 881 3897 946 ἲ

2127 968 2422 1025 laboriose
2453 971 2780 1042 excogitam
2811 987 3118 1042 agnoscas.
3153 972 3286 1026 Haec
3316 971 3626 1043 quomodo
3657 988 3782 1026 sese

2126 1059 2561 1132 neophytorum
2621 1065 2820 1115 mente
2879 1062 3092 1116 offerre
3141 1061 3334 1133 potuit
3389 1060 3564 1116 nulla
3595 1061 3783 1132 prius,

2129 1166 2203 1204 ne
2235 1150 2428 1204 dicam
2475 1149 2772 1205 contraria
2820 1167 3062 1221 prorsus
3109 1150 3520 1206 admonitione
3555 1167 3783 1222 praepa-

2129 1245 2293 1305 ratae,
2329 1255 2460 1310 quin
2505 1238 2824 1293 subtilibus
2881 1245 2940 1293 et
2996 1240 3244 1295 eruditis
3303 1239 3784 1296 adversariorum

2131 1335 2472 1384 nostrorum
2506 1328 2761 1399 ingcniis
2795 1328 2980 1383 multo
3007 1328 3278 1384 fortassis
3309 1329 3513 1385 labore
3561 1345 3633 1384 ac
3661 1335 3786 1384 stu-

2132 1417 2229 1473 dio
2260 1417 2571 1473 constitit?

2205 1510 2294 1560 72.
2327 1506 2415 1561 Ad
2449 1504 2772 1561 secundam
2803 1505 3278 1563 observationem
3307 1507 3563 1580 gradum
3615 1508 3790 1564 facio.

2138 1597 2288 1651 Dum
2317 1595 2650 1667 perspicuis
2678 1595 2878 1666 Cyrilli
2911 1596 2985 1652 de
3017 1596 3162 1652 reali
3193 1597 3408 1652 Christi
3441 1597 3790 1668 praesentia,

2135 1686 2226 1741 vel
2257 1686 2691 1742 elementorum
2749 1687 2812 1740 in
2873 1687 3002 1757 ejus
3060 1703 3276 1760 corpus
3325 1693 3384 1742 et
3434 1689 3782 1760 sanguinem

2139 1776 2638 1832 transmutatione
2670 1776 2985 1832 sententiis
3013 1776 3163 1832 alias
3191 1776 3542 1833 Albertinus
3561 1777 3662 1832 vel
3690 1778 3791 1848 Cy-

379 1863 513 1930 zati,
547 1863 700 1918 sacri
733 1862 1071 1918 chrismatis
1097 1868 1298 1934 aperte
1329 1862 1799 1934 planissimeque
1815 1879 2032 1934 propo—
2061 1869 2108 1936 Β
2139 1866 2258 1921 rilli
2289 1865 2379 1920 vel
2412 1866 2652 1933 Patrum
2682 1870 2986 1936 comparat
3016 1867 3363 1932 sententias,
3390 1883 3543 1938 quas
3572 1867 3642 1922 in
3671 1883 3796 1921 me-

385 1953 526 2019 suit,
558 1951 727 2007 nulla
755 1951 1069 2007 verborum
1095 1967 1314 2024 pompa
1345 1959 1403 2005 et
1428 1951 1675 2024 ambage
1706 1951 2030 2023 quidquam

389 2040 648 2113 amplius
681 2040 754 2096 de
784 2041 995 2097 horum
1051 2041 1484 2097 elementorum
1534 2042 1585 2096 vi
1643 2058 1712 2097 ac
1751 2047 2040 2114 potestate

389 2130 721 2202 disputans,
747 2147 925 2202 quam
948 2147 1152 2186 eorum
1173 2130 1438 2186 conditio
1458 2130 1704 2186 ferebat.
1727 2133 1800 2184 At
1837 2131 1898 2184 in
1927 2131 2040 2184 Eu-

391 2219 695 2287 charistia,
727 2235 832 2290 pro
865 2219 1122 2291 simplici
1156 2219 1259 2275 illa
1299 2219 1588 2286 oratione,
1638 2235 1817 2289 quam
1863 2234 2044 2289 supra

390 2308 840 2381 descripsimus,
885 2309 946 2363 in
977 2308 1278 2363 contraria
1305 2307 1495 2363 fertur
1541 2307 1780 2362 omnia:
1827 2323 2042 2378 nempe

387 2415 606 2471 panem
625 2397 897 2452 etvinum
947 2403 1079 2470 post
1109 2397 1541 2452 invocationem
1564 2397 1689 2468 jam
1741 2402 2043 2452 transmu-

390 2493 535 2554 tata,
567 2502 782 2558 panem
817 2492 874 2541 et
901 2487 1104 2541 vinum
1136 2487 1295 2542 ultra
1325 2503 1456 2542 esse
1505 2491 1702 2558 negat,
1751 2485 2043 2557 quidquid

394 2592 608 2631 sensus
638 2581 846 2631 contra
875 2576 1264 2641 renuntient;
1297 2576 1402 2630 sed
1434 2592 1649 2647 corpus
1701 2581 1761 2630 et
1804 2575 2041 2648 sangui-

390 2683 535 2722 nem
557 2666 776 2721 Christi
795 2683 925 2723 esse
965 2665 1246 2734 afﬁrmat,
1299 2683 1430 2737 quas
1475 2667 1536 2720 in
1569 2667 1755 2738 ﬁgura
1784 2666 1956 2738 panis
1989 2671 2047 2720 et

394 2755 514 2810 vini
546 2754 721 2810 nobis
751 2754 1190 2810 ministrentur:
1239 2754 1302 2809 id
1355 2771 1424 2810 ex
1467 2754 1708 2809 disertis
1740 2754 1956 2812 Christi
1988 2759 2047 2808 et

396 2844 568 2901 Pauli
588 2843 782 2900 verbis
805 2845 952 2900 citra
971 2844 1406 2900 dubitationem
1428 2843 1611 2900 ullam
1639 2844 2006 2900 credendum
2030 2860 2044 2911 ;

396 2934 725 3007 eademque
747 2939 1041 3006 potestate
1062 2933 1284 2988 factum
1329 2950 1448 3004 qua
1469 2933 1738 2988 Christus
1770 2949 1958 3005 aquas
1986 2933 2046 2987 in

391 3025 596 3080 vinum
628 3023 936 3080 convertit.
971 3024 1158 3088 Quam
1190 3022 1489 3095 elinguem
1541 3028 1600 3076 et
1637 3022 1916 3078 insanum
1949 3021 2051 3094 qui

403 3115 488 3169 ita
543 3113 823 3184 loquatur
864 3112 1324 3168 Calvinianum?
1361 3113 1656 3180 Secundo,
1705 3113 1754 3168 si
1794 3118 1960 3168 tanta
1989 3112 2052 3167 in

2145 1955 2518 2029 taphoricum
2553 1971 2794 2010 sensum
2827 1955 3248 2026 intelligendas
3278 1972 3406 2012 esse
3437 1962 3705 2022 constat,
3737 1961 3801 2010 ut

2145 2063 2215 2101 ex
2249 2045 2357 2101 hac
2388 2045 2784 2101 similitudine
2805 2045 3034 2117 priores
3057 2045 3190 2101 illas
3212 2045 3626 2117 metaphorice
3650 2063 3798 2118 quo-

2147 2151 2262 2206 que
2293 2136 2444 2190 sumi
2479 2135 2570 2190 vel
2603 2153 2776 2208 posse
2806 2134 2894 2190 vel
2927 2133 3142 2190 debere
3168 2135 3413 2207 probet;
3437 2135 3638 2191 multa
3662 2153 3803 2208 pec-

2147 2231 2242 2282 cat
2263 2225 2627 2282 Albertinus.
2661 2227 2858 2282 Primo
2889 2225 3079 2281 multa
3129 2232 3290 2293 sunt,
3320 2231 3390 2281 ut
3415 2226 3681 2282 inferius
3711 2245 3807 2282 os-

2147 2314 2410 2380 tendam,
2455 2314 2656 2385 Cyrilli
2689 2314 3052 2376 testimonia,
3113 2313 3329 2385 quibus
3355 2314 3527 2370 nulla
3584 2315 3811 2370 similia

2152 2404 2212 2458 in
2248 2404 2722 2474 metaphoricum
2751 2420 2994 2460 sensum
3017 2404 3367 2475 accipienda
3393 2403 3724 2476 producit:
3749 2405 3817 2460 il-

2158 2492 2354 2548 lorum
2387 2493 2566 2565 igitur
2597 2493 2680 2548 vis
2707 2499 2831 2549 tota
2879 2499 2937 2548 et
2968 2493 3197 2566 integra
3253 2499 3483 2550 manet.
3534 2495 3814 2551 Secundo

2153 2581 2488 2637 locutiones
2531 2583 2819 2653 quasdam
2868 2583 2953 2638 uti
3004 2583 3449 2655 motaphoricas
3506 2586 3814 2656 proponit,

2152 2687 2284 2742 quas
2316 2671 2389 2726 ad
2420 2671 2682 2728 litteram
2731 2673 3057 2728 sumendas.
3108 2672 3340 2740 Isthmo,
3393 2671 3564 2728 verbi
3602 2675 3808 2746 gratia,

2153 2759 2362 2814 Isidori
2397 2759 2732 2828 Pelusiotaa,
2760 2760 2865 2818 lib.
2893 2778 2956 2816 ιιι
2983 2779 2996 2816 :
3027 2761 3250 2810 Natura
3278 2768 3478 2809 nostra
3517 2761 3804 2823 Uuigenita'

2153 2849 2385 2898 cohares
2419 2851 2612 2914 eﬂecta
2639 2857 2739 2906 est,
2772 2863 2838 2899 ac
2876 2865 2984 2912 per
3025 2858 3351 2899 sanctorum
3397 2851 3798 2914 mysteriorum

2146 2930 2645 2993 participationem
2669 2946 3034 2993 concorporea
3062 2930 3175 2993 ipsi
3203 2931 3439 2992 reddita,
3461 2939 3512 2980 et
3536 2932 3602 2980 in
3630 2931 3808 2994 ipsius

2157 3024 2380 3058 carnem
2411 3017 2683 3072 censetur,
2715 3017 2765 3058 et
2792 3009 3260 3074 quemadmodum
3281 3025 3484 3072 corpus
3505 3012 3702 3073 capiti,
3727 3027 3813 3059 eo-

2157 3091 2278 3138 dem
2309 3090 2458 3138 modo
2487 3090 2598 3152 ipsi
2619 3091 2946 3152 copulatur:
2983 3096 3041 3148 et
3069 3091 3200 3147 alia;
3232 3091 3460 3147 similes
3499 3091 3576 3147 ab
3627 3109 3696 3148 eo
3727 3092 3815 3148 al-

403 3179 894 3296 ογτίιῑίειοοιςπε
955 3219 1023 3258 αα
1083 3202 1365 3296 meum
1391 3201 1670 3296 ,ίηῗειξιξὲ
1721 3207 1824 3258 aut
1847 3202 2047 3274 ροιίιιε
2077 3225 2122 3296 c
2161 3179 3817 3296 ξῇεεξδξὲξίξὶί.ίεῑῖξέιξιξίξίπξὶξῑεδ;,ιξῖπξείξξεξιξξξιξξειξέ

399 3291 619 3348 mentis
636 3291 854 3346 emotio
873 3291 1267 3364 supponenda
1291 3308 1304 3346 :
1335 3291 1748 3348 admirabilior
1773 3309 1803 3348 e
1843 3297 2051 3347 contra

395 3381 460 3436 in
481 3379 852 3437 auditoribus
869 3380 1164 3436 calliditas
1176 3397 1243 3436 ac
1258 3380 1501 3436 solertia
1519 3379 1910 3453 supponenda
1940 3385 2050 3449 est,

404 3476 472 3526 ut
491 3469 604 3543 ipsi
626 3469 887 3525 doctoris
910 3469 999 3525 sui
1019 3469 1272 3525 orationi
1305 3485 1550 3526 sensum
1583 3468 1634 3523 ei
1667 3485 1844 3540 quem
1877 3469 2054 3524 verba

399 3558 802 3632 praeferebant
857 3558 1244 3627 contrarium,
1323 3575 1458 3613 eum
1527 3574 1762 3614 summa
1819 3557 2053 3612 subtili-

401 3654 520 3706 tate
553 3648 968 3722 excogitatum,
1002 3666 1036 3705 a
1081 3649 1249 3704 nullo
1294 3648 1510 3714 edocti,
1556 3648 1858 3703 communi
1907 3665 2050 3703 con-

404 3755 586 3794 sensu
619 3743 679 3793 et
707 3737 1149 3810 conspiratione
1179 3738 1554 3810 attingerent.
1605 3737 1788 3792 Erant
1815 3736 1876 3792 hi
1909 3753 2054 3791 neo-

400 3829 569 3901 phyti
622 3827 695 3883 de
745 3827 976 3883 caateris
1023 3827 1375 3884 Christianas
1423 3825 1708 3882 doctrinae
1753 3825 2054 3898 mysteriis

404 3917 692 3988 praeclare
750 3917 993 3990 quidem
1049 3917 1207 3973 docti
1263 3922 1323 3973 et
1365 3916 1661 3982 instituti;
1697 3915 1801 3971 sed
1849 3915 1948 3986 qui
1981 3913 2053 3970 de

413 3981 667 4077 tccvm]
701 3981 1074 4061 Eucharistia
1122 4004 1235 4062 sibi
1260 4005 1715 4078 diligentissime
1762 3981 2058 4060 occultata
2159 3981 2392 4078 busqug
2423 3999 2492 4038 ac
2521 3985 3023 4078 qonseqtientibus
3045 3985 3131 4078 ad_
3151 4003 3392 4078 sensuri}
3419 4003 3544 4078 non
3568 3986 3827 4042 dubium

2163 4077 2326 4127 certo
2359 4072 2475 4127 ﬁxa
2525 4071 3039 4146 determinataque
3087 4075 3195 4143 sit;
3227 4075 3431 4149 Cyrilli
3487 4078 3832 4132 sententias

2167 4161 2451 4234 discerpit
2479 4161 2844 4232 Albertinus,
2877 4165 3228 4236 avulsaeque
3249 4171 3449 4237 partes
3470 4165 3831 4238 singulatim

2166 4252 2496 4319 excutiens,
2525 4252 2596 4307 ad
2640 4254 3113 4325 metaphoricum
3163 4271 3404 4310 sensum
3454 4255 3613 4310 flecti
3649 4274 3834 4329 posse

2167 4340 2458 4414 exemplis
2479 4341 2713 4414 probat.
2738 4343 2897 4398 verbi
2920 4344 3128 4414 gratia,
3163 4343 3322 4416 quod
3344 4345 3738 4416 concorporei
3776 4353 3838 4400 et

2167 4447 2540 4502 consangues
2562 4431 2769 4504 [CCIX]
2811 4432 3028 4488 Christi
3061 4433 3190 4489 ﬁeri
3231 4432 3502 4489 dicamur
3544 4435 3672 4503 ;ait
3702 4433 3761 4489 id
3791 4451 3830 4491 a

2167 4519 2442 4575 Patribus
2459 4519 2681 4576 dictum
2711 4521 2782 4576 de
2825 4521 3302 4594 incorporatione
3349 4529 3556 4579 nostra
3602 4524 3671 4578 in
3697 4540 3828 4596 my-

408 4625 534 4682 fere
565 4597 756 4680 ve;bis
786 4597 1231 4684 usus'videmr;
1257 4625 1330 4674 Ῑη
1365 4597 1576 4690 ’πρανα
1609 4597 1786 4688 iam}
1833 4597 2062 4675 αάδίεαν
2089 4597 2136 4663 D
2170 4609 2384 4664 sticum
2405 4626 2618 4681 corpus
2640 4610 2878 4682 Christi,
2924 4609 3088 4667 idest
3135 4612 3459 4670 Ecclesiam
3491 4629 3600 4685 per
3622 4612 3833 4686 bapti-

2168 4715 2385 4764 smum,
2413 4715 2522 4755 nec
2548 4699 2620 4754 ad
2643 4701 2772 4771 ejus
2793 4700 2989 4756 carnis
3007 4701 3523 4774 participationem
3540 4719 3835 4760 necessa-

2165 4789 2254 4844 rio
2299 4789 2616 4861 pertinere.
2679 4788 2844 4854 Quod
2902 4790 3216 4860 Christiferi
3272 4791 3551 4857 dicimur,
3609 4793 3837 4849 Patres

2169 4896 2300 4935 eam
2322 4894 2521 4934 vocem
2542 4877 2712 4950 vulgo
2735 4877 2807 4933 de
2837 4878 3069 4935 Christo
3091 4880 3152 4934 in
3191 4886 3395 4936 mente
3415 4899 3522 4953 per
3551 4897 3833 4938 amorem

2167 4974 2392 5042 gestato
2415 4968 2789 5039 interpretati
2812 4983 2826 5021 :
2848 4968 3008 5038 quod
3027 4967 3237 5024 divinaa
3259 4975 3567 5026 consortes
3588 4977 3836 5028 natura

2168 5057 2298 5113 ﬁeri
2322 5073 2430 5112 nos
2453 5054 2712 5110 afﬁrmat
2753 5055 3030 5129 Cyrillus,
3077 5057 3135 5112 id
3180 5058 3254 5114 ad
3290 5058 3504 5115 divinas
3525 5061 3735 5131 gratiae
3764 5061 3836 5117 in

2167 5146 2340 5201 nobis
2371 5144 2762 5200 inhabitantis
2794 5146 3072 5201 effectum
3122 5147 3194 5202 ab
3238 5149 3324 5204 eis
3354 5148 3565 5204 referri
3598 5148 3834 5209 solere.

2167 5235 2334 5301 Quod
2364 5233 2727 5289 adorationis
2759 5234 2820 5288 in
2851 5235 3096 5291 modum
3128 5238 3300 5308 proni
3333 5238 3548 5293 Christi
3582 5240 3836 5312 sangui-

2166 5341 2306 5380 nem
2335 5340 2569 5380 sumere
2591 5323 2934 5396 jubeamur,
2967 5324 3119 5379 nihil
3147 5323 3258 5380 hac.
3291 5343 3434 5382 voce
3474 5327 3836 5385 adorationis

401 4092 553 4147 nihil
585 4109 850 4164 unquam
879 4093 1261 4150 inaudierant
1289 4099 1426 4148 ante
1467 4093 1656 4164 ipsam
1677 4099 1914 4149 noctem
1946 4095 2052 4148 Pa-

411 4181 700 4250 schalem,
726 4181 790 4236 in
821 4199 939 4252 qua
967 4198 1099 4236 cum
1133 4187 1334 4236 essent
1363 4180 1437 4237 ad
1462 4181 1648 4236 altare
1681 4198 1916 4237 sacrum
1955 4199 2053 4237 ac—

409 4271 660 4338 cessuri,
681 4269 939 4325 breviter
954 4287 989 4326 a
1010 4269 1352 4336 catechista,
1381 4275 1438 4324 et
1457 4276 1741 4341 quantum
1767 4288 1876 4342 per
1907 4276 2054 4327 tem-

407 4376 520 4432 pus
551 4357 763 4413 licebat
791 4358 1000 4414 moniti
1025 4357 1280 4423 fuerant,
1315 4376 1592 4430 quaenam
1644 4367 1800 4415 esset
1826 4365 2055 4433 myste-

409 4449 639 4502 riorum
672 4446 810 4502 inde
837 4447 984 4519 ipsis
1023 4447 1566 4504 distribuendorum
1597 4450 1770 4517 ratio,
1814 4455 1926 4505 cat.
1969 4451 2054 4518 18,

410 4553 473 4591 n.
507 4537 596 4590 32.
630 4535 790 4602 Quod
825 4536 874 4592 si
905 4535 1160 4606 Cyrillus
1191 4537 1316 4608 ipse
1365 4554 1473 4608 per
1519 4555 1581 4593 se
1614 4539 1909 4610 prazstitit,
1963 4537 2056 4594 his

405 4715 556 4764 vobis
584 4729 786 4777 corpus
819 4713 1050 4772 Christi,
1082 4723 1132 4764 et
1163 4715 1225 4764 in
1252 4719 1447 4780 ﬁgura
1488 4718 1614 4766 vini
1649 4715 1880 4766 dabitur
1908 4718 2058 4766 vobis

404 4797 646 4858 sanguis
676 4794 966 4857 ejusdem?
997 4801 1110 4852 cat.
1142 4799 1230 4866 22,
1263 4813 1429 4854 num.
1463 4800 1513 4852 3.
1559 4799 1872 4863 Praeterea,
1907 4798 2058 4854 hanc

404 4890 518 4944 sibi
550 4888 982 4946 administrata;
1013 4887 1454 4942 communionis
1479 4886 1798 4942 formulam
1820 4887 2058 4942 audive-

403 4984 541 5033 rant
563 4993 760 5049 corpus
803 4975 1029 5043 Christi,
1061 4981 1115 5030 et
1143 4977 1374 5048 sanguis
1403 4975 1626 5043 Chiisli,
1652 4992 1782 5046 quas
1831 4976 2060 5048 signiﬁ-

409 5065 600 5126 cabat,
635 5066 696 5120 id
727 5066 888 5136 quod
909 5063 1056 5137 ipsis
1087 5063 1448 5119 sumendum
1489 5063 1903 5135 praestabatur,
1928 5081 2057 5120 esse

407 5152 623 5206 Christi
665 5169 876 5224 corpus
927 5159 986 5207 et
1023 5153 1395 5224 sanguinem.
1442 5153 1545 5207 Cui
1575 5154 1660 5206 rei
1703 5153 1858 5224 jussi
1891 5159 2061 5208 erant

410 5239 784 5294 subscribere
809 5241 1224 5310 respondendo
1245 5258 1425 5308 amen,
1451 5241 1561 5296 hoc
1593 5246 1702 5309 est,
1743 5258 1929 5296 verum
1960 5249 2054 5298 est.

407 5331 560 5384 Ante
582 5329 940 5384 catechesim
963 5331 1277 5387 audierant
1300 5331 1639 5404 praelectam
1665 5330 1775 5385 sibi
1793 5346 1861 5386 ex
1875 5331 2055 5387 Paulo

412 5421 435 5472 1
468 5417 598 5472 Cor.
635 5434 713 5485 xi,
745 5419 835 5484 23,
866 5417 1205 5486 lectionem,
1240 5420 1300 5474 in
1333 5437 1449 5491 qua
1479 5419 1762 5491 frequens
1785 5419 2056 5474 etincul-

411 5511 542 5562 cata
572 5507 837 5577 corporis
886 5506 1102 5560 Christi
1156 5509 1401 5576 mentio,
1454 5509 1656 5581 ﬁguras
1705 5508 2055 5566 efﬁcacimve

411 5595 599 5651 nulla.
625 5595 772 5651 Hinc
794 5595 949 5651 male
973 5610 1115 5651 sane
1139 5598 1460 5668 comparati
1489 5602 1680 5665 erant,
1701 5601 1768 5651 ut
1806 5597 2058 5652 orationi

414 5684 750 5756 Cyrillianne
802 5701 933 5741 eam
991 5684 1445 5740 accomodarent
1499 5685 2056 5756 interpretationem

2161 3269 2421 3326 litteram
2452 3269 2854 3342 intelligendas
2896 3277 3034 3328 sunt
3064 3271 3136 3328 de
3165 3273 3384 3328 Christi
3429 3273 3628 3328 carnis
3677 3290 3820 3328 cum

2161 3365 2366 3415 nostra
2385 3360 2837 3416 commistione:
2866 3366 3044 3432 atque
3077 3362 3138 3416 in
3160 3362 3272 3418 hoc
3303 3367 3504 3434 peccat
3538 3361 3702 3432 quod
3732 3361 3815 3416 ad

2161 3447 2526 3522 baptismum
2559 3449 2796 3522 praprie
2831 3449 3056 3506 dictum
3089 3451 3418 3522 transtulit,
3446 3450 3604 3522 quod
3633 3451 3677 3504 ii
3709 3451 3824 3506 Pa-

2163 3543 2284 3593 tres
2314 3537 2385 3593 de
2417 3543 2540 3594 tota
2571 3538 2851 3610 baptismi
2882 3539 3135 3607 actione,
3169 3541 3230 3595 in
3263 3557 3386 3612 qua
3425 3539 3824 3595 Eucharistia:

2163 3627 2583 3684 continebatur
2611 3629 3010 3701 participatio,
3042 3629 3267 3686 dictum
3298 3630 3558 3686 voluere.
3595 3631 3824 3698 Tertio,

2163 3733 2295 3772 cum
2330 3717 2640 3772 sententia:
2671 3717 2867 3772 omnis
2887 3734 2954 3772 ac
2988 3717 3128 3773 dicti
3151 3718 3562 3791 interpretatio
3605 3718 3684 3774 ab
3717 3719 3826 3774 ad-

2154 3805 2383 3878 junctis
2403 3805 2527 3861 fere
2549 3805 2884 3878 dependeat
2906 3825 2919 3875 ;
2952 3824 3203 3879 quaeque
3228 3808 3450 3880 alioqui
3473 3824 3702 3881 anceps
3737 3809 3821 3863 vi-

2162 3895 2405 3950 deretur
2434 3895 2640 3960 oratio,
2674 3912 2743 3950 ex
2764 3895 2895 3951 loco
2926 3913 3102 3968 quem
3135 3895 3822 3966 obtinet,antecedenti-

2165 5415 2354 5487 magis
2385 5413 2753 5486 ambiguum,
2781 5430 2914 5484 quae
2937 5413 3186 5487 angelis,
3214 5415 3580 5484 hominibus,
3619 5417 3827 5474 inani-

2165 5507 2281 5562 mis
2300 5506 2475 5560 eliam
2497 5503 2676 5560 rebus
2693 5503 3068 5562 adhibeatur.
3093 5505 3205 5560 Sed
3228 5522 3348 5561 non
3371 5507 3666 5576 observat,
3681 5525 3825 5564 cum

2166 5596 2420 5668 Cyrillus
2451 5610 2559 5648 nos
2614 5610 3046 5666 concorporeos
3077 5600 3137 5650 et
3182 5611 3552 5669 consangues
3595 5597 3823 5655 Christi

2166 5685 2321 5740 efﬁci
2352 5683 2454 5751 ait,
2485 5681 2708 5738 factum
2737 5681 2797 5737 id
2827 5698 3192 5756 asseverare,
3219 5697 3347 5732 cum
3377 5698 3580 5746 corpus
3607 5695 3662 5736 et
3685 5700 3820 5736 san-

3886 585 3892 646 l

3887 568 3892 676 Ν

3895 939 3899 1028 l
