4024 6370
215 382 331 443 ω

1644 378 2162 444 DISSERTATIO
2208 382 2317 444 Ill.

3583 395 3705 453 250

239 515 465 583 guinem
502 514 743 565 Christi
776 519 889 566 sub
922 526 1061 582 typo
1090 518 1264 580 panis
1309 524 1358 564 et
1386 516 1509 563 vini
1554 514 1710 563 nobis
1749 511 1934 563 οὸῑαια
1964 510 2019 576 Α
2049 509 2185 566 dem
2218 521 2578 586 proponunt,
2611 517 2939 584 declarant,
2975 524 3035 573 et
3063 520 3455 589 conﬁrmant;
3490 539 3607 593 qua
3637 525 3698 579 in

255 605 694 668 sumpserimus.
729 605 876 655 Cum
931 608 1296 669 Christi/eros
1333 604 1517 668 efﬁci;
1559 603 1776 661 addere,
1823 603 1940 651 dis-

270 696 471 747 tributo
500 696 561 743 in
596 696 877 744 membra
908 705 1107 745 nostra
1155 709 1374 757 corpore
1401 694 1529 753 eius
1558 700 1607 741 et
1637 692 1937 754 sanguine.

285 788 632 845 cumdicina:
664 787 807 851 ﬁeri
826 795 1114 835 consortes
1140 793 1351 835 natura:
1374 803 1390 843 ;
1412 784 1468 839 id
1490 784 1700 840 eodem
1725 784 1783 837 in
1807 783 1937 838 loco

295 881 490 943 dicere,
520 880 855 947 postquam
901 875 1182 931 omnibus
1229 875 1592 944 argumentis
1643 878 1702 928 et
1749 889 1941 927 enun-

290 966 460 1024 tiandi
492 965 691 1020 modis
714 964 1373 1020 conﬁrmasselChristi
1396 964 1496 1018 Dei
1528 980 1742 1035 corpus
1776 979 1934 1017 ano-

278 1058 369 1113 bis
398 1056 621 1127 recipi:
659 1072 796 1125 qua:
858 1053 1290 1111 sententiarum
1322 1053 1506 1109 series
1539 1059 1597 1108 et
1639 1052 1936 1124 colligatio

268 1147 496 1203 nullam
531 1145 693 1201 circa
712 1144 1089 1217 singularum
1108 1160 1347 1199 sensum
1366 1142 1801 1198 dubitationem
1824 1142 1936 1196 has-

264 1252 407 1291 rere
440 1234 762 1306 permittit.
793 1234 886 1288 Sic
903 1233 1295 1303 etconjuncta
1312 1231 1681 1287 adorationis
1710 1231 1935 1286 mentio

255 1341 405 1381 cum
438 1324 681 1379 Christo
714 1339 852 1395 rege
900 1327 1195 1393 suscepto,
1248 1322 1413 1376 illam
1463 1321 1537 1375 ad
1590 1336 1936 1392 supremum

252 1415 504 1471 cultum
538 1413 788 1467 omnino
831 1410 1206 1467 determinat.
1256 1412 1497 1478 Quarto,
1547 1427 1683 1465 cum
1732 1410 1937 1465 multis

254 1506 397 1559 sint
420 1504 481 1557 in
504 1501 728 1574 Cyrillo
754 1507 811 1557 et
833 1500 965 1556 aliis
988 1500 1260 1555 Patribus
1282 1500 1617 1565 sententias,
1654 1516 1784 1569 quas
1808 1515 1935 1553 rem

257 1609 459 1647 unam
492 1596 556 1646 et
602 1589 880 1646 eamdem
932 1589 1179 1645 diversis
1235 1589 1427 1645 modis
1475 1589 1837 1645 conﬁrment
1882 1593 1939 1643 et

261 1683 604 1739 enuntient
627 1700 644 1748 ;
669 1697 883 1751 nempe
905 1680 1047 1735 alibi
1065 1679 1208 1735 dicit
1227 1680 1443 1734 Christi
1472 1696 1687 1750 corpus
1719 1684 1777 1733 et
1807 1695 1938 1734 san-

252 1774 526 1845 guinem
559 1772 714 1827 citra
764 1769 1195 1825 dubitationem
1226 1770 1411 1825 ullam
1463 1775 1521 1823 et
1566 1774 1935 1841 repugnante

252 1861 412 1917 licet
443 1876 743 1915 sensuum
774 1858 1115 1914 testimonio
1148 1858 1307 1913 credi
1355 1858 1609 1924 debere;
1660 1857 1800 1912 alibi
1828 1873 1934 1929 pa-
1968 1884 2012 1951 Β

254 1968 413 2006 nem
446 1956 505 2005 et
567 1949 775 2004 vinum
829 1950 889 2003 in
935 1947 1145 2003 Christi
1205 1965 1421 2019 corpus
1480 1954 1538 2002 et
1581 1948 1930 2019 sanguinem

266 2055 565 2095 conversa
596 2055 770 2103 esse;
800 2037 964 2106 alibi,
993 2038 1289 2093 Christum
1322 2054 1519 2110 regem
1540 2054 1575 2092 a
1604 2037 1779 2093 nobis
1800 2055 1933 2093 sus-

267 2131 418 2201 cipi,
477 2135 537 2183 et
592 2128 819 2183 idcirco
851 2128 1085 2183 adorari
1144 2128 1381 2193 debere,
1444 2134 1555 2183 etc.
1590 2128 1934 2183 Albertinus

264 2220 529 2292 singulis
559 2219 683 2273 illis
708 2218 1068 2273 testimoniis
1091 2217 1311 2273 similia
1328 2219 1578 2290 opponit
1598 2235 1731 2289 quas
1753 2225 1935 2274 meta-

250 2310 521 2381 phorice
549 2309 705 2363 sumi
738 2306 1015 2375 debeant,
1049 2307 1151 2363 sed
1185 2324 1254 2362 ex
1285 2308 1532 2363 diversis
1566 2310 1934 2379 argumentis

253 2400 508 2471 petita;
541 2414 676 2452 cum
705 2414 835 2453 eam
884 2398 1424 2469 metaphoricarum
1471 2398 1840 2452 locutionum
1873 2398 1934 2452 in

265 2504 415 2541 uno
450 2494 514 2541 et
544 2487 736 2542 eodem
769 2492 1118 2559 argumento
1137 2488 1647 2543 continuationem
1670 2488 1934 2559 reperire

288 2594 431 2632 non
456 2577 748 2647 potuisset.
774 2577 868 2633 Sic
916 2577 990 2632 ad
1012 2578 1265 2649 primam
1314 2578 1653 2649 respondet,
1679 2582 1746 2631 ut
1766 2578 1936 2649 panis

297 2671 365 2720 et
388 2666 586 2719 vinum
617 2666 996 2721 eucharistica
1033 2665 1311 2722 dicuntur
1335 2683 1549 2738 corpus
1582 2668 1821 2733 Christi,
1856 2668 1937 2722 ita

288 2771 589 2826 pauperes
619 2773 652 2810 a
696 2756 968 2811 Patribus
1014 2756 1131 2811 dici
1182 2757 1378 2828 ipsum
1432 2772 1562 2811 esse
1610 2758 1932 2825 Christum,

277 2843 588 2899 Christum
608 2861 733 2900 esse
756 2850 1010 2917 petram.
1027 2844 1115 2899 Ad
1133 2845 1939 2914 secundam,Patribusfami-

277 2931 437 2988 liare
469 2949 601 2989 esse
624 2934 741 2988 imo
775 2939 832 2988 et
852 2934 1165 3006 Scriptura;
1187 2939 1250 2989 ut
1277 2935 1478 2989 dicant
1523 2934 1795 2990 carnales
1825 2935 1933 2988 ho-

274 3024 477 3078 mines
510 3025 572 3079 in
603 3024 823 3080 bestias
855 3024 1259 3081 transmutari.
1285 3025 1374 3080 Ad
1396 3025 1934 3097 tertiam,Evange-

270 3112 449 3183 lium,
484 3113 730 3185 templa,
764 3120 900 3182 etc.,
934 3114 1166 3170 adorari
1198 3114 1335 3170 dici.
1371 3114 1483 3169 Sed
1516 3115 1627 3170 tria
1656 3115 1761 3170 illa
1801 3131 1934 3170 sen-

268 3203 605 3258 tentiarum
637 3220 873 3275 genera,
907 3221 1041 3274 qua:
1076 3220 1211 3259 cum
1258 3204 1465 3260 multis
1518 3205 1652 3260 aliis
1683 3206 1787 3260 uni
1820 3208 1929 3258 Eu-

269 3291 579 3346 charistire
604 3290 967 3362 tribuuntur,
988 3292 1091 3346 uni
1114 3292 1337 3363 pariter
1358 3309 1427 3347 ex
1448 3293 1769 3364 propositis
1805 3309 1840 3347 a
1870 3308 1933 3347 se

270 3381 572 3452 exemplis
588 3381 1036 3437 accommodata
1055 3380 1265 3453 probet
1282 3401 1295 3450 ;
1313 3382 1588 3437 ostendat
1600 3381 1823 3437 dictum
1847 3384 1937 3438 vel

274 3471 345 3526 ab
379 3471 598 3527 eodem
633 3473 804 3526 Patre
833 3472 926 3526 vel
954 3472 1130 3526 etiam
1154 3490 1186 3527 a
1207 3472 1453 3527 diversis
1475 3472 1771 3539 Patribus,
1796 3489 1935 3544 pau-

272 3578 452 3632 peres
484 3562 573 3616 ita
602 3561 800 3632 ipsum
829 3561 1128 3618 Christum
1159 3578 1310 3628 esse,
1338 3566 1405 3616 ut
1433 3561 1492 3616 id
1542 3562 1672 3633 ipsa
1718 3562 1933 3617 Christi

277 3651 691 3707 afﬁrmatione
705 3652 1156 3723 pronuntiatum
1178 3652 1408 3707 nemini
1422 3652 1673 3708 liceatin
1686 3651 1931 3708 dubium

272 3758 579 3809 revocare,
613 3758 682 3796 ac
711 3741 908 3797 dicere
956 3758 1247 3814 pauperes
1279 3759 1401 3798 non
1431 3758 1561 3797 esse
1591 3742 1890 3797 Christum
1917 3758 1929 3795 :

278 3831 415 3887 licet
447 3832 733 3888 sensibus
762 3832 1072 3888 videantur
1100 3832 1364 3889 distincti
1396 3850 1431 3889 a
1455 3832 1684 3889 Christo
1732 3833 1930 3888 homi-

270 3938 396 3992 nes,
431 3923 499 3977 in
531 3922 832 3977 Christum
864 3922 1083 3994 ipsum,
1117 3924 1403 3991 animam,
1427 3940 1662 3995 corpus,
1697 3927 1756 3977 et
1784 3923 1928 3977 divi-

269 4013 526 4066 nitatem
563 4011 695 4083 ejus
725 4009 923 4067 divina
948 4011 1381 4083 omnipotentis
1410 4012 1504 4066 cui
1530 4018 1760 4067 naturai
1791 4012 1933 4066 obe-

268 4100 445 4155 diunt
475 4104 753 4173 mutatos
778 4117 945 4167 esse;
980 4101 1041 4155 in
1074 4100 1318 4156 domum
1350 4118 1456 4173 pro
1497 4101 1729 4156 Christo
1776 4102 1928 4156 reci-

266 4188 554 4262 piendos,
580 4195 641 4243 et
660 4188 859 4244 debita
878 4189 1108 4245 Christo
1140 4190 1487 4245 adoratione
1519 4207 1585 4245 ac
1607 4191 1770 4246 cultu
1792 4193 1932 4261 pro-

266 4278 643 4351 sequendos.
662 4278 822 4333 Idem
845 4278 1006 4335 dicas
1028 4278 1101 4333 de
1122 4280 1311 4335 altera
1331 4280 1629 4335 sententia
1651 4280 1810 4351 quod
1834 4281 1933 4335 ho-

264 4370 468 4424 mines
501 4373 980 4423 transmutentur
1011 4369 1071 4423 in
1096 4368 1358 4425 bestias:
1403 4369 1718 4440 impudici,
1767 4370 1929 4425 verbi

266 4460 480 4531 gratia,
515 4458 582 4512 in
615 4474 821 4529 equos,
855 4458 1122 4514 iracundi
1157 4459 1219 4513 in
1249 4458 1475 4527 leones,
1495 4459 1688 4529 deque
1712 4459 1927 4513 simili-

268 4547 376 4604 bus
410 4564 568 4619 quas
598 4547 839 4618 protuli.
869 4550 986 4603 Nec
1016 4566 1152 4603 vero
1168 4548 1468 4603 sufﬁceret
1487 4554 1553 4603 ut
1581 4549 1655 4603 ad
1682 4548 1928 4603 totidem

2054 618 2117 655 re
2147 602 2353 659 nullus
2378 621 2507 660 esse
2539 612 2735 677 potest
2764 609 2964 680 ﬁgurae
2997 625 3063 663 ac
3097 610 3471 666 translationi
3502 612 3700 680 locus;

2054 691 2231 747 aliam
2265 702 2551 765 separatas
2583 698 2895 769 cujusdam
2930 700 3242 753 sententia:
3266 718 3395 771 qua:
3429 700 3501 756 ad
3536 718 3705 757 orna-

2053 786 2174 835 tum
2210 785 2505 839 sermonis
2545 786 2703 841 velut
2750 788 3080 858 projicitur,
3137 806 3345 845 secura
3393 795 3451 845 et
3481 791 3541 845 in
3578 797 3701 847 tuto

2050 872 2244 942 posita
2263 872 2393 943 ejus
2416 875 2830 947 intelligentia;
2858 878 3014 932 haud
3039 883 3237 933 tamen
3256 880 3552 935 similibus
3572 898 3705 935 con-

2052 962 2370 1032 gcminatis
2404 966 2746 1020 conﬁrmari
2778 972 2955 1037 atque
2986 968 3273 1022 inculcari
3301 976 3517 1039 potest,
3557 973 3702 1042 quin

2050 1056 2152 1104 aut
2182 1069 2216 1105 a
2246 1052 2488 1108 veritate
2520 1060 2622 1109 aut
2652 1055 2723 1109 ab
2757 1056 3019 1111 humana
3050 1058 3337 1128 loquendi
3382 1066 3702 1114 consuetu-

2054 1137 2190 1194 dine
2216 1141 2975 1208 recedatur?Quamobrem
2994 1162 3067 1200 ne
3088 1146 3204 1201 vim
3230 1147 3483 1218 alicujus
3505 1148 3703 1204 catho-

2049 1228 2178 1283 licas
2210 1233 2522 1286 sententia:
2557 1234 2829 1305 effugisse
2864 1252 2924 1289 se
2957 1240 3121 1306 putet
3168 1236 3530 1303 Albertinus,
3564 1254 3701 1293 cum

2050 1322 2102 1375 ei
2135 1323 2494 1378 contrariam
2529 1325 3133 1397 Opposuitﬁguratam
3158 1325 3556 1394 locutionem;
3584 1326 3699 1381 nisi

2047 1409 2182 1464 aliis
2203 1410 2417 1465 deinde
2440 1411 2587 1466 alias
2610 1412 2889 1467 similiter
2910 1431 2978 1468 ex
3004 1412 3211 1469 eodem
3241 1420 3588 1487 argumento
3611 1416 3703 1470 lo-

2048 1499 2318 1554 cutiones
2377 1503 2762 1572 opposuerit:
2818 1504 2975 1574 quod
3032 1521 3228 1574 neque
3283 1504 3442 1574 fecit,
3504 1521 3697 1575 neque

2047 1608 2223 1662 porro
2254 1592 2449 1646 facere
2480 1593 2743 1663 potuisse
2770 1594 2963 1649 securi
2994 1595 3386 1653 afﬁrmamus.

2119 1683 2207 1736 73.
2241 1682 2436 1737 Tertia
2462 1683 2587 1737 haec
2634 1684 2746 1737 erit
2772 1684 3142 1739 observatio:
3194 1700 3565 1755 quaecunque
3598 1700 3698 1738 cu-

2047 1769 2237 1825 mulat
2264 1771 2605 1827 Albertinus
2629 1774 3170 1845 metaphoricarum
3194 1774 3565 1829 locutionum
3598 1790 3699 1827 ex-

2046 1859 2264 1929 empla,
2298 1876 2367 1915 ea
2398 1860 2471 1915 ad
2503 1878 2628 1916 rem
2653 1868 3011 1933 praesentem
3035 1863 3292 1929 inutilia,
3317 1879 3427 1918 nec
3448 1862 3573 1917 ulla
3603 1878 3700 1917 ra-

2047 1947 2205 2001 tione
2262 1956 2514 2019 possunt
2572 1968 2705 2005 cum
2767 1952 3139 2007 Eucharistia
3197 1952 3551 2023 comparari.
3601 1953 3696 2005 Eae

2043 2053 2259 2108 nempe
2294 2054 2368 2092 ne
2400 2037 2471 2092 ad
2504 2039 2764 2093 litteram
2799 2047 3179 2095 sumerentur
3194 2042 3266 2095 ab
3304 2041 3695 2109 auditoribus,

2045 2125 2279 2180 vetabat
2308 2126 2397 2181 vel
2429 2128 2510 2181 rei
2545 2127 2735 2199 ipsius
2767 2128 3104 2185 absurditas
3144 2135 3202 2184 et
3250 2130 3698 2201 impossibilitas

2040 2216 2376 2287 perspicua,
2411 2218 2500 2272 vel
2531 2217 2807 2272 Ecclesiae
2836 2218 2984 2272 ﬁdes
3008 2225 3065 2273 et
3086 2219 3356 2274 doctrina
3377 2222 3438 2275 in
3461 2219 3698 2275 audito-

2041 2322 2172 2358 rum
2198 2306 2417 2361 animis
2439 2325 2725 2378 praesens,
2752 2314 2809 2362 et
2830 2324 3033 2363 earum
3058 2308 3426 2365 locutionum
3450 2328 3694 2368 sensum

2042 2394 2340 2467 dirigens:
2370 2414 2500 2469 quas
2525 2414 2661 2453 cum
2702 2398 2776 2453 ad
2800 2397 3051 2453 litteram
3086 2405 3336 2469 sumptas
3369 2406 3530 2469 sunt,
3555 2418 3697 2457 con-

2044 2484 2211 2539 tinuo
2242 2486 2633 2542 reclamatum
2667 2491 2756 2541 est
2787 2493 2845 2542 et
2863 2488 3088 2559 rejecta
3109 2487 3257 2543 falsa
3281 2490 3543 2557 ﬁgurata:
3569 2507 3700 2545 sen-

2046 2574 2246 2628 tentias
2281 2575 2714 2647 interpretatio.
2745 2577 3029 2648 Exempla
3067 2577 3406 2634 efferamus.
3439 2581 3704 2644 Quanta-

2046 2679 2280 2733 cunque
2312 2664 2362 2717 vi
2394 2670 2593 2719 orator
2621 2665 2993 2721 Christianus
3027 2666 3088 2720 in
3117 2668 3481 2737 pauperibus
3524 2669 3699 2722 Chri-

2047 2758 2200 2806 stum
2236 2754 2433 2824 ipsum
2465 2754 2685 2825 suscipi
2721 2753 3031 2821 declamet,
3068 2760 3125 2809 et
3172 2757 3442 2826 quamvis
3493 2757 3697 2813 multis

2047 2842 2242 2895 modis
2274 2843 2438 2897 illam
2468 2845 2825 2899 sententiam
2849 2850 3023 2899 ornet
3047 2850 3106 2899 et
3126 2853 3346 2900 verset:
3384 2853 3699 2916 quantum-

2045 2947 2280 3001 cunque
2320 2932 2554 2987 intonet
2600 2933 2919 2988 iracundos
2967 2934 3242 2989 homines
3288 2934 3493 2989 leones
3526 2953 3696 3003 esse;

2049 3037 2317 3090 rapaces,
2352 3020 2558 3093 lupos;
2589 3022 2939 3093 impudicos,
2992 3039 3174 3093 equos
3214 3024 3276 3077 in
3297 3024 3581 3079 feminam
3610 3025 3701 3079 in-

2056 3110 2358 3167 sanientes
2380 3129 2392 3178 ;
2417 3113 2662 3183 haecque
2686 3113 2887 3168 omnia
2906 3129 2972 3167 ex
2998 3113 3314 3185 Scripturis
3345 3115 3700 3170 conﬁrmet:

2050 3200 2320 3271 quamvis
2340 3201 2829 3273 hominesjustos
2851 3203 2913 3257 in
2931 3202 3225 3274 baptismo
3248 3204 3489 3274 angelos
3521 3204 3697 3273 efﬁci,

2044 3288 2164 3343 imo
2188 3294 2246 3343 et
2262 3289 2525 3345 deiﬁcari
2552 3291 2742 3346 dicat:
2771 3307 2947 3346 nemo
2982 3292 3131 3348 adeo
3168 3293 3515 3364 imprudens
3537 3294 3694 3349 futu-

2043 3396 2147 3435 rus
2177 3386 2286 3448 est,
2320 3386 2387 3435 ut
2407 3381 2532 3435 hazc
2563 3382 2767 3436 omnia
2783 3382 2857 3436 ad
2888 3383 3145 3453 rigorem
3174 3382 3388 3438 litteras
3411 3383 3699 3455 interpre-

2044 3473 2227 3525 tetur.
2269 3466 2643 3525 Idem'dicito
2694 3470 2766 3525 de
2817 3470 2947 3525 istis
2997 3488 3232 3543 quoque
3292 3472 3695 3527 locutionibus

2042 3559 2344 3615 Christum
2378 3560 2523 3615 olim
2555 3561 2616 3614 in
2649 3562 2813 3615 omni
2848 3563 3142 3617 sacriﬁcio
3161 3565 3374 3618 veteris
3404 3563 3551 3635 legis
3574 3581 3697 3618 ma-

2043 3654 2290 3716 ctatum,
2324 3648 2385 3703 in
2408 3656 2547 3721 typo
2570 3666 2795 3706 manna
2814 3651 3089 3706 Patribus
3106 3652 3458 3719 exhibitum,
3478 3652 3695 3707 addere

2046 3743 2281 3808 poterat
2318 3737 2481 3802 istas,
2507 3754 2641 3792 eum
2666 3739 2727 3793 in
2750 3739 2897 3794 Abel
2915 3740 3200 3804 occisum,
3244 3741 3305 3795 in
3326 3742 3488 3795 Isaac
3514 3741 3695 3795 sacri-

2042 3826 2305 3894 ﬁcatum,
2338 3826 2399 3881 in
2425 3827 2642 3898 Joseph
2673 3845 2708 3883 a
2734 3827 2953 3883 Iudaeis
3001 3829 3308 3884 venditum
3328 3829 3357 3884 ?
3396 3829 3693 3901 quomodo

2043 3917 2203 3972 enim
2236 3917 2363 3972 hmo
2393 3917 2467 3972 ad
2497 3918 2757 3973 litteram
2789 3934 3001 3990 passus
3032 3918 3377 3975 crederetur
3406 3920 3505 3992 qui
3539 3935 3691 3973 non-

2041 4006 2182 4060 dum
2215 4023 2431 4078 corpus
2474 4006 2778 4063 habebat?
2824 4024 3009 4078 aquas
3058 4007 3444 4081 baptismales
3473 4009 3692 4064 Christi

2042 4096 2329 4167 sanguine
2362 4095 2571 4151 rubras
2621 4112 2789 4164 esse;
2828 4096 3007 4169 hujus
3056 4099 3214 4152 enim
3262 4099 3693 4170 propositionis

2032 4185 2270 4257 judices
2300 4203 2513 4241 sensus
2562 4187 2662 4257 qui
2710 4188 3074 4242 contrarium
3125 4194 3495 4243 renuntiant.
3528 4187 3691 4243 Alias

2039 4276 2481 4346 propositiones
2506 4274 2653 4330 ﬁdes
2675 4276 2953 4332 Ecclesia:
2972 4275 3314 4333 etdoctrina
3329 4278 3530 4333 animo
3544 4295 3693 4348 pre-

2039 4372 2327 4436 concepta
2352 4364 2588 4420 vetabat
2617 4366 2772 4420 sumi
2810 4371 2877 4420 ut
2918 4373 3169 4433 sonant;
3202 4384 3419 4440 nempe
3451 4367 3693 4422 homine

2037 4454 2100 4509 in
2118 4456 2557 4511 resurrectione
2584 4456 2645 4509 in
2669 4457 2914 4526 angelos
2938 4462 3395 4513 transmutatum
3421 4457 3528 4525 iri;
3562 4476 3690 4513 cor-

2037 4561 2150 4615 pus
2182 4544 2244 4599 in
2288 4545 2661 4617 spiritualem
2719 4552 2779 4601 et
2838 4546 3180 4613 zetheream,
3228 4548 3348 4603 imo
3379 4546 3443 4602 in
3475 4548 3690 4603 animas

278 4639 468 4709 Cyr-illi
521 4637 873 4706 sententias,
925 4638 1170 4693 totidem
1226 4639 1287 4693 in
1319 4638 1527 4693 eodem
1576 4644 1924 4712 argumento
1954 4631 2002 4696 D
2037 4635 2430 4691 substantiam
2448 4642 2850 4704 evasurum,et
2870 4637 3691 4693 divinumefﬁciendumesse:

275 4735 605 4801 opponeret
637 4730 1071 4800 metaphoricas
1110 4730 1476 4786 locutiones:
1510 4728 1585 4785 ad
1610 4730 1757 4785 alias
1788 4747 1929 4800 quo-

270 4836 383 4891 que
416 4821 668 4874 Patrum
727 4818 797 4874 de
855 4819 1227 4875 Eucharistia
1282 4819 1746 4886 enuntiationes,
1778 4819 1926 4875 alias

268 4926 512 4981 quoque
536 4910 610 4964 iis
634 4909 694 4963 in
741 4909 948 4964 eodem
972 4916 1321 4983 argumento
1344 4910 1526 4982 [CCX]
1558 4909 1928 4981 responden-

269 5004 357 5053 tes
380 4998 583 5071 ipsum
604 4998 864 5070 objicere
886 5004 1204 5070 oporteret.
1238 5000 1382 5053 Cum
1406 5000 1611 5054 Patres
1641 4998 1925 5071 permulti

271 5086 496 5155 dicant,
530 5087 694 5142 verbi
723 5089 932 5161 gratia,
983 5088 1404 5144 eucharistiam
1453 5104 1574 5144 non
1608 5104 1737 5143 esse
1774 5090 1923 5161 ﬁgu-

268 5193 399 5233 ram
431 5178 699 5249 corporis
729 5177 945 5231 Christi
996 5178 1086 5233 vel
1135 5179 1473 5250 antitypum
1523 5177 1920 5244 solummodo,

269 5267 373 5321 sed
404 5284 621 5339 corpus
654 5268 852 5339 ipsum
877 5270 896 5333 ;'
925 5266 1149 5321 similes
1180 5269 1388 5323 afferat
1417 5284 1622 5323 eorum
1675 5274 1920 5323 senten-

271 5357 401 5422 tias,
435 5358 536 5428 qui
575 5361 800 5430 negent
828 5371 1118 5426 pauperes
1149 5372 1279 5411 esse
1312 5357 1551 5429 ﬁguras,
1608 5357 1918 5428 imagines,

267 5447 832 5519 repraasentationes
845 5444 1131 5514 quasdam
1147 5445 1589 5513 Christi,locum
1604 5447 1654 5517 ej
1665 5463 1733 5501 us
1747 5447 1921 5502 nobis

270 5536 391 5610 ipso
407 5538 657 5595 absente
674 5536 956 5589 tenentes
980 5550 993 5586 :
1027 5533 1087 5588 af
1089 5534 1445 5606 ﬁrmentque
1459 5534 1620 5605 ipsos
1641 5551 1776 5590 vere
1789 5552 1920 5591 esse

266 5627 577 5687 Christum.
613 5624 767 5691 Quis
799 5620 963 5676 enim
994 5623 1222 5678 nesciat
1250 5622 1429 5678 aliam
1463 5639 1591 5679 esse
1622 5623 1739 5678 vim
1784 5641 1922 5679 sen—

261 5724 577 5782 tentiarum
610 5712 956 5773 multarum
978 5727 1109 5782 quae
1125 5711 1374 5769 diversis
1393 5711 1585 5769 modis
1605 5729 1733 5770 rem
1755 5730 1916 5771 eam-

2038 4741 2279 4779 carnem
2311 4730 2369 4779 et
2392 4726 2745 4798 sanguinem
2764 4743 2885 4781 non
2909 4726 3167 4798 amplius
3186 4728 3420 4794 futura;
3445 4742 3685 4781 carnem

2036 4814 2251 4870 Christi
2284 4815 2343 4869 in
2380 4815 2749 4870 divinitatem
2794 4819 3118 4881 mutatam;
3142 4831 3358 4886 corpus
3379 4815 3509 4884 ejus
3541 4813 3691 4867 divi-

2036 4904 2130 4960 nis
2183 4903 2574 4974 qualitatibus
2627 4903 2951 4971 donatum;
3012 4904 3198 4957 Deum
3256 4903 3318 4955 in
3379 4902 3688 4956 hominem

2035 4998 2364 5049 mutatum:
2398 4993 2525 5047 haec
2557 4992 2719 5047 enim
2752 4992 2956 5047 omnia
2985 4990 3081 5062 pie
3112 4995 3173 5045 et
3204 4991 3464 5044 innocue
3514 4990 3685 5046 dice-

2032 5081 2274 5151 bantur,
2290 5082 2585 5155 dirigente
2606 5080 3068 5152 intelligentiam
3088 5079 3266 5145 ﬁde,a
3278 5078 3515 5151 populis
3528 5086 3687 5136 recte

2033 5173 2237 5230 audita
2267 5179 2325 5228 et
2353 5172 2676 5229 intellecta.
2727 5171 2874 5225 Cum
2920 5175 3119 5225 autem
3151 5170 3277 5225 haec
3320 5171 3524 5229 omnia
3552 5172 3682 5227 hae-

2030 5264 2202 5319 retici
2234 5263 2504 5334 proximo
2537 5267 2596 5317 et
2624 5261 2793 5316 obvio
2838 5275 2905 5314 ac
2953 5258 3198 5315 litterali
3246 5277 3428 5316 sensu
3459 5259 3687 5317 intelli-

2032 5353 2225 5425 genda
2251 5352 2457 5424 [CCXI]
2487 5351 2880 5416 afﬁrmavere,
2913 5349 3197 5405 continuo
3245 5350 3592 5422 reprehensi
3625 5357 3685 5407 et

2032 5444 2106 5498 ab
2128 5442 2391 5498 Ecclesia
2411 5440 2607 5512 ejecti.
2631 5440 2757 5494 Jam
2790 5444 2856 5493 ut
2884 5439 3112 5511 integra
3130 5441 3207 5495 sit
3226 5440 3383 5495 inter
3418 5442 3524 5495 has
3546 5458 3680 5496 sen-

2032 5533 2271 5598 tentias,
2301 5536 2360 5586 et
2388 5546 2536 5600 quas
2566 5544 2702 5585 cum
2733 5527 2856 5583 illis
2886 5529 3119 5584 confert
3147 5529 3492 5585 Albertinus
3516 5546 3682 5585 com-

2032 5622 2295 5695 paratio;
2329 5620 2607 5675 ostendat
2625 5618 2716 5673 vel
2747 5618 2894 5674 adeo
2925 5619 3142 5675 insana
3170 5625 3232 5675 et
3259 5619 3519 5674 absurda
3547 5637 3678 5675 esse

2030 5720 2237 5771 nostra
2291 5710 2364 5765 de
2390 5708 2541 5766 reali
2568 5710 2889 5781 prementia
2936 5715 2999 5765 et
3040 5708 3678 5766 transsubtantiatione
