4024 6364
438 319 552 380 251

1585 315 1689 376 DE
1732 314 2136 376 DOCTRINA
2183 319 2251 378 S.
2296 319 2640 384 CYRILLI.

436 451 734 525 dogmata,
767 455 836 507 ut
851 465 988 506 cum
1013 465 1082 506 ea
1110 448 1386 505 Patribus
1434 448 1496 503 in
1544 448 1804 519 speciem
1836 451 2091 523 proponi
2122 452 2176 520 Α
2205 453 2401 509 tiones
2424 454 2666 528 [CCXII]
2692 453 2768 510 ad
2799 453 3054 509 litteram
3097 449 3469 507 intellexere:
3521 465 3681 522 eaque
3704 469 3777 508 re-

438 545 498 595 et
520 539 708 595 asseri
726 539 1093 606 viderentur,
1114 537 1342 593 nemini
1368 537 1566 591 venire
1587 543 1835 608 possent
1856 539 1917 594 in
1940 556 2105 595 men-

440 634 561 684 tem
589 630 678 684 vel
712 630 914 684 statim
945 634 1121 700 atque
1167 627 1604 698 deprehensum
1641 634 1729 682 est
1773 629 2104 685 nonnullos

439 719 719 773 exteriori
754 719 1185 773 sententiarum
1211 733 1358 771 sono
1390 716 1694 788 deceptos,
1728 733 1827 772 eas
1851 718 1925 773 ad
1951 718 2105 773 litte-

442 824 569 862 ram
600 807 673 862 de
693 809 915 862 nostris
939 807 1314 880 dogmatibus
1337 806 1726 874 intellexisse,
1751 806 2102 880 redargutos

438 902 497 950 et
527 913 632 967 pro
681 897 978 951 hasreticis
1026 895 1263 951 habitos
1321 894 1523 950 fuisse.
1587 897 1668 950 Ne
1716 896 1882 968 prius
1940 897 2104 952 dicat

438 986 802 1053 Albertinus,
839 986 1033 1041 obstat
1063 986 1187 1052 ille,
1232 986 1455 1040 fatente
1507 985 1659 1057 ipso,
1702 987 1830 1057 jam
1863 987 1935 1042 ab
1967 992 2100 1042 octo

435 1084 668 1139 saeculis
695 1084 912 1140 Latina:
949 1084 1227 1139 Ecclesim
1258 1083 1319 1138 in
1353 1085 1595 1138 Patrum
1635 1083 1828 1140 verbis
1853 1084 1927 1140 ad
1961 1102 2099 1141 eum

435 1173 676 1228 modum
691 1172 1117 1244 intelligendus
1133 1188 1482 1227 consensus:
1499 1171 1694 1228 obstat
1707 1173 2100 1229 Orientalium

439 1279 672 1332 quoque
688 1262 1090 1316 Ecclesiarum
1105 1261 1375 1317 omnium
1391 1278 1654 1332 praesens
1671 1262 1878 1316 saltem
1897 1263 2105 1318 suffra-

437 1349 598 1421 gium
629 1350 871 1406 disertis
895 1367 1098 1406 earum
1132 1351 1493 1406 testimoniis
1514 1349 1965 1422 comprobatum
1990 1368 2003 1406 :
2024 1369 2098 1407 ne

440 1439 581 1510 quid
604 1439 798 1496 dicam
823 1438 895 1495 de
924 1440 1215 1495 anteactis
1247 1439 1640 1511 temporibus,
1663 1457 1799 1496 cum
1831 1457 1952 1496 non
1985 1441 2094 1496 mi-

437 1544 549 1583 nus
580 1528 822 1583 disertis
855 1529 1264 1584 monumentis
1309 1533 1657 1600 perpetuam
1707 1529 1862 1586 hanc
1894 1546 2098 1585 earum

433 1615 618 1670 fuisse
652 1615 833 1670 ﬁdem
858 1615 1300 1670 evidentissime
1338 1614 1815 1671 demonstratum
1835 1617 1940 1682 sit;
1978 1623 2096 1671 tam

435 1702 626 1758 multa
655 1704 967 1759 hominum
1002 1703 1192 1759 millia
1215 1705 1315 1775 qui
1339 1705 1586 1760 insania:
1611 1710 1870 1768 accuset,
1891 1705 1940 1760 is
1972 1705 2098 1777 ipse

436 1809 607 1848 suam
669 1792 964 1848 insaniam
1016 1793 1360 1865 proditurus
1409 1794 1502 1848 sit.
1552 1796 1676 1849 Non
1733 1794 2096 1866 impediebat
2126 1808 2173 1874 Β

439 1879 618 1937 realis
631 1882 966 1953 praesentiaa
981 1889 1039 1937 et
1053 1882 1738 1938 transsubstantiationis
1755 1883 2097 1955 impossibi-

443 1969 578 2026 litas
598 1987 675 2025 ne
707 1970 1068 2040 crederetur,
1083 1989 1219 2027 cum
1253 1971 1601 2043 possibilem
1631 1972 1745 2044 ipsi
1777 1973 2097 2028 adversarii

441 2059 598 2116 ultro
620 2058 920 2115 fateantur
943 2077 956 2115 :
980 2078 1174 2132 neque
1198 2061 1245 2116 si
1267 2061 1613 2132 possibilem
1636 2063 2098 2135 negent,horum

427 2147 726 2218 judicium
781 2165 993 2207 norma
1049 2157 1400 2206 caaterorum
1457 2150 1590 2214 fuit,
1639 2153 1741 2223 qui
1794 2153 1912 2207 Deo
1945 2151 2100 2207 nihil

435 2239 808 2312 impossibile
829 2240 1213 2296 arbitrentur.
1237 2241 1440 2297 Restat
1453 2246 1517 2296 ut
1530 2240 2099 2313 probetAlbertinus

437 2329 510 2386 ab
540 2331 808 2387 Ecclesia
847 2333 1248 2403 reprehensos
1297 2338 1355 2387 et
1404 2331 1820 2386 haereticorum
1849 2348 2098 2387 numero

442 2419 701 2491 habitos,
737 2421 840 2490 qui
871 2421 1050 2492 primi
1081 2421 1262 2476 realis
1305 2421 1640 2492 praesentire
1691 2426 1751 2475 et
1793 2423 2098 2478 transsub-

441 2507 846 2563 stantiationis
876 2507 1152 2581 dogmata
1195 2525 1461 2565 asserere
1513 2516 1654 2564 sunt
1701 2509 2099 2580 deprehensis

441 2596 947 2666 quemadmodum
978 2596 1266 2663 damnati,
1313 2598 1416 2668 qui
1461 2598 1902 2669 metaphoricas
1951 2616 2100 2670 quas

442 2690 716 2740 recenset
745 2687 988 2740 Patrum
1018 2685 1351 2742 locutiones
1382 2686 1456 2742 ad
1475 2686 1735 2742 litteram
1762 2703 2096 2759 sumpsere.

441 2777 516 2830 At
543 2780 747 2831 contra
776 2791 1022 2847 prorsus
1054 2775 1289 2830 evenit:
1343 2775 1578 2830 smculis
1621 2775 1746 2831 fere
1797 2775 2099 2844 omnibus,

441 2873 540 2944 qui
561 2873 942 2944 praesentiam
955 2873 1170 2929 Christi
1187 2873 1250 2928 in
1271 2873 1644 2928 Eucharistia
1657 2874 1730 2930 ad
1749 2875 2000 2946 figuram
2015 2891 2103 2929 so-

443 2959 567 3014 lum
598 2961 986 3028 restrinxere,
1033 2966 1138 3016 aut
1179 2961 1359 3033 hujus
1407 2961 1709 3033 Opinionis
1758 2962 2100 3034 suspicione

445 3049 630 3104 afﬂati
681 3049 1092 3116 solummodo;
1145 3048 1464 3122 diligenter
1516 3051 1837 3120 emendati,
1899 3051 1988 3106 vel
2035 3053 2098 3107 in

447 3137 864 3193 haereticorum
897 3154 1147 3193 numero
1179 3137 1385 3193 habiti.
1419 3139 1636 3204 Quarto
1677 3140 1805 3212 jam
1857 3140 2096 3208 saeculo,

447 3241 566 3296 qua
596 3225 668 3281 de
709 3231 882 3282 astate
935 3232 1278 3295 tractamus,
1325 3228 1667 3284 Theodorus
1713 3229 2096 3299 Heracliotes,

449 3323 661 3373 catena
688 3319 748 3372 in
779 3318 1006 3388 Matth,
1037 3317 1110 3373 ad
1141 3335 1269 3389 cap.
1321 3336 1479 3387 xxxi,
1511 3321 1544 3388 Ῡ
1573 3321 1665 3387 ‘26,
1707 3336 1838 3392 pag.
1889 3323 2014 3391 340,
2049 3325 2109 3376 et

445 3407 733 3462 Macarius
755 3407 1011 3479 Magnes,
1030 3407 1092 3462 in
1115 3407 1444 3480 fragmento
1465 3410 1664 3464 Grmce
1684 3425 1719 3464 a
1733 3409 2019 3466 Turriano
2043 3409 2106 3464 in

442 3501 548 3558 lib.
583 3518 618 3556 v
651 3502 1004 3571 (καθισταίη,
1038 3509 1096 3558 et
1125 3503 1328 3559 Latine
1362 3521 1397 3560 a
1425 3505 1656 3573 Coccio,
1683 3510 1826 3561 tom.
1861 3507 1932 3574 ll,
1965 3523 2105 3578 pag,

447 3593 575 3660 607,
627 3591 806 3657 edito,
854 3592 1008 3648 hanc
1052 3592 1400 3664 opinionem
1454 3595 1826 3666 rejecerunt.
1887 3595 2106 3661 Quinto

451 3680 694 3750 saeculo,
726 3681 1068 3737 Theodorus
1103 3683 1444 3754 Mopsuest.,
1476 3689 1702 3739 catenas
1749 3685 1942 3740 citata;
1973 3701 2106 3757 pag.

448 3772 554 3824 350
580 3787 593 3837 ;
618 3772 824 3827 Patres
845 3771 1109 3827 scetiotze
1133 3771 1294 3827 hunc
1317 3772 1377 3827 in
1404 3775 1696 3828 monacho
1724 3773 1984 3844 quodam
2003 3791 2110 3846 per

449 3859 900 3931 simplicitatem
923 3859 1234 3916 incredula
1269 3877 1553 3928 errorem,
1586 3863 1905 3934 impetrato
1928 3863 2109 3919 etiam

457 3948 748 4003 miraculo
780 3948 1214 4016 emendarunt;
1246 3949 1402 4022 apud
1433 3949 1710 4018 Coteler.,
1752 3956 1898 4007 tom.
1926 3952 1950 4006 Ι
1991 3955 2112 4008 Ho-

457 4051 639 4101 num.,
659 4035 724 4090 in
745 4036 1263 4108 apophthegmatis
1275 4036 1506 4093 abbatis
1519 4038 1875 4107 Danielis,n.
1901 4043 1953 4107 7,
1975 4057 2108 4113 pag.

457 4127 584 4190 421,
618 4128 678 4179 et
731 4123 891 4195 apud
934 4124 1248 4193 Rosweid.,
1303 4123 1387 4180 lib
1439 4143 1472 4180 v
1532 4127 1632 4183 Vit.
1694 4130 1829 4196 PP.,
1863 4145 1990 4200 cap.
2022 4131 2109 4198 18;

459 4229 626 4268 num.
659 4213 714 4280 3,
746 4213 942 4281 Sexto,
975 4214 1274 4282 Leontius,
1308 4214 1413 4270 lib.
1448 4232 1504 4270 ιιι
1549 4217 1619 4272 De
1664 4219 2113 4275 Nestmianorum

460 4303 742 4371 impietate
767 4302 830 4356 in
870 4302 1102 4358 occulto
1156 4303 1391 4374 tradita,
1440 4305 1595 4361 hanc
1625 4307 1686 4362 in
1736 4307 1822 4363 eis
1872 4315 2112 4364 senten-

464 4391 609 4446 tiam
639 4390 1092 4448 condemnabat.
1137 4393 1423 4464 Septimo,
1482 4396 1833 4452 Anastasius
1891 4397 2115 4454 Sinaita

463 4497 619 4548 eam,
653 4481 834 4537 etiam
865 4481 974 4538 sub
1006 4481 1253 4538 nomine
1283 4483 1568 4539 Gaianitaa
1599 4487 1946 4558 gravissime
1977 4504 2113 4559 pro-

458 4569 662 4643 pulsat
681 4576 740 4626 et
778 4571 994 4643 rejicit.
1027 4573 1261 4639 Octavo,
1317 4573 1742 4638 Damascenus,
1799 4575 1902 4632 lib.
1957 4593 2010 4632 IV
2039 4578 2114 4632 De

457 4660 673 4717 orthod.
702 4659 832 4731 ﬁde,
865 4677 995 4734 cap.
1021 4663 1128 4728 i4;
1159 4662 1480 4718 concilium
1501 4663 1826 4734 Nicasnum,
1860 4682 1958 4721 an.
1983 4666 2110 4736 787,

455 4756 571 4806 act.
605 4753 669 4818 7;
702 4749 860 4806 Elias
891 4750 1215 4819 Cretensis,
1245 4751 1307 4806 in
1351 4757 1500 4807 orat.
1538 4753 1562 4808 1
1607 4753 1662 4808 S.
1694 4754 1860 4828 Greg.
1890 4771 1926 4811 a
1953 4756 2110 4821 Naz.,

454 4846 580 4896 not.
616 4842 741 4906 161,
773 4857 832 4912 p.
867 4842 992 4910 200,
1023 4841 1150 4898 201.
1183 4842 1370 4908 Nono,
1402 4841 1795 4914 Nicephorus,
1827 4844 1889 4899 in
1931 4844 2114 4900 Antir-

455 4929 665 4985 rhetico
709 4932 764 4995 2,
815 4930 1158 4986 Theodorus
1206 4929 1457 4997 Studita,
1499 4931 1814 4989 Antirrhet.
1868 4936 1918 5000 1,
1949 4935 2110 4990 Cant.

454 5019 778 5074 lconoclost.
813 5035 980 5076 num.
1034 5022 1123 5088 10,
1173 5019 1450 5074 Paschas.
1487 5019 1822 5088 Ratbertus,
1865 5027 1977 5077 etc.
2013 5023 2112 5078 Se-

460 5104 782 5176 quentibus
804 5105 1046 5164 demum
1067 5124 1204 5164 cum
1229 5109 1428 5164 Graeca
1445 5113 1571 5162 tum
1613 5109 1820 5165 Latina
1848 5111 2115 5168 Ecclesia

461 5210 584 5260 eos,
636 5192 740 5264 qui
789 5193 1039 5267 ﬁguram
1086 5197 1354 5268 corporis
1393 5197 1609 5252 Christi
1643 5198 2016 5256 solummodo
2048 5201 2110 5256 in

458 5281 834 5338 Eucharistia
861 5291 1272 5356 agnoscerent,
1313 5291 1598 5358 tanquam
1648 5287 1711 5342 in
1761 5289 2110 5360 gravissimo

462 5399 664 5438 errore
693 5389 1000 5440 versantes
1032 5403 1139 5458 pro
1165 5387 1462 5443 haereticis
1501 5387 1728 5444 habuit.
1780 5389 1942 5446 Idem
1973 5409 2111 5466 ergo

453 5471 730 5543 judicare
754 5472 1046 5530 debemus
1073 5474 1146 5531 de
1175 5477 1249 5530 iis
1279 5477 1381 5547 qui
1429 5476 1718 5534 litterales
1748 5479 1988 5536 Patrum
2038 5481 2112 5536 de

459 5561 836 5618 Eucharistia
883 5564 1211 5621 sententias
1253 5563 1329 5620 ad
1379 5564 1631 5638 ﬁguram
1675 5567 1911 5625 detorse
1941 5586 2010 5625 ac
2038 5570 2112 5626 de

460 5647 538 5704 iis
571 5646 674 5720 qui
709 5649 1147 5724 metaphoricas
1171 5650 1414 5710 Patrum
1440 5651 1515 5710 de
1543 5652 1680 5711 aliis
1723 5654 1903 5712 rebus
1939 5655 2111 5714 locu-

2210 541 2349 614 gula
2377 544 2480 614 qui
2509 543 2584 599 ad
2617 544 2897 610 litteram,
2931 541 3076 613 quid
3108 555 3285 595 sensu
3315 538 3677 610 metaphorico
3709 541 3779 595 in-

2212 631 2600 704 telligendum
2654 634 2731 688 sit
2778 631 3129 704 planissime
3173 629 3452 700 designat,
3497 644 3556 682 ac
3583 629 3781 699 proinde

2210 737 2382 792 aequa
2411 739 2530 776 non
2564 727 2655 776 est
2684 721 2981 777 Albertini
3014 720 3169 775 inter
3199 735 3290 773 res
3321 717 3461 772 adeo
3508 717 3780 788 disparatas

2208 813 2596 884 comparatio.

2860 899 3092 955 CAPUT
3129 899 3199 953 X.

2210 991 2557 1055 Aﬂeruntur
2599 1007 2668 1040 ea:
2731 989 2950 1055 Cyrillo
3004 991 3358 1052 argumenta,
3416 985 3605 1050 quibus
3655 985 3788 1033 realis

2273 1063 2487 1113 Christi
2517 1065 2578 1112 in
2615 1063 2984 1113 Eucharistia
3003 1061 3310 1123 prasentia
3356 1068 3406 1108 et
3435 1058 3790 1107 transsubstan-

2273 1135 2436 1183 tiatio
2480 1136 2951 1197 comprobantur;
2998 1142 3048 1182 et
3077 1147 3116 1181 a
3141 1131 3363 1181 cavillis
3409 1128 3668 1179 Albertini
3690 1126 3788 1176 libe-

2271 1213 2498 1254 rantur.
2525 1207 2794 1256 Primum
2823 1212 2873 1253 et
2902 1203 3211 1252 secundum
3239 1208 3638 1264 argumentum.

2281 1286 2400 1340 73⁸.
2434 1287 2686 1341 Possent
2712 1285 2787 1340 ad
2831 1282 3228 1340 refellendum
3286 1280 3636 1336 Albertinum
3663 1277 3785 1333 sufﬁ-

2208 1391 2360 1440 cere,
2385 1392 2534 1446 quas
2565 1375 2739 1430 modo
2761 1374 2899 1430 huic
2921 1371 3310 1444 disputationi
3331 1369 3548 1442 praeﬁxi
3568 1367 3789 1422 observa-

2209 1465 2422 1522 tiones.
2457 1464 2570 1521 Sed
2596 1465 2726 1536 ipsa
2755 1462 3048 1520 catholica
3075 1461 3348 1516 doctrina
3367 1460 3490 1530 jam
3537 1473 3600 1511 ex
3633 1454 3790 1527 Cyrilli

2207 1553 2402 1610 verbis
2423 1569 2489 1610 ac
2513 1553 2827 1609 sententiis
2852 1551 3198 1624 diligentius
3218 1548 3477 1605 excussis
3507 1543 3790 1608 asserenda,

2209 1651 2268 1699 et
2282 1644 2354 1700 ab
2379 1645 2610 1716 impetu
2630 1642 3107 1699 adversariorum
3147 1635 3538 1695 defendenda.
3559 1635 3618 1691 Id
3649 1633 3792 1690 diver-

2208 1734 2289 1789 sis
2319 1733 2684 1806 argumentis
2717 1749 2785 1788 ex
2819 1731 3028 1787 ordine
3061 1728 3378 1802 praestabo.

2704 1837 2912 1878 Ριιιιιυκ
2951 1835 3347 1876 ABGUIBNTUI.

2273 1912 2542 1967 Sumitur
2597 1910 2670 1967 ab
2726 1910 2819 1966 his
2868 1909 3198 1965 catechesis
3257 1908 3325 1961 23
3375 1905 3577 1969 verbis,
3622 1899 3790 1972 quibus

2201 2007 2336 2074 post
2357 2000 2699 2073 praalectam
2749 2017 2820 2055 ex
2843 1997 3124 2072 Apostolo
3149 1998 3174 2052 Ι
3214 1997 3346 2052 Cor.
3395 2013 3469 2062 ιι,
3491 1995 3553 2048 23
3583 1996 3635 2046 et
3658 2005 3784 2060 seqq.

2203 2090 2552 2157 sectionem,
2589 2089 2673 2145 sic
2703 2089 3033 2144 orationem
3068 2086 3435 2159 ingreditur:
3467 2081 3558 2130 Vel
3582 2079 3682 2129 hac
3698 2076 3787 2125 ποια

2203 2179 2347 2229 beati
2377 2178 2554 2228 Pauli
2577 2178 2861 2227 institutio
2875 2175 3096 2226 abunde
3121 2174 3417 2238 sufﬁciens
3434 2179 3526 2228 est,
3546 2177 3603 2219 ut
3628 2173 3786 2217 certam

2203 2270 2353 2319 vobis
2385 2269 2450 2318 de
2476 2268 2692 2317 divinis
2748 2266 3038 2331 mysteriis
3093 2265 3263 2330 ﬁdem
3292 2263 3499 2327 faciat:
3525 2259 3705 2324 quibus
3725 2253 3791 2302 di-

2199 2359 2306 2422 gni
2332 2358 2530 2421 habiti,
2566 2357 2919 2420 concorporei
2969 2365 3021 2404 et
3074 2368 3422 2417 consangues
3477 2347 3666 2402 Christi
3686 2341 3792 2407 facti

2202 2447 2356 2495 estis.
2388 2446 2498 2495 Ille
2513 2446 2660 2494 enim
2685 2445 2844 2495 modo
2867 2445 3146 2493 clamabat
3162 2460 3179 2492 :
3217 2442 3368 2508 quod
3387 2443 3447 2490 in
3483 2454 3543 2489 ea
3555 2444 3688 2486 nocte
3711 2445 3794 2496 qua

2207 2536 2534 2586 tradebatur
2565 2536 2847 2586 Dominus
2878 2542 3066 2584 noster
3111 2535 3284 2583 Jesus
3320 2532 3586 2588 Christus,
3623 2529 3793 2584 sumpto

2201 2643 2346 2690 pane
2372 2631 2422 2678 et
2448 2628 2658 2692 gratiis
2705 2627 2864 2684 actis,
2919 2625 3094 2690 fregit
3123 2633 3173 2674 et
3224 2624 3376 2674 dedit
3409 2618 3681 2682 discipulis
3701 2611 3792 2661 sui:

2203 2716 2430 2767 dicens:
2469 2717 2730 2779 Accipite,
2760 2716 3115 2774 manduca'e,
3163 2713 3267 2764 hoc
3294 2723 3376 2764 est
3421 2724 3608 2774 corpus
3632 2714 3785 2755 meum

2203 2806 2276 2856 Et
2300 2814 2525 2869 sumpto
2573 2805 2746 2855 calice
2801 2820 2867 2854 ac
2915 2804 3123 2868 gratiis
3169 2805 3338 2863 actis,
3364 2802 3543 2851 dixit:
3585 2790 3783 2854 Accipite,

2207 2892 2392 2957 bibite,
2423 2895 2517 2944 hic
2561 2903 2642 2943 est
2666 2893 2906 2957 sanguis
2940 2909 3118 2942 meus.
3179 2893 3328 2942 Cum
3357 2891 3536 2955 igitur
3585 2887 3681 2948 ipse
3695 2890 3788 2942 ἕνθ’

2203 2985 2558 3035 nuntiaverit
2577 2993 2629 3033 et
2658 2983 2872 3033 dixerit
2891 2984 2956 3033 de
2969 2997 3150 3045 pane:
3181 2983 3294 3032 Hoc
3313 2995 3498 3031 meum
3526 2984 3598 3027 est
3624 2981 3794 3032 οονρων

2203 3075 2335 3140 quis
2362 3074 2590 3124 audebit
2621 3073 2878 3136 deinceps
2912 3071 3194 3135 ambigere
3219 3073 3248 3121 Ρ
3274 3081 3326 3120 et
3356 3085 3480 3121 cum
3503 3069 3606 3130 ipse
3630 3070 3798 3111 assere-

2131 3159 2174 3228 C
2212 3162 2424 3212 raverit
2455 3169 2507 3211 et
2552 3161 2786 3217 dixerit,
2818 3161 2918 3210 [lic
2979 3159 3080 3222 (vel
3112 3159 3236 3220 hoc)
3290 3174 3447 3209 meus
3497 3163 3568 3204 est
3591 3144 3798 3210 εαπσιιίε.

2209 3250 2340 3315 quis
2373 3265 2629 3314 unquam
2672 3249 3034 3304 dubitaverit,
3083 3249 3250 3297 aiens
3282 3263 3394 3298 non
3436 3259 3542 3295 esse
3567 3241 3672 3302 eius
3695 3246 3801 3281 θαη-

2209 3338 2484 3402 guinem?
2510 3339 2947 3395 Commentario
2977 3342 3184 3393 nostro
3217 3343 3340 3394 tam
3363 3333 3640 3410 perspicua
3656 3319 3797 3377 verba

2213 3445 2335 3484 non
2365 3429 2664 3501 indigent:
2685 3426 2789 3483 sed
2819 3425 3184 3482 refellendus
3207 3423 3649 3483 adversariorum
3666 3425 3798 3501 comj

2212 3534 2350 3573 men
2359 3499 2562 3573 tariu's.
2587 3516 2809 3584 Primo,
2829 3514 3050 3565 abunde
3065 3517 3368 3578 sufﬁciens
3389 3511 3586 3586 Cyrillo
3602 3505 3708 3560 visa
3735 3499 3808 3552 est

2211 3606 2379 3662 Pauli
2408 3605 2480 3662 de
2505 3604 2880 3661 Eucharistia
2927 3603 3233 3672 institutio,
3274 3622 3408 3676 qum
3438 3605 3499 3658 in
3522 3591 3807 3687 Calviniana

2215 3695 2513 3750 sententia
2528 3695 2725 3766 specie
2749 3693 3062 3749 verborum
3079 3692 3264 3762 fallit,
3289 3710 3358 3750 ac
3369 3691 3644 3766 praecipuo
3657 3681 3809 3775 capite

2214 3785 2512 3842 deficitur.
2546 3785 2723 3840 Deest
2752 3783 2913 3838 enim
2959 3781 3116 3854 apud
3159 3783 3416 3838 Paulum
3462 3772 3812 3848 interpretatio

2215 3872 2734 3930 necessariaillius
2755 3870 2917 3928 modi
2940 3888 3058 3943 quo
3089 3871 3469 3928 Eucharistia
3493 3866 3688 3925 dicitur
3711 3871 3811 3913 cor-

2215 3979 2328 4036 pus
2357 3967 2416 4018 et
2445 3962 2687 4035 sanguis
2707 3961 2948 4029 Christi,
2979 3970 3338 4011 sacramento
3383 3958 3649 4043 nimirum
3688 3943 3808 4043 πολὺ

2216 4065 2388 4115 gura,
2406 4059 2457 4099 et
2488 4051 2696 4100 virtute
2715 4058 2882 4114 atque
2900 4049 3173 4112 efﬁcacia.
3201 4047 3545 4106 Necessaria
3570 4041 3724 4116 plane
3739 4041 3811 4087 m‘

2218 4141 2586 4213 terpretatio,
2617 4156 2693 4196 ne
2723 4140 2916 4212 primo
2947 4156 3016 4196 ac
3049 4139 3309 4211 simplici
3332 4137 3633 4194 verborum
3653 4135 3814 4214 sensut

2218 4236 2278 4287 et
2305 4206 3184 4304 congeminata-inculcataque—
3197 4228 3262 4284 in
3294 4217 3668 4296 consequenti
3686 4206 3817 4307 Pauli

2218 4324 2498 4376 contextu
2528 4317 2797 4390 corporis
2824 4322 2879 4373 et
2911 4316 3222 4390 sanguinis
3243 4315 3461 4372 Christi
3482 4307 3818 4370 mentionem

2220 4424 2483 4464 errorem
2540 4405 2947 4472 adducamur;
2991 4405 3356 4472 necessaria,
3411 4404 3666 4474 inquam,
3714 4399 3813 4485 62m

2220 4497 2401 4570 hujus
2426 4495 2938 4568 interpretationis
2969 4493 3226 4563 defectu,
3253 4495 3316 4550 in
3338 4492 3516 4550 realis
3535 4484 3814 4562 praesentit!3

2221 4603 2290 4644 ac
2305 4584 2992 4641 transsubstantiationis
3006 4583 3370 4640 sententiam
3386 4572 3690 4637 Christiani
3702 4576 3821 4642 pene

2222 4690 2431 4732 omnes
2455 4675 2528 4730 iis
2541 4673 2709 4730 Pauli
2730 4673 2924 4730 verbis
2946 4672 3188 4730 adducti
3209 4672 3353 4728 sint.
3381 4676 3451 4726 At
3465 4683 3593 4726 eam
3610 4655 3826 4748 Cyrinus

2221 4763 2777 4836 interpretationem
2811 4762 3212 4819 necessariam
3260 4777 3385 4816 non
3423 4751 3718 4832 judicavit,
3745 4755 3826 4836 (Ιιξι

2222 4827 2582 4909 contrariam
2600 4852 2778 4926 plane
2796 4857 2917 4908 toto
2939 4850 3154 4907 virium
3180 4853 3398 4906 conatu
3421 4827 3587 4919 urget
3606 4846 3660 4898 et
3676 4827 3832 4894 incul-

2221 4948 2335 4998 cat.
2369 4941 2639 4998 Secundo
2669 4957 2930 5013 namque
2959 4940 3062 5007 ait,
3091 4938 3310 4988 divinis
3337 4931 3623 5000 mystcrii:
3656 4926 3831 4986 diﬂna'

2221 5039 2322 5088 tos,
2353 5043 2739 5092 concorporeos
2795 5037 2846 5079 et
2902 5042 3248 5091 oonsangues
3308 5023 3522 5076 Christi
3547 5022 3710 5083 factos
3754 5017 3835 5055 ποί

2222 5133 2354 5168 esse.
2387 5118 2556 5184 Quod
2585 5120 2801 5174 iterum
2836 5117 3054 5191 repetit
3080 5133 3143 5172 n.
3173 5119 3239 5171 3:
3268 5114 3342 5163 Ιη
3375 5101 3734 5178 βσιιναΡαπί*
3762 5094 3837 5193 δέ

2223 5217 2322 5257 tur
2345 5208 2450 5256 tibi
2483 5222 2685 5270 corpus
2712 5215 2762 5258 et
2791 5207 2855 5256 in
2883 5209 3078 5271 ﬁgura
3113 5205 3236 5254 vini
3284 5203 3458 5252 datur
3489 5197 3591 5248 tibi
3617 5195 3836 5252 suum”,

2221 5301 2284 5345 ul
2304 5311 2432 5346 cum
2465 5296 2780 5359 sumpseris
2811 5311 3013 5358 corpus
3041 5303 3092 5344 et
3120 5292 3464 5355 sanguinem
3493 5280 3712 5336 Christi.
3732 5285 3840 5368 οφ·-

2222 5399 2518 5446 corporeus
2544 5394 2597 5435 et
2617 5399 2824 5435 consan
2827 5385 2961 5448 guis
2980 5384 3094 5446 ipsi
3109 5379 3405 5447 efﬁciaris.
3430 5375 3663 5462 Duobus,
3675 5360 3837 5462 mod-is

2223 5492 2294 5531 ex
2323 5475 2565 5530 Patrum
2607 5475 2881 5530 doctrina
2935 5489 3124 5530 unum
3183 5486 3398 5542 corpus
3449 5481 3580 5522 cum
3635 5455 3835 5514 Chrile

2202 5564 2521 5629 efﬁcimur
2541 5581 2646 5638 pro
2669 5566 2901 5622 ratione
2923 5563 3180 5638 duplicis
3200 5559 3466 5632 corporis
3490 5547 3712 5612 Christi.
3742 5544 3836 5598 Per

2230 5654 2598 5728 blMltismum
2629 5657 2813 5728 enim,
2844 5657 3025 5714 etiam
3053 5671 3091 5711 a
3137 5667 3306 5710 sacra
3328 5643 3731 5707 communione
3757 5644 3834 5688 se-
