4024 6382
246 407 362 467 253

266 546 569 616 paratum,
604 540 920 595 Ecclesiae
963 553 1101 608 qum
1148 532 1458 605 mysticum
1490 523 1705 583 Christi
1754 529 1969 586 corpus

289 610 371 689 est
397 607 856 702 conjungimur
883 634 945 682 et
978 607 1237 698 {CCXIII}
1272 623 1753 688 incorporamur:
1797 607 1980 678 idque

307 699 597 780 Alhertino
634 699 1046 773 concedimus
1077 712 1454 784 perlibenter.
1493 707 1564 759 At
1593 719 1697 774 per
1745 699 1970 754 Eucha-

317 814 519 870 ristiam
549 825 755 863 unum
800 823 942 862 cum
992 820 1128 858 vero
1177 817 1242 856 ac
1286 794 1546 853 naturali
1592 790 1806 846 Christi
1841 805 1972 843 cor-

320 920 464 978 pore,
494 916 719 970 corpus
773 895 1080 952 efficimur
1124 889 1335 946 Christi
1378 883 1642 955 corporis
1686 896 1754 936 ac
1784 877 1974 932 nostri

317 976 599 1055 contactu,
631 994 695 1043 et
751 987 1072 1054 utriusque
1122 976 1534 1036 commistione
1592 977 1770 1042 atque
1828 984 1974 1022 con-

300 1081 621 1156 junctione
673 1091 1008 1148 corporea:
1059 1073 1216 1144 quod
1247 1087 1352 1143 per
1401 1069 1649 1139 ﬁguram
1681 1067 1740 1116 et
1769 1059 1973 1114 efﬁca-

305 1173 464 1227 ciam
499 1188 532 1225 a
554 1186 696 1224 vero
730 1165 948 1221 Christi
975 1179 1221 1235 corpore
1238 1165 1571 1232 separatam
1596 1153 1722 1209 fieri
1745 1148 1972 1219 nequit.

305 1260 477 1327 Quod
512 1260 586 1314 de
648 1256 1077 1328 conjunctione
1134 1249 1400 1323 corporis
1456 1244 1646 1302 nostri
1674 1257 1808 1297 cum
1838 1254 1974 1292 vero

301 1350 530 1407 Christi
555 1363 808 1419 corpore
842 1347 1120 1415 loquatur
1147 1341 1431 1412 Cyrillus;
1463 1337 1723 1408 primum
1761 1329 1977 1400 adjun-

302 1447 406 1497 cta
429 1441 662 1508 omnia,
693 1435 1108 1492 antecedentia
1128 1431 1408 1486 nimirum
1442 1433 1501 1483 et
1529 1419 1979 1492 consequentia,

308 1531 437 1578 dati
469 1538 522 1576 et
553 1526 774 1587 sumpti
802 1540 868 1574 ac
895 1521 1184 1574 distributi
1208 1520 1269 1568 in
1297 1518 1548 1567 membra
1575 1519 1772 1560 nostra
1791 1521 1981 1567 corpo-

313 1622 404 1668 ris
432 1619 564 1678 ejus
577 1626 628 1665 et
659 1616 966 1678 sanguinis
979 1613 1222 1677 mentio,
1244 1610 1396 1665 nihil
1419 1605 1580 1662 aliud
1603 1602 1858 1674 cogitare
1872 1614 1981 1652 nos

317 1713 551 1766 sinunt.
588 1708 816 1764 Deinde
847 1705 919 1761 de
949 1705 1187 1776 prOprio
1217 1697 1602 1756 Eucharistiae
1626 1687 1981 1762 etsuperad-

313 1802 445 1856 dito
474 1802 550 1855 ad
577 1800 941 1870 baptismum
975 1797 1183 1850 effectu
1207 1792 1363 1863 agit;
1395 1786 1723 1860 spiritalem
1753 1795 1889 1834 vero
1921 1777 1984 1830 in

309 1890 538 1945 Christi
577 1905 795 1958 corpus
829 1885 1140 1956 mysticum
1189 1877 1730 1950 incorporationem
1765 1874 1892 1945 jam
1925 1869 1988 1921 in

311 1979 606 2051 baptismi
637 1976 945 2032 effectibus
976 1975 1375 2036 recensuerat,
1401 1968 1542 2023 dum
1564 1971 1678 2021 cat.
1714 1968 1802 2031 20,
1837 1979 1896 2016 n.
1924 1963 1974 2024 7,

320 2091 428 2144 per
458 2089 596 2128 eum
643 2071 874 2125 Christo
924 2085 1072 2123 verm
1105 2063 1204 2117 viti
1262 2079 1371 2117 nos
1404 2059 1637 2126 insitos,
1689 2060 1748 2108 et
1777 2058 1886 2108 cat.
1923 2053 1974 2118 3,

327 2180 389 2218 n.
419 2167 470 2220 2.
525 2161 828 2216 Christum
861 2157 1147 2222 induisse,
1207 2158 1264 2206 et
1292 2151 1485 2206 similis
1508 2164 1626 2201 cum
1685 2145 1828 2197 Filio
1861 2142 1978 2208 Dei,

321 2255 517 2324 formae
546 2247 907 2322 συμμόρφους
949 2250 1135 2300 factos
1182 2243 1300 2306 ait;
1334 2240 1452 2294 imo
1506 2242 1564 2290 et
1611 2241 1744 2289 ante
1787 2231 1979 2301 bapti-

321 2360 525 2399 smum
542 2359 648 2413 per
659 2339 772 2394 olei
792 2338 942 2393 sacri
961 2332 1414 2398 unctionem,Ch
1425 2329 1550 2383 risti
1576 2328 1821 2381 sincerae
1836 2323 1982 2377 olem

323 2437 583 2502 ejusque
617 2426 1045 2501 pinguitudinis
1075 2424 1392 2496 participes
1433 2420 1692 2484 effectos,
1733 2417 1794 2470 in
1826 2431 1982 2469 eam-

340 2537 463 2590 que
496 2519 677 2573 oleam
708 2519 985 2576 insertos,
1006 2520 1064 2568 et
1086 2531 1190 2585 per
1220 2514 1369 2566 sacri
1399 2510 1736 2566 chrismatis
1751 2507 1982 2561 unctio-

355 2626 522 2672 nem,
550 2608 738 2661 Christi
772 2612 831 2661 et
859 2604 1160 2660 unctionis
1183 2603 1312 2674 ejus
1344 2620 1412 2658 ex
1443 2619 1560 2672 qua
1584 2616 1803 2655 nomen
1827 2599 1986 2652 inve-

351 2702 461 2764 nit,
496 2701 794 2770 participes
854 2704 913 2753 et
951 2695 1248 2750 confortes
1311 2694 1492 2748 factos
1525 2693 1716 2755 docet,
1751 2695 1862 2745 cat.
1897 2691 1984 2752 20,

345 2807 406 2844 n.
442 2793 492 2842 3.
527 2790 668 2854 Quid
698 2789 855 2860 quod
883 2786 1161 2841 Ecclesia.-
1194 2802 1327 2855 quaa
1361 2801 1581 2855 sponsa
1627 2781 1842 2836 Christi
1876 2785 1985 2846 est,

339 2886 452 2934 cat.
491 2880 574 2944 18,
619 2896 676 2933 n.
710 2882 797 2948 26,
858 2877 1159 2932 auditores
1218 2893 1357 2930 suos
1389 2875 1587 2929 statim
1644 2891 1677 2929 a
1706 2873 1857 2928 datis
1915 2871 1988 2926 ad

338 2970 702 3040 baptismum
760 2965 1102 3022 nominibus
1162 2966 1318 3020 filios
1375 2964 1560 3020 factos
1619 2965 1718 3032 ait,
1761 2967 1987 3034 procat.

333 3073 394 3111 n.
433 3060 518 3111 13.
554 3056 704 3122 Quid
762 3060 896 3126 post
929 3061 1046 3110 tam
1107 3053 1324 3108 multas
1374 3053 1587 3106 Christi
1648 3051 1892 3122 spiritus
1923 3065 1990 3104 ac

331 3145 573 3216 mystici
606 3144 871 3215 corporis
901 3142 1389 3214 participationes
1418 3141 1803 3195 Eucharistiaa
1830 3155 1988 3209 prie-

334 3234 621 3290 standum
647 3237 906 3303 superat,
938 3230 1050 3285 nisi
1083 3236 1150 3284 ut
1177 3246 1314 3283 vero
1340 3228 1553 3284 Christi
1586 3226 1851 3299 corporis
1882 3241 1991 3280 nos

332 3325 733 3394 conjungeret
752 3320 778 3373 Ἰ

407 3417 502 3470 74.
539 3413 756 3477 Tertio,
808 3411 892 3464 vis
945 3409 1048 3463 illa
1098 3415 1156 3464 et
1204 3407 1540 3464 constantia
1587 3405 2002 3462 affirmationis

336 3519 458 3574 qua
492 3500 752 3572 Cyrillus
783 3503 1000 3570 przeter
1051 3514 1280 3552 morem
1313 3497 1515 3562 utitur,
1571 3492 2004 3567 congeminatis

336 3590 562 3655 verbis,
587 3606 710 3643 cum
746 3587 868 3657 ipse
911 3586 1358 3655 pronuntiaverit
1393 3597 1452 3638 et
1471 3582 1687 3637 dixerit
1719 3578 2004 3655 ἀποφηνα-

342 3678 514 3750 μένου
546 3673 637 3728 καὶ
673 3671 942 3738 εἴποντος,
1005 3673 1070 3726 de
1125 3688 1269 3742 pane
1299 3671 1396 3725 hoc
1454 3676 1550 3737 est,
1611 3673 1747 3736 etc.,
1800 3671 1856 3721 et
1885 3683 2005 3721 cum

340 3769 456 3835 ipse
501 3763 892 3818 asseveraverit
930 3767 979 3814 et
1014 3760 1220 3814 dicem-it
1255 3751 1700 3831 βεϐἅιωσαμὲνου
1732 3753 1819 3807 καὶ
1853 3751 2007 3826 εἰρη-

342 3854 530 3916 κότος,
570 3874 589 3899 ι
631 3851 728 3904 Hic
785 3856 862 3904 est
918 3849 1142 3916 sanguis
1198 3861 1345 3899 meus
1374 3843 1458 3898 δεῖ
1491 3865 1517 3892 ››
1581 3848 1640 3896 et
1670 3843 1773 3896 illa
1811 3840 2006 3912 repel-

340 3942 541 3999 lendae
565 3936 954 3994 dubitationis
977 3951 1118 3989 cura
1139 3951 1205 3988 ac
1229 3930 1591 3996 sollicitudo,
1616 3932 1739 4001 quis
1763 3929 2006 3998 audebit,

337 4036 601 4099 deinceps
653 4028 930 4096 ambigere
950 4025 978 4079 ‘?
1020 4027 1142 4094 quis
1171 4039 1415 4093 unquam
1447 4020 1828 4076 dubitaverit?
1859 4020 2009 4085 haec,

341 4130 623 4197 inquam,
649 4123 985 4194 significant
1007 4119 1077 4174 de
1100 4136 1160 4173 re
1181 4135 1285 4189 per
1306 4134 1366 4172 se
1392 4115 2010 4186 incredibili,quaaque

344 4216 516 4274 nuda
549 4215 641 4269 sui
661 4213 1024 4286 expositione
1047 4210 1478 4266 dubitationem
1499 4210 1560 4263 in
1584 4209 1850 4264 animum
1880 4203 2011 4275 inji-

341 4310 484 4373 ciat,
522 4304 637 4372 agi.
681 4306 817 4368 Qua:
876 4306 941 4355 ut
989 4299 1268 4372 praeclare
1325 4295 1631 4353 catholicas
1700 4289 2013 4349 sententize

340 4397 734 4462 conveniunt,
752 4395 834 4448 ila
854 4392 1088 4448 nullum
1110 4389 1403 4446 habentin
1430 4387 1773 4443 Calviniana
1793 4383 2015 4437 locum.

343 4489 504 4555 Quid
540 4487 702 4541 enim
731 4483 862 4538 miri
897 4489 955 4538 et
983 4479 1374 4546 incredibilis,
1409 4477 1456 4532 si
1489 4477 1644 4531 Deus
1694 4473 1833 4545 pani
1869 4472 2013 4541 figu-

345 4598 482 4636 ram
510 4577 780 4649 corporis
795 4575 883 4630 sui
912 4579 969 4628 et
991 4571 1363 4645 spiritualem
1387 4567 1707 4640 quamdam
1740 4563 2014 4618 efficien-

357 4672 501 4726 tiam
533 4667 857 4724 attribuere
878 4662 1178 4718 voluerit?
1211 4677 1329 4715 non
1352 4659 1562 4713 fuisset
1582 4657 1642 4711 id
1673 4653 1874 4727 Cyrilli
1904 4668 2009 4707 au-

357 4760 655 4816 diloribus
696 4773 909 4813 novum
934 4760 990 4810 et
1027 4753 1294 4808 insolens
1321 4748 1448 4821 ;qui
1469 4748 1783 4803 audierant
1811 4745 1872 4798 in
1903 4745 2009 4796 Ve-

347 4857 467 4913 teri
493 4856 870 4910 Testamento
921 4847 1272 4904 attributum
1301 4842 1519 4900 Christi
1577 4837 1809 4910 corpori
1841 4837 2012 4908 panis

355 4960 603 5009 nomen,
664 4941 757 4996 his
789 4939 982 4993 verbis
1038 4936 1194 5008 apud
1240 4933 1554 4990 Jeremiam
1612 4928 1723 4985 sibi
1763 4927 1826 4981 in
1855 4926 2016 4980 hunc

359 5049 609 5090 sensum
642 5048 676 5086 a
705 5028 922 5101 Cyrillo
955 5025 1264 5099 explicatis
1294 5029 1406 5080 cat.
1447 5022 1534 5091 13,
1566 5036 1734 5075 num.
1770 5020 1858 5085 19,
1913 5017 2019 5071 Ve-

362 5127 503 5189 nite,
531 5121 847 5191 injiciamus
870 5119 1076 5186 lignum
1101 5133 1155 5171 ιη
1171 5130 1369 5185 panem
1394 5112 1510 5181 ejus
1529 5110 1608 5165 38:
1645 5107 1743 5180 qui
1793 5105 2020 5162 centies

366 5218 482 5268 cat.
521 5213 606 5277 i3,
642 5227 696 5264 n.
731 5211 833 5273 49;
868 5212 979 5262 cat.
1015 5209 1099 5271 14,
1151 5221 1212 5258 n.
1250 5206 1351 5270 fi;
1386 5207 1498 5257 cat.
1552 5200 1638 5264 l7,
1672 5198 2022 5261 n.19;cat.

369 5305 461 5370 20,
496 5317 552 5354 n.
588 5303 640 5366 7,
672 5297 987 5352 audierant
1017 5294 1087 5350 ab
1121 5294 1351 5360 eodem,
1385 5291 1682 5346 Christum
1733 5301 1795 5342 se
1825 5296 2024 5338 veram

367 5391 542 5446 vitem
576 5388 838 5456 dixisse;
884 5386 1038 5441 unde
1095 5399 1469 5453 consequens
1517 5384 1646 5436 erat
1673 5375 2025 5450 sanguinem

367 5484 492 5557 ejus
525 5482 660 5536 vino
697 5478 1017 5549 figuratum
1045 5493 1056 5528 :
1090 5472 1187 5546 qui
1223 5471 1479 5542 denique
1515 5469 2026 5525 sacramentorum

362 5573 689 5634 elementis
724 5567 1102 5624 assistentem
1137 5560 1507 5635 spiritualem
1538 5557 1787 5633 gratiam
1809 5571 1880 5611 ex
1911 5571 2031 5611 ma.

419 5747 470 5788 as
501 5739 730 5802 Matth.
760 5749 916 5807 xm,
947 5733 1036 5790 26.
1110 5729 1157 5767 ⁸³
1179 5731 1294 5788 Jer.
1325 5747 1406 5804 xx,
1439 5732 1527 5787 19.

1699 375 2225 448 DlSSERTATIO
2271 378 2373 438 lll.

3615 359 3735 418 254

2001 515 2054 579 Α
2083 511 2248 582 gistri
2280 507 2570 564 institutis
2602 503 2899 561 ascribere
2948 497 3168 555 insueti
3217 500 3407 551 erant.
3448 495 3745 548 Docuerat

2085 599 2246 653 enim
2274 615 2374 653 eos
2405 612 2618 667 aquam
2654 589 3069 664 baptismalem
3103 603 3207 657 per
3241 582 3544 638 Trinitatis
3575 581 3740 634 invo-

2086 686 2381 740 cationem
2439 687 2550 738 vim
2605 679 2914 736 sanctitatis
2966 675 3294 745 acquirere,
3329 675 3442 725 cat.
3504 671 3560 735 3,
3591 669 3738 733 n.3,

2087 772 2282 827 oleum
2318 771 2731 835 exorcizatum,
2784 766 2901 819 vim
2946 767 3325 834 peccatorum
3367 755 3611 828 vestigia
3641 754 3744 807 de-

2086 859 2378 931 purgandi
2430 863 2488 912 et
2536 856 2838 911 daamones
2887 849 3182 922 abigendi,
3225 852 3336 902 cat.
3371 848 3459 913 20,
3511 844 3652 907 n.3,
3688 845 3746 895 et

2090 954 2362 1003 sanctum
2396 945 2677 1008 chrisma,
2717 943 2830 995 vim
2885 938 3075 994 sancti
3127 935 3400 1006 Spiritus,
3455 931 3517 985 in
3549 945 3616 984 eo
3640 943 3746 997 per

2087 1053 2196 1092 suae
2245 1035 2560 1090 divinitatis
2602 1033 2956 1102 praesentiam
3013 1025 3376 1088 exsistentis,
3439 1017 3741 1088 efﬁczendi.

2090 1128 2223 1181 Haec
2276 1124 2479 1179 omnia
2535 1121 2889 1193 simpliciter
2938 1117 3220 1172 docuerat
3268 1109 3521 1183 Cyrillus
3580 1105 3748 1160 nulla

2089 1213 2508 1270 afﬁrmationis
2538 1212 2612 1275 vi,
2646 1212 2774 1265 sine
2807 1208 2932 1263 ulla
2978 1201 3366 1260 dubitationis
3411 1195 3740 1269 abigendaa,

2089 1305 2244 1360 reive
2268 1301 2636 1358 incredibilis
2659 1298 2908 1370 [CCXIV]
2932 1293 3296 1368 argumentis
3319 1284 3744 1344 confirmandae

2091 1411 2251 1449 cura.
2275 1395 2406 1447 Haec
2427 1392 2824 1457 auditores,ut
2852 1387 3002 1442 nihil
3034 1384 3148 1439 nisi
3200 1384 3315 1436 Deo
3350 1379 3523 1434 facile
3557 1374 3749 1430 conti—

2093 1484 2320 1550 nentia,
2354 1483 2483 1538 sine
2515 1480 2792 1536 molestia
2819 1477 2945 1532 ulla
2970 1473 3367 1532 crediderant.
3402 1472 3475 1522 At
3504 1465 3600 1520 hic
3635 1465 3746 1533 Cy-

2093 1573 2287 1642 rillus,
2322 1579 2386 1628 ut
2417 1589 2540 1627 rem
2573 1587 2679 1642 per
2727 1586 2788 1623 se
2838 1564 3253 1621 incredibilem
3299 1567 3358 1614 et
3387 1551 3746 1612 dubitationi

2095 1662 2412 1718 obnoxiam
2457 1661 2836 1733 persuadeat,
2897 1672 3106 1711 nervos
3156 1667 3364 1707 omnes
3418 1641 3744 1701 contendit.

2097 1754 2335 1821 Quarto,
2371 1751 2672 1823 quodnam
2704 1745 3092 1804 dubitationis
3123 1741 3289 1815 genis
3339 1740 3396 1792 in
3431 1733 3647 1790 animis
3681 1747 3750 1784 ex

2099 1843 2476 1899 eucharistici
2501 1842 2792 1914 dogmatis
2825 1835 3230 1910 propositione
3260 1829 3423 1886 nasci
3456 1825 3754 1898 significat

2017 1915 2066 1981 B
2097 1937 2482 2007 Cyrillus‘Ian
2505 1934 2654 1988 illud
2685 1949 2870 1987 unum
2894 1929 3051 2000 quod
3075 1925 3419 1981 Albertinus
3440 1921 3656 1974 fatetur
3687 1915 3748 1967 in

2090 2025 2432 2080 Calviniana
2463 2023 2731 2077 doctrina
2780 2019 3079 2081 suboriri;
3126 2032 3271 2069 num
3329 2012 3500 2083 panis
3532 2007 3746 2063 eucha-

2090 2116 2328 2170 risticus
2357 2117 2428 2169 sit
2452 2113 2687 2183 simplex
2735 2118 2786 2165 et
2819 2109 3118 2164 communis
3161 2103 3351 2174 panis,
3401 2118 3473 2155 an
3516 2098 3750 2166 mystice

2091 2221 2308 2275 quoque
2333 2210 2384 2258 et
2411 2203 2728 2257 virtuatiter
2765 2202 2835 2255 sit
2871 2198 3086 2252 Dom-ini
3126 2208 3365 2262 corpus:
3399 2191 3510 2243 hoc
3542 2190 3632 2240 est
3659 2200 3750 2238 eo-

2093 2295 2228 2348 dem
2273 2294 2618 2363 interprete,
2669 2307 2740 2344 an
2766 2289 2931 2358 panis
2978 2291 3028 2339 et
3066 2282 3326 2354 poculum
3369 2277 3666 2344 sintsigna
3697 2283 3748 2325 et

2093 2361 2449 2436 sacramenta
2486 2377 2755 2433 virtualia
2786 2375 3033 2444 corporis
3083 2377 3133 2424 et
3175 2365 3460 2437 sanguinis
3518 2361 3746 2427 Christi,

2095 2474 2254 2545 quod
2285 2489 2466 2527 unum
2503 2488 2535 2525 a
2557 2469 2774 2540 Cyrillo
2805 2466 3001 2522 doceri
3026 2463 3306 2518 afﬁrmat.
3338 2458 3469 2512 Alia
3499 2468 3750 2527 pronsus

2097 2562 2388 2618 dubitatio
2419 2561 2480 2614 in
2513 2559 2804 2614 catholico
2849 2556 3122 2627 dogmate
3177 2549 3515 2612 suboritur;
3553 2560 3622 2598 ea
3661 2545 3750 2596 est

2101 2653 2373 2718 dicentis,
2420 2650 2842 2705 eucharistiam
2893 2662 3003 2700 non
3049 2659 3156 2698 esse
3189 2642 3393 2697 Christi
3449 2653 3663 2707 corpus
3696 2637 3754 2688 et

2098 2745 2442 2811 sanguinem.
2477 2742 2556 2794 Ea
2586 2743 2677 2793 est
2705 2736 2950 2808 praacise
2997 2748 3176 2802 quam
3230 2727 3426 2799 rejicit
3455 2724 3710 2797 Cyrillus
3736 2737 3751 2775 :

2100 2831 2465 2887 contrarium
2498 2846 2654 2900 ergo,
2708 2824 2866 2896 quod
2917 2828 3006 2877 est
3031 2819 3490 2881 Catholicorum,
3545 2813 3760 2883 dogma

2101 2918 2456 2975 affirmabat.
2493 2898 2730 2981 Quinto,
2764 2913 2867 2968 sed
2900 2909 3196 2982 quomodo
3230 2903 3663 2961 dubitationem
3686 2898 3758 2950 il-

2103 3011 2221 3066 lam
2253 3008 2539 3080 repellit?
2564 3005 2716 3060 nihil
2738 3005 2799 3058 in
2830 3000 3176 3056 Calviniana
3205 2993 3505 3052 sententia
3523 2989 3756 3045 facilius

2104 3119 2171 3157 ac
2204 3079 2557 3172 promptius.
2591 3094 2820 3151 Adhibe
2845 3091 3034 3146 solam
3071 3089 3270 3160 figuras
3291 3090 3349 3140 et
3370 3080 3648 3138 efficaciae
3674 3079 3761 3131 in-

2106 3171 2618 3264 terpretationem,
2674 3185 2870 3242 omnis
2930 3181 3241 3244 dubitatio,
3303 3177 3351 3231 si
3385 3192 3502 3246 qua
3550 3173 3610 3226 in
3651 3171 3765 3224 hoc

2026 3283 2072 3350 C
2111 3287 2430 3354 systemate
2489 3279 2719 3349 concipi
2769 3281 2984 3348 potest,
3039 3272 3215 3344 plane
3273 3263 3660 3336 conquiescit.
3696 3263 3770 3313 At

2115 3554 2392 3626 quodque
2435 3551 2762 3607 dubitando
2808 3551 3169 3621 pernegatur
3221 3541 3538 3597 confirmet
3583 3551 3618 3589 a
3668 3532 3771 3588 Dei

2114 3644 2325 3715 ipsius,
2359 3643 2453 3697 cui
2485 3656 2660 3695 nemo
2692 3639 2872 3694 fidem
2906 3636 3190 3706 derogare
3229 3629 3445 3684 debeat
3473 3638 3776 3680 assevera-

2116 3712 2278 3788 tione
2302 3731 2596 3787 constanti
2621 3734 2733 3784 cat.
2759 3731 2848 3796 22,
2882 3729 2986 3780 n.l
3028 3721 3246 3789 et6,ab
3289 3720 3417 3789 ejus
3447 3718 3508 3769 in
3541 3712 3773 3768 naturis

2118 3821 2421 3879 mutandis
2435 3817 2890 3890 omnipotentia,
2916 3821 2975 3869 et
2995 3810 3291 3868 similibus
3314 3803 3624 3873 exemplis,
3643 3803 3773 3866 n.2,

2121 3914 2193 3968 ab
2221 3914 2349 3985 ejus
2372 3889 2737 3982 benignitate
2770 3913 2828 3961 et
2874 3903 3232 3960 liberalitate
3264 3898 3326 3952 in
3372 3912 3530 3960 suos,
3565 3889 3709 3945 ibid.
3745 3905 3780 3942 a

2120 4005 2480 4061 testimoniis
2535 4004 2874 4074 Scriptura,
2909 4016 2967 4052 n.
3004 3999 3056 4066 3,
3116 3997 3172 4064 4,
3230 3996 3283 4059 7,
3316 4007 3350 4046 a
3409 3987 3547 4042 Novi
3579 3986 3776 4039 Testa-

2121 4099 2308 4154 menti
2343 4113 2522 4168 supra
2557 4097 2732 4149 Vetus
2763 4089 3138 4151 excellentia,
3169 4101 3334 4140 num.
3369 4085 3421 4147 5,
3456 4096 3491 4133 a
3525 4075 3777 4148 Spiritus

2124 4191 2312 4245 sancti
2336 4186 2670 4243 mirabilem
2687 4185 2852 4239 illam
2881 4179 3330 4237 conversionem
3353 4169 3657 4244 operantis
3679 4182 3779 4237 po-

2123 4288 2334 4337 testate
2363 4296 2612 4346 summa,
2651 4283 2764 4333 cat.
2795 4278 2886 4342 23,
2929 4289 3095 4328 num.
3139 4274 3190 4324 7.
3239 4264 3462 4324 Deinde
3495 4263 3556 4316 in
3585 4261 3778 4330 ipsam

2125 4372 2515 4429 dubitationis
2536 4371 2825 4442 originem
2845 4367 3175 4436 inquirens,
3193 4359 3476 4414 nimirum
3497 4364 3782 4409 sensuum

2124 4463 2580 4536 repugnantiam
2611 4474 2851 4516 omnem
2892 4457 3013 4510 illis
3062 4451 3473 4508 auctoritatem
3529 4458 3665 4499 cum
3695 4440 3787 4493 lo—

2128 4532 2332 4626 quitur
2363 4553 2510 4608 fides
2538 4552 2800 4608 adimere
2832 4547 3065 4619 satagit,
3097 4549 3207 4600 cat.
3243 4545 3331 4608 22,
3379 4554 3544 4593 num.
3581 4539 3611 4587 6
3644 4538 3703 4586 et
3729 4532 3784 4626 9,

2123 4617 2182 4699 et
2210 4649 2323 4699 cat.
2354 4644 2448 4707 23,
2482 4660 2541 4697 n.
2572 4642 2662 4695 20.
2715 4638 2950 4694 Inutilis
2969 4617 3044 4690 in
3087 4631 3430 4689 Calviniana
3469 4617 3786 4697 hypothesi

2120 4734 2194 4790 ad
2225 4732 2597 4805 probandam
2627 4746 2754 4786 rem
2785 4745 2892 4801 per
2911 4743 2973 4782 se
3005 4725 3240 4781 facilem
3278 4724 3445 4776 tanta
3469 4725 3787 4786 argumen-

2124 4827 2323 4877 torum
2355 4821 2566 4875 moles.
3777 4865 3791 4876 ,

2197 4913 2286 4966 75.
2321 4909 2476 4964 Nihil
2506 4923 2656 4979 pene
2689 4905 2764 4962 ad
2783 4905 2912 4958 haec
2941 4901 3144 4957 omnia
3164 4894 3508 4952 Albertinus
3533 4883 3794 4946 :Christl

2128 5000 2588 5057 afflrmationem
2623 4996 2780 5068 quod
2812 5008 2981 5050 sacra
3011 4987 3294 5062 mysteria
3318 4997 3534 5053 corpus
3561 4981 3620 5032 et
3647 4989 3790 5029 san-

2129 5094 2259 5165 guis
2287 5091 2504 5146 Christi
2538 5090 2676 5155 sint,
2711 5080 3166 5151 intelligendam
3214 5077 3297 5132 ait
3342 5073 3414 5128 de
3445 5070 3788 5126 sacramento

2131 5158 2182 5238 et
2212 5185 2436 5238 virtute.
2469 5179 2534 5234 Id
2560 5182 2762 5249 patere
2817 5180 2941 5228 tum
2972 5187 3040 5225 ex
3081 5163 3408 5239 Augustino
3437 5159 3539 5230 qui
3587 5158 3792 5249 contra

2137 5273 2523 5328 Adimantum
2555 5242 2682 5338 cap.
2749 5266 2833 5330 l2,
2867 5280 2927 5316 n.
2963 5262 3016 5328 3,
3077 5256 3320 5314 scribit:
3357 5253 3477 5307 Non
3516 5242 3790 5338 dubitavit

2135 5364 2399 5418 Dominus
2429 5359 2630 5420 dicere,
2687 5374 2713 5405 ι
2747 5355 2853 5408 Hoc
2905 5357 2981 5405 est
3013 5363 3208 5418 corpus
3249 5361 3446 5408 meum,
3485 5363 3512 5388 »
3563 5351 3684 5392 cum
3713 5331 3789 5385 si-

2135 5469 2305 5522 gnum
2334 5451 2492 5505 daret
2520 5447 2764 5516 corporis
2793 5444 2914 5498 sui:
2963 5445 3086 5493 tum
3120 5455 3188 5491 ex
3236 5432 3455 5504 Cyrillo
3505 5430 3654 5501 ipso,
3689 5421 3790 5493 qui

2137 5514 2273 5599 cum
2305 5540 2464 5596 dicat
2488 5514 2806 5592 Dominum
2829 5530 3224 5602 pronuntiasse
3244 5523 3311 5578 de
3334 5536 3502 5592 pane,
3527 5542 3547 5568 ι
3587 5522 3698 5573 Hoc
3715 5514 3791 5568 est

2042 4649 2091 4714 D
