4024 6366
345 327 460 388 255

1523 333 1624 392 DE
1667 333 2069 394 DOCTRINA
2113 331 2177 393 S.
2224 333 2558 396 CYRILLI.

3637 339 3744 398 256

345 477 545 532 corpus
571 479 770 535 meum,
805 485 836 516 »
867 479 1111 522 sensum
1143 465 1272 538 ejus
1301 465 1614 522 verborum
1643 466 1806 523 hunc
1846 482 1997 532 esse,
2031 467 2083 532 Α
2105 482 2243 536 pum
2274 468 2522 539 corporis
2550 474 2601 523 et
2637 469 2923 537 sanguinis
2960 468 3189 532 Christi,
3224 483 3443 539 panem
3484 471 3542 523 et
3560 469 3744 524 vinum

343 551 446 604 Hic
469 554 636 622 panis
657 561 733 608 est
754 570 952 624 corpus
986 572 1182 612 meum.
1217 555 1446 611 Omisso
1475 556 1784 626 Augustini
1826 555 1998 609 testi-

343 640 546 694 monio
567 641 719 695 nihil
735 640 808 696 ad
829 659 956 698 rem
978 648 1245 698 nostram
1271 643 1916 715 pertinente,quodque
1940 643 2000 697 id

347 742 532 782 unum
563 728 776 798 probat
807 729 880 784 de
903 747 1018 800 quo
1043 731 1208 786 nulla
1242 731 1646 786 controversia
1675 736 1783 798 est,
1818 731 1999 801 signis

344 831 544 870 rerum
577 832 819 871 suarum
851 819 1095 873 nomina
1123 819 1349 890 imponi
1379 835 1574 890 posse,
1615 819 1736 875 sive
1769 818 1874 874 illa
1902 835 2000 872 res

345 919 484 958 suas
531 905 898 972 contineant,
944 907 1062 961 sive
1103 906 1459 973 excludant;
1512 923 1650 964 nam
1683 907 1998 976 utriusque

341 991 577 1060 generis
608 992 668 1046 in
692 1009 760 1047 eo
793 992 922 1047 loco
957 994 1229 1066 exempla
1258 1000 1690 1050 commemorat
1717 993 2000 1066 Augusti-

341 1095 492 1132 nus:
525 1081 684 1150 quod
734 1098 804 1136 ex
843 1083 1063 1154 Cyrillo
1122 1083 1422 1154 objicitur,
1481 1083 1607 1139 leve
1663 1091 1788 1150 est;
1825 1082 1999 1153 panis

339 1187 682 1243 quanquam
714 1180 978 1230 mutatus
1009 1173 1070 1229 in
1101 1192 1318 1246 corpus
1340 1175 1582 1234 Christi.
1607 1180 1849 1246 propter
1870 1189 1998 1244 spe-

339 1261 492 1315 ciem
525 1267 830 1318 externam
862 1280 1040 1334 quam
1062 1265 1232 1336 gerit,
1259 1264 1576 1335 pristinum
1597 1280 1774 1335 quem
1814 1263 1994 1333 depo-

341 1349 462 1404 suit
489 1355 732 1420 statum,
789 1357 848 1406 et
877 1354 1123 1408 effectus
1175 1353 1490 1408 sensibiles
1520 1370 1668 1425 quos
1715 1352 1889 1424 parit,
1922 1353 1996 1408 ab

337 1439 483 1510 ipsis
514 1440 694 1496 etiam
721 1442 1042 1498 Catholicis
1085 1443 1146 1498 in
1178 1443 1432 1514 publicis
1483 1444 1760 1498 Ecclesia;
1794 1444 1994 1514 preci-

338 1527 468 1594 bus,
495 1529 557 1584 in
585 1531 713 1602 ipso
747 1533 1111 1588 sacrosancti
1144 1534 1499 1588 sacramenti
1533 1533 1751 1599 ofﬁcio,
1801 1532 1996 1586 adhuc

338 1615 512 1686 panis
543 1618 918 1689 appellatur:
963 1621 1128 1676 Panis
1179 1621 1458 1691 angelicas
1502 1625 1564 1690 fit
1602 1623 1769 1692 panis
1813 1620 1996 1674 homi-

340 1721 494 1769 num,
528 1710 662 1770 etc.,
698 1707 958 1778 priorem
990 1709 1063 1763 ob
1096 1725 1336 1765 causam
1365 1711 1558 1780 angeli
1583 1711 1642 1765 in
1676 1710 1994 1782 Scripturis

340 1791 613 1847 homines
639 1794 731 1848 vel
752 1794 1004 1865 juvenes
1037 1797 1416 1868 appellantur
1443 1815 1455 1852 :
1489 1805 1732 1869 propter
1781 1814 1996 1852 secun-

338 1880 476 1935 dam
505 1881 730 1954 [CCXV]
784 1900 938 1955 aqua
961 1885 1088 1956 jam
1138 1887 1199 1940 in
1245 1887 1450 1942 vinum
1488 1893 1736 1950 mutata,
1793 1903 1926 1941 cum
1959 1901 1994 1940 a

338 1969 630 2026 ministris
652 1973 863 2028 hausta
895 1980 986 2028 est
1014 1975 1421 2031 architriclino
1444 1975 1769 2044 offerenda,
1799 1975 1994 2030 adhuc

338 2064 578 2114 vocatur
605 2077 778 2132 aqua,
829 2065 995 2120 Joan.
1031 2082 1092 2131 ιι,
1152 2067 1203 2119 9.
1237 2065 1482 2122 Ministri
1523 2072 1705 2121 autem
1752 2065 1993 2119 sciebant

336 2149 434 2216 qui
454 2147 752 2208 hauserant
784 2168 1024 2222 aquam;
1058 2153 1240 2211 Exod.
1273 2171 1368 2222 vn,
1408 2157 1492 2223 l2,
1521 2155 1694 2226 virgas
1739 2151 1992 2207 Aaronis

335 2243 392 2293 et
417 2240 849 2299 maleficiorum
874 2244 937 2298 in
987 2251 1292 2316 serpentes
1325 2262 1528 2315 versae,
1573 2244 1769 2300 adhuc
1817 2241 1991 2314 virgas

336 2328 736 2398 appellantur,
786 2337 854 2386 ut
880 2338 939 2387 et
965 2349 1116 2388 vers.
1165 2334 1227 2387 21.
1277 2340 1336 2390 et.
1365 2337 1455 2398 24,
1487 2349 1644 2404 aqua
1661 2331 1929 2386 ﬂuminis
1959 2346 1993 2385 ει

333 2416 528 2487 Moyse
559 2417 621 2472 in
651 2419 1005 2489 sanguinem
1037 2437 1228 2486 versa,
1261 2436 1426 2492 aquae
1455 2421 1701 2491 fluminis
1731 2417 1996 2492 appella-

334 2502 561 2558 tionem
608 2505 868 2574 retinet;
903 2512 962 2561 et
1014 2507 1329 2580 collegium
1385 2507 1792 2580 apostolorum
1849 2511 1986 2577 post

331 2592 358 2646 .l
367 2590 496 2648 udae
518 2609 743 2662 casum,
764 2594 1048 2650 duodecim
1069 2596 1261 2652 adhuc
1295 2596 1368 2652 ab
1402 2596 1764 2668 evangelista
1793 2599 1851 2650 et
1879 2594 1988 2665 Cy-

333 2680 470 2736 rillo
502 2681 629 2752 ipso
655 2689 896 2740 vocatur
921 2702 932 2739 :
969 2690 1211 2756 propter
1233 2686 1468 2742 tertiam
1499 2703 1675 2742 omne
1698 2691 1988 2748 esculenti

331 2787 520 2841 genus
551 2772 722 2842 panis
744 2775 988 2830 nomine
1012 2775 1073 2829 in
1100 2775 1400 2847 Scriptura
1421 2783 1716 2833 censetur.
1745 2782 1990 2854 Propter

331 2863 450 2914 tres
481 2859 618 2916 illas
648 2877 857 2918 causas
887 2863 1241 2936 conjunctas
1271 2865 1632 2922 eucharistia
1673 2871 1842 2938 panis
1884 2887 1986 2942 ap-

331 2947 716 3018 pellationem
757 2951 1014 3019 retinet;
1045 2957 1106 3008 et
1135 2953 1380 3024 insuper
1420 2971 1593 3010 verus
1639 2961 1731 3012 est
1768 2959 1986 3015 animas

330 3036 522 3106 panis.
555 3038 614 3092 Si
671 3043 870 3095 autem
929 3057 1000 3095 ex
1045 3040 1264 3112 Cyrillo
1320 3058 1571 3113 quaeras,
1631 3046 1879 3116 panisne
1913 3047 1985 3103 ob

329 3124 649 3194 pristinum
679 3143 901 3184 nomen
932 3133 1254 3189 retentum.
1304 3138 1440 3202 post
1471 3135 1985 3192 consecrationem

2105 571 2234 612 esse
2258 563 2451 629 negat.
2488 557 2670 612 Venio
2693 557 2767 612 ad
2790 556 3137 611 efﬁcaciam.
3176 556 3363 620 Quam
3387 556 3621 627 agnovit
3645 557 3742 629 Cy-

2103 643 2275 699 rillus
2301 645 2361 700 in
2399 645 2768 701 Eucharistia
2800 644 3150 711 efﬁcaciam,
3193 643 3366 698 eaita
3407 649 3746 715 praesentem

2103 749 2349 803 corpore
2381 734 2679 788 Christum
2712 733 3013 805 supponit,
3047 737 3112 787 ut
3145 733 3274 786 sine
3303 731 3417 786 hac
3447 733 3749 803 prmsentia

2104 822 2272 876 nulla
2303 822 2398 876 sit.
2433 821 2489 876 1⁰
2547 823 2720 877 Enim
2780 823 2863 878 ait
2893 826 3002 877 cat.
3039 825 3128 888 22,
3159 839 3198 876 ιι
3247 822 3302 886 3,
3336 837 3444 890 per
3499 836 3626 874 eam
3653 837 3751 874 nos

2111 910 2237 964 ﬁeri
2271 910 2484 965 Christi
2527 927 2912 981 concorporeos
2959 917 3008 964 et
3051 924 3408 979 consangues,
3465 907 3620 979 quod
3647 907 3752 962 nisi

2103 1014 2415 1068 corporum
2437 998 2878 1054 contactuelﬁci
2906 1015 3025 1053 non
3044 1002 3255 1069 potest.
3285 996 3410 1050 Vid.
3429 1013 3558 1067 sup.
3585 1011 3642 1049 ιι.
3662 997 3750 1061 73;

2101 1088 2160 1142 2°
2189 1088 2566 1146 Christiferos
2601 1090 2778 1153 efﬁci,
2837 1107 2958 1145 non
2993 1089 3204 1161 spiritu
3253 1087 3474 1142 Christi
3501 1087 3562 1141 in
3595 1085 3750 1142 nobis

2101 1181 2347 1248 gestata,
2406 1179 2501 1232 sed
2529 1179 2825 1232 distributo
2882 1179 2942 1231 in
2994 1177 3238 1231 membra
3293 1181 3489 1228 nostra
3540 1189 3750 1244 corpore

2099 1265 2219 1336 ejus
2249 1273 2300 1320 et
2329 1269 2618 1335 sanguine,
2651 1267 2794 1322 ibid.
2827 1266 2994 1337 prius
3044 1280 3174 1318 esse
3205 1269 3403 1334 potest
3451 1263 3578 1318 sine
3609 1277 3748 1334 prai-

2103 1353 2294 1408 sentia
2306 1355 2592 1425 corporis,
2617 1355 2870 1408 alterum
2893 1353 3060 1407 nullo
3083 1349 3292 1417 modo;
3319 1349 3380 1404 3°
3401 1351 3548 1405 Fieri
3563 1351 3750 1405 divina

2101 1447 2316 1497 natura:
2338 1451 2630 1499 consortes.
2655 1443 2802 1498 lbid.
2823 1441 2981 1513 quod
2995 1457 3117 1495 non
3131 1439 3203 1494 de
3217 1439 3676 1494 solavoluntatis
3697 1442 3750 1493 et

2101 1533 2441 1601 affectuum,
2472 1533 2574 1588 sed
2606 1533 2678 1588 de
2708 1532 2957 1587 naturali
2997 1531 3226 1585 unitate
3279 1528 3621 1600 intelligunt
3647 1529 3748 1582 Pa-

2114 1633 2232 1682 tres
2262 1643 2276 1692 ;
2309 1642 2440 1680 cum
2479 1639 2718 1679 carnem
2750 1622 2812 1676 in
2841 1620 3012 1674 nobis
3041 1619 3367 1690 recipimus
3398 1633 3433 1672 a
3453 1615 3626 1671 verbo
3654 1615 3752 1686 hy-

2113 1714 2422 1786 poslatice,
2455 1717 2511 1765 et
2541 1727 2574 1765 a
2607 1715 2728 1764 tota
2755 1708 3040 1764 Trinitate
3071 1711 3315 1778 propter
3351 1703 3749 1759 circuminses-

2101 1803 2354 1866 sionem,
2388 1799 2783 1853 inbabitatam
2812 1815 2824 1861 ;
2855 1795 2914 1850 4ο
2943 1795 3116 1849 docet
3157 1809 3325 1848 num.
3376 1795 3430 1856 5,
3466 1807 3614 1863 pane
3644 1806 3748 1845 coe-

2026 1862 2069 1929 B
2100 1891 2234 1946 lesti
2267 1889 2528 1946 animam
2563 1886 2738 1941 simul
2773 1891 2829 1940 et
2879 1901 3096 1955 corpus
3145 1881 3530 1947 sanctiﬁcari,
3555 1893 3744 1950 panem

2099 1996 2313 2050 nempe
2345 1994 2558 2048 corpus
2581 1975 2818 2040 Christi,
2841 1973 3072 2045 corpori
3097 1976 3302 2026 nostro
3325 1965 3739 2026 sanctiﬁcando

2099 2068 2374 2125 attribui:
2409 2068 2634 2122 verbum
2691 2064 2955 2119 divinum
3011 2063 3226 2117 animai
3274 2061 3365 2115 uti
3423 2057 3740 2114 naturalem

2099 2158 2318 2213 cibum.
2349 2157 2524 2211 Adest
2549 2155 2728 2226 igitur
2749 2153 2886 2225 pani
2920 2151 3316 2206 eucharistico
3356 2149 3597 2214 verbum,
3639 2143 3741 2217 ipsi

2097 2249 2464 2321 hypostatice
2525 2244 2775 2317 [CCXVIj
2821 2243 3246 2314 conjunctum;
3295 2241 3354 2294 5°
3399 2253 3612 2311 panem
3647 2251 3741 2290 eu-

2097 2339 2482 2395 charisticum
2513 2351 2582 2389 eo
2633 2350 2810 2389 sensu
2854 2331 3270 2387 substantialem
3321 2330 3436 2384 dici
3463 2328 3564 2394 ait,
3609 2323 3744 2396 quod

2097 2431 2172 2484 ad
2199 2429 2563 2484 substantiam
2593 2425 2794 2480 animm
2849 2420 3139 2476 ordinatus
3196 2435 3260 2474 ac
3317 2420 3614 2475 destinatus
3639 2413 3738 2470 sit:

2095 2521 2155 2573 in
2187 2534 2397 2572 omnem
2446 2516 2624 2570 nostri
2679 2528 2995 2582 compagem
3055 2509 3322 2565 distribui
3379 2508 3455 2563 ad
3481 2508 3668 2562 anima
3693 2508 3738 2558 et

2097 2610 2342 2679 corporis
2399 2605 2720 2660 utilitatem.
2793 2604 2917 2657 Non
2975 2600 3095 2666 hic,
3153 2603 3220 2654 ut
3284 2599 3353 2654 in
3405 2597 3733 2668 baptismate

2096 2713 2312 2768 aquam
2346 2712 2477 2766 qua:
2501 2709 2716 2764 corpus
2740 2690 2951 2756 abluit,
2983 2694 3043 2744 et
3067 2687 3351 2759 spiritum
3374 2687 3474 2759 qui
3497 2685 3732 2741 animam

2095 2785 2370 2858 obsignat
2400 2790 2512 2838 cat.
2548 2783 2598 2844 3,
2629 2797 2688 2836 ιι.
2721 2783 2775 2846 li,
2810 2779 2900 2834 vel
2931 2783 2999 2833 ut
3024 2777 3085 2831 in
3117 2777 3446 2832 chrismate
3488 2787 3726 2846 unguen-

2095 2882 2221 2931 tum
2253 2891 2368 2946 quo
2399 2889 2614 2944 corpus
2645 2869 2922 2936 illinitur,
2959 2873 3016 2923 et
3045 2867 3333 2940 spiritum
3366 2867 3466 2938 qui
3497 2865 3732 2920 animam

2095 2965 2448 3029 sanctificat,
2483 2967 2592 3018 cat.
2659 2963 2748 3026 2t,
2782 2977 2844 3014 ιι.
2877 2959 2930 3025 3,
2991 2957 3074 3012 ita
3127 2972 3358 3028 panem
3414 2955 3512 3028 qui
3541 2965 3730 3022 corpus

2093 3055 2232 3122 alat,
2266 3061 2324 3109 et
2352 3053 2602 3115 gratiam
2648 3047 3020 3122 spiritualem
3074 3062 3193 3118 qua
3248 3061 3433 3102 mens
3462 3046 3729 3117 pascatur,

2093 3143 2438 3217 distinguit:
2474 3141 2577 3196 sed
2599 3156 2815 3212 panem
2835 3136 3134 3202 eumdem,
3168 3151 3296 3190 rem
3343 3150 3580 3209 prorsus
3598 3145 3731 3186 eam-

329 3215 524 3270 adhuc
555 3217 633 3272 sit
659 3217 830 3289 panis
852 3217 880 3273 ?
934 3219 1320 3292 respondebit
1376 3221 1478 3276 tibi
1526 3223 1619 3276 his
1653 3224 1840 3280 verbis
1867 3232 1976 3281 cat.
2014 3228 2058 3298 C
2096 3237 2231 3291 dem
2261 3215 2393 3306 quas
2418 3249 2631 3304 corpus
2663 3229 3014 3294 sanctificat,
3045 3226 3318 3282 animam
3340 3240 3567 3298 quoque
3584 3219 3728 3306 adjuf

327 3305 419 3371 22,
451 3319 511 3360 ιι.
545 3308 613 3361 6:
652 3309 726 3364 Ne
753 3313 1016 3378 tanquam
1046 3310 1210 3364 nudis
1256 3316 1310 3365 et
1353 3313 1728 3367 communibus
1761 3314 1994 3369 elemen-
2095 3341 2228 3380 vare
2259 3305 2456 3378 tradit.
2489 3321 2553 3374 Id
2581 3319 2683 3374 uni
2715 3317 2948 3388 corpori
2979 3315 3195 3371 Christi
3228 3317 3552 3388 proprium,
3579 3305 3714 3380 quod

329 3396 397 3450 tis
423 3397 639 3464 puniet
668 3396 800 3453 vino
857 3399 1313 3470 (eucharisticis)
1373 3401 1632 3468 attende;
1686 3409 1813 3458 sunt
1844 3406 1981 3458 enim

2093 3415 2154 3469 in
2183 3430 2244 3468 se
2261 3412 2441 3468 habet
2468 3409 2626 3466 unde
2645 3408 2718 3464 ad
2740 3414 3060 3478 utrumque
3087 3409 3418 3476 perveniat.
3434 3409 3535 3462 Nec
3551 3399 3708 3459 enim.

328 3499 529 3573 Carpus
557 3491 610 3540 et
628 3489 853 3556 sanguis
885 3487 1094 3544 Christi
1111 3489 1410 3545 secundum
1444 3490 1670 3545 Domini
1705 3507 1984 3548 assevera-
2089 3509 2156 3558 ιη
2181 3501 2252 3558 ad
2314 3500 2615 3573 proposita
2671 3497 2944 3568 exempla
2995 3495 3260 3563 redeam,
3325 3496 3418 3552 vel
3467 3507 3604 3563 aqua
3634 3483 3716 3540 vel

329 3572 560 3638 ῑὶοηϐιη,
609 3591 679 3631 ηε
711 3576 932 3646 Ϊαίίίοεδ
959 3594 1074 3632 rem
1103 3595 1172 3632 θέε
1198 3585 1380 3647 θυεευ·
1437 3578 1604 3643 Ωιιοά
1659 3580 1708 3634 Si
1741 3579 1984 3646 dixeris,
2089 3572 2346 3646 chrisma
2368 3589 2440 3644 ad
2459 3587 2715 3643 animam
2734 3585 3114 3657 pertingunt:
3147 3585 3366 3640 horum
3397 3573 3718 3644 efi‘ectus,in

329 3663 668 3719 accessione
687 3665 892 3737 figura;
909 3670 969 3720 et
987 3666 1242 3736 virtutis,
1265 3670 1498 3722 retenta
1517 3667 1712 3738 priore
1748 3675 1982 3738 natura,
2086 3683 2362 3734 contactu
2395 3682 2453 3731 et
2480 3675 2822 3748 per-fusione
2871 3673 3140 3744 corporis
3189 3671 3550 3735 absolvitur;
3580 3661 3718 3720 velut

331 3768 546 3824 corpus
593 3753 812 3810 Christi
843 3758 903 3808 et
932 3755 1283 3828 sanguinem
1314 3755 1548 3810 vocari:
1608 3757 1815 3812 audies
1847 3774 1982 3813 eum
2085 3768 2144 3823 in
2173 3765 2564 3832 Eucharistia,
2597 3764 2644 3818 si
2670 3763 2842 3835 panis
2880 3761 3208 3816 materialis
3237 3766 3416 3825 esset,
3449 3758 3616 3830 hujus
3643 3748 3715 3806 ef-

327 3845 438 3896 cat.
467 3843 556 3910 23,
588 3857 754 3899 num.
788 3846 842 3912 7,
871 3858 941 3900 ea
964 3844 1218 3916 Spiritus
1248 3844 1436 3900 sancti
1469 3844 1684 3916 illapsu
1714 3854 1984 3902 transmu-

325 3937 446 3987 tata
473 3949 602 3988 esse.

383 4063 472 4116 76.
507 4061 620 4116 Sed
651 4062 1088 4134 explodendum
1112 4063 1243 4135 jam
1268 4063 1422 4120 illud
1445 4065 1649 4136 figura;
1691 4070 1751 4121 et
1773 4066 1972 4122 efﬁca-

303 4149 408 4204 ciae
443 4155 852 4222 separatarum
875 4158 1302 4208 commentum.
1329 4153 1481 4209 illud
1501 4154 1659 4210 ultro
1689 4155 1971 4212 concedi-

303 4255 459 4308 mus,
492 4239 652 4311 quod
683 4245 743 4295 et
770 4240 1053 4296 doctrina;
1084 4241 1492 4299 eucharisticae
1523 4261 1662 4316 pars
1693 4251 1802 4313 est,
1852 4247 1968 4300 Eu-

307 4328 651 4384 charistiam
682 4346 812 4386 esse
841 4331 1108 4402 corporis
1137 4332 1374 4400 Christi,
1407 4349 1530 4390 non
1573 4334 1766 4390 solum
1793 4339 1968 4390 natu-

304 4417 470 4484 ralis,
503 4434 706 4474 verum
739 4419 917 4475 etiam
947 4420 1182 4493 mystici
1227 4422 1498 4493 ﬁguram.
1547 4423 1806 4496 Cyrillus
1835 4425 1962 4496 ipse

2081 3859 2272 3914 fectus
2313 3856 2377 3910 in
2429 3854 2757 3910 nutritione
2789 3852 3057 3924 corporis
3105 3851 3406 3920 ﬁniretur,
3461 3845 3716 3920 adjuncta

2077 3950 2290 4004 virtute
2324 3944 2452 4001 sola
2481 3943 2554 3999 ad
2586 3945 2848 3999 animam
2897 3943 3274 4015 pertingente
3305 3961 3320 4009 ;
3371 3942 3428 3997 6°
3454 3931 3712 3994 Euchari—

2079 4041 2255 4096 stiam
2302 4038 2364 4092 in
2395 4034 2755 4092 sacrificium
2787 4032 3070 4100 oblatam,
3103 4031 3386 4088 Christum
3414 4030 3710 4086 mactatum,

2075 4131 2351 4184 victimam.
2379 4126 2440 4181 in
2493 4123 2664 4180 altari
2705 4125 3010 4194 jacentem,
3041 4137 3075 4177 a
3113 4120 3288 4176 nobis
3346 4137 3452 4193 pro
3483 4109 3718 4190 peccatis

2075 4217 2296 4274 nostris
2329 4214 2497 4287 quasi
2552 4217 2784 4287 gratum
2843 4213 2961 4267 Deo
3018 4227 3238 4266 munus
3297 4209 3716 4282 prassentatam,

2073 4309 2258 4363 Deum
2283 4303 2576 4361 demereri
2592 4319 2658 4358 ac
2678 4301 3002 4374 propitiare
3025 4301 3143 4356 sive
3165 4316 3272 4372 pro
3307 4299 3450 4354 vivis
3479 4296 3592 4351 sive
3621 4303 3717 4362 pro

2070 4395 2368 4452 defunctis
2419 4393 2501 4448 ait
2529 4397 2642 4447 cat.
2709 4393 2763 4456 3,
2796 4407 2856 4444 ιι.
2919 4390 2972 4456 8,
3031 4392 3087 4460 9,
3149 4391 3239 4443 10.
3311 4390 3386 4444 At
3431 4389 3610 4441 totam
3661 4376 3716 4431 in

307 4513 420 4562 cat.
445 4473 535 4574 i3,
560 4523 620 4562 ιι.
643 4512 734 4574 20,
772 4473 1208 4566 Eucharistiam
1225 4473 1394 4568 vgcat
1433 4473 1746 4584 antitgpum
1763 4473 1960 4584 carpo:

2089 4488 2449 4563 )rOpitiando
2511 4485 2632 4541 Deo
2685 4484 2903 4542 Christi
2959 4485 3237 4539 virtutem
3296 4484 3358 4538 in
3415 4473 3718 4584 conjun‘ct‘a

301 4599 381 4651 ris
413 4603 466 4652 et
491 4563 781 4667 sanguinis
829 4563 1959 4675 "ipsa-c3}-
1990 4585 2036 4652 Β
2065 4583 2371 4675 ἀίνίιξᾲὶιδιιθ
2399 4577 2660 4675 residere
2715 4575 2916 4675 docet,
2951 4581 3066 4675 cat.
3124 4576 3209 4641 13,
3262 4591 3429 4675 num.
3461 4574 3520 4675 2ἶ
3548 4563 3710 4675 3..—

305 4703 449 4760 pore
505 4694 866 4762 separatam,
926 4690 1038 4745 hoc
1096 4706 1230 4746 vero
1289 4691 1666 4764 probandum
1724 4693 1958 4752 fuisset.

303 4777 376 4832 Os
387 4777 589 4834 tendat
599 4777 942 4834 Albertinus
958 4778 1173 4834 horum
1185 4779 1540 4838 alterutrum
1566 4798 1580 4850 ;
1604 4786 1708 4838 aut
1727 4782 1960 4839 nullam

307 4868 526 4941 Cyrillo
559 4870 810 4943 ﬁguram
832 4867 1128 4944 cognitam
1156 4887 1308 4938 esse,
1330 4871 1448 4926 nisi
1478 4888 1610 4942 quaa
1641 4888 1768 4928 rem
1791 4889 1960 4929 suam

307 4958 679 5027 excluderet;
712 4964 816 5016 aut
839 4975 874 5015 a
895 4959 1085 5031 ﬁgura
1113 4959 1378 5032 corporis
1406 4959 1605 5032 ipsum
1635 4977 1850 5032 corpus
1873 4977 1961 5017 se.

301 5053 576 5118 paratum
607 5065 756 5105 esse.
790 5051 1056 5105 Primum
1087 5050 1264 5122 plane
1303 5051 1671 5106 contrarium
1719 5051 1956 5122 Cyrillo,

306 5138 407 5209 qui
439 5153 657 5208 aquam
685 5139 1105 5210 baptismalem
1135 5141 1404 5213 agnoscit
1430 5141 1680 5196 interna:
1709 5141 1959 5197 munda-

299 5227 482 5282 tionis
506 5227 792 5300 ﬁguram;
819 5235 1090 5286 sanctum
1112 5229 1397 5298 chrisma,
1415 5230 1750 5303 antitypum
1772 5229 1956 5302 Spiri-

303 5319 399 5371 tus
431 5317 620 5372 sancti
649 5317 712 5371 in
742 5332 810 5372 eo
858 5335 964 5389 per
1009 5335 1176 5374 suam
1225 5317 1593 5375 divinitatem
1619 5319 1954 5392 praesentis.

305 5405 688 5462 Probandum
711 5423 846 5480 ergo
859 5408 1292 5464 Eucharistiam
1311 5409 1528 5480 Cyrillo
1543 5415 1692 5466 teste
1707 5411 1957 5482 ﬁguram

307 5498 366 5548 et
395 5495 632 5568 signum
671 5496 932 5553 absentis
977 5497 1242 5570 corporis
1283 5497 1520 5553 Christi.
1556 5499 1668 5555 Sed
1721 5503 1958 5556 eontra-

302 5581 460 5638 rium
483 5583 613 5656 jam
642 5585 850 5641 multis
878 5585 1074 5641 modis
1105 5601 1141 5640 a
1167 5583 1342 5640 nobis
1363 5585 1491 5657 jam
1532 5585 1961 5642 demonstrabi-

303 5674 402 5728 tur
424 5690 439 5744 ;
465 5680 526 5731 et
544 5675 608 5733 in
627 5675 757 5750 ipso
780 5676 937 5746 loco,
964 5691 1083 5747 quo
1103 5673 1538 5733 Eucharistiam
1557 5681 1728 5733 vocat
1745 5677 1960 5746 antity-

2071 4677 2160 4730 33.
2193 4673 2448 4729 Victima
2478 4669 2660 4743 igitur
2710 4669 2774 4724 in
2805 4667 2978 4724 altari
3000 4668 3212 4740 jacens
3261 4668 3400 4722 Deus
3441 4665 3529 4718 est
3555 4655 3713 4743 inhu—

2070 4770 2346 4832 manatus,
2397 4762 2492 4818 cui
2507 4741 2630 4816 “uni
2687 4758 2868 4814 tribui
2897 4761 3150 4830 possunt
3201 4757 3445 4812 effectus
3475 4749 3525 4806 ei
3554 4741 3710 4801 victi-

2070 4874 2182 4915 mas
2214 4855 2520 4929 assignati.
2552 4853 2731 4908 Plura
2761 4868 2833 4907 ex
2859 4847 3115 4906 aliorum
3146 4850 3387 4904 Patrum
3417 4840 3584 4900 dictis
3609 4833 3710 4891 ad-

2063 4951 2252 5024 jicere
2273 4965 2512 5022 possem
2535 4965 2548 5014 ;
2583 4945 2688 5002 sed
2713 4944 2933 5018 Cyrillo
2957 4941 3364 5002 continebitur
3386 4939 3510 4993 haec
3529 4931 3712 5001 dispu-

2073 5046 2240 5184 ωῗξί
2265 5127 2542 5199 Logicum
2600 5123 2816 5182 deinde
2871 5123 2993 5198 agit
3019 5106 3386 5186 Albertinus,
3431 5111 3556 5186 (sed
3585 5103 3710 5199 huic

2069 5235 2249 5291 quam
2279 5197 2624 5288 imperitum
2647 5221 2706 5272 et
2733 5197 3202 5286 imprudentem,
3227 5210 3328 5283 qui
3351 5217 3582 5262 omnem
3613 5197 3709 5250 hu-

2068 5326 2261 5365 manas
2282 5307 2568 5363 orationis
2585 5322 2653 5362 ac
2664 5305 2958 5360 sermonis
2979 5299 3470 5359 consuetudinem
3491 5297 3708 5364 perver-

2068 5416 2200 5456 sum
2231 5402 2328 5455 eat
2349 5397 2389 5467 l)
2419 5401 2478 5452 et
2507 5396 2623 5452 duo
2641 5396 2768 5450 haec
2789 5393 3144 5450 bimembria
3173 5385 3482 5448 ratiocinia
3502 5387 3704 5467 prop?‘

2066 5489 2176 5545 nit.
2211 5457 2651 5558 Cum'Cyrillus
2711 5483 2856 5540 dicit
2911 5481 3230 5538 Dominum
3289 5457 3700 5558 afﬁrmasse—d8

2065 5597 2220 5652 pane
2250 5579 2348 5635 hoc
2380 5585 2456 5634 est
2505 5593 2698 5649 corpus
2747 5593 2964 5644 meum;
2997 5574 3092 5630 vel
3148 5573 3242 5627 his
3267 5565 3476 5630 verbis,
3506 5562 3572 5614 ut
3597 5553 3692 5606 α’

2067 5675 2272 5732 tholici
2287 5673 2574 5744 sentiunt,
2595 5671 2726 5746 ejus
2741 5667 3252 5726 consecrationem
3264 5659 3553 5738 peractam
3575 5653 3693 5702 esse
