4024 6370
240 367 355 429 25Ἱ
1694 370 2001 433 DISSER’]

2111 371 2217 434 l‘IO
2261 373 2369 435 III.
3629 385 3749 445 258

253 503 553 559 censebat
580 523 597 573 ;
634 508 744 563 vel
771 510 926 581 jam
964 515 1106 565 ante
1137 526 1238 582 per
1272 508 1594 582 gratiarum
1626 505 1923 561 actionem
1955 522 1990 559 a
2015 510 2070 575 Α
2097 522 2260 561 nunc
2282 507 2523 578 quidem
2555 510 2728 580 panis
2761 512 2980 579 est,sed
3000 511 3275 568 absoluta
3305 530 3451 568 meae
3478 518 3746 588 proposi-

256 594 492 649 Christo
505 596 1766 655 consecratumarbitrabatur.Secundam
1788 600 1987 649 autem
2097 595 2279 649 tionis
2313 598 2845 663 enuntiatione,sui
2868 601 3274 656 demutatione
3299 602 3429 673 jam
3451 608 3527 658 est
3557 620 3753 674 corpus

266 684 645 740 sententiam
685 688 1018 759 Cyrillum
1042 693 1326 743 sectatum
1354 692 1541 759 putat,
1562 686 1633 739 de
1664 702 1780 755 quo
1812 701 1863 739 c.
1900 687 1986 751 12,
2095 700 2295 739 meum.
2330 686 2385 740 Si
2418 690 2929 745 consecrationem
2952 690 3080 761 jam
3107 696 3244 746 ante
3275 692 3593 749 verborum
3615 711 3750 765 pro-

278 773 749 831 infra.Primam
776 784 1005 833 autem
1028 795 1161 833 cum
1184 774 1779 832 Ecclesiaecatholicze
1810 774 1988 827 ﬁdem
2095 774 2538 830 nuntiationem
2563 777 2785 833 factum
2811 780 3213 835 arbitrabatur
3237 799 3249 835 :
3272 782 3374 837 hoc
3393 784 3551 853 quod
3576 785 3750 855 paulo

289 881 406 920 esse
430 866 777 936 supponit,
806 867 1095 934 fallitur;
1125 868 1195 923 de
1218 867 1408 922 verbis
1432 866 1592 921 enim
1616 864 1831 936 quibus
1854 880 1989 918 con-
2096 869 2233 917 ante
2265 864 2435 935 panis
2467 871 2613 933 erat,
2642 884 2803 922 nunc
2833 876 2913 923 est
2942 885 3143 939 corpus
3170 887 3369 939 meum,
3403 888 3472 927 ex
3504 889 3657 944 pane
3689 875 3750 928 in

289 956 531 1011 secratio
566 960 1112 1031 peragitur,nihil
1142 960 1281 1013 dum
1310 975 1379 1013 ex
1409 958 1523 1011 ﬁde
1558 954 1992 1010 decretum.Ait
2095 951 2246 1006 illud
2279 970 2493 1025 corpus
2529 962 2839 1012 mutatum.
2873 959 3067 1013 Facile
3100 966 3191 1014 est
3215 961 3343 1031 jam
3374 962 3501 1017 haec
3533 980 3750 1035 propo-

286 1063 451 1118 ergo:
482 1047 537 1101 si
585 1049 886 1119 primam
921 1050 1281 1105 sententiam
1336 1046 1715 1117 sequebatur,
1766 1060 1987 1116 prono-
2097 1041 2228 1095 sitis
2260 1045 2624 1116 argumentis
2657 1047 3070 1116 applicare.Ad
3102 1048 3361 1118 primum
3389 1050 3450 1104 id
3480 1052 3750 1107 Christus

286 1154 424 1192 men
460 1137 564 1191 hoc
618 1139 1087 1210 propositionis
1125 1138 1454 1209 subjecium
1503 1141 1640 1191 ante
1690 1139 1989 1205 peractam
2096 1129 2415 1185 afﬁrmavit
2455 1148 2668 1203 corpus
2728 1151 2924 1203 suum,
2976 1135 3134 1205 quod
3178 1136 3596 1193 declarabatur
3640 1155 3749 1210 per

295 1229 844 1282 consecrationem
879 1229 1334 1300 pronuntiatum
1366 1225 1648 1298 supponit
1694 1240 1799 1295 pro
1832 1238 1989 1294 pane
2095 1234 2430 1288 pronomen
2462 1221 2563 1275 hoc
2608 1222 3042 1293 signiﬁcatione
3074 1233 3463 1295 permanente
3514 1232 3573 1282 et
3611 1229 3749 1295 ﬁxa,

296 1317 600 1373 materiali
629 1324 696 1372 et
720 1335 857 1372 non
882 1323 1262 1372 consecrato:
1293 1333 1423 1387 quae
1452 1314 1705 1370 barbara
1738 1318 1797 1366 et
1828 1312 1993 1366 scho-
2096 1308 2355 1363 concedo
2382 1326 2395 1362 :
2430 1310 2864 1377 signiﬁcatione
2912 1318 3261 1369 transeunte
3295 1321 3353 1370 et
3401 1321 3536 1387 post
3566 1318 3750 1373 ﬁnem

302 1407 513 1462 lastica
534 1406 777 1462 locutio
801 1407 967 1461 idem
988 1411 1160 1461 sonat
1188 1423 1255 1460 ac
1286 1404 1583 1477 signiﬁcat
1612 1417 1828 1471 panem
1854 1417 1989 1455 ma-
2094 1398 2521 1468 propositionis
2552 1400 3163 1474 abolenda,nego.Sed
3196 1409 3254 1458 et
3283 1421 3615 1476 pronomen
3647 1406 3751 1461 hoc

307 1495 583 1551 terialem
608 1502 674 1551 et
694 1512 829 1551 non
851 1501 1287 1551 consecratum.
1315 1494 1534 1549 Sensus
1558 1508 1695 1564 ergo
1718 1490 1986 1561 proposi-
2096 1486 2589 1543 declarabatcum
2612 1492 3101 1560 pronuntiaretur
3117 1509 3333 1563 panem
3350 1494 3722 1551 materialem
3738 1536 3752 1561 ,

316 1586 491 1640 tionis
522 1585 758 1640 Christi
790 1603 828 1640 a
858 1585 1078 1658 Cyrillo
1110 1584 1448 1639 intellectus
1480 1586 1592 1648 est,
1624 1581 1795 1634 Panis
1823 1585 1993 1632 mate-

322 1676 472 1729 rialis
520 1682 603 1730 est
636 1690 852 1745 corpus
898 1691 1075 1728 meum
1095 1693 1116 1728 .-
1148 1690 1279 1744 qum
1311 1671 1635 1743 propositio
1669 1666 1990 1722 Catholicis

316 1763 987 1830 falsa,adversariorum
1010 1763 1291 1834 opinione
1314 1778 1447 1815 vera
1467 1765 1577 1825 est,
1597 1755 1990 1829 supponendo

321 1859 555 1909 tantum
576 1859 933 1909 sacramento
955 1860 1006 1907 et
1027 1855 1253 1907 virtute.
1278 1853 1364 1905 Ita
1387 1850 1548 1904 enim
1572 1851 1991 1919 argumentum

324 1944 711 1998 informatur.
767 1942 833 1997 ld
862 1941 1129 1996 Christus
1183 1939 1499 1995 afﬁrmavit
1529 1953 1742 2008 corpus
1795 1950 1989 2001 suum,

332 2032 486 2104 quod
510 2032 941 2087 declarabatur
964 2048 1069 2102 per
1088 2045 1419 2102 pronomen
1447 2026 1637 2082 hoc.ld
1661 2039 1992 2097 pronomen

339 2122 856 2195 signiﬁcabatcum
869 2120 1355 2191 pronuntiaretur
1366 2133 1583 2188 panem
1596 2112 1989 2169 materialem.

340 2212 669 2267 Afﬁrmavit
699 2227 840 2283 ergo
861 2210 1128 2264 Christus
1154 2225 1369 2279 corpus
1392 2222 1565 2261 suum
1597 2205 1667 2259 de
1691 2219 1843 2275 pane
1865 2218 1994 2256 ma-

224 2331 231 2339 -
335 2302 530 2357 teriali
558 2304 821 2373 (poterat
848 2298 1084 2354 brevius
1114 2298 1372 2370 argutari
1397 2313 1408 2350 :
1443 2297 1544 2350 hoc
1573 2294 1871 2365 signiﬁcat
1900 2308 1996 2362 pa-

329 2408 479 2447 nem
506 2408 628 2446 non
650 2394 1226 2459 consecratum,ergo
1257 2384 1585 2458 propositio
1606 2380 1822 2437 Christi
1855 2384 1946 2434 est
1971 2396 1983 2432 :

344 2482 525 2535 Panis
549 2495 656 2533 non
684 2485 1026 2533 consecratus
1055 2482 1131 2530 est
1160 2491 1355 2544 corpus
1394 2475 1617 2542 meum).
1653 2469 1711 2523 Si
1741 2468 1993 2523 alteram

356 2574 601 2623 secutus
620 2573 700 2621 est
717 2563 1380 2635 sententiam,intelligit
1398 2560 1653 2633 Cyrillus
1678 2557 1996 2612 Dominum

366 2675 576 2729 corpus
607 2674 766 2713 suum
796 2657 1131 2712 afﬁrmasse
1161 2654 1232 2709 de
1264 2669 1438 2726 pane,
1462 2667 1641 2722 quem
1670 2648 1891 2703 Paulus
1914 2646 1999 2701 ait

353 2748 529 2802 illum
556 2747 847 2819 [CXXVII]
869 2743 1519 2816 accepisse,gratiisque
1543 2739 1690 2794 actis
1710 2736 1994 2807 fregisse:

348 2837 516 2907 atqui
547 2852 757 2907 panem
788 2834 1160 2890 materialem
1188 2835 1525 2903 sumpserat
1553 2828 1841 2893 Christus,
1874 2840 1997 2878 non

344 2942 565 2997 corpus
586 2942 760 2980 suum
781 2942 795 2990 ;
810 2940 920 2979 nec
933 2939 1108 2978 suum
1123 2938 1336 2993 corpus
1349 2920 1622 2990 fregerat,
1640 2914 1745 2970 sed
1759 2929 1992 2985 panem.

340 3017 494 3087 Ergo
528 3015 599 3069 de
628 3030 783 3085 pane
809 3012 1129 3081 materiali,
1162 3028 1233 3066 ex
1275 3008 1476 3080 Cyrilli
1505 3005 1805 3062 sententia
1834 3003 1995 3057 afﬁr-

340 3106 534 3161 mavit
564 3104 853 3171 Christus,
901 3102 1060 3174 quod
1091 3106 1250 3156 esset
1279 3114 1494 3169 corpus
1540 3112 1734 3151 suum.
1779 3092 2001 3157 Quaerit

335 3196 562 3249 iterum
618 3210 653 3247 a
700 3193 892 3260 nobis,
924 3190 1258 3263 Cyrillusne
1308 3185 1671 3241 intellexerit
1700 3182 1998 3237 Christum

2022 1894 2070 1959 Β

2096 1576 2533 1647 signiﬁcatione
2565 1582 2912 1634 transeunte
2943 1586 3003 1635 et
3022 1580 3335 1648 abolenda,
3362 1584 3713 1640 conceditur
3741 1601 3754 1638 :

2098 1668 2214 1722 ﬁxa
2264 1671 2322 1721 et
2378 1674 2790 1739 permanente,
2838 1678 3134 1742 negatur:
3187 1671 3453 1744 adeoque
3504 1679 3757 1747 negatur

2097 1758 2643 1827 consequentia.Ad
2675 1760 3092 1816 secundum.Id
3129 1762 3397 1817 Christus
3429 1779 3603 1818 suum
3626 1780 3763 1818 cor-

2097 1863 2208 1917 pus
2238 1846 2577 1913 afﬁrmavit,
2612 1848 2769 1918 quod
2801 1851 3056 1920 sumpsit
3086 1856 3146 1904 et
3174 1851 3368 1922 fregit,
3403 1857 3462 1906 et
3515 1852 3758 1907 interim

2102 1937 2495 1989 mutationem
2519 1953 2760 2006 passum
2791 1943 2900 2005 est,
2926 1940 3260 2009 conc.quod
3281 1941 3539 2011 sumpsit
3559 1946 3619 1996 et
3636 1942 3758 1997 fre-

2101 2025 2204 2095 git,
2237 2039 2346 2077 nec
2376 2024 2561 2078 ullam
2589 2031 2790 2095 postea
2822 2029 3213 2083 mutationem
3242 2030 3441 2095 subiit,
3474 2036 3743 2103 negatur.

2103 2112 2280 2182 Atqui
2330 2111 2598 2168 Christus
2642 2131 2859 2185 panem
2900 2118 3271 2172 materialem
3322 2120 3598 2190 sumpsit,
3651 2122 3759 2190 qui

2103 2207 2312 2274 postea
2341 2204 2735 2258 mutationem
2767 2221 2978 2275 passus
3009 2212 3118 2272 est,
3172 2223 3334 2262 conc.
3375 2209 3475 2278 qui
3525 2209 3755 2265 nullam

2106 2292 2499 2347 mutationem
2532 2293 2733 2361 subiit,
2789 2311 2946 2368 neg.,
2983 2301 3042 2350 et
3073 2302 3325 2368 negatur
3373 2314 3756 2369 consequen-

2102 2382 2209 2437 tia.
2253 2382 2319 2435 Ni
2351 2382 2434 2436 ita
2462 2384 2916 2454 respondeatur,
2964 2402 3281 2456 possumus
3311 2387 3372 2441 in
3403 2403 3611 2442 omnes
3643 2387 3762 2442 sive

2104 2470 2289 2525 miras
2320 2471 2439 2526 sive
2490 2473 2794 2528 naturales
2829 2490 3026 2528 rerum
3060 2475 3424 2530 mutationes
3473 2477 3759 2532 cavillari.

2106 2560 2199 2614 Sic
2230 2560 2552 2615 cavillabor
2581 2562 2641 2615 in
2676 2564 3032 2618 miraculum
3065 2565 3236 2636 virga:
3270 2566 3523 2620 Aaronis
3552 2567 3613 2621 in
3647 2584 3765 2622 ser-

2106 2654 2345 2720 pentem
2376 2655 2637 2716 mutata},
2674 2668 2804 2722 quae
2835 2659 3140 2724 serpentes
3171 2670 3241 2708 ex
3272 2655 3447 2726 virgis
3466 2656 3764 2727 zEgyptio-

2104 2755 2238 2792 rum
2291 2755 2601 2811 magorum
2649 2741 2857 2809 factos,
2893 2743 3001 2806 vel,
3047 2744 3095 2797 si
3145 2744 3238 2798 cui
3294 2744 3509 2815 placet,
3552 2761 3761 2800 earum

2105 2828 2236 2883 loco
2260 2829 2465 2885 furtim
2499 2832 2837 2901 suppositos
2868 2833 3200 2899 devoravit;
3241 2833 3420 2888 Exod.
3455 2851 3550 2901 vn,
3586 2838 3644 2897 9,
3678 2837 3767 2890 l2.

2108 2918 2195 2972 Ad
2245 2919 2584 2989 exemplum
2632 2921 2925 2975 Albertini
2975 2928 3305 2994 argutans:
3357 2923 3418 2976 id
3469 2923 3773 2977 devoravit

2107 3008 2299 3079 virgas
2312 3024 2620 3079 magorum
2645 3009 3029 3079 quodtenens
3054 3028 3235 3066 manu
3250 3011 3375 3082 proj
3395 3011 3511 3065 ecit
3535 3015 3729 3066 Aaron
3757 3029 3769 3066 :

2111 3097 2214 3151 sed
2244 3097 2465 3169 virgam
2497 3098 2807 3170 [CCXVIII]
2838 3101 3285 3174 amygdalinam
3341 3118 3410 3155 ex
3441 3102 3764 3169 concessis,

2113 3202 2234 3241 non
2267 3194 2607 3257 serpentem
2655 3188 2895 3244 tenebat
2922 3207 3105 3245 manu
3136 3196 3194 3245 et
3224 3191 3475 3261 projecit
3521 3192 3718 3246 Aaron
3753 3232 3765 3245 .

338 3300 563 3355 corpus
594 3299 767 3338 suum
796 3261 1155 3353 praedicasse
1197 3278 1269 3331 de
1304 3277 1491 3349 ﬁgura
1523 3279 1769 3328 externa
1795 3270 1987 3342 panis,
2018 3261 2061 3327 C
2102 3290 2238 3347 ergo
2271 3276 2431 3347 virga
2457 3278 2834 3348 amygdalina
2862 3284 2926 3333 et
2948 3296 3070 3335 non
3109 3296 3358 3350 serpens
3378 3296 3551 3334 verus
3576 3280 3767 3352 virgas

339 3376 467 3429 sive
499 3376 574 3430 de
624 3372 1032 3429 accidentibus
1058 3387 1071 3436 ;
1104 3385 1180 3423 an
1212 3369 1284 3422 de
1321 3364 1656 3422 substantia
1684 3362 1857 3434 panis
1885 3376 1999 3414 co:-

336 3466 534 3531 lestis,
573 3463 631 3518 id
663 3469 752 3518 est
779 3462 850 3517 de
882 3459 1123 3533 proprio
1145 3473 1391 3528 corpore
1424 3470 1529 3510 suo
1552 3454 1578 3508 ‘I
1605 3454 1652 3507 si
1686 3452 1874 3522 prius,
1896 3449 2003 3504 fal-

340 3570 477 3609 sum
529 3550 863 3607 accidentia
904 3565 1033 3603 esse
1082 3563 1298 3617 corpus
1329 3543 1566 3599 Christi.
1622 3542 1677 3595 Si
1724 3541 2004 3605 alterum,

341 3642 707 3715 tantologica
729 3648 789 3696 et
803 3642 1005 3710 inepta
1021 3636 1344 3710 propositio
1362 3640 1453 3689 est
1473 3634 1644 3704 cujus
1662 3632 1757 3685 hic
1774 3645 2009 3708 sensus,

345 3737 446 3791 hoc
479 3749 682 3804 corpus
710 3749 886 3787 meum
917 3738 993 3785 est
1024 3744 1221 3798 corpus
1252 3742 1449 3780 meum.
1486 3722 1757 3779 Ridiculo
1790 3720 2008 3775 melius

350 3841 525 3896 quam
560 3823 683 3878 acri
707 3821 1003 3876 secabitur
1022 3817 1177 3871 male
1200 3815 1505 3886 implicata
1527 3812 2009 3879 difﬁcultas,quaa

344 3929 595 3969 omnem
625 3908 1231 3966 demonstrativarum
1262 3903 1741 3976 propositionum
1768 3915 1835 3953 ac
1861 3898 2011 3952 deﬁ-

350 4004 656 4057 nitionum
701 4015 875 4055 usum
909 3995 1215 4052 subvertit.
1269 3993 1327 4045 Si
1364 3992 1497 4061 quis
1545 3986 2008 4058 Tobiamjunio-

346 4108 477 4147 rem
511 4090 584 4145 de
616 4088 911 4160 Baphaele
944 4085 1159 4141 comite
1190 4080 1620 4145 admonuisset,
1654 4079 1773 4143 hoc,
1806 4076 1897 4130 vel
1922 4077 2009 4130 hic

338 4180 531 4252 (nihil
564 4180 855 4246 interest),
907 4182 985 4230 est
1017 4172 1281 4243 angelus:
1314 4185 1515 4239 quaaro
1560 4183 1706 4221 num
1734 4164 2012 4236 angelum

341 4269 738 4342 praedicasset
761 4265 831 4319 de
859 4264 1056 4336 specie
1090 4267 1334 4315 externa
1364 4255 1627 4311 hominis
1649 4272 1683 4309 a
1712 4252 2013 4325 Raphaele

341 4362 678 4429 assumpta,
740 4372 814 4409 an
851 4354 920 4408 de
971 4354 1102 4423 ipso
1141 4349 1351 4421 angelo
1379 4348 1405 4400 Ὺ
1462 4346 1510 4400 si
1562 4344 1748 4416 prius,
1794 4343 2014 4397 falsum

344 4455 665 4502 externam
698 4443 956 4497 hominis
980 4439 1240 4512 speciem
1273 4435 1551 4507 angelum
1576 4433 1785 4501 esse,si
1816 4437 2017 4502 poste-

341 4539 492 4603 rius,
530 4533 859 4607 propositio
893 4537 985 4586 est
1013 4527 1393 4598 tautologica,
1441 4524 1531 4578 hic
1560 4524 1787 4591 angelus
1817 4527 1893 4575 est
1921 4538 2016 4575 an-

347 4627 521 4696 getus.

417 4717 500 4769 78.
514 4712 606 4768 Ad
632 4712 761 4767 haec
782 4710 984 4765 omnia
1004 4706 1304 4763 Albertini
1328 4706 1678 4776 argumenta
1697 4715 1884 4754 unum
1901 4716 2003 4753 re-

343 4803 647 4877 spondeo:
671 4800 955 4872 Cyrillum
979 4814 1116 4852 cum
1138 4795 1275 4852 aliis
1293 4791 1637 4848 hominibus
1660 4789 1720 4843 in
1734 4788 2008 4860 proposi-

341 4896 511 4949 tione
524 4891 764 4957 Christi,
791 4890 891 4943 hoc
905 4894 981 4944 est
994 4902 1190 4956 corpus
1202 4901 1401 4949 meum,
1420 4897 1753 4954 pronomen
1770 4881 1869 4934 hoc
1886 4896 2007 4933 non

342 4981 721 5038 intellexisse
736 4994 927 5049 neque
941 4978 1013 5032 de
1032 4993 1184 5048 pane
1198 4991 1319 5029 non
1335 4976 1681 5027 consecrato
1694 4970 2003 5037 distincte;

352 5089 556 5143 neque
586 5070 660 5125 de
715 5067 1124 5124 accidentibus
1154 5065 1458 5131 distincte,
1510 5077 1705 5131 neque
1755 5060 1827 5114 de
1878 5060 2007 5130 ipso

342 5160 565 5218 Christi
589 5175 835 5231 corpore
858 5159 1136 5214 distincte
1162 5173 1175 5222 ;
1202 5153 1307 5208 sed
1328 5151 1655 5224 generatim
1680 5155 1739 5203 et
1762 5148 2009 5204 confuse

346 5253 419 5307 de
454 5267 519 5305 re
555 5249 833 5305 sensibus
865 5247 1155 5318 subjecta,
1208 5260 1387 5314 quam
1414 5240 1682 5296 Christus
1732 5239 2009 5294 manibus

346 5340 676 5408 tenebat,et
705 5337 995 5393 offerebat
1025 5334 1592 5407 apostolis,quaaque
1624 5334 1846 5383 statum
1878 5345 2006 5383 mu-

346 5438 508 5499 tans,
542 5431 656 5487 alio
690 5438 961 5501 tempore
992 5428 1185 5499 panis,
1214 5426 1332 5480 alio
1365 5438 1580 5493 corpus
1610 5420 1825 5474 Christi
1856 5420 2006 5486 fuit;

346 5528 526 5592 atque
557 5522 715 5576 hunc
747 5519 862 5575 sibi
896 5534 1081 5572 sacrm
1110 5511 1537 5588 propositionis
1565 5526 1809 5565 sensum
1841 5511 2012 5563 etfor-

347 5610 526 5667 mavit
566 5611 614 5667 si
647 5607 1164 5666 consecrationem
1202 5602 1349 5675 ipsis
1380 5599 1573 5655 verbis
1602 5600 1708 5653 hoc
1736 5605 1836 5665 est,
1869 5603 2006 5666 etc.,

347 5701 558 5759 factam
585 5700 877 5776 putabat;
915 5697 1036 5765 hoc,
1067 5711 1136 5750 ea
1183 5709 1280 5750 res
1306 5706 1485 5764 quam
1515 5689 1792 5746 manibus
1841 5695 2006 5762 gesto

2114 3381 2423 3436 magorum
2445 3365 3097 3423 devoravit.Cavillabor
3124 3375 3183 3423 et
3210 3370 3272 3423 in
3301 3369 3769 3439 propositionem

2116 3454 2353 3517 Christi,
2376 3455 2576 3511 Matth.
2607 3473 2689 3523 x1,
2722 3459 2752 3509 5
2779 3473 2792 3510 :
2830 3457 2969 3506 Caeci
3001 3457 3206 3513 vident,
3234 3457 3428 3506 claudi
3455 3456 3768 3515 ambulant,

2114 3551 2279 3599 surdi
2309 3552 2574 3607 audiunt,
2608 3552 2822 3602 mortui
2855 3565 3167 3617 resurgunt
3188 3568 3205 3599 :
3230 3565 3423 3619 neque
3447 3552 3605 3605 enim
3635 3551 3774 3605 caaci

2114 3631 2428 3698 viderunt;
2464 3633 2569 3687 sed
2603 3634 2702 3704 qui
2735 3641 2872 3690 ante
2900 3637 3060 3703 caeci,
3091 3637 3219 3691 sani
3254 3639 3444 3693 oculis
3478 3639 3635 3708 facti,
3660 3646 3773 3694 etc.

2117 3720 2207 3774 Ad
2259 3722 2520 3788 tertium,
2558 3724 2793 3778 tametsi
2841 3724 2939 3778 hoc
2985 3725 3045 3779 in
3092 3726 3498 3796 propositione
3557 3728 3773 3783 Christi

2117 3825 2240 3863 non
2268 3809 2540 3882 designet
2560 3811 2837 3867 distincte
2862 3814 3360 3885 accidentia,quia
3385 3820 3582 3870 tamen
3605 3816 3677 3870 de
3703 3818 3774 3871 si-

2118 3914 2231 3970 gno
2257 3900 2521 3969 corporis
2543 3900 2759 3955 Christi
2786 3902 2981 3972 ipsum
3002 3908 3199 3974 potest
3216 3918 3434 3974 corpus
3455 3904 3775 3973 afﬁrmari;

2117 3988 2201 4042 ita
2229 3989 2563 4058 respondeo
2592 4007 2604 4043 :
2639 3992 2767 4044 Non
2800 3997 2997 4061 potest
3052 4008 3254 4046 verum
3289 3994 3505 4048 Christi
3557 4012 3774 4067 corpus

2120 4076 2405 4132 afﬁrmari
2436 4079 2510 4133 de
2563 4095 2631 4133 eo
2664 4079 2826 4149 quod
2856 4081 3153 4152 signiﬁcat
3210 4099 3335 4137 rem
3367 4101 3501 4154 quas
3559 4085 3774 4139 Christi

2120 4187 2334 4242 corpus
2384 4170 2631 4225 minime
2666 4171 2744 4225 sit
2776 4188 2788 4225 :
2820 4172 3143 4243 distinguo,
3195 4190 3326 4244 quas
3360 4190 3470 4229 nec
3522 4175 3619 4241 sit,
3666 4191 3777 4229 nec

2122 4262 2419 4333 signiﬁcet
2447 4276 2515 4315 ac
2537 4262 2861 4326 contineat,
2894 4263 3156 4317 concedo
3183 4281 3195 4330 ;
3231 4280 3363 4334 qum
3393 4281 3513 4319 non
3544 4265 3623 4319 sit
3650 4265 3780 4335 ipsa

2121 4350 2341 4406 Christi
2371 4350 2767 4421 corpus,illud
2800 4358 3000 4407 tamen
3033 4353 3364 4424 signiﬁcet;
3399 4370 3572 4426 nego.
3595 4355 3773 4425 Atqui

2122 4441 2219 4494 hoc
2251 4440 2547 4513 signiﬁcat
2567 4440 2901 4496 accidentia
2931 4459 3062 4512 quae
3085 4443 3301 4497 Christi
3332 4460 3548 4514 corpus
3570 4459 3774 4499 revera

2122 4546 2243 4583 non
2276 4529 2546 4593 sunt,sed
2577 4535 2773 4584 tamen
2804 4531 3145 4603 signiﬁcent
3174 4538 3233 4586 et
3261 4534 3776 4601 contineant,con-

2036 4620 2080 4679 υ
2111 4619 2257 4673 cedo
2284 4636 2296 4685 ;
2332 4636 2463 4688 quae
2493 4619 2709 4674 Christi
2741 4638 2956 4692 corpus
2988 4638 3097 4677 nec
3119 4623 3260 4687 sint,
3286 4639 3398 4677 nec
3428 4622 3772 4693 signiﬁcent

2116 4725 2184 4763 ac
2216 4708 2588 4773 contineant,
2621 4724 2771 4781 nego
2799 4727 2811 4776 ;
2847 4711 3073 4765 sufﬁcit
3103 4711 3323 4781 quippe
3356 4717 3421 4765 ut
3449 4727 3546 4765 res
3575 4710 3779 4781 aliqua

2117 4799 2356 4869 signum
2387 4798 2463 4851 sit
2488 4798 2830 4861 alterius,ut
2860 4800 2985 4854 haec
3014 4800 3087 4854 de
3118 4800 3225 4853 illa
3254 4798 3541 4853 afﬁrmari
3565 4799 3773 4869 possit.

2117 4889 2233 4941 Nec
2264 4886 2619 4959 repugnabit
2646 4887 3119 4957 Albertinus,qui
3153 4904 3259 4941 suo
3291 4886 3394 4940 illo
3424 4893 3775 4958 argumento

2117 4981 2303 5031 totam
2329 4975 2735 5031 Calvinianam
2762 4976 3139 5047 hypothesim
3168 4976 3378 5030 evertit
3400 4975 3771 5047 imprudens.

2117 5067 2207 5123 Ad
2240 5068 2517 5122 eumdem
2542 5070 2703 5122 enim
2732 5068 2976 5122 modum
2999 5066 3281 5121 adversus
3309 5067 3504 5138 ipsum
3528 5081 3775 5138 arguere

2119 5159 2276 5213 licet.
2333 5160 2457 5212 Non
2507 5163 2703 5229 potest
2741 5157 3027 5212 afﬁrmari
3080 5173 3295 5227 corpus
3340 5156 3559 5211 Christi
3592 5157 3665 5210 de
3705 5172 3774 5210 eo

2119 5248 2277 5317 quod
2308 5249 2555 5301 minime
2596 5246 2811 5301 Christi
2844 5263 3058 5317 corpus
3090 5247 3186 5301 sit.
3226 5249 3387 5303 Hanc
3417 5247 3774 5320 propositio-

2118 5354 2257 5391 nem
2289 5338 2571 5408 supponit
2602 5337 2733 5406 ejus
2754 5337 3338 5407 argunientatio.Sed
3373 5340 3608 5410 signum
3639 5353 3774 5391 cor-

2118 5426 2281 5496 poris
2310 5425 2528 5479 Christi
2559 5423 2828 5493 ejusdem
2860 5424 3454 5497 exclusivum,qualis
3483 5426 3639 5499 apud
3671 5442 3773 5481 eos

2120 5521 2211 5570 est
2240 5515 2413 5585 panis
2463 5513 2915 5580 eucharisticus,
2964 5531 3085 5568 non
3116 5522 3207 5570 est
3258 5533 3474 5587 corpus
3504 5516 3722 5571 Christi
3758 5530 3770 5566 :

2118 5621 2241 5660 non
2274 5608 2469 5673 potest
2490 5603 2669 5673 igitur
2689 5602 2761 5657 de
2784 5618 2937 5673 pane
2960 5604 3547 5669 eucharistico,nudo
3560 5601 3775 5659 Christi

2120 5692 2384 5765 corporis
2409 5692 2598 5764 signo,
2622 5691 2840 5748 Christi
2865 5707 3083 5767 corpus
3113 5693 3425 5749 affirmari.
3458 5695 3591 5751 Non
3622 5692 3774 5747 etfu-
