4024 6414
402 369 521 431 259

1566 362 1670 423 DE
1711 358 2118 425 DOCTRINA
2160 360 2226 420 S.
2272 359 2615 426 CYRILLI.

3666 369 3768 432 260

399 500 658 574 giet,nisi
678 497 815 554 dato
838 514 874 554 a
895 513 990 553 me
1006 496 1081 553 ad
1104 511 1279 553 suum
1296 499 1713 567 argumentum
1733 508 2047 565 responso.
2077 492 2134 558 Α
2165 491 2228 548 in
2257 494 2662 553 anterioribus
2710 502 2770 554 et
2796 496 3306 569 consequentibus
3354 498 3667 555 testimonia
3698 500 3758 557 de

397 590 487 646 Ad
517 594 797 659 quartum
838 588 968 659 ejus
999 593 1414 659 argumentum
1446 584 1638 641 venio.
1671 581 2053 653 Tautologica

400 683 460 735 et
488 678 691 749 inepta
719 675 1047 747 prapositio
1080 679 1171 731 est
1199 691 1330 746 quas
1361 674 1521 729 idem
1552 672 1624 728 de
1657 670 1867 727 eodem
1897 669 2056 725 affir-

397 774 543 825 mat.
579 766 690 822 Sed
722 767 771 822 si
803 767 866 821 in
915 765 1128 822 Christi
1159 764 1589 837 propositione,
1624 763 1723 817 hoc
1755 760 2054 833 significat

402 875 617 929 corpus
648 856 884 922 Christi,
909 856 1066 911 idem
1096 854 1170 909 de
1197 853 1405 909 eodem
1437 852 1807 908 affirmatur:
1838 860 2050 921 Corpus

400 954 607 1004 Christi
633 962 712 1003 est
741 968 941 1014 corpus
973 952 1207 1001 Christi.
1231 942 1414 1015 Igitur
1439 943 1537 997 hoc
1562 942 1623 996 in
1643 941 2050 1014 propositione

390 1038 611 1093 Christi
642 1053 856 1108 corpus
887 1036 1019 1107 ejus
1051 1034 1385 1105 signiﬁcare
1416 1033 1643 1103 nequit.
1673 1031 2043 1103 Respondeo,

394 1124 753 1197 tautologica
782 1123 1109 1195 prOpositio
1143 1126 1251 1186 est,
1284 1137 1416 1191 quas
1447 1120 1602 1175 idem
1636 1119 1915 1175 distincte
1946 1134 2048 1173 co-

384 1215 615 1286 gnitum
629 1213 702 1269 de
717 1212 924 1269 eodem
939 1211 1217 1267 distincte
1231 1210 1465 1282 cognito
1480 1209 1542 1264 af
1542 1209 1824 1276 firmat,co
1833 1208 2042 1273 ncedo;

385 1320 517 1373 quae
547 1302 709 1357 idem
762 1301 1042 1356 distincte
1072 1300 1375 1372 cognitum
1423 1298 1496 1354 de
1529 1297 1740 1354 eodem
1795 1298 2039 1353 confuse

384 1397 617 1447 tantum
648 1396 707 1446 et
734 1390 1078 1446 indistincte
1111 1388 1347 1460 cognito
1380 1392 1439 1442 et
1467 1386 1749 1452 indicato,
1795 1388 2040 1459 nego.ln

384 1480 791 1552 propositione
824 1485 1024 1533 autem
1055 1477 1353 1541 Christi,si
1386 1477 1484 1531 hoc
1508 1476 1804 1548 signiticet
1824 1492 2039 1547 corpus

385 1570 536 1640 ejus,
571 1568 733 1623 idem
784 1567 1064 1623 distincte
1093 1565 1395 1638 cognitum
1425 1564 1499 1619 de
1551 1564 1758 1620 eodem
1793 1563 2038 1620 confuse

384 1657 622 1729 cognito
650 1660 709 1711 et
736 1654 998 1710 indicato
1031 1653 1651 1718 afﬁrmatur,concedo
1676 1669 1691 1718 ;
1718 1652 2033 1722 aliter;ne-

383 1762 477 1817 go.
511 1747 732 1816 Nempe
773 1744 1050 1799 inscienti
1084 1741 1226 1814 quid
1261 1742 1339 1798 sit
1366 1742 1757 1808 Eucharistia,
1791 1741 1881 1797 vel
1912 1759 2031 1798 non

2162 584 2483 652 praesentia
2513 587 2777 658 corporis
2824 592 2885 642 et
2930 586 3237 659 sanguinis
3279 587 3509 654 Christi,
3546 589 3601 643 in
3646 607 3756 660 qua

2162 671 2337 741 panis
2366 688 2435 728 ac
2466 674 2667 730 vinum
2697 682 2923 731 mutata
2951 675 3249 731 dicuntur.
3283 676 3561 742 Secundo,
3592 684 3760 735 muta-

2163 760 2386 817 tionem
2408 763 2527 819 vini
2557 764 2618 819 in
2640 766 2992 838 sanguinem
3024 782 3093 821 ea
3113 766 3342 821 ratione
3364 766 3763 824 credibiliorem

2162 849 2377 918 reddit,
2410 852 2567 924 quod
2617 854 2665 908 si
2708 871 2863 925 aqua
2916 859 3311 910 transmutata
3339 860 3426 910 est
3468 856 3525 911 in
3569 857 3763 924 vinum,

2162 936 2527 1009 disparatum
2549 958 2584 996 a
2604 957 2666 996 se
2684 941 3077 1009 elementum;
3102 942 3335 998 facilior
3350 943 3594 1015 quodam
3615 945 3766 1000 modo

2159 1027 2348 1083 altera
2368 1029 2488 1084 vini
2512 1030 2572 1085 in
2591 1032 2942 1103 sanguinem
2959 1032 3369 1099 mutatio,cum
3388 1032 3539 1087 inter
3556 1039 3765 1089 naturas

2158 1117 2363 1174 ambas
2385 1119 2574 1176 multa
2603 1119 2935 1177 intercedat
2954 1121 3483 1189 necessitudo,tum
3505 1123 3761 1178 naturalis

2159 1212 2283 1261 tum
2332 1208 2601 1279 mystica.
2636 1211 2718 1264 Ea
2761 1214 3050 1281 praeterea
3092 1209 3211 1264 vini
3271 1215 3329 1263 et
3358 1211 3649 1283 sanguinis
3677 1228 3763 1282 op-

2155 1296 2393 1367 positio,
2418 1304 2477 1353 et
2496 1304 2883 1371 utrarumque
2908 1316 3107 1356 rerum
3142 1299 3593 1356 necessitudinis
3622 1317 3765 1357 men-

2152 1385 2255 1452 tio,
2280 1394 2694 1458 argumentum
2720 1395 2810 1444 est
2829 1390 2921 1462 agi
2949 1395 3014 1444 ut
3030 1387 3099 1444 de
3122 1405 3258 1444 vero
3284 1394 3343 1443 et
3364 1388 3611 1444 naturali
3633 1389 3761 1458 vino,

2151 1473 2233 1529 ita
2262 1480 2319 1529 et
2348 1475 2421 1531 de
2446 1493 2582 1531 vero
2612 1495 2679 1533 ac
2706 1479 2962 1534 naturali
2995 1478 3374 1551 sanguine,in
3396 1495 3569 1549 quem
3588 1477 3764 1532 vinum

2148 1567 2611 1621 transmutatum
2633 1568 2708 1622 sit
2730 1584 2742 1621 :
2763 1567 2932 1623 nulla
2949 1567 3109 1622 enim
3131 1567 3289 1622 inter
3304 1566 3504 1621 vinum
3522 1565 3763 1622 naturale

2148 1658 2206 1706 et
2230 1653 2431 1709 vinum
2457 1655 2617 1726 quod
2647 1655 3135 1711 denominatione
3168 1656 3294 1712 sola
3324 1656 3560 1728 sanguis
3588 1656 3767 1724 sit,na-

2144 1745 2413 1797 turarum
2444 1745 2738 1815 oppositio
2773 1751 2831 1800 et
2860 1745 3239 1801 necessitudo
3271 1763 3284 1812 ;
3319 1763 3439 1801 una
3467 1745 3759 1815 eademque

390 1834 534 1889 satis
565 1832 800 1900 scienti,
851 1832 1086 1895 dicitur,
1118 1833 1217 1886 hoc
1255 1832 1413 1902 quod
1446 1832 1608 1886 vides
1639 1836 1697 1887 et
1740 1830 1844 1885 tibi
1880 1849 2030 1903 praa-
2063 1857 2110 1921 Β
2143 1838 2357 1888 natura
2389 1839 2498 1887 est.
2531 1834 2745 1891 Tertio.
2778 1835 2922 1889 Cum
2958 1842 3216 1892 Christus
3244 1843 3319 1892 ad
3347 1843 3646 1904 corporales
3674 1858 3764 1891 nu-

382 1940 522 1979 sens
553 1928 664 1990 est,
696 1939 911 1993 corpus
964 1926 1054 1977 est
1082 1921 1317 1976 Christi.
1354 1921 1408 1976 Si
1459 1920 1681 1975 valeret
1719 1921 1829 1975 hoc
1859 1937 2030 1994 argu-

380 2018 749 2078 mentum,ex
779 2011 1049 2067 oratione
1080 2011 1343 2066 humana
1368 2010 1645 2066 tollendas
1676 2009 1873 2065 forent
1902 2027 2031 2065 om-

376 2119 486 2158 nes
516 2101 955 2173 propositiones
995 2100 1474 2155 demonstrativa)
1504 2117 1574 2155 ac
1605 2098 1987 2155 definitiones
2015 2116 2028 2154 :

375 2192 438 2247 in
475 2191 691 2263 quibus
723 2190 944 2247 idcirco
979 2190 1302 2262 tautologia
1321 2189 1764 2260 evitatur,quod
1794 2190 1859 2243 in
1887 2207 2033 2261 pras-

375 2281 568 2337 dicato
595 2281 770 2335 datur
781 2280 944 2335 notio
960 2278 1240 2335 distincta
1260 2279 1713 2350 subjecti,cujus
1727 2278 1817 2332 vel
1840 2278 2028 2348 nulla,

375 2370 465 2426 vel
519 2369 766 2425 confusa
807 2373 1039 2424 tantum
1096 2385 1207 2423 nec
1255 2368 1399 2423 satis
1453 2367 1765 2439 explicata,
1826 2367 2031 2423 haberi

374 2460 731 2515 censebatur
760 2458 993 2514 notitia.
1027 2458 1139 2513 Sed
1168 2458 1350 2512 nimis
1380 2458 1552 2528 plura
1584 2456 1655 2512 de
1689 2458 1849 2514 tricis
1880 2458 2028 2531 logi-

374 2549 551 2615 cis,in
582 2548 798 2619 quibus
830 2547 971 2602 dum
1001 2548 1335 2603 Catholicos
1366 2546 1656 2618 impedire
1687 2547 1899 2603 nititur
1927 2547 2030 2602 Al-

372 2637 667 2703 bertinus,
700 2654 764 2692 se
795 2636 923 2708 ipse
954 2636 1141 2708 magis
1174 2636 2025 2707 inextricabiliterimplicavit.

372 2728 441 2780 In
474 2725 669 2797 primo
701 2726 813 2780 hoc
848 2730 1198 2797 argumento
1231 2725 1520 2796 prolixius
1551 2730 1817 2780 versatus
1851 2742 1983 2780 sum
2012 2743 2024 2781 :

373 2821 588 2871 caetera
617 2814 851 2871 brevius
881 2814 1212 2886 expediam.

840 2920 1125 2959 SECUNDUI
1171 2920 1560 2959 ARGUMENTUX.

444 2996 536 3049 79.
570 2994 656 3049 Ab
720 2994 814 3048 his
859 2992 1063 3065 Cyrilli
1108 2992 1301 3048 verbis
1349 2993 1722 3064 depromitur
1768 2999 1879 3049 cat.
1935 2998 2025 3062 22,

372 3100 433 3139 n.
467 3087 521 3152 3,
554 3093 777 3155 Aquam
822 3092 961 3140 olim
992 3092 1052 3138 in
1104 3091 1305 3139 vinum
1332 3092 1478 3154 quod
1527 3092 1803 3154 sanguini
1849 3095 2029 3156 afﬁne

370 3189 470 3241 est,
502 3182 565 3230 in
597 3181 746 3229 Cana
783 3181 1034 3229 Galilaew
1082 3181 1510 3230 transmutaoit:
1541 3190 1593 3230 et
1639 3196 1767 3230 eum
1806 3197 2021 3243 parum

367 3260 630 3334 [CCXIX]
661 3269 905 3331 dignum
953 3269 1409 3317 existimabimus
1443 3271 1539 3318 cui
1567 3270 1859 3319 credamus
1891 3286 2020 3320 cum

363 3360 567 3408 vinum
597 3360 660 3408 in
685 3359 1025 3421 sanguinem
1057 3361 1463 3408 transmutavit
1485 3361 1510 3408 ἲ
1538 3360 1622 3409 Ad
1652 3361 1884 3423 nuptias
1906 3376 2022 3409 cor-

354 3448 584 3510 porales
636 3456 879 3506 vocatus,
911 3449 1256 3509 stupendum
1294 3448 1393 3498 hoc
1418 3450 1770 3499 miraculum
1799 3452 1983 3514 eﬂecit
2002 3466 2021 3499 .-

362 3545 415 3586 et
430 3552 545 3585 non
569 3551 697 3585 eum
735 3537 918 3585 multo
937 3537 1123 3600 magis
1141 3538 1287 3600 ﬁliis
1317 3537 1566 3587 thalami
1588 3540 1868 3600 nuptialis
1884 3532 2021 3602 (hoc

363 3622 454 3672 est
484 3617 792 3689 apostolis,
828 3618 1027 3673 Matth.
1065 3635 1140 3673 Ix.
1178 3621 1300 3688 l5);
1334 3641 1533 3688 corpus
1578 3636 1629 3675 et
1676 3629 2017 3690 sanguinem

360 3729 532 3763 suum
561 3714 815 3776 fruenda
842 3716 1074 3764 donasse
1107 3716 1498 3779 conﬁtebimur
1518 3713 1542 3761 l
1570 3709 1768 3763 Primo
1795 3709 2015 3766 diserte

357 3796 463 3859 ait,
492 3805 696 3854 vinum
730 3805 795 3854 in
826 3805 1166 3867 sanguinem
1197 3812 1230 3851 a
1259 3798 1489 3851 Christo
1522 3814 1971 3856 transmutatam
1997 3825 2016 3867 ;

359 3885 576 3941 deinde
587 3930 600 3950 ,
620 3886 1011 3941 mutationem
1025 3886 1180 3941 hanc
1193 3892 1500 3957 comparat
1513 3887 1825 3941 mutationi
1842 3904 2012 3959 aqua)

357 3972 420 4026 in
452 3972 692 4029 vinum:
729 3974 857 4029 huic
907 3978 1107 4028 autem
1140 3974 1390 4029 mutatio
1437 3974 1847 4030 substantialis
1900 3982 2008 4031 est.

359 4059 544 4131 Igitur
574 4065 633 4116 et
681 4061 787 4117 illa
818 4061 1232 4117 eucharistica.
1265 4064 1404 4127 Quae
1453 4069 1653 4119 autem
1683 4065 1931 4120 mutatio
1976 4082 2011 4120 a

356 4147 719 4204 Calvinianis
750 4150 1290 4223 agnoscitur,panis
1322 4151 1605 4207 nimirum
1637 4153 1697 4207 id
1729 4154 1889 4224 quod
1920 4159 2012 4209 est

355 4238 676 4304 manentis,
725 4238 787 4293 in
819 4255 1035 4310 panem
1080 4239 1345 4311 corporis
1384 4240 1601 4295 Christi
1652 4243 1900 4313 ﬁguram
1951 4249 2010 4298 et

356 4324 689 4381 efﬁcaciam
718 4327 1173 4395 continentem;
1212 4344 1282 4384 ea
1310 4330 1570 4400 primum
1605 4331 1851 4386 mutatio
1884 4349 2007 4387 non

355 4413 576 4480 est,sed
608 4430 771 4469 novas
804 4421 1036 4470 tantum
1068 4417 1372 4486 qualitatis
1401 4418 1676 4490 adjectio.
1712 4422 2007 4477 Praaterea

353 4502 573 4557 similis
613 4509 703 4559 est
744 4504 944 4576 plane,
976 4505 1094 4561 imo
1127 4512 1186 4560 et
1226 4506 1491 4572 inferior,
1526 4510 1839 4564 mutationi
1872 4528 2003 4583 qua;

2136 1929 2295 1990 ptias
2308 1932 2893 1992 vocatus,stupendum
2909 1932 3255 1981 miraculum
3274 1929 3605 1978 exterarum
3624 1921 3763 1977 nulla

2146 2008 2258 2063 sibi
2283 2008 2683 2066 familiaritate
2717 2013 3174 2083 conjunctorum
3207 2012 3269 2067 in
3291 2013 3539 2086 gratiam
3564 2019 3763 2081 fecerit;

2145 2097 2417 2153 decuisse
2448 2099 2742 2171 signiﬁcat
2772 2101 3025 2172 Cyrillus
3057 2107 3123 2155 ut
3150 2103 3459 2173 apostolis,
3491 2100 3762 2156 sodalibus

2144 2188 2421 2242 etamicis
2436 2190 2579 2256 suis,
2602 2206 2967 2261 suarumque
2980 2190 3168 2261 ipsius
3183 2191 3541 2261 spiritalium
3555 2188 3762 2261 nuptia-

2142 2292 2276 2331 rum
2297 2278 2684 2349 participibus
2709 2278 2772 2346 (ii
2799 2278 2959 2333 enim
2983 2284 3123 2333 sunt
3142 2278 3251 2333 filii
3276 2279 3520 2334 thalami
3545 2293 3760 2349 sponsa-

2142 2363 2218 2419 lis
2248 2367 2447 2421 Matth.
2482 2384 2555 2433 ιχ,
2596 2370 2702 2437 15),
2738 2368 3216 2439 magnificentius
3249 2368 3547 2439 quoddam
3576 2366 3762 2421 divinas

2141 2470 2261 2509 suas
2294 2456 2572 2526 potentia;
2602 2472 2817 2511 munus
2848 2456 3275 2528 impertiret.ln
3304 2457 3635 2514 Calviniana
3654 2471 3764 2510 sen-

2142 2546 2346 2608 tentia,
2380 2547 2574 2618 major
2604 2552 2695 2602 est
2738 2546 2951 2602 divinas
2983 2548 3265 2619 potentias
3302 2550 3549 2604 effectus
3577 2560 3763 2617 aquam

2140 2635 2201 2689 in
2225 2636 2429 2690 vinum
2455 2641 3005 2707 convertere,quam
3037 2653 3255 2708 panem
3288 2642 3349 2693 et
3379 2638 3576 2692 vinum
3607 2637 3765 2708 ﬁgura

2139 2725 2199 2775 et
2220 2721 2434 2776 virtute
2453 2723 2669 2777 Christi
2688 2724 2954 2794 corporis
2978 2729 3036 2778 et
3066 2725 3382 2796 sanguinis
3406 2721 3760 2780 donare.Plus

2138 2808 2318 2881 igitur
2348 2816 2506 2866 esset
2553 2812 2616 2866 in
2648 2812 2874 2884 nuptiis
2905 2814 3077 2868 Cana:
3104 2830 3289 2884 quam
3334 2815 3397 2871 in
3427 2810 3754 2870 Eucharistia

2137 2900 2350 2955 divinas
2371 2902 2685 2973 potestatis
2698 2903 3178 2959 exsertumJllud
3197 2921 3337 2961 vero
3359 2905 3609 2978 amplius
3630 2897 3755 2975 quod

2139 2991 2385 3046 thalami
2420 2991 2560 3045 filiis
2591 3008 2627 3046 a
2655 2991 2885 3047 Christo
2910 3009 3264 3049 concessum
3291 2995 3376 3051 ait
3394 2994 3656 3067 Cyrillus,
3686 2992 3759 3045 est

2133 3091 2228 3138 sui
2246 3081 2434 3152 ipsius
2448 3090 2695 3151 corporis
2713 3097 2765 3138 et
2783 3091 3091 3153 sanguinis
3120 3096 3167 3152 f9
3189 3091 3362 3155 uitio,
3395 3080 3758 3157 participatio,

2138 3171 2454 3242 possessio.
2506 3173 2550 3226 Ii
2602 3189 2839 3243 quoque
2884 3182 3003 3246 ﬁlii
3050 3181 3313 3242 thalami,
3364 3184 3535 3234 amici
3575 3177 3759 3243 sponsi.

2134 3268 2305 3316 erant
2325 3267 2612 3333 praeterea
2633 3278 2866 3332 sponsa
2889 3262 3138 3331 Christi;
3162 3281 3429 3334 quorum
3452 3259 3758 3336 spirituales

2133 3367 2268 3405 cum
2290 3351 2522 3406 Christo
2545 3351 2864 3422 nuptiaa,ex
2886 3351 3157 3407 doctrina
3178 3354 3430 3410 Patrum
3447 3370 3546 3427 per
3562 3349 3756 3407 Eucha-

2132 3440 2316 3495 ristiaa
2330 3440 2847 3511 participationem
2863 3448 3300 3498 consummatus
3317 3440 3678 3508 sunt.Quibus
3694 3435 3751 3489 in

2130 3529 2356 3599 nuptiis
2381 3529 2611 3601 [CCXX]
2634 3552 2746 3585 non
2766 3537 2876 3601 ﬁde
2890 3538 3026 3593 sola,
3040 3538 3134 3587 sed
3144 3553 3203 3586 re
3216 3539 3351 3600 ipsa
3364 3557 3461 3590 nos
3473 3551 3629 3589 unum
3642 3546 3754 3583 cum

2131 3626 2352 3675 Christo
2380 3641 2580 3687 corpus
2610 3627 2762 3689 efﬁci
2790 3626 2998 3674 docent.
3017 3620 3105 3674 Ita
3120 3619 3459 3690 Chrysost.,
3484 3631 3541 3679 in
3567 3622 3761 3681 Matth,

2127 3706 2289 3762 hom.
2321 3707 2412 3777 83,
2446 3722 2576 3779 pag.
2607 3708 2730 3762 868.
2783 3706 2931 3762 Vide
2963 3708 3167 3763 Patres
3197 3708 3359 3766 alios
3399 3728 3431 3766 a
3463 3707 3626 3765 nobis
3653 3703 3760 3758 lau-

2127 3796 2296 3851 datos
2320 3796 2379 3850 in
2413 3802 2554 3850 nota
2574 3795 2647 3849 ad
2679 3795 2839 3849 hunc
2862 3796 3065 3866 Cyrilli
3088 3813 3265 3867 quem
3296 3792 3764 3871 expendimuslo-

2126 3901 2283 3939 cum.
2318 3884 2451 3939 Haec
2478 3900 2657 3939 causa
2695 3900 2801 3938 cur
2829 3884 3085 3956 Cyrillus
3112 3894 3258 3958 ﬁliis
3285 3896 3531 3946 thalami
3566 3898 3757 3940 conce-

2125 3974 2380 4029 dendam
2403 3972 2586 4028 fuisse
2604 3989 2637 4028 a
2650 3972 2881 4027 Christo
2906 3972 3064 4028 dicat
3080 3975 3168 4028 sui
3191 3977 3470 4049 corporis
3487 3970 3761 4043 etsangui-

2124 4064 2218 4119 nis
2242 4062 2713 4118 fruitionem.Vis
2734 4062 2913 4134 hujus
2927 4064 3260 4135 argumenti
3286 4083 3359 4121 ex
3382 4065 3761 4138 objectionum

2122 4152 2529 4209 confutatione
2560 4152 2747 4224 magis
2778 4152 3076 4209 elucescet
3104 4159 3164 4209 et
3192 4156 3668 4212 conﬂrmabitur.

2192 4245 2281 4297 80.
2312 4240 2657 4297 Albertinus
2686 4241 2866 4311 hujus
2914 4243 3249 4313 argumenti
3285 4245 3409 4301 vim
3442 4261 3618 4317 prava
3657 4238 3761 4312 pri-

2120 4348 2284 4387 mum
2314 4330 2516 4403 Cyrilli
2548 4329 2862 4385 verborum
2894 4330 3417 4402 interpretatione,
3437 4333 3650 4390 deinde
3681 4345 3762 4383 va-

2118 4422 2225 4476 riis
2246 4417 2685 4493 objectionibus
2706 4418 2948 4473 eludere
2970 4421 3348 4478 conatur.Sic
3377 4422 3580 4495 Cyrilli
3605 4418 3766 4475 verba

2117 4510 2331 4565 refert:
2365 4516 2452 4565 Ad
2497 4515 2730 4577 nuptias
2781 4517 3092 4579 corporales
3136 4528 3384 4578 vocatus,
3440 4519 3763 4571 miraculose

353 4609 426 4646 ex
454 4592 660 4663 Cyrilli
711 4596 1008 4651 sententia
1036 4596 1493 4668 baptismalibus
1524 4600 1695 4670 aquis
1744 4606 1802 4654 et
1837 4617 2002 4657 sacro
2032 4588 2080 4654 Β
2113 4608 2174 4657 id
2195 4622 2334 4669 opus
2366 4606 2513 4669 ﬁliis
2551 4604 2792 4654 thalami
2820 4607 3102 4666 sponsalis
3122 4610 3494 4668 paradoxum
3518 4614 3765 4671 operatus

351 4679 660 4738 chrismati
710 4701 819 4755 per
847 4684 1125 4740 Ecclesiae
1173 4702 1380 4757 preces
1412 4688 1680 4755 accedit;
1713 4689 1807 4745 his
1839 4690 2000 4745 enim

349 4772 519 4827 adest
543 4772 673 4843 ipsa
697 4789 793 4828 res
811 4790 987 4844 quam
1023 4774 1318 4847 ﬁgurant;
1350 4775 1804 4848 baptismalibus
1821 4778 1997 4835 undis

346 4861 536 4933 gratia
565 4862 818 4933 Spiritus
847 4864 1037 4918 sancti
1059 4864 1322 4919 animam
1345 4865 1616 4929 abluens,
1651 4873 1764 4922 cat.
1789 4869 1839 4933 3,
1873 4871 1993 4939 n.4,

346 4967 514 5007 sacro
545 4952 853 5008 chrismati
904 4953 1094 5009 sancti
1124 4954 1376 5025 Spiritus
1425 4955 1714 5026 antitypo,
1757 4962 1870 5010 cat.
1906 4960 1995 5023 21,

345 5053 405 5091 n.
442 5040 491 5103 1,
524 5038 794 5108 ejusdem
825 5040 1151 5096 divinitatis
1181 5041 1522 5112 praesentia,
1568 5042 1715 5097 ibid.
1750 5059 1807 5098 n.
1850 5045 1903 5101 3.
1937 5048 1998 5099 at

346 5125 668 5195 ﬁguratum
698 5144 733 5183 a
761 5128 1103 5185 Calviniano
1152 5146 1306 5201 pane
1336 5130 1553 5185 Christi
1585 5147 1822 5203 corpus,
1874 5138 1997 5189 tota

344 5215 476 5269 coeli
511 5214 796 5273 distantia
825 5218 898 5272 ab
929 5235 998 5274 eo
1029 5220 1540 5291 abest.Nunquam
1573 5227 1771 5277 tamen
1804 5224 1995 5295 Cyril-

342 5302 440 5357 lus
470 5303 673 5375 gratias
704 5306 1129 5376 accessionem,
1162 5325 1293 5379 quas
1328 5309 1787 5380 baptismalibus
1818 5313 1995 5369 undis

342 5408 630 5463 sacroque
657 5393 963 5449 chrismati
993 5395 1250 5468 advenit,
1271 5397 1398 5452 ulla
1421 5401 1747 5455 mutationis
1777 5402 1992 5473 appel-

337 5480 562 5537 latione
595 5482 940 5557 designavit.
974 5486 1236 5542 Tandem
1266 5504 1341 5543 ne
1370 5504 1501 5543 eam
1531 5489 1594 5544 in
1626 5492 1996 5548 Eucharistia

337 5571 732 5627 mutationem
782 5572 1188 5647 intelligamus
1220 5592 1250 5630 e
1291 5593 1410 5648 qua
1438 5577 1657 5634 Christi
1690 5596 1907 5652 corpus
1936 5587 1997 5637 et

339 5660 581 5733 sanguis
607 5660 1033 5733 absit,obstant
1051 5663 1277 5721 diserta
1297 5682 1434 5722 cum
1455 5667 1517 5724 in
1538 5668 1668 5742 ipso
1689 5668 1844 5741 loco,
1868 5675 1996 5728 tum

2108 4705 2209 4746 est.
2240 4689 2413 4743 Canas
2469 4685 2742 4741 convivas
2788 4686 2943 4742 filios
2975 4686 3223 4743 thalami
3275 4690 3582 4762 sponsalis
3611 4686 3762 4753 facit,

2109 4779 2211 4851 qui
2242 4783 2383 4833 sunt
2410 4776 2663 4849 apostoli
2687 4775 2919 4831 Christo
2940 4778 3069 4849 ipso
3100 4779 3431 4851 interprete
3462 4780 3661 4836 Matth.
3689 4793 3765 4845 ix,

2109 4872 2173 4924 15
2199 4887 2212 4937 ;
2247 4874 2307 4924 et
2320 4867 2430 4923 hac
2451 4866 2946 4937 interpretatione
2962 4870 3297 4941 argumenti
3317 4869 3628 4943 Cyrilliani
3647 4867 3754 4922 vim

2106 4958 2317 5025 aufert,
2335 4973 2454 5028 qua
2477 4956 2533 5011 S.
2566 4957 2742 5010 Pater
2770 4955 3069 5012 Christum
3101 4958 3336 5030 majora
3367 4961 3497 5016 suis
3529 4963 3758 5031 aposto-

2106 5048 2181 5104 lis
2212 5064 2279 5103 ac
2307 5045 2632 5108 sodalibus,
2665 5061 2846 5116 quam
2876 5045 3093 5119 ignotis
3124 5048 3300 5103 Canas
3329 5050 3595 5106 convivis
3620 5063 3757 5121 pras-

2108 5143 2264 5193 stare
2294 5135 2570 5191 debuisse
2615 5135 2806 5190 docet.
2840 5135 2953 5190 Sed
3001 5137 3241 5208 ignosco
3290 5138 3569 5194 codicem
3616 5136 3760 5191 forte

2106 5226 2369 5297 aliquem
2396 5225 2576 5279 verba
2596 5226 2711 5284 τοῖς
2736 5222 2877 5284 υἱοῖς
2909 5226 3006 5277 τοῦ
3036 5227 3331 5302 νυμφῶνος
3357 5231 3758 5299 transponen-

2106 5323 2225 5371 tem
2257 5320 2458 5370 secuto
2486 5331 2499 5381 ;
2533 5314 2692 5385 quod
2718 5314 2961 5385 quidem
3012 5314 3224 5371 saltem
3267 5315 3542 5372 indicare
3592 5329 3759 5386 opor-

2105 5409 2317 5462 tuerat.
2373 5404 2461 5460 Ad
2490 5409 2908 5477 argumentum
2938 5406 3196 5476 reponit,
3231 5406 3288 5459 1ο
3322 5410 3454 5461 tum
3485 5423 3557 5462 ex
3584 5419 3755 5459 voca-

2102 5497 2244 5552 bulo
2276 5495 2755 5550 transmutationis
2784 5493 2844 5549 in
2873 5499 3219 5565 sanguinem,
3254 5501 3386 5551 tum
3421 5512 3495 5552 ex
3524 5510 3754 5566 compa-

2101 5586 2333 5641 ratione
2364 5582 2752 5638 Eucharistiaa
2784 5599 2920 5639 cum
2944 5600 3101 5655 aqua
3130 5585 3191 5639 in
3222 5584 3432 5640 vinum
3458 5597 3757 5649 conversa,

2104 5673 2571 5733 substantialem
2601 5673 2725 5729 vini
2749 5673 2811 5729 in
2840 5674 3191 5748 sanguinem
3222 5674 3447 5733 Christi
3478 5682 3764 5735 transmu-
