2012 3197
120 193 162 224 261

833 191 1091 223 DlSSEB'I‘ATIO
1113 191 1169 222 III.

1808 194 1868 224 262

125 260 265 288 tationem
298 263 438 289 certum
464 261 565 298 colligi
591 269 649 289 non
681 268 787 297 posse:
814 259 957 295 quoniam
973 267 979 285 ε
996 259 1021 292 Α
1038 258 1148 285 moniis
1164 260 1277 294 patere.
1295 257 1381 285 Nulla
1395 259 1512 293 poterat
1523 258 1560 285 ad
1575 258 1755 287 catholicam
1775 260 1865 288 ﬁdem

127 307 149 332 ιδ
161 306 270 332 Patres
289 306 417 334 eodem
439 306 698 334 transmutationis
711 304 853 332 vocabulo
870 303 981 339 passim

132 354 246 378 utuntur
266 351 303 377 in
321 351 441 385 rebus,
465 360 541 386 quas
565 360 624 378 non
649 350 825 383 substantia,
851 349 903 377 sed
919 348 983 375 sola

139 396 270 431 qualitate
289 396 420 422 mutari
439 398 556 423 certum
573 398 627 423 est.
644 395 689 422 Sic
705 395 791 422 aiunt
812 393 982 430 spirituales

141 441 265 468 homines
284 439 322 467 in
337 440 478 476 angelos
495 440 695 471 transmutari,
722 439 857 467 carnales
873 439 904 465 in
920 437 981 465 bel-

143 486 205 518 luas,
221 488 296 518 etc.,
322 484 494 520 multaque
520 485 636 521 generis
661 484 795 520 ejusdem
813 482 984 510 testimonia

141 529 277 558 cumulat.
296 529 451 556 Secundo
472 532 583 559 autem,
600 529 678 564 quod
694 529 821 564 Cyrillus
846 536 893 555 res
910 527 983 554 duas

139 578 301 611 comparet,
315 583 386 602 non
395 575 512 602 idcirco
529 583 642 610 mquam
650 577 679 602 et
694 574 731 601 ad
747 574 890 601 amussim
898 581 982 600 exac-

137 625 192 648 tam
200 620 477 655 comparationem
489 619 547 647 dici
559 622 706 655 oportere,
719 627 786 646 cum
794 619 858 654 ipse
866 626 912 645 res
921 617 982 645 dis-

138 669 302 693 sentaneas
310 673 425 692 secum
434 663 614 692 contendere
621 663 723 691 soleat:
730 662 875 698 etalioqui
882 662 982 697 illaip-

134 719 167 738 sa
175 718 262 745 aquae
274 710 309 736 in
320 709 431 736 vinum
442 708 604 742 conversio,
625 708 660 735 ab
679 707 834 735 Ambrosio
847 714 984 734 sermone

134 756 178 786 l9,
195 754 247 789 qui
264 753 429 781 Ambrosii
443 761 504 780 non
523 756 577 785 est,
591 760 658 779 cum
683 752 902 779 resurrectione
918 759 984 778 car-

138 799 196 830 nis.
213 798 250 826 ab
283 799 429 834 Augusto
460 805 527 824 cum
542 797 707 824 mutatione
739 796 872 832 corporis
894 798 987 823 terre—

138 844 209 871 stris
224 843 256 870 in
273 851 395 878 corpus
411 842 573 878 gloriosum
590 841 620 869 in
637 841 722 868 beata
751 840 985 868 immortalitate.

134 887 335 924 Respondeo,
353 895 413 914 nos
430 895 519 914 omne
533 886 704 922 prmsidium
722 886 753 913 in
774 885 854 913 nudo
872 887 900 912 et
922 885 985 912 solo

133 931 409 957 tranmutatioui-v
434 931 585 964 vocabulo,
618 933 707 966 atque
722 931 754 957 in
782 930 863 957 nuda
878 932 907 957 et
923 930 986 957 sola

135 978 377 1015 comparatione
389 976 582 1004 Eucharistiay
594 983 661 1002 cum
673 983 756 1011 aquae
766 975 795 1002 in
804 975 906 1002 vinum
916 983 984 1002 con-

140 1025 280 1052 versione
298 1032 367 1050 non
393 1029 547 1058 reponere.
573 1020 629 1048 Sed
645 1023 678 1048 ut
692 1028 792 1048 vocem
808 1024 983 1044 transmuta-

147 1070 232 1094 tionis
248 1069 339 1096 obvio
370 1070 400 1094 et
428 1066 556 1094 naturali
582 1074 671 1093 sensu
687 1073 851 1099 sumamus,
882 1064 984 1092 simili-

149 1122 272 1149 masque
285 1111 491 1140 mutationisa
502 1110 608 1146 Cyrillo
620 1113 806 1145 comparatas
818 1109 985 1142 credamus,

147 1158 267 1186 duabus
284 1157 387 1185 causis
399 1156 522 1183 adduci:
536 1155 641 1191 prima,
652 1154 730 1190 quod
738 1154 813 1181 nihil
822 1162 876 1181 nos
890 1154 986 1190 cogita

143 1203 275 1231 litterali
293 1209 396 1234 sensu,
413 1203 441 1228 et
457 1199 612 1235 adsequata
628 1198 861 1235 comparationis
876 1198 986 1225 intelli-

153 1248 261 1284 gentia
275 1247 411 1274 recedere
426 1255 433 1278 ;
451 1244 591 1277 secunda,
609 1244 688 1279 quod
715 1246 820 1271 contra
845 1243 986 1278 adjuncta

158 1292 266 1319 omnia
281 1299 345 1326 quae
359 1289 537 1318 antecedunt
551 1291 580 1316 et
599 1289 834 1324 subsequuntur,
858 1296 984 1323 qumque

165 1337 211 1364 vel
222 1337 300 1372 apud
311 1336 447 1372 Cyrillum
459 1334 529 1362 alibi
536 1334 590 1368 ,vel
601 1334 678 1369 apud
687 1334 763 1361 alios
772 1334 874 1361 Patres
883 1333 984 1368 Cyrilli

156 1382 304 1410 doctrinae
321 1380 430 1408 similia
444 1380 582 1416 legimus,
602 1378 691 1406 verba
707 1379 771 1414 ejus
797 1378 834 1405 ad
850 1378 985 1406 substan-

157 1426 238 1453 tialis
256 1425 430 1453 mutationis
446 1431 567 1451 sensum
583 1422 705 1450 omnino
721 1421 933 1454 determinent,
957 1424 986 1448 et

152 1470 374 1499 accidentalem
391 1469 488 1496 solum
504 1468 699 1495 mutationem
717 1467 884 1494 excludant.
896 1466 986 1494 Testi-

152 1517 328 1544 moniorum
346 1523 411 1550 quas
428 1513 599 1541 Albertinus
621 1512 752 1546 adducit,
770 1514 803 1539 ut
815 1511 984 1536 mutationis

151 1560 336 1589 vocabulum
353 1559 440 1586 rebus
451 1558 515 1586 solo
527 1557 678 1586 accidente
690 1556 811 1584 mutatis
823 1565 986 1584 accommo-

151 1606 218 1633 dari
235 1604 356 1641 probet,
371 1611 494 1631 examen
511 1610 571 1629 non
583 1602 717 1635 instituo,
729 1604 843 1629 tantum
857 1609 905 1628 res
921 1609 982 1628 om-
1002 1623 1022 1655 (η

177 1651 182 1655 .
249 1649 269 1655 .-
368 1651 373 1655 .
439 1648 444 1655 ι
636 1648 674 1655 ,1,
708 1654 713 1655 γ
757 1653 857 1655 νηᾼγνκν
892 1654 965 1655 νγγη
1017 1643 1022 1655 Ι

151 1651 229 1678 nino
241 1649 410 1684 disparatas
419 1648 454 1675 ab
465 1656 498 1675 eo
511 1648 696 1682 comparatas
703 1654 767 1673 esse
775 1653 882 1673 moneo
891 1654 897 1672 :
906 1654 985 1673 eam.

154 1703 215 1731 que
232 1694 440 1729 disparitatem
456 1691 602 1727 superiori
617 1690 711 1726 capite
723 1690 753 1717 in
771 1690 984 1717 observationi-

154 1740 213 1767 bus
228 1748 247 1766 ιι
266 1741 296 1765 et
308 1746 350 1771 in,
368 1746 396 1764 n.
413 1737 448 1763 72
463 1739 492 1764 et
507 1737 550 1769 73,
567 1735 684 1763 abunde
705 1734 938 1767 demonstravit;
956 1737 989 1761 ut

155 1784 282 1820 verbum
300 1782 428 1818 amplius
444 1781 553 1808 addere
578 1788 700 1807 necesse
725 1779 801 1806 nihil
825 1779 872 1806 sit.
890 1779 989 1806 Liceat

156 1832 260 1857 tamen
278 1827 315 1855 ad
337 1826 488 1862 specimen
513 1825 674 1856 advertere,
697 1824 795 1860 ipsum
820 1823 901 1851 abuti
928 1824 986 1850 Au-

160 1873 273 1910 gustini
306 1871 489 1902 testimonio,
522 1873 610 1897 contr.
651 1869 809 1901 Adimant.,
847 1876 911 1903 cap.
943 1869 987 1900 12,

161 1917 293 1954 [CCXXI]
306 1917 337 1943 in
349 1924 405 1951 quo
419 1915 475 1942 ait:
489 1915 558 1939 Cum
570 1913 696 1938 induerit
709 1913 788 1937 homo
797 1912 988 1942 incorruptio-

160 1971 222 1987 nem
233 1967 259 1986 et
273 1960 520 1988 immortalitatem,
532 1960 592 1989 iam
604 1966 659 1982 non
671 1965 734 1982 caro
749 1962 774 1981 et
788 1957 908 1988 sanguis
924 1957 986 1987 erit,

156 2009 206 2032 sed
222 2008 250 2032 in
263 2013 361 2036 corpus
376 2005 479 2029 caeleste
494 2005 666 2034 mutabitur;
688 2004 829 2039 supponit,
854 2003 987 2030 Alberﬁ-

157 2062 216 2080 nus
233 2051 431 2087 Augustinum
447 2058 533 2077 voces
548 2056 612 2073 caro
628 2051 653 2072 et
663 2048 792 2078 sanguis,
809 2048 841 2071 de
857 2047 988 2071 naturali

156 2105 243 2122 carne
257 2101 282 2121 et
298 2096 439 2126 sanguine
455 2095 631 2130 intelligere,
657 2102 722 2128 qua)
750 2093 858 2120 idcirco
876 2095 988 2119 mutata

156 2142 250 2176 dicat,
267 2141 338 2176 quia
351 2139 520 2168 coelestibus
533 2138 726 2174 qualitatibus
744 2140 839 2164 aucta.
854 2137 986 2164 Fallitur.

154 2186 275 2214 Alludit
289 2185 443 2220 perspicue
466 2183 648 2219 Augustinus
672 2183 708 2209 ad
728 2182 815 2208 verba
844 2182 986 2216 Apostoli,

155 2232 167 2259 l
185 2231 242 2258 Cor
270 2238 317 2262 xv,
335 2231 378 2260 50;
396 2230 466 2252 Caro
480 2232 505 2251 et
522 2228 641 2258 sanguis
657 2234 777 2257 regnum
797 2226 845 2249 Dei
857 2234 910 2249 non
923 2233 987 2256 pos-4

154 2275 302 2300 :idzbunt:
320 2282 385 2309 qua)
400 2273 440 2300 ait
456 2281 514 2299 non
528 2272 696 2307 signiﬁcare
713 2278 824 2295 carnem
837 2270 985 2294 secundum

160 2319 357 2347 substantiam,
378 2317 423 2341 sed
439 2317 647 2348 corruptionem
672 2321 696 2340 et
712 2316 909 2339 mortalimlem
930 2323 987 2339 σαν·
1004 2309 1023 2339 Ι)

162 2363 209 2387 ni:
221 2368 243 2388 et
259 2363 431 2394 sanguinis;
445 2363 569 2397 ejusque
586 2361 799 2397 propositionis
810 2368 915 2387 sensus
932 2363 987 2390 est,

158 2404 382 2439 corruptionem
396 2406 494 2433 carnis
511 2409 539 2433 et
554 2406 717 2442 sanguinis,
737 2413 802 2440 qum
820 2413 921 2431 revera
943 2405 987 2431 sui

156 2448 324 2476 abolitione
339 2450 513 2482 mutabitur,
529 2451 560 2478 in
577 2451 626 2478 Dei
654 2458 744 2485 regno
762 2458 820 2476 non
845 2450 986 2475 futuram.

161 2492 229 2519 Vid.
244 2494 329 2528 epist.
345 2495 407 2528 205,
424 2503 452 2522 n.
477 2497 508 2522 15
532 2498 560 2522 et
577 2496 618 2522 16.
635 2496 707 2522 Cum
733 2495 822 2521 etiam
848 2494 877 2520 in
896 2497 989 2520 meta-

158 2537 294 2573 phoricaa
305 2539 478 2566 mutationis
490 2540 658 2575 exemplum
671 2539 791 2566 adducit
803 2538 989 2566 adVersarius

160 2590 230 2609 eam
241 2591 308 2618 quae
316 2583 346 2610 in
355 2592 511 2619 corporum
522 2584 739 2611 resurrectione
751 2584 793 2615 fit,
802 2583 987 2610 ludiﬁcatur:

157 2627 247 2654 nulla
262 2627 341 2654 enim
357 2628 452 2664 magis
468 2629 672 2656 substantialis
690 2627 824 2660 mutatio,
848 2636 937 2662 quam
955 2635 990 2653 ca

159 2680 228 2707 quae
243 2672 366 2700 resoluti
397 2674 539 2708 corporis,
557 2676 586 2701 et
614 2673 694 2700 varia
723 2681 843 2699 suarum
859 2672 989 2707 partium

160 2719 244 2744 sorte
259 2716 289 2744 in
306 2725 393 2745 omne
411 2718 543 2753 corporis
559 2726 652 2754 genus
670 2717 869 2750 transmutati,
886 2716 916 2743 in
934 2716 989 2743 hu-

159 2769 283 2789 manam
298 2761 427 2790 formam
444 2762 696 2798 redintegratione
713 2762 773 2789 fiet.

198 2806 242 2833 8L
258 2806 386 2844 Reponit
399 2807 430 2832 2°
446 2806 539 2834 solam
555 2815 572 2834 a
587 2806 696 2842 Cyrillo
713 2805 866 2841 qualitatis
891 2807 987 2832 muta-

156 2850 271 2880 tionem
281 2852 313 2881 in
323 2851 515 2880 Eucharistia
525 2850 754 2887 agnosci,tribus
761 2850 894 2886 ejusdem
903 2849 989 2876 testi-

113 3170 153 3183 ν’
157 3155 254 3188 Aug.

1037 303 1274 330 confirmandam
1283 303 1747 338 efﬁcacioraproducere;mirum
1756 305 1779 332 si
1790 313 1867 333 ever-

1037 347 1138 374 terint.
1155 347 1288 374 Primum
1305 350 1350 374 est
1365 355 1399 374 ex
1415 350 1470 374 cat.
1501 348 1546 381 23,
1563 356 1646 375 num.
1662 349 1691 378 7,
1707 348 1798 373 Deum
1821 350 1864 374 be-

1037 391 1160 421 nignum
1171 399 1321 415 exoramus
1327 395 1359 415 ut
1367 391 1476 415 emittat
1482 391 1622 422 Spiritum
1638 397 1768 417 sanctum
1780 402 1866 425 super

1037 435 1110 459 dona
1134 437 1299 466 proposita:
1324 440 1351 459 ut
1377 436 1466 466 faciat
1490 443 1595 466 panem
1625 438 1738 468 quidem
1765 446 1866 470 corpus

1039 480 1152 508 Christi,
1161 481 1260 505 vinum
1268 488 1331 505 vero
1341 481 1511 512 sanguinem
1528 481 1644 510 Christi,
1660 483 1776 507 omnino
1791 485 1867 508 enim.

1038 525 1178 557 quidquid
1192 526 1320 556 attigerit
1335 526 1462 556 Spiritus
1476 530 1598 555 sanctus,
1618 527 1648 550 id
1660 528 1868 560 sanctiﬁcatum

1039 573 1063 593 ει
1074 573 1298 594 transmutatum
1307 574 1355 594 est.
1365 571 1449 598 Falso
1463 571 1626 598 affirmaret
1636 572 1764 607 Cyrillus
1780 574 1868 608 quid-

1040 614 1110 649 quid
1122 615 1240 650 attingit
1250 615 1386 650 Spiritus,
1400 615 1429 642 id
1443 615 1680 643 substantialiter
1697 617 1849 645 immutari
1861 626 1867 651 ;

1040 667 1111 686 nam
1127 661 1156 686 et
1180 668 1289 694 aquam
1318 660 1528 695 baptismalem
1559 663 1589 688 et
1604 661 1735 689 chrisma
1750 670 1868 689 sacrum

1041 712 1106 738 qua
1118 704 1246 740 attingit,
1258 704 1495 731 substantialiter
1504 705 1611 732 mutari
1624 709 1867 741 consequeretur.

1042 748 1140 775 Solam
1149 757 1216 784 ergo
1225 749 1376 784 qualitatis
1388 749 1418 775 in
1430 749 1486 776 hoc
1500 748 1565 776 loco
1576 750 1772 778 mutationem
1780 751 1868 787 signi-

1042 793 1121 820 ficat.
1144 793 1318 829 Respondeo
1347 793 1518 829 generalem
1546 795 1727 822 sententiam
1756 797 1867 823 omnino

1042 838 1123 870 enim,
1138 840 1204 872 etc.,
1214 846 1266 873 per
1277 838 1426 866 causalem
1437 838 1612 874 particulam
1625 841 1697 866 enim
1710 840 1869 875 superiori<

1042 881 1097 909 bus
1107 882 1204 910 verbis
1215 883 1280 918 conj
1286 886 1404 910 unctam
1419 892 1436 910 a
1447 883 1556 918 Cyrillo
1569 884 1692 920 allegari
1700 884 1737 911 ad
1744 885 1871 920 proban-

1043 926 1113 954 dum
1129 930 1208 954 recte
1223 928 1364 963 Spiritum
1388 931 1525 955 sanctum
1550 928 1587 955 ad
1613 929 1870 957 consecrationem

1042 975 1071 999 et
1082 972 1280 999 mutationem
1288 973 1504 1000 elementorum
1517 973 1758 1009 invocari,eaque
1769 982 1872 1002 revera

1043 1015 1107 1051 ejus
1123 1019 1302 1051 superventu
1317 1017 1501 1044 sanctiﬁcata
1517 1020 1546 1044 et
1562 1021 1759 1045 transmutata
1783 1027 1848 1046 esse
1862 1028 1868 1052 ;

1042 1061 1183 1096 quoniam
1195 1061 1334 1092 quidquid
1344 1061 1394 1085 ille
1406 1061 1544 1096 attigerit,
1563 1062 1627 1097 ejus
1650 1062 1757 1090 virtute
1773 1064 1871 1090 conti-

1042 1113 1101 1132 nuo
1120 1105 1325 1137 sanctiﬁcatum
1339 1110 1364 1129 et
1382 1109 1608 1130 transmutatam
1619 1107 1667 1130 sit.
1687 1107 1743 1134 Sed
1764 1116 1871 1143 opera,—

1042 1150 1132 1177 tionis
1144 1150 1238 1177 sancti
1251 1150 1377 1185 Spiritus
1393 1150 1522 1185 qualitas
1543 1153 1572 1177 et
1595 1151 1670 1178 ratio
1686 1151 1721 1178 ab
1738 1160 1825 1187 prece
1842 1155 1871 1179 et

1041 1194 1241 1230 postulatione
1258 1194 1396 1221 Ecclesia:
1421 1194 1638 1222 determinatur
1652 1205 1659 1227 ς
1685 1196 1804 1230 qualem
1820 1197 1871 1224 illa

1042 1238 1173 1274 postulat
1189 1239 1479 1271 transmutationem,
1499 1239 1587 1266 talem
1605 1239 1655 1266 ille
1673 1240 1872 1272 eiﬁcit;acci-

1042 1283 1192 1310 dentalem
1208 1283 1238 1310 in
1254 1291 1331 1318 aqua
1344 1286 1374 1310 et
1397 1283 1472 1314 oleo,
1490 1284 1631 1318 quoniam
1648 1292 1708 1311 non
1730 1286 1805 1320 petit
1820 1287 1870 1313 Ec-

1042 1328 1133 1355 clesia
1143 1330 1176 1354 ut
1188 1328 1262 1355 ﬁant
1271 1327 1353 1355 aliud
1361 1327 1396 1354 ab
1409 1335 1442 1354 eo
1455 1328 1534 1363 quod
1542 1331 1612 1355 sunt
1626 1337 1631 1360 ;
1643 1329 1871 1358 substantialem

1042 1372 1073 1399 in
1103 1372 1297 1405 Eucharistia,
1329 1380 1394 1399 cum
1424 1375 1506 1407 petat
1534 1373 1665 1400 Ecclesia
1692 1377 1725 1400 ut
1744 1374 1871 1409 Spiritus

1043 1420 1163 1444 sanctus
1177 1417 1263 1446 faciat
1277 1423 1378 1446 panem
1393 1423 1494 1446 corpus
1512 1416 1629 1449 Christi,
1646 1419 1672 1441 ει
1686 1418 1787 1442 vinum
1805 1426 1869 1443 xan-

1040 1461 1150 1493 guinem
1167 1462 1285 1490 Christi;
1301 1462 1381 1497 quod
1396 1462 1482 1497 panis
1499 1465 1529 1492 et
1550 1463 1654 1490 vinum
1670 1463 1733 1490 fieri
1760 1466 1788 1490 et
1805 1472 1869 1490 esse

1042 1515 1102 1533 non
1117 1510 1244 1542 possunt
1258 1506 1322 1534 sine
1348 1515 1407 1533 sum
1421 1509 1536 1534 naturai
1557 1507 1769 1535 demutatione.
1788 1508 1871 1535 Alte-

1041 1559 1108 1578 rum
1123 1551 1327 1578 testimonium
1340 1551 1376 1578 ab
1388 1551 1541 1578 Albertino
1554 1552 1682 1579 sumitur
1693 1561 1728 1579 ex
1744 1553 1790 1579 his
1800 1552 1872 1579 duo-

1043 1596 1098 1623 bus
1123 1596 1207 1623 locis.
1234 1596 1295 1623 Cat.
1327 1596 1369 1623 i9.
1387 1603 1417 1622 n.
1440 1596 1469 1628 7,
1486 1595 1723 1621 Quemadmodum
1741 1597 1828 1627 panis
1846 1600 1872 1620 et

1043 1641 1143 1665 vinum
1156 1640 1343 1665 Euoharialiw
1357 1644 1421 1664 ante
1435 1644 1561 1664 sanctam
1574 1641 1724 1665 adorandae
1747 1641 1872 1665 Trinita-

1043 1685 1079 1709 tis
1094 1684 1297 1710 invocationem
1314 1684 1410 1708 nudus
1426 1684 1514 1714 panis
1536 1689 1562 1708 et
1580 1685 1679 1709 vinum
1701 1690 1776 1714 erat;
1790 1686 1871 1710 inuo-

1043 1729 1150 1755 catione
1165 1733 1258 1753 autem
1262 1733 1377 1759 peracta
1388 1729 1475 1759 panis
1486 1730 1519 1760 ﬁt
1534 1736 1633 1759 corpus
1644 1729 1759 1759 Christi,
1769 1731 1870 1755 vinum

1042 1781 1107 1798 vero
1131 1773 1251 1804 sanguis
1283 1773 1400 1797 Christi:
1418 1774 1458 1796 ita
1485 1777 1510 1796 et
1541 1773 1707 1802 huiusmodi
1729 1775 1871 1799 esculenta

1043 1818 1107 1849 (cibi
1115 1817 1196 1842 idolis
1214 1817 1355 1848 immolati)
1363 1817 1399 1841 ad
1407 1824 1541 1847 pompam
1556 1818 1672 1842 Sat/ante
1684 1819 1870 1848 pertinentia,

1043 1872 1107 1889 cum
1122 1872 1156 1888 ea:
1170 1868 1278 1888 natura.
1291 1870 1345 1887 sua
1358 1863 1434 1887 nuda
1447 1867 1472 1886 et
1485 1864 1647 1887 communia.
1664 1864 1733 1891 sint,
1756 1865 1869 1888 invoca-

1043 1912 1118 1933 tione
1134 1909 1293 1932 dwmonum
1304 1908 1430 1937 profana
1443 1911 1469 1930 et
1484 1906 1676 1931 contaminata
1692 1907 1869 1937 redduntur;

1044 1956 1073 1981 et
1088 1956 1144 1981 cat.
1168 1953 1214 1985 21,
1240 1960 1269 1979 n.
1285 1952 1310 1984 3,
1337 1951 1372 1977 de
1395 1959 1478 1978 sacro
1503 1951 1675 1985 chrismate,
1691 1950 1772 1975 Sicut
1783 1951 1871 1981 panis

1043 1998 1232 2023 Enchoristixe
1238 2000 1301 2027 post
1313 1996 1516 2020 invocationem
1526 1995 1618 2021 sancti
1632 1996 1759 2026 Spiritus
1767 2003 1823 2020 non
1832 2000 1872 2021 est

1043 2042 1201 2068 communia
1212 2041 1308 2072 pauis,
1325 2041 1371 2064 sed
1388 2048 1488 2071 corpus
1504 2041 1624 2065 Christi.-
1643 2041 1683 2065 ita
1701 2045 1726 2064 et
1738 2045 1869 2065 sanctum

1043 2089 1120 2113 istud
1140 2091 1320 2118 unguentum,
1339 2085 1528 2117 [(‘GXXlljnon
1543 2086 1669 2115 amplius
1693 2087 1806 2116 mulum,
1826 2094 1872 2109 ne-

1043 2143 1102 2166 qua,
1120 2135 1145 2157 si
1156 2133 1219 2164 quis
1228 2132 1267 2155 ita
1282 2132 1523 2161 appellarmnalil,
1539 2139 1684 2154 commune
1694 2135 1868 2161 unguentum

1044 2185 1082 2204 est
1103 2183 1163 2209 post
1190 2178 1408 2203 invocati/mm";
1441 2177 1487 2199 sed
1520 2176 1625 2199 Christi
1654 2177 1815 2201 donurilml.
1846 2181 1868 2199 rt

1044 2219 1172 2249 Spiritus
1188 2217 1288 2244 sancti,
1305 2216 1458 2246 praesentia
1476 2216 1635 2239 divinitatis
1655 2216 1726 2245 ejus,
1743 2216 1869 2246 efﬁciens

1043 2268 1161 2295 factum,
1179 2263 1283 2296 Sicque
1301 2264 1601 2296 argumentatnrpost
1623 2261 1771 2288 Rivetum:
1794 2261 1871 2287 Talis

1042 2312 1087 2336 est
1098 2307 1290 2335 liuoharisliae
1302 2306 1435 2338 mutatio,
1454 2306 1550 2340 qualis
1562 2306 1696 2332 ciborum
1710 2305 1797 2332 idolis
1815 2305 1870 2331 im—

1044 2354 1233 2381 molatorum.
1252 2354 1279 2377 et
1300 2351 1374 2377 sacri
1400 2351 1554 2384 unguenti.
1573 2350 1639 2376 Haec
1664 2358 1738 2376 nova
1755 2352 1867 2376 tantum

1044 2397 1197 2434 qualitatis
1213 2396 1382 2423 accessione
1402 2398 1523 2421 mutata.
1542 2395 1617 2421 Nihil
1634 2394 1723 2429 igitur
1742 2394 1871 2428 amplius

1044 2445 1075 2471 in
1092 2441 1285 2469 Eucharistia.
1303 2440 1384 2471 Quod
1402 2439 1573 2466 Allicrtinus
1589 2438 1625 2464 ad
1642 2438 1789 2472 objectam
1814 2438 1870 2464 sibi

1045 2496 1128 2523 aqum
1143 2487 1173 2513 in
1192 2486 1293 2512 vinum
1321 2484 1357 2511 ad
1386 2484 1506 2518 nuptias
1532 2490 1691 2514 conrersm,
1709 2485 1737 2508 et
1765 2482 1823 2508 vini
1842 2483 1871 2508 in

1045 2530 1230 2559 Eucharistia
1247 2529 1276 2555 in
1289 2527 1462 2562 sanguinem
1477 2526 1662 2553 transmutati
1676 2526 1871 2560 comparatio-

1045 2585 1113 2603 nem
1131 2573 1302 2609 respondit;
1329 2580 1380 2607 per
1393 2580 1458 2598 eum
1474 2571 1563 2597 liceat
1588 2570 1675 2596 nobis
1692 2578 1809 2605 quoque
1826 2570 1874 2597 hic

1045 2621 1234 2657 respondere,
1250 2627 1309 2644 non
1332 2625 1394 2643 esse
1412 2616 1577 2643 institutam
1605 2625 1620 2642 a
1638 2616 1746 2651 Cyrillo
1771 2624 1870 2642 rerum

1044 2667 1132 2702 plane
1140 2663 1282 2691 similium
1291 2661 1518 2695 etgemellarnm
1528 2661 1793 2695 ριηηρῃιτειιίοῃογη,
1803 2661 1871 2695 (Nec

1045 2709 1165 2738 diffiteri
1176 2709 1273 2743 potest
1292 2705 1474 2732 Albertinus.
1488 2713 1555 2731 cum
1570 2705 1599 2731 in
1619 2705 1694 2731 cibis
1712 2705 1874 2731 immolatis

1045 2755 1171 2791 Cyrillus
1179 2753 1380 2779 invocatorum
1391 2749 1464 2775 (lanii
1471 2758 1561 2776 ouum
1570 2750 1760 2784 prmsentiam
1769 2749 1873 2781 cat.22,

1045 2807 1126 2831 num,
1140 2800 1167 2831 7,
1180 2799 1208 2823 et
1227 2796 1257 2821 in
1276 2794 1435 2821 chrismate
1452 2793 1614 2821 divinitatis
1634 2794 1761 2829 Spiritus
1780 2793 1873 2820 sancti

1045 2841 1181 2881 perillud
1194 2839 1309 2875 ﬁgurati
1326 2839 1517 2874 praesentiam
1532 2838 1688 2872 admittat;
1703 2838 1872 2865 Albertinus
