4024 6384
426 334 548 398 263

1591 330 1692 391 DE
1732 329 2141 392 DOCTRINA
2185 327 2254 389 S.
2299 329 2640 391 CYRILLI.

3685 336 3782 398 264

427 467 492 526 in
507 467 880 524 Eucharistia
896 467 1159 540 ﬁguratae
1178 483 1282 538 per
1303 481 1433 520 eam
1456 463 1540 520 rei
1570 461 1952 536 praesentiam
1976 478 2076 518 ne-
2104 463 2160 532 Α
2187 465 2278 532 28,
2313 464 2385 520 ab
2417 464 2578 538 virga
2596 464 2847 522 Aaronis
2869 464 3299 532 efﬁorescente,
3324 468 3549 538 partum
3567 465 3776 538 virginis

426 558 570 632 get.)
603 557 713 613 Sed
746 563 810 612 ut
841 557 902 612 in
929 556 1251 628 Cyrilliana
1302 553 1747 624 comparatione
1790 550 2075 606 Euchari-

430 647 560 704 stias
585 663 720 702 cum
741 645 974 717 aquain
997 645 1196 699 vinum
1219 660 1392 698 versa
1435 641 1670 696 nullum
1712 639 2076 712 (lisparitatis

427 741 676 808 apparet
697 733 1028 806 vestigium,
1073 733 1154 788 ita
1173 732 1232 786 in
1254 732 1451 787 citatis
1492 730 1724 786 duobus
1765 730 1911 784 locis
1935 745 2080 783 con-

426 828 650 882 tinetur
678 825 806 896 ipsa
843 839 1042 878 rerum
1091 827 1568 893 comparatarum
1621 817 2070 874 dissimilitudo.

426 917 589 972 Hanc
609 915 766 970 inter
785 912 987 968 omnia
1003 910 1461 966 similitudinem
1484 908 1814 976 constituit,
1837 913 1903 962 ut
1925 908 2080 962 sicut

423 999 1458 1073 immolaticibipostinvocationem
1494 997 1856 1064 daemonum,
1894 1002 1954 1050 et
1981 1012 2072 1050 sa-

425 1111 591 1150 crum
614 1093 874 1148 chrisma
891 1097 1024 1163 post
1039 1089 1474 1144 invocationem
1514 1087 1612 1142 Dei
1637 1103 1756 1142 non
1778 1084 2074 1141 suntnudi

425 1189 483 1239 et
501 1197 851 1238 communes
872 1179 1128 1244 cibi,nec
1150 1177 1378 1234 nudum
1398 1182 1784 1232 etcommuue
1799 1191 2069 1246 unguen-

421 1279 584 1340 tum;
608 1273 692 1327 ita
711 1270 882 1342 panis
909 1267 1337 1324 eueharisticus
1361 1272 1418 1320 et
1439 1267 1639 1321 vinum
1671 1270 1805 1338 post
1835 1265 2073 1319 invoca-

423 1363 648 1417 tionem
679 1358 983 1414 Trinitatis
1028 1375 1150 1413 non
1202 1357 1279 1412 sit
1324 1355 1521 1411 nudus
1569 1355 1740 1427 panis
1784 1360 1842 1408 et
1871 1353 2074 1408 vinum

419 1465 758 1508 commune.
792 1450 926 1504 Haec
944 1447 1222 1502 omnibus
1241 1446 1603 1502 communia.
1632 1443 1743 1500 Sed
1774 1443 1936 1498 cibos
1961 1442 2071 1496 im-

422 1540 678 1596 molatos
709 1543 769 1594 et
788 1537 1050 1594 chrisma
1079 1553 1200 1592 non
1235 1535 1378 1591 dicit
1409 1535 1538 1590 ﬁeri
1571 1534 1748 1589 aliam
1773 1537 2072 1598 naturam,

422 1629 539 1684 cibi
575 1644 812 1698 semper
843 1631 1091 1682 manent
1120 1625 1180 1680 id
1210 1623 1369 1696 quod
1403 1629 1564 1688 sunt,
1619 1629 1679 1677 et
1708 1625 2073 1694 unguentum

427 1733 664 1788 semper
699 1721 1088 1788 unguentum.
1141 1717 1216 1768 At
1262 1730 1481 1785 panem
1528 1711 1987 1768 eucharisticum
2020 1714 2078 1764 et

2187 554 2420 626 probat,
2445 561 2558 610 cat.
2605 558 2691 624 14,
2726 573 2786 625 n,
2820 560 2909 624 25,
2941 555 3154 610 Christi
3188 555 3585 610 ascensionem
3621 572 3712 612 sua
3737 559 3774 612 vi

2185 644 2401 698 factam
2426 644 2486 700 in
2508 644 2722 700 cmlum
2747 645 2965 716 ipsum,
2989 660 3058 699 ex
3081 643 3301 698 Enochi
3325 643 3686 698 translatione
3698 661 3776 700 ex-

2187 739 2375 798 terna,
2410 739 2467 788 et
2515 751 2584 788 ex
2632 734 2776 788 Elia;
2815 739 2986 805 raptu
3038 749 3159 788 non
3209 733 3268 787 in
3300 731 3528 798 cmlum,
3560 732 3652 786 sed
3679 739 3780 789 tan-

2189 839 2356 893 quam
2386 824 2444 877 in
2477 823 2711 878 caelum.
2747 824 2814 876 Et
2843 829 2956 878 cat.
2994 824 3078 890 l8,
3112 839 3171 877 ιι.
3211 825 3293 891 10,
3335 823 3783 878 resurrectionem

2183 917 2576 980 mortuorum,
2601 929 2670 967 ex
2701 917 3009 967 menstrua
3030 912 3188 966 lunas
3213 909 3575 982 reparatione
3599 928 3612 976 ;
3640 927 3694 967 ιι.
3717 915 3782 978 12,

2185 1017 2254 1055 ex
2279 1001 2452 1074 virga)
2485 1001 2736 1056 Aaronis
2757 1001 3214 1064 efﬁorescentia,
3250 1006 3308 1056 et
3335 1000 3573 1071 leprosm
3603 1015 3779 1054 manus

2183 1091 2398 1162 Moysis
2447 1090 2988 1163 redintegratione;
3047 1093 3107 1144 4°
3164 1089 3449 1163 Cyrillum
3503 1087 3780 1159 aliquando

2183 1181 2406 1234 omissa
2427 1181 2639 1252 majori
2662 1181 2750 1233 vel
2775 1179 2992 1234 minori
3019 1195 3218 1233 rerum
3243 1176 3608 1242 difﬁcultate,
3643 1192 3673 1231 a
3697 1176 3784 1230 mi-

2184 1286 2296 1324 nus
2337 1269 2514 1342 digno
2553 1269 2627 1324 ad
2651 1268 3105 1323 convenientius
3137 1285 3204 1323 ac
3253 1268 3369 1321 Deo
3397 1264 3621 1330 dignius
3647 1281 3784 1336 argu-

2183 1359 2465 1425 mentari,
2489 1357 2721 1412 etiamsi
2747 1356 2895 1411 illud
2917 1356 3222 1410 difficilius
3255 1355 3351 1410 sit.
3385 1355 3476 1409 Sic
3499 1357 3606 1409 cat.
3639 1353 3714 1420 13,
3736 1369 3781 1406 ιι.

2183 1457 2216 1509 2
2249 1461 2305 1509 et
2335 1456 2388 1524 3,
2423 1454 2538 1508 vim
2570 1453 2878 1525 sanguinis
2918 1453 3134 1507 Christi
3185 1451 3259 1506 ad
3309 1448 3686 1505 universalem
3713 1464 3781 1502 sa.-

2184 1543 2369 1600 lutem
2407 1542 2793 1610 alierendam,
2839 1541 3051 1613 probat
3098 1557 3133 1596 a
3161 1540 3338 1613 primi
3390 1537 3636 1593 hominis
3675 1553 3784 1608 pec-

2182 1639 2311 1688 cato
2346 1632 2554 1688 mortis
2585 1630 2936 1686 universalis
2967 1646 3182 1696 causa;
3219 1629 3470 1683 Phinees
3509 1625 3787 1682 sacerdotis

2180 1722 2302 1776 zelo
2330 1723 2479 1776 iram
2527 1721 2626 1776 Dei
2679 1725 2966 1792 pacante;
3017 1718 3317 1792 paschalis
3365 1716 3497 1789 agni
3536 1713 3779 1786 sanguine

422 1807 630 1864 vinum
651 1805 825 1860 docet
843 1805 972 1876 ﬁeri
991 1803 1154 1860 aliud
1179 1820 1420 1875 prorsus
1441 1819 1476 1858 a
1497 1818 1648 1874 pane
1672 1805 1730 1856 et
1755 1800 1916 1866 vino,
1951 1815 2072 1853 σονς

2187 1816 2544 1866 vastatorem
2573 1815 2850 1876 arcente;
2894 1825 3028 1863 cum
3057 1808 3157 1862 Dei
3208 1807 3354 1862 Filio
3387 1803 3782 1862 convenientior

419 1913 529 1970 pus
559 1895 844 1951 nimirum
874 1901 926 1948 et
971 1892 1296 1964 sanguinem
1345 1893 1564 1946 Christi.
1609 1889 1772 1956 Quod
1823 1887 1894 1942 de
1925 1903 2076 1958 pane
2111 1887 2133 1905 "

427 1993 486 2042 et
506 1985 640 2040 vino
659 1983 1021 2040 consecratis
1038 1983 1218 2047 ait,ea
1236 1997 1450 2053 panem
1474 1985 1532 2035 et
1547 1980 1749 2034 vinum
1783 1994 1902 2032 non
1923 1993 2076 2044 esse,

420 2075 561 2131 licet
591 2073 652 2128 id
673 2089 884 2129 sensus
906 2071 1272 2138 renuntient,
1317 2085 1625 2142 nunquam
1666 2067 1814 2124 adeo
1853 2066 2077 2136 impru-

421 2167 568 2223 dens
591 2171 682 2221 est
701 2169 766 2219 ut
784 2163 856 2219 de
879 2163 1027 2220 cibis
1067 2163 1393 2218 immolatis
1435 2161 1718 2221 similiter
1743 2159 1920 2224 dicat,
1953 2173 2075 2210 non

421 2273 552 2313 esse
583 2255 843 2327 amplius
871 2270 1058 2327 panes
1089 2257 1192 2308 aut
1216 2267 1428 2308 carnes
1455 2267 1466 2304 :
1503 2255 1606 2304 aut
1633 2249 1706 2304 de
1754 2246 2074 2302 chrismate

419 2364 544 2404 non
575 2363 705 2402 esse
735 2345 994 2416 amplius
1026 2349 1398 2416 unguentum
1431 2339 1760 2396 materiale.

490 2437 580 2490 82.
605 2435 868 2489 Tertium
901 2431 1060 2504 quod
1091 2432 1334 2487 adducit
1378 2429 1813 2498 testimonium,
1853 2445 1922 2482 ex
1945 2425 2074 2496 ipso

422 2539 604 2594 quem
632 2521 1026 2593 expendimus
1047 2519 1176 2576 loco
1208 2519 1524 2590 depromit.
1560 2516 1646 2565 Ad
1679 2517 1913 2578 nuptias
1953 2531 2071 2564 cor-

415 2611 644 2674 porales
675 2617 915 2671 vocatus,
947 2611 1075 2666 etc.,
1103 2617 1155 2656 et
1186 2623 1297 2656 non
1336 2621 1466 2656 eum
1491 2607 1671 2655 multo
1717 2606 1902 2668 magis
1929 2606 2076 2670 ﬁliis

423 2700 664 2749 thalami
693 2699 975 2760 nuptialis
992 2712 1186 2758 corpus
1201 2713 1374 2746 suum
1403 2705 1452 2745 et
1469 2697 1808 2759 sanguinem
1828 2696 2078 2757 fruenda

424 2791 658 2840 donasse
680 2787 1117 2854 conﬁtebimur?
1165 2788 1262 2843 Ait
1305 2787 1648 2842 Albertinus
1708 2785 1994 2858 Cyrillum
2042 2802 2077 2840 a

427 2881 750 2940 difﬁciliori
765 2879 840 2936 ad
853 2879 1088 2934 facilius
1109 2876 1632 2934 concludere.Eam
1653 2877 1814 2931 enim
1831 2875 2076 2946 loquen-

427 2973 486 3030 di
507 2969 1046 3037 formulam,multo
1075 2969 1270 3036 magis,
1309 2966 1720 3022 tantummodo
1759 2965 1954 3020 locum
1971 2965 2062 3019 ha-

424 3061 567 3118 bere
596 3061 656 3114 in
687 3057 1129 3130 comparatione
1177 3073 1310 3127 quas
1357 3057 1424 3111 ﬁt
1471 3056 1772 3110 actionum
1805 3055 2072 3124 inaequa-

425 3150 574 3205 lium
601 3173 615 3215 ;
647 3165 718 3203 ex
737 3163 992 3218 quarum
1006 3145 1363 3212 difﬁciliore,
1392 3144 1879 3216 quandoquidem
1911 3143 1981 3198 de
2007 3159 2075 3198 ea

425 3243 679 3305 constat,
713 3236 973 3308 legitime
1006 3234 1385 3291 concluditur
1409 3251 1540 3290 eam
1571 3251 1702 3305 quas
1733 3233 1968 3288 facilior
1999 3233 2077 3287 sit

424 3329 598 3384 multo
617 3329 792 3396 magis
810 3341 942 3381 esse
971 3325 1351 3380 credendam.
1392 3326 1562 3392 Ergo,
1598 3339 1667 3378 ex
1705 3322 1908 3394 Cyrilli
1939 3337 2072 3376 sen-

427 3417 617 3474 tentia
635 3416 868 3472 facilior
883 3420 1010 3470 erat
1027 3415 1276 3470 mutatio
1291 3412 1892 3482 eucharistica,quam
1907 3426 2075 3481 aqua;

430 3507 495 3562 in
527 3505 728 3560 vinum
750 3504 1078 3570 conversio,
1102 3508 1310 3558 contra
1334 3507 1532 3558 autem
1555 3501 1710 3572 apud
1741 3499 2076 3554 Catholicos

431 3595 717 3665 illamque
737 3593 1021 3658 difﬁcilis,
1047 3593 1166 3657 imo
1199 3597 1258 3646 et
1280 3591 1604 3660 majoribus
1623 3587 2076 3644 difﬁcultatibus

427 3685 766 3757 implicata:
801 3699 921 3739 non
956 3699 1084 3738 eam
1119 3681 1300 3751 igitur
1350 3679 1648 3751 signiﬁcat
1694 3677 1970 3750 Cyrillus.
2005 3675 2078 3729 Ut

425 3789 641 3846 negare
662 3789 784 3828 non
796 3789 1040 3844 possum
1053 3770 1339 3842 Cyrillum
1357 3767 1680 3840 aliquando
1695 3783 1730 3822 a
1747 3763 2074 3822 difﬁciliori

424 3863 498 3920 ad
530 3863 763 3918 facilius
795 3860 1218 3934 argumentari,
1251 3859 1334 3913 ita
1363 3858 1510 3913 mihi
1543 3858 1658 3911 ista
1688 3855 1934 3910 concedi
1971 3870 2074 3909 ne~

425 3968 590 4007 cesse
622 3957 729 4006 est.
763 3953 822 4003 1ο
869 3948 1155 4020 Cyrillum
1204 3963 1339 4002 cum
1366 3945 1450 4000 ita
1497 3950 1968 4014 argumentatur,
2000 3943 2074 3998 ad

423 4038 819 4094 reborandam
850 4037 1182 4108 argumenti
1216 4035 1306 4090 sui
1355 4035 1493 4099 vim,
1541 4035 1787 4105 majoris
1816 4034 2070 4089 facilita-

423 4128 500 4182 tis
532 4127 899 4182 mentionem
927 4124 1380 4196 praetermittere
1416 4140 1534 4177 non
1563 4124 1788 4190 solere;
1826 4129 2072 4194 tumque

425 4217 518 4272 his
549 4216 743 4272 verbis
773 4215 962 4270 utitur
991 4211 1119 4286 οὐχῖ
1173 4209 1372 4282 πολλῳ
1404 4209 1613 4284 μᾶλλον
1647 4209 2021 4286 εὐκοπώτερον
2055 4229 2070 4280 ;

421 4303 474 4360 τί
511 4300 728 4376 μᾶλλον
761 4301 1170 4374 δυσκολώτερον
1199 4320 1213 4369 ς
1263 4291 1537 4374 exempla
1581 4301 1762 4357 habes
1792 4301 2070 4373 frequen~

424 4393 679 4460 tissima,
707 4393 1018 4465 [CCXXIII]
1043 4399 1100 4446 et
1121 4391 1268 4447 illud
1301 4391 1631 4463 praesertim
1653 4391 1726 4448 ab
1764 4391 2070 4447 Albertino

423 4488 976 4548 commemoratum,
1000 4487 1112 4537 cat.
1137 4484 1193 4551 2,
1217 4499 1275 4536 ιι.
1301 4484 1332 4535 5
1359 4497 1370 4534 :
1406 4480 1632 4530 Anvero
1653 4481 1754 4544 qui
1782 4483 2070 4530 Lazarum

417 4572 866 4638 guatriduanum
895 4561 1268 4634 fetentemgue
1295 4569 1577 4626 excitavit,
1621 4585 1734 4619 non
1760 4571 1956 4632 potius
1985 4572 2070 4620 υἱ-
2105 4573 2148 4634 D

416 4673 634 4713 ventem
651 4672 702 4712 te
718 4662 958 4725 facilius
977 4661 1240 4710 excitabit
1263 4680 1297 4718 δ
1322 4663 1544 4733 peccati
1559 4661 1789 4718 morte?
1804 4663 1929 4720 Vid,
1953 4667 2066 4718 cat.

415 4758 470 4821 4,
503 4773 564 4810 ιι.
589 4757 696 4822 3ος
729 4759 842 4811 cat.
877 4753 966 4822 12,
1011 4769 1074 4808 n.
1098 4753 1166 4807 28
1191 4754 1368 4817 et39;
1395 4757 1506 4808 cat.
1533 4754 1618 4820 18,
1647 4754 1792 4820 n.3,
1815 4753 1870 4820 6,
1901 4754 2070 4820 9,12,

419 4849 485 4903 13
503 4863 516 4904 :
539 4847 632 4902 his
654 4845 934 4902 omnibus
947 4844 1095 4900 locis
1109 4861 1143 4899 a
1163 4842 1490 4898 difﬁciliori
1511 4843 1797 4914 disputat;
1824 4842 1926 4898 sed
1946 4857 2070 4897 ma-

408 4937 564 5009 joris
593 4937 895 4993 facilitatis
929 4934 1231 4991 mentione
1271 4951 1392 4989 non
1427 4933 1622 4990 solum
1653 4935 1826 4999 facta,
1869 4949 2072 4988 verum

419 5027 601 5082 etiam
627 5027 1036 5098 copiosissime
1060 5023 1475 5096 etgravissime
1513 5017 1828 5078 inculoata.
1863 5024 1980 5077 Cur
2009 5022 2073 5076 in

415 5115 696 5183 praesenti
709 5120 1060 5186 argumento
1073 5129 1193 5167 non
1205 5113 1406 5167 minus
1421 5112 1820 5167 necessariam
1835 5110 2076 5166 omisit?

420 5201 480 5254 2°
512 5200 796 5270 Cyrillum
819 5219 976 5272 saspe
999 5201 1402 5274 argumentari
1433 5200 1506 5256 ab
1538 5216 1709 5270 asque
1737 5200 1969 5256 difﬁcili
1997 5200 2074 5256 ad

424 5303 594 5358 usque
626 5287 892 5344 difﬁcile.
922 5290 1017 5344 Sic
1056 5307 1128 5345 ex
1171 5291 1438 5346 triduum
1476 5290 1924 5344 conservatione
1953 5307 2074 5344 non

427 5378 628 5432 minus
653 5377 906 5445 difﬁcili,
938 5379 1441 5435 resurrectionem
1487 5379 1701 5434 Christi
1754 5380 1986 5451 probat,
2017 5386 2077 5436 et

423 5471 536 5521 cat.
571 5469 658 5532 12,
691 5482 750 5519 n.
783 5467 874 5527 28,
903 5467 1149 5537 virginis
1178 5473 1436 5538 partum,
1480 5483 1515 5522 a
1543 5468 1765 5523 sterilis
1807 5468 2075 5523 mulieris

425 5559 598 5624 partu
632 5569 798 5624 eaque
829 5551 1079 5609 difﬁcili.
1113 5557 1172 5608 3°
1197 5557 1344 5610 Eum
1374 5573 1611 5628 quoque
1644 5573 1680 5613 a
1717 5557 1966 5614 faciliori
2001 5557 2075 5612 ad

425 5641 731 5700 difﬁcilius
789 5659 946 5716 saepe
971 5645 1396 5716 argumentari.
1456 5646 1551 5704 Sic
1596 5653 1710 5706 cat.
1767 5651 1854 5718 12,
1907 5663 2071 5705 num.

2189 1908 2247 1956 et
2267 1902 2503 1974 dignior
2525 1917 2620 1954 res
2642 1901 2718 1956 sit
2749 1900 3026 1955 humanm
3057 1897 3268 1953 salutis
3290 1895 3570 1970 Operatio.
3611 1894 3693 1948 Sic
3716 1896 3786 1946 cat

2191 1992 2277 2056 18,
2311 2007 2474 2044 num.
2506 1993 2558 2054 6,
2593 1993 2644 2059 7,
2677 1991 2730 2056 8,
2765 2005 2833 2044 ex
2870 1987 3066 2060 specie
3098 1985 3356 2059 quadam
3379 1979 3782 2039 resurrectionis

2189 2081 2250 2135 in
2281 2079 2611 2145 arboribus,
2646 2079 2706 2133 in
2755 2078 3078 2143 frumento,
3129 2076 3192 2130 in
3237 2073 3610 2138 animalibus,
3639 2075 3688 2125 et
3713 2085 3784 2122 ra-

2191 2171 2349 2224 tione
2383 2168 2681 2224 destitutis
2735 2169 2914 2221 rebus
2973 2169 3216 2237 propter
3269 2164 3570 2220 hominem
3612 2158 3783 2216 creatis

2190 2259 2531 2329 conspicua,
2586 2256 2844 2312 hominis
2903 2255 3132 2310 ratione
3189 2253 3450 2325 praediti,
3483 2257 3539 2306 et
3590 2253 3787 2322 propter

2190 2366 2366 2420 quem
2398 2348 2504 2404 illa
2532 2348 2742 2401 effecta
2773 2351 2932 2410 sunt,
2959 2344 3462 2399 resurrectionem
3501 2339 3786 2415 generalem

2189 2439 2400 2512 probat
2429 2438 2708 2493 omnibus
2723 2437 2922 2493 allatis
2948 2453 2981 2491 a
3013 2453 3076 2492 se
3107 2435 3407 2508 exemplis
3439 2431 3785 2489 difﬁciliorem

2190 2529 3094 2602 quidem,sedcongruentiorem
3115 2532 3174 2582 et
3195 2527 3388 2599 magis
3417 2521 3786 2581 necessariam;

2190 2622 2246 2672 5°
2265 2617 2520 2690 Cyrillus
2541 2635 2575 2673 a
2595 2617 2846 2672 faciliori
2872 2615 2947 2671 ad
2969 2615 3283 2670 difﬁcilius
3307 2632 3462 2688 saepe
3481 2617 3697 2686 propter
3721 2609 3786 2678 ip-

2191 2725 2317 2764 sam
2345 2706 2760 2762 difﬁcultatem
2782 2706 3072 2777 majorem
3103 2705 3188 2759 rei
3213 2707 3664 2778 argumentatur,
3683 2709 3784 2752 cum

2193 2799 2310 2852 Deo
2325 2797 2639 2852 conveniat
2656 2794 2885 2866 aliquid
2903 2793 3186 2866 grandius
3201 2809 3272 2848 ac
3299 2792 3594 2850 difﬁcilius
3611 2783 3775 2843 moliri.

2193 2887 2284 2942 Sic
2309 2885 2560 2958 epistola
2578 2885 2651 2940 ad
2669 2884 3106 2950 Constantium,
3146 2899 3205 2936 ιι.
3231 2883 3292 2951 3,
3315 2899 3447 2938 cum
3469 2880 3650 2935 datum
3669 2875 3777 2928 Con-

2192 2975 2454 3030 stantino
2478 2974 2638 3030 dicat
2658 2973 2730 3028 ob
2767 2973 3049 3045 pietatem
3089 2976 3151 3025 ut
3174 2977 3446 3026 sanctam
3485 2979 3693 3024 crucem
3717 2974 3784 3013 re-

2190 3065 2430 3137 periret,
2457 3063 2615 3134 quod
2637 3062 2858 3117 donum
2893 3065 3052 3116 esset
3083 3077 3113 3115 e
3148 3066 3346 3128 terra;
3379 3061 3458 3116 ait
3500 3047 3787 3112 Constantio

2192 3153 2315 3208 ﬁlio
2329 3158 2637 3224 paternam
2653 3151 2932 3222 pietatem
2951 3149 3286 3220 superanti,
3302 3147 3614 3220 prodigium
3630 3137 3788 3208 majus

2189 3259 2218 3297 e
2250 3242 2396 3297 caelo
2428 3241 2555 3296 dari
2585 3239 2856 3294 decuisse
2891 3243 3146 3295 ostensse
3171 3239 3372 3293 crucis
3395 3256 3410 3304 ς
3437 3239 3492 3290 6°
3515 3238 3574 3288 ut
3589 3226 3786 3285 tandem

2187 3331 2262 3388 ad
2307 3331 2678 3403 propositum
2725 3333 3140 3401 argumentum
3184 3329 3447 3392 veniam,
3490 3318 3705 3394 Cyrillus
3733 3313 3784 3364 ίῐι

2186 3420 2318 3476 loco
2341 3436 2519 3491 quem
2543 3417 2938 3489 expendimus
2959 3434 2994 3472 a
3015 3416 3396 3472 convenienti
3420 3433 3480 3472 ac
3496 3414 3594 3467 Deo
3613 3405 3782 3491 digno.

2187 3509 2260 3564 ad
2293 3507 2742 3564 convenientius
2775 3512 2831 3560 et
2863 3507 2979 3560 Deo
3012 3505 3249 3576 dignius
3283 3501 3617 3561 concludere
3651 3489 3786 3544 vide-

2187 3603 2320 3662 tur;
2355 3596 2475 3651 imo
2507 3593 2579 3649 ad
2614 3593 2862 3649 faciliori
2892 3592 2965 3648 ad
3001 3591 3318 3648 difﬁcilius
3371 3594 3596 3665 propter
3631 3583 3789 3652 ipsam

2184 3685 2600 3740 difﬁcultatem
2650 3683 2960 3753 majorem.
3013 3683 3158 3736 Nam
3207 3680 3253 3734 si
3316 3679 3524 3736 exteris
3561 3669 3787 3729 Christus

2182 3774 2514 3844 stupendum
2544 3771 2874 3826 miraculum
2895 3787 3064 3841 aquae
3089 3770 3150 3824 in
3173 3769 3384 3824 vinum
3406 3760 3693 3824 concessit,
3716 3769 3790 3844 so:

2186 3838 2420 3918 dalibus
2444 3867 2500 3916 et
2521 3860 2728 3915 amicis
2770 3860 2894 3913 suis
2938 3838 3070 3928 filiis
3101 3859 3347 3912 thalami
3393 3856 3578 3927 majus
3605 3838 3792 3916 aliquid

2185 3959 2244 4009 et
2273 3951 2634 4023 stupendum
2664 3949 2851 4022 magis
2882 3949 3054 4004 illum
3101 3948 3305 4004 facere
3355 3945 3619 4002 debuisse
3643 3931 3790 4008 signi-

2185 4043 2360 4109 ﬁcat;
2395 4045 2452 4094 7°
2484 4057 2682 4096 verum
2717 4046 2863 4105 esto,
2888 4055 2923 4093 a
2955 4037 3283 4092 difﬁciliori
3319 4037 3394 4094 ad
3423 4031 3642 4090 facilius
3675 4037 3791 4080 con-

2183 4131 2403 4196 cludat,
2436 4130 2498 4184 in
2533 4130 2642 4184 hoc
2675 4133 2798 4183 tota
2826 4127 2930 4182 illa
2958 4126 3214 4182 facilitas
3240 4127 3441 4198 major
3488 4115 3712 4177 baarebit
3735 4124 3789 4163 ex

2181 4219 2384 4290 Cyrilli
2435 4217 2752 4282 sententia,
2807 4215 2964 4286 quod
3025 4231 3160 4270 cum
3187 4214 3264 4268 sit
3319 4215 3518 4285 aliqua
3545 4205 3654 4262 vini
3680 4212 3788 4256 cum

2181 4307 2495 4380 sanguine,
2528 4304 2812 4372 afﬁnitas,
2842 4303 3080 4358 facilius
3135 4301 3287 4358 illud
3347 4304 3408 4358 in
3458 4294 3790 4369 sanguinem,

2181 4413 2360 4468 quam
2392 4412 2546 4466 aqua
2577 4395 2636 4448 in
2661 4394 2864 4448 vinum
2895 4391 3064 4448 nulla
3102 4391 3216 4447 sibi
3247 4392 3528 4448 societate
3575 4381 3790 4451 conjun-

2183 4492 2344 4542 ctum
2374 4484 2519 4540 verti
2554 4482 2843 4537 videatur.

2651 4597 2957 4671 [ccxxw]
2998 4597 3229 4654 CAPUT
3270 4595 3357 4652 x1.

2179 4717 2425 4782 Reliqua
2478 4716 2820 4779 argumenta
2873 4720 3282 4775 proponuntur
3335 4719 3386 4760 et
3445 4704 3797 4758 vindicantur-

2670 4837 2901 4878 TERTIUI
2939 4836 3336 4876 ABGUIENTUI.

2255 4945 2342 4998 83.
2375 4939 2738 5012 Quintuplici
2773 4942 2938 5010 parte
2989 4941 3224 4992 constat
3269 4935 3368 4990 hic
3399 4933 3562 4989 locus
3600 4915 3794 4995 Cyrilli,

2185 5038 2296 5088 cat.
2326 5033 2415 5098 22,
2440 5046 2606 5085 num.
2633 5030 2684 5092 3,
2717 5031 2772 5081 1ο
2823 5026 3004 5078 Quare
3053 5039 3180 5074 cum
3227 5020 3544 5072 omnimoda
3587 5019 3797 5077 persua-

2185 5123 2340 5170 sione
2369 5129 2640 5184 tanquam
2669 5131 2868 5178 corpus
2897 5123 2948 5164 et
2977 5111 3316 5178 sanguinem
3350 5109 3557 5161 Christi
3599 5103 3694 5152 illa
3719 5108 3800 5143 su-

2185 5226 2445 5268 mamus;
2473 5209 2530 5258 2°
2551 5222 2683 5257 nam
2716 5207 2778 5256 in
2824 5209 3018 5271 ﬁgura
3041 5205 3218 5267 panis
3261 5203 3432 5251 datur
3482 5197 3583 5247 tibi
3613 5197 3795 5249 σονΡπδν

2185 5309 2236 5348 et
2270 5300 2333 5348 in
2356 5301 2550 5364 ﬁgura
2578 5297 2699 5345 vini
2722 5297 2893 5346 datur
2923 5297 3026 5346 tibi
3054 5295 3293 5358 sanguis
3317 5309 3326 5342 ;
3357 5290 3413 5340 30
3441 5296 3501 5340 ut
3530 5296 3650 5334 cum
3670 5287 3801 5325 sum-

2175 5391 2368 5455 pseris
2424 5403 2625 5450 corpus
2675 5395 2727 5435 et
2776 5386 3112 5450 sanguinem
3165 5383 3392 5440 Christi,
3443 5374 3800 5434 ooneorporeus

2186 5486 2234 5526 et
2265 5477 2606 5539 consanguis
2636 5477 2752 5538 ipsi
2779 5476 3090 5540 cfﬁciaris;
3119 5477 3174 5524 4ο
3209 5475 3292 5524 sic
3324 5471 3478 5520 enim
3504 5473 3550 5514 et
3592 5451 3802 5510 Christi-

2184 5566 2302 5628 feri
2329 5563 2626 5629 efﬁcimur,
2655 5565 2960 5614 distributo
2995 5563 3057 5614 in
3089 5563 3338 5613 membra
3383 5564 3571 5606 nostra
3611 5547 3806 5605 carpo"

2183 5657 2300 5720 ϐίω
2335 5663 2386 5706 σε
2417 5655 2716 5720 sanguine,
2748 5659 2803 5707 50
2831 5656 2914 5706 sic
2935 5654 3243 5706 secundum
3266 5653 3334 5703 Β.
3365 5649 3592 5699 Petrum
3619 5633 3803 5701 ἆᾷυἱηω
