4024 6366
205 338 321 400 265

1618 333 2150 399 DISSERTATIO
2192 336 2304 400 III.

3557 342 3677 406 266

199 479 349 545 ﬁmus
377 478 681 529 consortes
727 477 969 531 natura
997 471 1066 527 ³⁸.
1125 475 1285 528 Nexa
1341 487 1544 527 secum
1593 476 1734 526 sunt
1779 471 1907 525 haec
1938 476 1987 541 Α
2020 474 2155 539 test,
2184 472 2322 529 huic
2352 474 2639 546 parallelo
2671 479 2731 531 et
2768 476 3004 549 gemino
3055 477 3465 533 accommodet
3511 479 3680 533 testi-

202 565 411 627 omnia,
451 569 514 617 et
562 579 722 618 cum
782 562 1274 635 praecedentibus
1320 561 1514 616 verbis
1562 560 1634 616 de
1687 561 1806 615 vini
1855 559 1917 614 in

2025 564 2225 617 monio
2259 580 2329 618 ex
2359 571 2472 620 cat.
2509 567 2594 634 13,
2628 582 2685 621 ιι.
2723 569 2810 633 19,
2844 567 2943 622 ubi
2974 567 3047 622 de
3078 568 3293 623 Christi
3337 585 3585 640 corpore
3616 569 3680 623 in

211 653 557 722 sanguinem
602 653 1141 708 transmutatione
1193 669 1298 724 per
1337 652 1691 724 particulam
1741 666 1917 720 quare
2022 668 2260 708 crucem
2292 661 2423 710 acto
2458 656 2857 728 interpretans
2912 657 3087 714 verba
3127 659 3436 713 Jeremim:
3487 660 3679 714 Mitta-

210 743 361 798 initio
390 741 739 814 prmﬁxam
775 742 1150 814 conjuncta:
1202 759 1317 813 quo
1368 758 1525 797 nexu
1576 741 1912 807 observato,

217 840 390 889 certus
416 838 471 885 et
502 831 1000 888 determinatus
1032 832 1399 904 singularum
1432 831 1911 904 propositionum

221 940 399 980 sensus
430 922 767 991 efﬁcitur,
804 929 878 978 ut
906 922 1112 979 futiles
1162 923 1455 978 Albertini
1503 922 1916 977 cavillationes

215 1018 581 1069 evanescant.
623 1012 809 1066 Nihil
845 1029 1003 1084 pene
1030 1012 1101 1067 ad
1124 1011 1544 1067 declarandam
1574 1010 1913 1084 argumenti

209 1105 326 1170 vim,
357 1109 421 1158 et
472 1104 623 1175 ejus
698 1102 1092 1173 objectiones
1143 1102 1521 1173 dissipandas
1571 1100 1915 1157 addendum

203 1194 374 1248 habeo
419 1193 500 1247 iis
538 1209 696 1263 quas
728 1192 799 1246 in
835 1198 1216 1248 antecessum
1249 1191 1447 1246 notavi
1482 1192 1595 1247 hoc
1626 1190 1819 1262 capite
1851 1207 1911 1247 ιι.

199 1285 275 1352 73,
306 1284 367 1338 in
400 1283 703 1339 secunda
736 1284 913 1355 parie
946 1282 1277 1355 argumenti
1308 1281 1506 1354 primi.
1540 1286 1599 1337 et
1628 1297 1796 1337 num.
1819 1282 1910 1334 ’76,

196 1380 248 1431 et
277 1391 406 1446 cap.
444 1377 480 1427 9
515 1373 978 1429 observatione
1010 1375 1044 1426 2
1074 1378 1131 1426 et
1159 1374 1212 1438 ‘3,
1246 1389 1305 1427 ιι.
1354 1375 1422 1425 72
1471 1376 1530 1426 et
1578 1373 1667 1425 73.
1719 1372 1915 1425 Pauca

194 1471 423 1520 tantum
455 1463 530 1518 in
567 1464 722 1535 ejus
756 1462 839 1517 ad
871 1462 1146 1534 primam,
1188 1461 1514 1516 secundam
1548 1466 1605 1516 et
1636 1465 1911 1532 quartam

200 1553 539 1625 argumenti
566 1557 829 1625 partem
849 1552 1150 1623 responsis
1174 1552 1298 1606 illic
1320 1551 1543 1606 intacta
1561 1549 1906 1607 observabo.

205 1646 289 1701 Ad
314 1645 587 1717 primam
627 1642 1120 1715 propositionem
1167 1640 1491 1713 respondet
1540 1639 1908 1724 Albertinus,

199 1736 489 1809 Cyrillum
514 1734 694 1790 velle
721 1733 1151 1789 eucharistiam
1171 1733 1348 1801 sumi,
1373 1748 1493 1787 non
1518 1737 1582 1787 ut
1600 1731 1909 1803 proprium

198 1828 434 1885 Domini
468 1843 718 1899 corpus
752 1831 811 1881 et
832 1825 1205 1896 sanguinem,
1227 1823 1329 1879 sed
1358 1829 1423 1878 ut
1447 1840 1664 1894 corpus
1685 1828 1745 1877 et
1766 1838 1901 1877 san-
1937 1859 1981 1924 B

200 1920 394 1993 guiem
456 1916 817 1988 mysticum
874 1920 933 1970 et
989 1913 1401 1985 symbolicum.
1448 1914 1659 1968 Mirum
1715 1912 1763 1967 si
1812 1911 1899 1967 rei

206 2015 323 2064 tam
353 2008 561 2063 facilis
593 2006 844 2062 creditu
878 2005 1213 2076 requiratur
1231 2011 1289 2059 et
1309 2002 1763 2059 commendetur
1782 2019 1896 2057 0m-

214 2099 434 2153 nimoda
458 2096 778 2169 persuasio
800 2093 983 2149 animi
1043 2098 1101 2148 et
1157 2093 1466 2159 convictio,
1531 2091 1665 2164 μετᾶ
1722 2088 1898 2160 πάσης

222 2185 637 2262 πληροφορίας,
678 2200 855 2240 suam
903 2183 1457 2255 interpretationem
1512 2186 1785 2237 constare
1816 2180 1901 2236 ait

213 2277 312 2332 his
344 2277 563 2344 verbis,
599 2281 721 2330 cat.
754 2276 844 2341 23,
877 2290 936 2328 ιι.
980 2275 1066 2329 20.
1102 2274 1207 2337 Qui
1250 2279 1498 2342 gustant,
1542 2288 1653 2326 non
1693 2286 1899 2342 panem

213 2374 268 2422 et
300 2370 499 2423 uinum
529 2366 838 2435 degustare
856 2363 1169 2433 jubentur;
1196 2364 1288 2417 sed
1334 2364 1654 2431 antitypum
1703 2376 1896 2432 corpo-

216 2461 305 2515 ris
334 2466 389 2513 et
422 2458 714 2526 sanguinis
743 2455 972 2512 Christi.
1008 2453 1178 2508 Prius
1212 2458 1339 2509 erat
1385 2453 1759 2525 probandum
1805 2451 1897 2506 Al-

222 2547 511 2609 bertino,
539 2548 845 2617 antitypum
880 2543 953 2600 de
1002 2560 1063 2599 se
1095 2560 1221 2598 rem
1254 2560 1435 2616 quam
1461 2543 1757 2615 signiﬁcat
1787 2558 1897 2597 ex-

240 2639 520 2696 cludere.
551 2640 626 2693 Ea
652 2655 786 2693 sane
817 2637 1024 2708 Cyrilli
1059 2637 1417 2692 existimatio
1449 2653 1570 2692 non
1602 2641 1747 2702 erat,
1795 2635 1896 2706 qui

239 2746 381 2786 cum
414 2745 641 2785 sacrum
670 2729 935 2783 chrisma
962 2727 1213 2799 Spiritus
1244 2727 1435 2782 sancti
1453 2728 1787 2799 antitypum
1802 2743 1896 2798 ap-

221 2819 422 2892 pellet
443 2823 539 2873 cat
586 2821 675 2882 2t,
706 2834 766 2872 ιι.
806 2820 859 2882 1,
892 2816 1039 2871 illud
1071 2818 1313 2887 Spiritus
1331 2818 1511 2872 sancti
1530 2818 1771 2886 efﬁciens
1792 2832 1898 2887 ap-

215 2909 417 2982 pellat
440 2915 682 2979 propter
704 2909 1064 2978 prazsentiam
1093 2909 1405 2962 divinitatis
1436 2908 1572 2978 ejus,
1608 2924 1668 2961 ιι.
1703 2908 1755 2973 3,
1790 2922 1895 2961 eu-

214 3001 579 3057 charistiam
614 3016 750 3054 vero
782 2998 1075 3071 ejusmodi
1106 2999 1441 3072 antitypum
1483 3014 1612 3053 esse
1659 2997 1723 3053 in
1767 2997 1896 3069 ipso

214 3091 357 3147 loco
389 3091 592 3159 docet,
628 3089 787 3161 quod
819 3089 992 3160 panis
1015 3093 1072 3144 et
1101 3088 1304 3143 vinum
1334 3105 1455 3143 non
1488 3087 1583 3144 sit.
1645 3089 1752 3153 Qui
1791 3103 1897 3158 gu-

212 3189 393 3248 stant,
427 3181 654 3251 inquit,
688 3196 800 3234 non
824 3195 1027 3249 panem
1056 3185 1107 3233 et
1137 3180 1326 3233 vinum
1355 3179 1645 3248 degustare
1691 3178 1898 3249 juben-

217 3280 339 3335 τωο,
372 3272 473 3327 sed
504 3272 848 3340 antitypum,
882 3275 1018 3337 etc.,
1051 3269 1223 3340 cujus
1251 3274 1463 3323 natura
1488 3284 1609 3323 non
1641 3284 1710 3323 ex
1762 3283 1899 3322 sen-
1929 3262 1972 3311 υ

217 3378 407 3418 suum
444 3360 797 3416 testimonio
828 3358 1199 3424 mstimanda,
1227 3358 1329 3413 sed
1362 3368 1433 3414 ex
1456 3358 1571 3413 ﬁde
1590 3357 1902 3413 dubitatio-

215 3468 369 3507 nem
402 3466 680 3505 omnem.
717 3465 847 3519 qum
879 3465 947 3503 ex
970 3447 1270 3502 contraria
1295 3463 1581 3503 sensuum
1604 3447 1902 3519 signiﬁca-

218 3542 393 3596 tione
426 3539 873 3612 proﬁciscatur,
907 3537 1278 3592 excludente.
1321 3539 1396 3593 Ne
1446 3536 1749 3608 corporeis,
1798 3535 1901 3605 ait,

218 3631 496 3702 faucibus
521 3629 693 3699 hujus
750 3630 830 3682 rei
876 3627 1153 3700 judicium
1198 3629 1723 3697 mstimationemque
1764 3642 1900 3696 per-

223 3726 459 3789 mittite,
494 3736 634 3785 non,
686 3726 934 3789 inquam,
990 3717 1084 3773 sed
1137 3716 1267 3787 ﬁdei
1323 3716 1499 3773 omnis
1538 3718 1905 3772 dubitationis

235 3813 472 3881 experti.
516 3809 864 3880 Antilypum
896 3808 957 3862 in
989 3825 1105 3879 quo
1135 3824 1237 3861 recc
1267 3807 1391 3879 ipse
1424 3807 1693 3863 Christus
1731 3807 1905 3862 susci-

228 3904 449 3972 piatur,
482 3898 634 3953 ibid.
667 3915 727 3953 ιι.
758 3900 846 3959 21.
872 3914 1052 3968 prono
1084 3913 1328 3968 corpore
1360 3896 1695 3959 adorandus,
1723 3913 1783 3951 ιι.
1812 3898 1900 3951 22.

230 3992 599 4062 Antitypum
632 3987 910 4059 denique,
971 3986 1128 4059 quod
1188 3987 1265 4041 sit
1321 4002 1518 4057 corpus
1572 3994 1623 4042 et
1677 3989 1903 4057 sanguis

231 4082 471 4142 Christi,
506 4082 565 4133 in
590 4083 772 4148 ﬁgura
803 4079 969 4149 panis
998 4084 1049 4131 et
1078 4078 1195 4131 vini
1223 4076 1399 4141 data;
1457 4083 1508 4132 et
1554 4094 1676 4133 cum
1726 4077 1906 4133 omni-

232 4173 406 4227 moda
431 4167 789 4242 persuasione
813 4184 919 4239 pro
950 4167 1153 4222 Christi
1183 4183 1407 4237 corpore
1436 4173 1489 4222 et
1512 4170 1783 4240 sanguine
1810 4184 1905 4223 su-

231 4261 470 4325 menda,
506 4263 620 4314 cat.
653 4260 740 4317 22,
775 4274 835 4312 ιι.
870 4259 919 4311 3.
955 4257 1090 4312 Haec
1120 4261 1319 4312 autem
1352 4256 1412 4311 in
1436 4257 1632 4325 verba,
1657 4275 1788 4329 qum
1808 4276 1905 4315 se-

234 4351 511 4407 cundam
544 4347 876 4421 argumenti
908 4352 1138 4419 partem
1170 4347 1499 4412 continent,
1545 4347 1628 4402 sic
1661 4348 1900 4405 cavilla-

236 4448 359 4497 tur.
402 4442 463 4494 In
489 4443 675 4509 ﬁgura
699 4439 881 4508 panis,
912 4437 1197 4510 intellige,
1230 4438 1291 4491 in
1314 4454 1463 4507 pune
1490 4441 1689 4508 ﬁgura.
1724 4439 1905 4495 Multa

242 4531 550 4587 inutiliter
578 4544 646 4583 ex
677 4527 948 4583 Patribus
989 4532 1223 4583 acervat
1269 4526 1484 4582 similis
1537 4529 1902 4599 acceptionis

1940 3243 1971 3269 Π

2020 758 2139 798 mus
2169 744 2379 814 lignum
2412 745 2471 800 in
2497 763 2700 816 panem
2730 748 2847 818 ejus
2869 748 2933 815 ³⁵,
2969 749 3051 804 ait
3078 748 3336 822 Cyrillus
3361 765 3373 802 :
3406 749 3466 804 Si
3496 756 3547 803 te
3569 751 3679 804 Do—

2019 838 2202 888 minus
2232 835 2465 905 dignum
2499 837 2770 902 habuerit,
2807 840 2861 892 in
2888 845 3169 908 posterum
3199 854 3486 909 cognosces
3535 838 3684 910 quod

2017 938 2216 993 corpus
2247 925 2448 979 Christi
2476 928 2772 982 secundum
2828 928 3193 999 Erangelium
3238 933 3476 999 ﬁguram
3522 945 3682 1000 gere-

2022 1013 2113 1067 bat
2152 1016 2334 1083 panis,
2390 1012 2561 1069 τύπον
2621 1013 2804 1091 ἔφερεν
2866 1015 3046 1090 ἄρτον
3106 1018 3535 1090 interpretatur
3577 1020 3682 1074 ΑΙ·-

2020 1101 2312 1172 bertinus,
2348 1105 2595 1178 ﬁguram
2630 1107 2875 1179 gerebat
2923 1124 3159 1179 panem.
3212 1109 3295 1162 Ex
3348 1109 3441 1163 his
3481 1114 3683 1163 autem

2018 1192 2210 1247 verbis
2241 1197 2325 1248 sic
2374 1202 2794 1267 argumentum
2851 1196 3139 1252 instituo:
3190 1201 3411 1269 Corpus
3460 1196 3679 1253 Christi

2019 1281 2178 1353 quod
2211 1283 2271 1337 in
2306 1300 2471 1339 caena
2501 1284 2751 1357 ﬁguram
2786 1286 3083 1341 referebat
3111 1286 3305 1358 panis,
3339 1290 3429 1341 est
3458 1302 3675 1358 corpus

2020 1371 2513 1443 eucharisticum;
2540 1391 2660 1430 non
2685 1375 2842 1430 idem
2874 1393 3090 1447 corpus
3116 1376 3173 1430 in
3202 1380 3357 1431 statu
3382 1392 3487 1431 suo
3507 1382 3681 1431 natu-

2018 1460 2129 1517 rali
2164 1463 2475 1534 exsistens,
2511 1465 2671 1537 quod
2704 1467 3167 1523 eucharisticum
3213 1484 3428 1539 corpus
3477 1465 3685 1524 distri-

2015 1550 2272 1608 buebat:
2307 1553 2455 1609 illud
2486 1556 2650 1611 enim
2681 1556 2911 1612 nullam
2943 1557 3192 1629 ﬁguram
3224 1556 3520 1612 referebat
3574 1572 3681 1628 pa-

2014 1641 2109 1697 nis
2135 1659 2148 1709 ;
2182 1648 2242 1699 at
2270 1661 2485 1717 corpus
2515 1646 2782 1702 referens
2802 1647 2974 1720 panis
3002 1647 3273 1720 ﬁguram,
3301 1647 3450 1702 illud
3474 1651 3582 1715 est,
3608 1658 3681 1702 ex

2014 1732 2233 1803 Cyrillo
2265 1734 2423 1805 quod
2454 1752 2489 1790 a
2520 1736 2811 1808 propheta
2841 1737 3012 1809 panis
3036 1737 3278 1792 nomine
3302 1736 3679 1809 designatum

2014 1821 2077 1876 in
2108 1839 2345 1879 crucem
2367 1830 2566 1880 actum
2598 1825 2730 1880 fuit.
2755 1828 2981 1897 Corpus
3008 1827 3187 1899 igitur
3216 1826 3678 1882 eucharisticum

2012 1912 2170 1968 idem
2196 1919 2285 1968 est
2304 1931 2437 1969 cum
2455 1932 2701 1987 corpore
2725 1917 3033 1972 cruciﬁxo.
3066 1918 3253 1982 Quam
3275 1923 3476 1972 autem
3497 1915 3678 1971 aliam

2012 2002 2184 2074 panis
2218 2003 2464 2075 ﬁguram
2496 2004 2718 2060 referre
2751 2012 2986 2078 poterat
3029 2023 3244 2077 corpus
3296 2005 3569 2062 naturale
3618 2010 3679 2062 et

2012 2092 2384 2160 cruciﬁxum,
2418 2100 2637 2165 prmter
2659 2095 2919 2166 speciem
2944 2102 3248 2150 externam
3270 2096 3443 2167 panis
3466 2095 3578 2150 sibi
3600 2094 3677 2151 ad

2010 2183 2279 2238 velamen
2305 2185 2772 2241 circumdatam?
2798 2185 2955 2256 quod
2989 2184 3228 2257 quidem
3255 2185 3507 2257 Cyrillus
3531 2185 3674 2241 dum

2011 2274 2313 2329 auditores
2338 2293 2477 2330 suos
2504 2275 2644 2330 olim
2681 2277 3022 2348 cognituros
3054 2280 3275 2337 monet,
3324 2275 3382 2330 id
3435 2275 3562 2346 ipse
3612 2275 3676 2331 in

2011 2364 2103 2419 his
2135 2365 2327 2420 verbis
2360 2365 2642 2431 declarat,
2676 2373 2790 2421 cat.
2826 2368 2930 2420 23:
2983 2367 3047 2420 In
3076 2369 3260 2435 ﬁgura
3294 2367 3461 2435 panis
3508 2365 3678 2420 datur

2011 2454 2134 2521 tibi,
2169 2459 2259 2509 etc
2314 2454 2532 2510 Eadem
2568 2472 2704 2527 ergo
2740 2455 2800 2510 in
2832 2461 3086 2527 utroque
3119 2456 3249 2511 loco
3274 2455 3475 2528 ﬁgurae
3508 2470 3676 2511 acce-

2009 2545 2132 2616 ptio
2160 2561 2267 2616 pro
2304 2545 2492 2618 figura
2524 2545 2708 2613 nuda,
2762 2551 3007 2601 externa
3058 2545 3275 2617 specie,
3324 2545 3676 2617 apparentia

2008 2651 2177 2706 pura.
2212 2635 2437 2707 Ecquid
2470 2636 2770 2690 enimvero
2810 2636 2873 2690 in
2923 2651 3078 2707 pane
3128 2642 3513 2706 transmutato,
3574 2636 3678 2708 qui

2006 2726 2170 2795 panis
2192 2725 2318 2796 jam
2352 2741 2464 2779 non
2496 2732 2572 2781 est
2602 2728 2815 2780 tametsi
2847 2725 3039 2780 adhuc
3071 2740 3181 2780 esse
3227 2726 3382 2780 ridet.
3395 2732 3503 2793 tur,
3556 2729 3671 2784 cat.

2008 2817 2097 2884 23,
2131 2832 2190 2869 ιι.
2226 2818 2279 2883 9,
2313 2815 2384 2870 de
2439 2833 2577 2886 quo,
2634 2815 2929 2887 quidquid
2979 2821 3242 2886 suggerat
3289 2831 3492 2877 sensus,
3546 2815 3675 2871 sola

2008 2906 2306 2962 audienda
2336 2912 2428 2961 est
2454 2907 2588 2975 ﬁdes
2632 2922 2829 2977 corpus
2878 2907 3080 2961 Christi
3128 2922 3236 2961 esse
3283 2906 3672 2974 conﬁrmans,

2007 3013 2071 3052 ιι.
2114 2999 2145 3050 6
2198 2996 2363 3068 quid,
2395 2996 2666 3067 inquam,
2700 2997 2761 3051 in
2794 2996 3086 3068 ejusmodi
3121 3012 3294 3068 pane,
3320 3002 3537 3068 praeter
3562 3011 3675 3050 nu-

2007 3085 2145 3141 dam
2171 3086 2389 3158 prioris
2420 3092 2609 3142 status
2650 3086 2899 3159 ﬁguram
2949 3092 3009 3142 et
3048 3087 3309 3159 speciem
3356 3101 3671 3159 superesse

2011 3175 2254 3247 potest?

2082 3266 2170 3319 84.
2206 3266 2383 3321 Suam
2413 3265 2757 3321 Albertinus
2789 3267 3102 3321 sententias
3126 3267 3464 3339 Cyrillianaa
3484 3266 3668 3322 inter-

2012 3355 2407 3428 pretationem
2442 3356 2637 3411 munit
2666 3356 2914 3411 diversis
2945 3356 3148 3428 Cyrilli
3172 3356 3557 3413 Alexandrini
3582 3362 3674 3412 te-

2012 3443 2334 3513 stimoniis,
2368 3462 2498 3516 qum
2526 3462 2661 3501 cum
2686 3462 2928 3501 sensum
2952 3446 3336 3518 perspicuum
3360 3446 3620 3502 habeant
3641 3461 3677 3501 a

2011 3535 2254 3590 nemine
2282 3552 2427 3591 sano
2450 3535 2523 3590 ad
2547 3536 2807 3591 litteram
2824 3536 3271 3606 sumendum,et
3290 3537 3512 3593 idcirco
3536 3553 3673 3592 cum

2012 3625 2373 3681 eucharistia
2404 3626 2737 3698 comparari
2769 3643 2888 3681 non
2921 3626 3201 3693 debeant,
3249 3628 3669 3699 prmtermitto.

2011 3715 2204 3770 Unum
2238 3732 2307 3770 ex
2338 3715 2459 3770 illis
2491 3716 2681 3771 solum
2714 3716 3051 3787 Cyrillianm
3078 3716 3473 3788 propositioni
3506 3715 3676 3771 simi-

2010 3804 2150 3875 lem,
2185 3821 2301 3876 quo
2333 3804 2619 3873 abutitur,
2652 3805 2908 3866 excutio,
2942 3806 3025 3860 ait
3055 3805 3309 3877 Cyrillus
3341 3805 3446 3861 lib.
3505 3821 3569 3859 ιιι
3613 3806 3675 3860 in

2008 3896 2195 3963 Joan.,
2228 3910 2357 3966 cap.
2392 3896 2442 3963 6,
2472 3911 2598 3967 pag.
2636 3890 3183 3965 312ιἘπιδείζομεν
3213 3889 3269 3947 δὲ
3314 3891 3402 3947 διὰ
3432 3893 3672 3963 πάντων,

2011 3981 2094 4037 ὅτι
2125 3983 2185 4036 τὸ
2222 3986 2394 4056 μάννα
2421 3982 2483 4037 τὸ
2529 3982 2792 4053 ἀληθινὸν
2850 3981 3014 4046 αὐτός
3061 3981 3200 4037 ἐστιν
3235 3983 3262 4037 ὁ
3296 3984 3547 4058 Χριστὸς,
3598 3981 3677 4047 ὡς

2010 4071 2062 4127 ἐν
2092 4070 2250 4145 τύπῳ
2278 4075 2358 4144 τῷ
2393 4071 2565 4146 μάννα
2596 4074 2961 4148 χορηγεῖσθαι
2992 4078 3110 4135 τοῖς
3142 4071 3532 4149 ἀρχαιοτέροις
3582 4092 3675 4129 vo-

2011 4162 2239 4234 ούμενος
2266 4162 2413 4237 παρᾶ
2436 4164 2534 4216 τοῦ
2565 4165 2699 4216 Θεοῦ
2747 4162 2838 4217 καὶ
2893 4162 3122 4236 Πατρός.
3183 4165 3535 4221 Ostendemus
3581 4181 3680 4221 au-

2012 4264 2121 4313 tem
2142 4274 2247 4328 per
2272 4258 2457 4311 omnia
2509 4256 2571 4311 in
2617 4256 2893 4328 sequenti
2944 4257 3348 4329 disputatione
3396 4258 3677 4342 dicenda,

2010 4348 2155 4418 quod
2180 4363 2388 4402 manna
2415 4363 2606 4401 verum
2636 4348 2752 4417 ipse
2782 4352 2859 4402 est
2891 4348 3159 4411 Christus,
3210 4351 3309 4418 qui
3358 4350 3414 4403 in
3468 4365 3677 4404 manna

2007 4441 2190 4508 ﬁgura
2219 4438 2491 4492 veteribus
2538 4454 2573 4492 a
2624 4439 2733 4492 Deo
2781 4443 2833 4492 et
2882 4439 3046 4493 Patre
3104 4438 3266 4493 datus
3320 4438 3674 4509 intelligitur.

2011 4527 2182 4599 Atqui
2214 4527 2483 4582 Christus
2514 4527 2576 4581 in
2626 4544 2849 4583 manna
2898 4527 3199 4584 veteribus
3248 4546 3371 4584 non
3422 4529 3682 4586 dabatur

254 4620 563 4692 exempla:
607 4619 823 4687 signum
853 4618 1302 4684 circumcisionis,
1348 4633 1477 4689 pro,
1528 4617 1902 4674 circumcisio
1936 4624 1983 4687 D
2013 4618 2273 4672 realiter.
2309 4619 2424 4672 Nec
2456 4633 2593 4690 ergo
2626 4633 2697 4673 ex
2727 4618 2932 4690 Cyrilli
2957 4619 3483 4692 Hierosolymitani
3531 4636 3679 4675 sen-

256 4711 522 4782 signum;
556 4715 715 4778 typus
742 4708 917 4773 J0me,
953 4724 1058 4779 pro
1089 4708 1258 4762 Jonas
1289 4712 1468 4777 typus.
1500 4706 1649 4772 Quid
1674 4708 1909 4764 multa?

248 4798 587 4855 sufﬁciebat
615 4803 1016 4853 sacramentum
1046 4797 1410 4865 eucharistia,
1453 4813 1582 4868 pro,
1637 4797 1908 4853 euchari-

246 4890 363 4946 stia
375 4893 815 4945 sacramentum
828 4931 840 4943 .
864 4888 987 4942 Non
1005 4902 1290 4959 negamus
1304 4884 1421 4940 dici
1437 4901 1612 4957 posse
1630 4886 1910 4958 [CCXXV]

243 4985 487 5051 ﬁguram
514 4980 699 5049 panis,
725 4994 853 5049 pro,
886 4976 1056 5049 panis
1087 4976 1188 5047 qui
1208 4981 1298 5031 est
1328 4975 1549 5048 ﬁgura;
1584 4976 1687 5031 sed
1709 4982 1912 5031 utrum

246 5072 379 5126 haec
411 5069 511 5124 isti
544 5068 671 5123 loco
703 5067 774 5122 de
808 5083 923 5138 quo
955 5067 1185 5139 agimus
1234 5065 1648 5137 interpretatio
1699 5082 1908 5121 conve-

250 5161 399 5221 niat.
432 5160 545 5215 hoc
576 5157 873 5229 quaeritur.
914 5158 1055 5211 Eam
1086 5160 1246 5211 certe
1294 5156 1745 5211 accommodare
1789 5173 1912 5212 non

252 5254 469 5322 potest,
501 5248 647 5319 quin
677 5245 992 5301 ridiculam
1026 5245 1181 5301 hanc
1220 5251 1279 5300 et
1308 5245 1571 5317 ineptam
1586 5245 1803 5316 Cyrillo
1826 5245 1909 5301 af-

255 5340 439 5405 ﬁngat
470 5336 831 5394 sententiam
860 5352 872 5388 :
903 5337 968 5391 In
990 5352 1139 5407 pane
1169 5342 1321 5406 typo,
1378 5335 1644 5407 corporis
1694 5335 1912 5392 Christi

253 5431 565 5496 nimirum,
591 5428 761 5482 datur
819 5426 921 5480 tibi
974 5442 1167 5497 corpus
1221 5426 1427 5483 Christi
1474 5426 1761 5495 typicum;
1799 5427 1914 5482 hoc

253 5528 359 5595 est,
393 5527 573 5594 typus
605 5515 870 5589 corporis
900 5515 1140 5571 Christi.
1172 5517 1389 5571 Verum
1420 5513 1713 5586 eamdem,
1748 5517 1796 5573 si
1816 5532 1919 5590 po-

318 5721 367 5762 “
391 5721 445 5779 II
480 5720 635 5777 Petr.
667 5732 712 5789 ι,
742 5716 800 5771 4.
877 5711 926 5750 ⁸⁸
953 5714 1069 5772 Jer.
1101 5732 1182 5787 xx,
1213 5717 1301 5772 19.

573 5849 847 5912 ΡΑι-ιιοι..
893 5845 1009 5907 Gn.
1054 5844 1321 5907 XXXIII.

2017 4707 2206 4762 tentia
2234 4707 2646 4778 consequitur,
2680 4707 2741 4762 in
2770 4714 2907 4780 typo
2939 4709 3112 4781 panis
3134 4710 3333 4779 (quem
3354 4724 3678 4780 possumus

2015 4797 2351 4870 intelligere
2402 4813 2618 4869 panem
2679 4798 2908 4870 typum)
2963 4798 3262 4853 Christum
3318 4814 3455 4854 vere
3527 4797 3679 4853 dari.

2015 4887 2247 4944 Omissa
2278 4887 2590 4942 ambarum
2648 4887 3039 4943 Alexandrini
3089 4891 3149 4943 et
3193 4886 3679 4959 Jerosolymitani

2016 4976 2389 5033 locutionum
2423 4975 2811 5049 disparitate;
2846 4977 3004 5048 quod
3045 4976 3234 5032 altera
3290 4975 3362 5031 de
3411 4981 3680 5048 tempore

2018 5067 2492 5122 incarnationem
2525 5067 2912 5123 antecedente
2944 5071 3095 5139 agat,
3131 5067 3191 5121 in
3224 5082 3340 5138 quo
3381 5066 3683 5123 Christum

2021 5157 2312 5213 hominem
2344 5158 2611 5213 nondum
2644 5157 3052 5225 exsistentem,
3096 5157 3223 5229 jam
3275 5163 3400 5213 tum
3451 5158 3577 5213 dari
3620 5158 3684 5214 in

2020 5254 2282 5304 mentem
2315 5248 2519 5303 venire
2551 5265 2671 5302 non
2704 5253 2975 5319 poterat;
3008 5247 3198 5303 altera
3226 5264 3363 5304 vero
3414 5248 3487 5303 de
3528 5254 3681 5304 tem-

2020 5354 2168 5412 pore
2198 5338 2672 5394 incarnationem
2706 5339 3063 5394 subsecuta:
3100 5339 3379 5411 quodque
3430 5340 3681 5396 alteram

2023 5429 2307 5502 adjuncta
2339 5428 2540 5485 omnia
2568 5426 2643 5483 ad
2677 5428 2994 5499 figuratum
3027 5446 3291 5497 sensum,
3326 5430 3578 5487 alteram
3611 5428 3687 5485 ad

2020 5518 2344 5576 litteralem
2415 5517 2859 5587 determinent;
2943 5520 3257 5593 [CCXXVI]
3317 5523 3680 5594 suffragante
