4024 6408
373 425 378 432 ε
434 349 554 464 sev
1625 392 1725 456 DE
1767 390 2166 456 DOCTRINA
2208 389 2274 456 s.
2320 394 2660 460 CYRILLI.
3684 409 3781 470 εδδ

436 527 842 590 Alexandrino
872 525 1026 600 ipso,
1074 525 1176 598 qui
1231 525 1343 581 hac
1381 523 1442 580 in
1499 523 1630 598 ipsa
1683 525 2085 599 disputatione
2113 529 2167 596 Α
2199 544 2338 596 rem,
2371 547 2502 602 quae
2534 536 2814 586 extremae
2847 529 3065 601 speciei
3093 528 3164 586 ab
3197 529 3339 603 ipsis
3368 539 3654 606 assumpta:
3671 555 3782 610 pro-

434 638 658 679 manna
687 619 844 676 dicat
865 616 1237 674 eucharistiae
1262 615 1508 688 ﬁguram
1533 615 2091 688 fuisseinquaCliri-
2199 618 2342 688 price
2393 627 2563 675 erant
2642 618 2850 686 Quid?
2905 619 3032 691 ipse
3100 620 3363 676 Christus
3419 627 3782 699 pronuntiavit,

434 717 562 768 stus
585 728 720 768 vere
753 715 810 766 et
837 706 1224 780 corporaliter
1253 705 1597 778 recipiatur,
1648 706 1886 761 disertis
1919 706 2088 760 testi-
2199 725 2322 778 quis
2353 716 2430 764 est
2475 710 2574 781 qui
2603 727 2686 765 me
2717 711 2956 780 tetigit?
2994 710 3127 765 Luc.
3177 727 3292 780 vui,
3339 714 3423 772 45.
3472 731 3595 769 cum
3638 725 3786 773 extre-

435 801 657 858 moniis
688 800 817 873 ipsa
846 815 957 871 pag
1009 800 1134 862 312,
1169 801 1226 850 et
1259 812 1387 868 pag.
1432 797 1556 862 316,
1608 797 1732 862 317,
1785 797 1908 863 319,
1961 795 2087 866 322,
2197 813 2358 852 mam
2399 799 2734 870 [CCXXVH]
2782 805 3038 867 tantum,
3095 816 3215 855 non
3264 801 3552 858 interioris
3594 806 3785 875 tunicae,

429 891 543 956 his,
579 891 845 962 inquam,
887 887 1144 954 omissis,
1179 886 1308 941 dico
1343 889 1397 939 1⁰
1428 885 1895 941 Alexandrinum
1918 901 2086 940 suam
2198 886 2300 941 sed
2324 889 2488 958 pallii
2512 889 2824 944 exterioris
2850 889 3146 944 ﬁmbriam
3175 889 3388 944 mulier
3415 891 3695 964 attigisset.
3716 898 3788 950 Αι-

428 981 618 1054 ipsius
648 979 981 1035 orationem
1008 975 1409 1048 interpretari,
1444 981 1568 1031 tum
1611 975 2086 1047 praecedentibus
2197 976 2320 1046 qui,
2355 977 2538 1033 instat
2593 978 2956 1040 Albertlnus.
3017 996 3090 1034 ne
3147 981 3427 1050 Cyrillum
3485 982 3550 1036 de
3594 985 3787 1055 proprio

427 1069 625 1126 locum
654 1071 714 1125 in
741 1067 1079 1140 objectione
1116 1066 1361 1121 citatum
1399 1065 1592 1120 verbis
1631 1082 1759 1138 pag.
1813 1065 1938 1132 3|2,
1982 1060 2086 1119 ubi
2194 1065 2412 1121 Christi
2446 1085 2692 1139 corpore
2725 1068 2991 1123 locutum
3025 1070 3360 1135 credamus,
3392 1070 3576 1126 obstat
3604 1073 3788 1143 l°quod

426 1160 747 1216 aitmanna
769 1161 974 1230 typum
997 1156 1180 1211 fuisse
1198 1171 1397 1210 rerum
1419 1155 1789 1221 futurarum;
1823 1154 1927 1209 sed
1950 1170 2085 1209 cum
2194 1161 2290 1211 cat
2345 1159 2430 1223 14,
2465 1175 2522 1214 n.
2557 1158 2648 1226 30,
2683 1159 2985 1214 Christum
3024 1176 3056 1214 a
3087 1160 3242 1215 nob's
3274 1177 3434 1216 carne
3478 1162 3642 1216 abesse
3682 1178 3784 1232 pro-

426 1249 691 1306 veritatis
724 1253 956 1320 tempus
989 1244 1280 1312 adveniet,
1309 1245 1530 1300 Patrem
1560 1245 1768 1300 dedisse
1796 1246 1952 1300 nobis
1975 1261 2086 1315 pa-
2195 1245 2430 1301 nuntiet
2455 1264 2468 1315 ;
2505 1250 2563 1301 2°
2597 1248 2753 1320 quod
2779 1248 2954 1320 paulo
2987 1255 3120 1321 post
3149 1249 3386 1306 laudata
3407 1250 3464 1305 in
3487 1257 3783 1323 argumento

427 1356 553 1396 nem
571 1341 636 1394 de
657 1337 810 1407 creto,
842 1339 941 1408 qui
968 1353 1068 1408 per
1122 1351 1340 1391 manna:
1385 1335 1946 1390 subministrationem
1992 1350 2086 1389 ve-
2191 1333 2389 1403 verba,
2415 1352 2472 1390 n.
2498 1337 2551 1405 4,
2573 1335 2792 1392 Judaeis
2815 1337 2951 1392 vitio
2980 1339 3173 1403 vertit,
3220 1339 3373 1410 quod
3400 1339 3566 1394 verba
3592 1339 3784 1407 Christi,

429 1427 638 1485 teribus
660 1433 924 1496 tanquam
956 1425 1014 1481 in
1043 1423 1252 1480 umbris
1281 1423 1708 1478 describebatur.
1744 1423 1842 1484 ’Ός
1877 1418 2082 1492 διάτῆς
2193 1440 2220 1468 α
2241 1423 2370 1473 Nisi
2390 1425 2868 1476 manducateriti:
2889 1441 3066 1477 meam
3095 1443 3336 1488 carnem,
3367 1447 3392 1474 »
3423 1444 3528 1477 non
3561 1428 3788 1490 spiritua-

417 1520 524 1586 τοῦ
555 1515 727 1590 μάννα
757 1512 1050 1591 χορηγίας,
1079 1517 1198 1575 τοῖς
1258 1512 1644 1588 ἀρχαιοτέροις
1686 1511 1759 1574 ὡς
1811 1510 1864 1566 ἐν
1907 1532 2006 1567 σκι‹

2197 1511 2326 1561 liter
2355 1515 2706 1576 acceperint;
2753 1517 2847 1566 sed
2901 1519 3109 1582 oﬂensi
3157 1519 3397 1568 abierint
3439 1527 3596 1576 retro,
3633 1519 3786 1567 existi-

425 1606 813 1683 κατεγράφετο·
849 1613 972 1662 tum
1003 1603 1393 1677 sequentibus
1423 1622 1551 1677 pag.
1586 1605 1710 1672 319,
1762 1605 1883 1676 Ipse
1924 1604 2082 1661 nobis
2190 1613 2408 1652 mante:
2439 1605 2611 1654 illum
2661 1621 2718 1654 se
2759 1607 2832 1656 ad
2887 1609 3312 1658 manducandas
3370 1625 3554 1658 carnes
3599 1608 3786 1657 hortari.

426 1715 636 1754 manna
662 1714 850 1754 verum
883 1697 1157 1752 exhibitas
1213 1701 1288 1750 εει
1333 1695 1596 1762 Christus,
1643 1695 1912 1750 veteribus
1955 1702 2079 1750 εαη-
2190 1685 2272 1740 Ea
2301 1685 2479 1754 igitur
2509 1687 2685 1743 verba
2716 1705 2834 1743 non
2866 1689 2935 1744 ad
2964 1690 3225 1746 litteram
3259 1691 3360 1746 sed
3389 1691 3732 1762 spz'ratualzter
3750 1693 3789 1744 et

428 1805 597 1861 quam
653 1791 712 1843 in
765 1788 1008 1858 imagine
1047 1803 1152 1858 per
1211 1791 1402 1856 typum
1485 1785 1816 1840 deriaratus.
1903 1782 2078 1846 Αὐτὸς
2191 1782 2562 1831 sacramento
2596 1782 2767 1833 tenus
2790 1778 3349 1850 intelligendaznec
3373 1781 3599 1852 propria
3619 1778 3788 1834 Christi

423 1875 658 1949 ἡμῖντὸ
719 1873 890 1948 μάννα
933 1874 996 1928 τὸ
1047 1873 1307 1944 ἀληθινὸν
1357 1869 1646 1948 ἀνεδείχθη
1700 1872 1948 1948 χριστὸς,
2009 1897 2012 1920 ι

2200 1879 2321 1918 caro
2351 1865 2413 1920 in
2446 1867 2806 1923 eucharistia
2828 1869 3241 1927 manducatur.
3271 1873 3382 1927 Nec
3405 1887 3510 1926 nos
3533 1867 3789 1936 Catholici,

425 1964 481 2021 ἰν
513 1963 684 2021 εἴκόνι
720 1970 838 2027 τοῖς
889 1961 1275 2040 ἀρχαιοτέροις
1335 1959 1426 2017 διὰ
1477 1961 1657 2018 τύπου
1716 1959 2014 2035 δηλούμενι

2199 1954 2436 2024 qualern
2467 1955 2555 2010 illi
2607 1959 3027 2030 concipiebant
3073 1960 3273 2016 animo
3323 1961 3582 2017 carnium
3621 1956 3788 2014 Christi

424 2063 551 2114 tum
581 2056 798 2113 deinde
828 2073 963 2112 cum
995 2072 1215 2112 manna
1239 2054 1386 2110 dicit
1415 2054 1767 2128 evangelica)
1799 2053 2085 2108 doctrinm
2197 2044 2717 2102 manducationem
2750 2048 3066 2105 credimus.
3111 2051 3195 2106 Ita
3228 2069 3290 2105 se
3329 2051 3424 2107 sub
3461 2053 3632 2120 ﬁgura
3659 2048 3790 2120 panis

422 2148 674 2221 ﬁguram
706 2163 838 2220 pag,
863 2147 986 2202 318,
1023 2145 1110 2201 Ita
1149 2161 1366 2217 nempe
1415 2145 1577 2200 nuda
1623 2143 1843 2199 Christi
1897 2143 2086 2215 ﬁgura
2194 2135 2530 2206 composuit
2557 2137 2846 2204 Christus,
2881 2145 2945 2193 ut
2975 2141 3244 2210 quamvis
3277 2141 3355 2195 ibi
3389 2141 3658 2210 sitcorpus
3679 2139 3784 2208 ejus,

425 2243 571 2305 erat,
604 2243 670 2292 ut
697 2253 824 2292 rem
855 2252 1094 2308 quoque
1141 2235 1390 2291 alteram
1446 2235 1746 2307 ﬁguraret.
1798 2231 2085 2289 Ostendat
2193 2223 2366 2294 cujus
2398 2225 2852 2298 participatione
2885 2229 3165 2284 Christum
3196 2232 3257 2285 in
3291 2229 3463 2286 nobis
3490 2233 3714 2300 ferimus,
3742 2225 3786 2278 in

423 2327 770 2384 Albertinus
800 2325 1108 2382 similesin
1131 2323 1690 2394 Hierosolymitano,
1717 2322 1788 2378 de
1807 2322 2082 2378 euchari-
2190 2326 2372 2368 unum
2403 2330 2538 2370 cum
2570 2315 2700 2388 ipso
2732 2333 2944 2389 corpus
2977 2319 3483 2392 compaginemur,
3523 2325 3577 2374 ει
3617 2317 3786 2372 (“Villia

427 2417 575 2472 stico
607 2433 760 2488 pane
793 2415 868 2472 ad
884 2414 1205 2488 imaginem
1227 2419 1287 2469 et
1313 2413 1564 2485 ﬁguram
1585 2411 1823 2467 redacto
1838 2411 2082 2469 locutio-
2191 2408 2418 2458 natura:
2441 2404 2580 2460 huic
2599 2407 2831 2478 corpori
2853 2424 2986 2462 cum
3013 2417 3216 2464 nostro
3239 2411 3550 2466 commisto
3562 2409 3784 2481 byposla-

427 2522 558 2563 nes.
591 2506 731 2562 Dico
760 2509 820 2561 2°
849 2503 1238 2561 Alexandrini
1287 2503 1349 2558 in
1394 2503 1628 2574 objecta
1671 2503 2078 2575 propositione
2189 2491 2302 2548 tice
2329 2494 2666 2565 conjuncta:
2698 2497 3019 2570 participes
3051 2499 3406 2562 efﬁciamur,
3441 2499 3587 2555 absit
3630 2503 3786 2552 tamen

427 2611 670 2652 sensum
703 2611 852 2663 esse,
875 2611 981 2666 per
1002 2592 1529 2648 mannaveteribus
1551 2590 2078 2659 datumﬁhristum
2190 2583 2494 2638 sensibilis
2527 2585 2906 2642 manducatio
2938 2589 3226 2644 carnium.
3255 2589 3423 2656 Quod
3446 2595 3630 2644 autem
3657 2599 3782 2640 carne

427 2684 770 2742 adumbrari
800 2701 814 2753 ;
848 2684 950 2756 qui
995 2682 1237 2755 quidem
1288 2687 1570 2752 tanquam
1618 2681 1862 2737 verbum
1915 2682 2078 2737 omni
2187 2673 2368 2729 abesse
2399 2673 2619 2729 dicitur
2648 2691 2682 2730 a
2710 2677 2886 2732 terris
2916 2677 3204 2744 Christus,
3237 2679 3506 2752 intcllige
3532 2678 3598 2732 de
3633 2673 3783 2731 sensi-

417 2762 714 2832 'creaturte
744 2773 1041 2842 rationali,
1074 2779 1138 2828 ut
1168 2771 1442 2844 proprius
1473 2789 1540 2828 ac
1571 2771 1859 2827 naturalis
1901 2771 2076 2826 intel-
2183 2760 2291 2816 bili
2324 2768 2383 2819 et
2411 2765 2704 2836 COPPOI‘ali
2737 2767 3092 2838 prmsentia;
3129 2785 3264 2840 qua
3301 2769 3536 2842 quidem
3565 2765 3681 2822 ﬁdei
3715 2763 3780 2816 lo-

423 2865 771 2923 lectualium
797 2863 1265 2921 substantiarum
1288 2861 1603 2934 cibus,jam
1627 2867 1750 2916 tum
1770 2867 1829 2918 et
1849 2861 2076 2935 angelis
2185 2867 2321 2907 cum
2354 2859 2412 2908 et
2441 2855 2798 2910 sacramenti
2831 2857 3124 2913 rationem
3155 2859 3442 2916 auferret.

423 2963 483 3014 et
513 2957 808 3013 veteribus
837 2955 910 3012 ad
942 2953 1478 3012 sanctiﬁcationem
1501 2952 1770 3018 dabatur,
1792 2970 1921 3026 pag.
1948 2954 2072 3021 314,
2664 2962 2920 3008 QUARTUM
2960 2965 3360 3006 ARGUMENTUM.

421 3049 548 3118 312,
580 3053 865 3119 tanquam
895 3047 1073 3101 homo
1103 3061 1238 3100 vero
1270 3043 1414 3098 olim
1461 3043 1524 3098 in
1566 3043 1926 3099 eucharistia
1955 3043 2010 3099 la

2252 3035 2346 3090 86.
2385 3034 2468 3088 Ex
2497 3033 2592 3089 his
2614 3035 2806 3090 verbis
2863 3037 3216 3094 informatur
3247 3046 3372 3096 cat.
3415 3042 3500 3108 22,
3545 3055 3601 3093 n.
3644 3029 3781 3089 5:1"

419 3136 672 3212 giendus
703 3141 850 3204 erat,
878 3135 952 3191 ad
980 3133 1365 3204 viviﬁcandum
1409 3133 1671 3205 spiritum
1716 3140 1984 3202 nostrum,
2017 3141 2071 3189 et
2179 3131 2328 3182 Novo
2365 3132 2712 3183 Testamento
2731 3137 2906 3198 panis
2935 3145 3015 3186 est
3041 3138 3309 3199 ccelestis,
3362 3150 3412 3190 et
3449 3137 3690 3202 poculum
3717 3145 3788 3179 sa-

421 3242 616 3298 corpus
644 3229 704 3282 in
734 3226 1196 3296 incorruptionem
1226 3223 1640 3291 continendum,
1673 3229 1856 3295 etper
1885 3222 2064 3280 fidem
2105 3285 2142 3298 ﬂ
2171 3218 2384 3271 laturis
2417 3222 2666 3274 animam
2695 3234 2745 3274 et
2779 3241 2978 3289 corpus
3006 3229 3455 3293 sanctiﬁcantia.
3487 3225 3790 3283 Quemadmo-

419 3323 600 3390 atque
630 3331 895 3372 amorem
927 3315 988 3370 in
1019 3312 1298 3369 cordibus
1329 3313 1549 3368 nostris
1580 3311 1893 3381 inhabitat,
1933 3328 2064 3386 pag.
2099 3285 2142 3352 (ἶ
2181 3311 2315 3362 dum
2345 3314 2497 3363 enim
2510 3316 2685 3376 panis
2715 3319 2935 3378 corpori
2964 3320 3306 3371 conveniens
3355 3331 3446 3384 est,
3485 3321 3557 3370 ita
3590 3315 3777 3364 verbum

423 3410 568 3476 312;
600 3407 930 3463 cessantibus
961 3408 1105 3461 enim
1137 3410 1250 3459 tum
1278 3403 1413 3474 legis
1447 3401 1664 3473 ﬁguris,
1707 3405 1885 3474 ipsam
1929 3405 2080 3459 veri-
2177 3404 2387 3454 anima:
2421 3415 2873 3466 consentaneum,
2923 3424 2976 3458 η.
2997 3409 3043 3459 6.
3075 3410 3445 3463 Quamobrem
3467 3425 3526 3460 ne
3549 3413 3776 3468 tanquam

426 3503 593 3554 tatem
621 3497 778 3552 nobis
809 3498 868 3552 in
907 3495 1090 3550 cibum
1137 3493 1228 3549 vel
1275 3494 1335 3548 in
1388 3494 1614 3548 delicias
1662 3491 1815 3566 (lego
1861 3493 2074 3568 τροφήν
2178 3494 2350 3543 nudis
2381 3495 2702 3558 (clementis)
2727 3499 2874 3561 pani
2925 3509 2974 3548 et
3005 3501 3138 3550 vino
3179 3501 3263 3563 (in
3316 3496 3632 3556 eucharistia)
3667 3503 3784 3554 pro-

423 3603 548 3645 non
575 3587 804 3664 τρυφήν,
839 3584 1106 3658 quamvis
1127 3583 1376 3656 perinde
1400 3584 1498 3651 sit)
1529 3590 1580 3638 et
1601 3583 1925 3653 fruitionem
1943 3601 2074 3656 pro.
2169 3584 2376 3644 positis
2407 3587 2644 3636 attende.
2681 3590 2833 3638 Sunt
2861 3591 3014 3640 enim
3041 3606 3245 3652 corpus
3278 3603 3330 3644 et
3363 3591 3588 3656 sanguis
3605 3577 3784 3635 Christi

401 3680 660 3750 ,positum
687 3679 782 3744 iri,
814 3694 873 3750 p.
906 3677 1030 3733 316.
1065 3675 1338 3730 Christum
1383 3673 1676 3740 videlicet,
1724 3675 1822 3744 qui
1865 3690 1964 3730 nos
2001 3676 2076 3730 ad
2176 3673 2464 3726 secundum
2489 3676 2717 3726 Domini
2735 3681 3241 3742 asseverationum;
3274 3699 3408 3734 nam
3430 3676 3636 3731 etiamsi
3663 3666 3784 3722 illud

423 3769 725 3840 longaevam
775 3768 948 3822 vitam
1005 3763 1128 3834 alit,
1185 3781 1308 3821 cum
1352 3780 1458 3834 per
1511 3763 2073 3820 subministrationem
2177 3763 2281 3814 tibi
2309 3775 2576 3829 suggerat
2605 3783 2821 3830 sensus,
2855 3769 2992 3834 ﬁdes
3015 3778 3202 3820 tamen
3233 3783 3285 3822 τε
3302 3783 3508 3824 certum
3527 3778 3572 3818 et
3589 3769 3786 3832 ﬁrmum

417 3861 599 3917 sancti
625 3861 890 3930 Spiritus,
927 3863 1042 3912 tum
1082 3857 1514 3928 participatione
1563 3857 1820 3925 propriae
1865 3856 2068 3925 Carnis,
2175 3855 2406 3918 efﬁciat.
2441 3857 2522 3906 Ne
2545 3858 2768 3918 judice:
2798 3875 2917 3909 rem
2947 3867 3016 3910 ex
3042 3871 3255 3924 gustu;
3283 3863 3377 3914 sed
3426 3879 3492 3913 ea:
3535 3859 3632 3925 ﬁde
3673 3853 3788 3902 σὶῑνα

418 3964 540 4020 qua
588 3949 744 4003 nobis
801 3948 900 4002 Dei
949 3945 1444 4016 participationem
1521 3944 1663 3998 indit
1733 3949 1785 3998 et
1853 3945 2067 4010 inserit,
2175 3944 2358 3993 ullam
2384 3945 2790 3998 dubitationem
2842 3965 3157 4012 persuasus
3209 3964 3344 4012 esto,
3396 3964 3446 4003 te
3499 3945 3716 4011 corporis
3748 3945 3792 3988 et

423 4036 629 4108 μεθέξει
659 4040 760 4103 τῆς
820 4031 960 4094 ἰδίας
1003 4033 1225 4104 σαρκὸς,
1273 4027 1572 4100 ἐντιθείσης
1631 4033 1768 4103 ἡμῖν
1824 4032 1924 4098 τήν
1969 4052 2012 4086 τι

2196 4037 2478 4098 anguinis
2517 4037 2729 4089 Christi
2790 4040 2931 4091 dono
2985 4043 3287 4106 dignatum
3346 4045 3542 4107 fuisse.
3596 4033 3785 4088 Tandem

415 4129 554 4181 Θεοῦ
590 4125 862 4199 μετοχὴν,
893 4140 1024 4196 pag.
1063 4125 1186 4178 323.
1221 4122 1331 4188 Qui
1362 4121 1620 4194 denique
1665 4123 1818 4178 omni
1862 4126 2068 4180 virtute
2171 4138 2224 4174 n.
2257 4125 2320 4176 9:
2352 4126 2544 4178 lstlmc
2571 4129 2794 4180 edoctus
2823 4137 2877 4181 et
2901 4133 3220 4183 certissima.
3256 4135 3507 4185 imbutus
3534 4131 3636 4197 ﬁde
3675 4117 3792 4189 φιοά

409 4223 464 4272 et
491 4216 675 4285 gloria
701 4229 799 4270 nos
827 4212 1022 4283 replet.
1055 4213 1116 4267 in
1145 4213 1412 4267 interiora
1441 4212 1618 4266 cordis
1655 4229 1760 4283 per
1781 4212 1942 4283 ﬁdem
1971 4230 2062 4270 re-
2169 4217 2271 4280 qui
2301 4217 2526 4268 videtur
2550 4218 2738 4281 panis,
2759 4223 2935 4282 panis
2963 4238 3074 4272 non
3103 4232 3183 4272 est
3215 4227 3444 4276 tametsi
3461 4227 3627 4287 gustu
3644 4209 3786 4263 sensi-

405 4311 551 4361 rtam
581 4311 632 4362 et
661 4305 988 4360 charitatem
1027 4305 1331 4372 perfectam
1384 4301 1573 4358 illatus
1623 4309 1676 4358 et
1727 4303 2059 4379 reconditus,
2169 4304 2298 4355 bili:
2331 4308 2424 4370 sit,
2453 4309 2550 4358 sed
2577 4325 2778 4373 corpus
2809 4311 3054 4374 Christi;
3087 4323 3136 4362 et
3165 4317 3320 4379 quod
3348 4317 3570 4364 videtur
3601 4309 3786 4358 vinum.

403 4410 536 4468 pag.
569 4395 695 4451 319.Δ
729 4394 894 4448 Hunc
926 4389 1174 4463 objectis
1198 4391 1624 4463 propositionis
1654 4409 1895 4450 scnsum
1929 4412 2059 4454 esse
2167 4401 2368 4450 vinum
2399 4417 2512 4452 non
2541 4412 2620 4452 est
2649 4403 2875 4454 etiamsi
2905 4405 2986 4454 ita
3014 4407 3213 4468 gustui
3245 4408 3524 4462 videatur,
3562 4400 3650 4452 sed
3675 4409 3788 4444 san-

401 4483 543 4540 inde
573 4481 908 4548 conﬁcitur,
937 4479 1095 4553 quod
1127 4479 1204 4535 sit
1222 4480 1348 4536 haec
1371 4480 1842 4552 totaCyrillianaa
1855 4483 2061 4558 dispu-
2162 4491 2296 4554 guis
2329 4491 2560 4556 Christi,
2593 4499 2703 4549 etc.
2740 4495 2866 4560 Qua
2895 4494 3012 4551 alia
3043 4496 3364 4553 verborum
3395 4493 3645 4553 formula
3672 4493 3784 4544 ule-

399 4573 644 4630 tationis
676 4587 931 4639 summa,
964 4569 1134 4644 cujus
1170 4568 1383 4625 thesim
1417 4576 1476 4626 et
1503 4579 1919 4644 argumentum
1945 4575 2057 4631 sibi
2165 4586 2330 4637 retur
2361 4581 2724 4652 Albertinus,
2757 4585 2803 4639 si
2845 4585 2940 4640 cui
2991 4587 3285 4642 nescienti
3338 4587 3588 4659 probare
3636 4575 3787 4634 vellet

397 4665 462 4722 in
491 4663 690 4720 verbis
719 4662 1060 4736 objectione
1095 4661 1391 4717 contentis
1421 4663 1750 4734 proposuit.
2078 4662 2126 4728 D
2158 4670 2524 4727 oricalchum
2555 4672 2714 4744 quod
2745 4679 2927 4744 tenet,
2960 4691 3172 4731 aurum
3197 4693 3320 4731 non
3343 4693 3474 4732 esse
3500 4693 3512 4743 ;
3537 4667 3785 4743 angelum

391 4831 396 4838 _
467 4759 560 4813 85.
593 4753 749 4811 Nihil
780 4769 982 4810 moror
1039 4751 1198 4824 quod
1256 4750 1330 4806 ad
1387 4757 1660 4824 quartam
1713 4755 2048 4825 argumenti
2161 4765 2406 4816 externa
2436 4761 2697 4817 hominis
2730 4763 2926 4834 specie
2987 4764 3286 4832 vestitum,
3335 4765 3638 4820 hominem
3683 4767 3788 4810 non

390 4845 583 4903 nostri
610 4849 841 4918 partem
870 4841 1127 4916 reponit,
1159 4857 1291 4897 cum
1325 4857 1518 4912 corpus
1555 4849 1606 4897 et
1634 4846 1858 4913 sanguis
1890 4845 2050 4901 Chri-
2161 4850 2338 4905 esse?
2376 4850 2495 4906 vim
2543 4851 2876 4924 argumenti
2923 4869 3030 4924 per
3077 4870 3139 4908 se
3187 4855 3565 4926 perspicuam
3605 4840 3787 4921 paucis

386 4939 460 4993 sti
477 4939 538 4992 in
558 4936 800 4992 membra
820 4939 1009 4988 nostra
1041 4929 1306 4987 distribui
1353 4930 1654 4998 dicuntur,
1687 4931 1745 4987 id
1777 4933 1886 4988 soli
1916 4952 2049 4990 cor—
2158 4939 2484 5012 explicabo.
2515 4940 2730 5010 Primo,
2757 4943 2924 5010 panis
2953 4942 3055 4998 ille
3085 4944 3314 4999 caelestis
3343 4947 3590 4999 animam
3619 4943 3666 4992 et
3686 4946 3793 4989 cor—

389 5026 518 5099 pori
531 5042 598 5081 ac
612 5023 886 5098 sanguini
902 5021 1096 5094 typico
1111 5019 1458 5084 convenire;
1485 5017 1557 5074 de
1572 5021 1809 5093 preprio
1828 5023 2044 5080 Christi
2148 5046 2258 5100 pus
2285 5032 2638 5100 sanctiﬁcans
2669 5031 2894 5086 verbum
2925 5031 3189 5086 divinum
3215 5039 3324 5094 est,
3355 5035 3562 5088 animae
3616 5036 3790 5082 conre—

387 5108 1432 5184 corpore,nequeabipsisCatholicis
1457 5109 2050 5170 afﬁrmari.Fatemur
2154 5121 2313 5174 niens
2343 5119 2428 5174 uti
2456 5119 2729 5192 proprius
2752 5137 2818 5176 ac
2835 5121 3125 5177 naturalis
3149 5123 3279 5193 ejus
3303 5123 3493 5178 cibus.
3531 5123 3605 5175 De
3635 5111 3788 5170 verbo

385 5199 582 5276 ipsum
627 5201 843 5257 Christi
875 5217 1088 5273 corpus
1120 5201 1180 5254 in
1215 5199 1484 5254 membra
1513 5205 1716 5254 nostra
1746 5217 1866 5257 non
1897 5203 2044 5260 divi-
2157 5207 2352 5264 divino
2384 5226 2720 5265 sermonem
2745 5226 2872 5265 esse
2894 5211 3124 5282 probat,
3153 5217 3273 5266 tum
3303 5213 3482 5282 hujus
3504 5201 3788 5265 sententiae

384 5293 464 5350 di.
499 5292 612 5348 Sed
643 5291 921 5347 humanm
943 5291 1233 5346 orationis
1256 5289 1750 5346 consuetudinem
1773 5310 1840 5348 ac
1863 5296 2044 5354 totius
2155 5315 2287 5354 cum
2320 5298 2706 5370 subsequenti
2740 5301 3082 5372 conjunctio
3107 5317 3211 5372 per
3237 5301 3595 5372 particulam
3618 5307 3790 5366 quam-

383 5381 725 5440 traditionis
747 5379 1087 5451 exemplum
1102 5379 1310 5440 secuti.
1336 5379 1486 5436 illud
1506 5380 1718 5437 merito
1742 5381 1813 5438 de
1829 5385 2042 5444 (ἀπῆς)ιί
2154 5389 2339 5444 obrem
2359 5406 2382 5452 ;
2415 5394 2540 5444 tum
2565 5389 2763 5444 aliena
2795 5387 2934 5445 huic
2965 5389 3095 5446 loco
3128 5407 3477 5446 sermonum
3504 5387 3602 5443 Dei
3633 5395 3786 5439 men-

381 5488 630 5544 corpore
645 5469 1202 5540 aiﬁrmamus,quod
1218 5469 1529 5541 speciebus
1545 5469 1654 5526 sub
1669 5473 1886 5544 quibus
1901 5477 2040 5536 deli—
2155 5479 2256 5546 tio,
2291 5477 2364 5534 ad
2396 5494 2575 5550 quam
2608 5477 2758 5534 nihil
2787 5485 2924 5535 ante
2955 5480 3246 5536 auditoris
3278 5481 3548 5535 animum
3580 5485 3786 5548 pracpa-

379 5561 554 5620 tescit
568 5557 877 5632 proprium
891 5557 1400 5628 estzquaquidem
1418 5560 2044 5628 orationenonliceret
2151 5571 2320 5627 ravit.
2355 5569 2532 5624 Panis
2563 5585 2699 5642 ergo
2731 5569 3164 5626 eucharisticus
3199 5576 3291 5624 est
3319 5570 3546 5625 uerbum
3569 5566 3681 5626 Uei,
3706 5557 3787 5613 ni-

373 5650 623 5722 uti,nisi
656 5647 764 5705 sub
799 5647 922 5704 illis
973 5647 1290 5719 speciebus
1321 5649 1750 5707 contineretur.
1787 5657 1852 5711 In
1883 5657 2040 5718 Scri-
2149 5661 2371 5718 mirum
2421 5657 2653 5730 corpori
2711 5658 2926 5714 Christi
2969 5659 3344 5733 hypostatice
3390 5657 3780 5730 conjunctum.

371 5749 550 5818 ptura
578 5739 924 5798 tribuuntur
963 5735 1192 5810 angelis
1244 5752 1454 5794 omnes
1510 5739 1778 5800 actiones
1827 5763 2037 5824 corpo-
2149 5748 2443 5818 Secundo,
2477 5747 2559 5805 ita
2575 5765 2782 5819 panem
2811 5755 2866 5806 et
2879 5765 3074 5807 mnum
3096 5749 3476 5808 eucharistiae
3500 5743 3656 5803 nuda
3673 5737 3781 5796 ele-
