4024 6414
203 434 288 501 289

1622 440 2151 504 DISSERTATIO
2194 442 2303 517 III,

3555 460 3675 521 2Ἷο

209 585 365 635 menta
384 596 533 635 esse
559 587 803 655 negat,
830 589 911 640 ut
934 584 1124 639 aliam
1145 596 1379 655 prorsus
1400 584 1674 635 naturam
1705 594 1902 634 secun-
1929 578 1981 645 Α
2010 594 2107 634 res
2131 578 2408 634 sensibus
2432 578 2701 651 subjecta
2728 581 2889 637 aliud
2925 588 3015 639 est
3034 584 3108 640 ab
3146 603 3216 642 ea
3240 589 3396 659 quod
3422 608 3553 649 esse
3588 595 3673 650 vi-

218 670 314 727 dum
340 670 567 725 Domini
619 676 1154 732 asseverationem.
1189 687 1398 742 nempe
1458 686 1673 740 corpus
1712 674 1770 722 et
1795 684 1898 723 eu-

233 762 534 818 charistiam
595 762 855 817 Christi
923 780 1060 818 esse
1092 761 1361 817 affirmet.
1420 759 1637 825 Tertio,
1688 757 1904 813 asserit

251 852 631 910 eucharistiam
668 868 813 906 non
850 869 992 907 esse
1024 852 1171 922 quod
1198 851 1439 919 suggerit
1470 864 1654 904 sensus
1682 864 1695 914 ;
1743 845 1903 918 quod

249 945 386 999 oculis
403 950 446 997 et
466 944 671 1012 gustui
692 944 941 997 videtur
963 958 1075 997 esse
1097 941 1231 996 :sed
1260 939 1427 1007 illud,
1463 937 1623 1009 quod
1654 935 1901 992 dubium

248 1052 301 1090 ex
325 1033 620 1089 contraria
685 1049 995 1087 sensuum
1042 1030 1481 1086 renuntiatione
1537 1028 1901 1099 [CCXXVIII]

237 1126 457 1180 videtur.
491 1122 676 1188 Quod
740 1122 1017 1195 suggerit
1047 1137 1276 1187 sensus,
1338 1118 1495 1190 quod
1527 1116 1722 1190 gustui
1748 1116 1903 1187 sapit

227 1220 275 1270 et
295 1214 525 1268 videtur
549 1212 758 1267 oculis
783 1219 899 1280 est,
935 1210 1353 1266 eucharistiam
1370 1224 1575 1279 panem
1611 1223 1741 1263 esse
1768 1221 1897 1260 ma-

219 1305 487 1360 terialem
540 1320 612 1359 ac
664 1305 866 1357 vinum
894 1319 907 1357 :
941 1302 1054 1355 hoc
1085 1300 1263 1372 igitur
1287 1315 1407 1353 non
1439 1303 1548 1354 est.
1582 1295 1645 1351 Id
1678 1296 1749 1351 de
1781 1312 1898 1367 quo

208 1395 487 1450 dubitare
521 1394 679 1448 facit
699 1408 995 1447 sensuum
1022 1388 1452 1451 testimonium,
1486 1386 1636 1441 illud
1669 1390 1777 1453 est,
1802 1386 1903 1440 sit-

203 1502 281 1541 ne
327 1502 559 1556 corpus
590 1489 656 1538 et
709 1482 955 1549 sanguis
976 1480 1194 1535 Christi
1248 1480 1381 1533 Haec
1411 1476 1574 1532 enim
1604 1476 1762 1547 apud
1790 1475 1898 1547 Cy-

202 1576 420 1630 rillum
451 1573 807 1630 catechesis
838 1572 1017 1643 hujus
1057 1587 1117 1626 n.
1148 1573 1196 1635 l,
1243 1568 1644 1622 dubitantium
1680 1566 1892 1632 oratio,

206 1683 327 1721 non
359 1682 464 1721 esse
526 1664 755 1720 Clu-isti
793 1678 985 1732 corpus
1016 1667 1065 1716 et
1120 1660 1480 1729 sanguinem:
1544 1656 1656 1711 hoc
1716 1656 1898 1729 igitur

203 1758 613 1815 eucharistia.

278 1852 378 1903 87.
413 1856 566 1902 (ium
610 1844 925 1901 Albertino
957 1842 1160 1914 paucis
1215 1839 1536 1895 absolvam.
1569 1838 1662 1892 Ait
1692 1836 1794 1891 ille
1818 1837 1891 1893 ad

205 1937 559 1993 secundum
584 1934 801 2006 Cyrilli
825 1931 1230 1987 testimonium
1250 1931 1306 1984 in
1322 1934 1670 2001 argumento
1694 1926 1894 1982 lauda—
1930 1952 1974 2017 Β

215 2034 375 2091 tum,
403 2044 543 2083 cum
608 2025 736 2079 duo
770 2024 889 2078 sint
942 2022 1004 2076 in
1038 2019 1414 2079 eucharistia.
1466 2017 1718 2072 alterum
1754 2016 1894 2071 sub-

224 2118 449 2173 stantia
476 2117 664 2188 panis
693 2120 755 2168 et
805 2111 920 2166 vini
959 2109 1354 2169 eucharistici.
1410 2106 1664 2162 alterum
1696 2123 1896 2162 sacra-

224 2207 512 2262 mentalis
546 2219 765 2261 eorum
800 2202 945 2257 ratio
978 2217 1108 2271 quae
1140 2198 1202 2253 in
1228 2196 1662 2268 significatione
1694 2196 1890 2251 consi-

222 2297 338 2351 stit
364 2314 379 2363 ;
410 2295 572 2352 nullo
607 2292 792 2349 modo
849 2290 1006 2346 circa
1035 2290 1295 2361 priorem
1326 2292 1554 2359 partem
1605 2285 1893 2357 Cyrillum

208 2386 379 2442 velle
412 2401 705 2442 sensuum
747 2379 1155 2437 testimonium
1183 2376 1468 2443 recusari,
1525 2374 1629 2429 sed
1662 2379 1893 2430 tantum

213 2479 400 2534 circa
454 2476 886 2549 posteriorem:
922 2487 1054 2542 quas
1087 2485 1222 2524 cum
1252 2467 1332 2522 sit
1355 2471 1571 2538 printer
1601 2471 1661 2519 et
1714 2481 1894 2535 supra

224 2565 665 2622 testimonium
687 2576 963 2617 sensuum
987 2558 1087 2630 qui
1108 2557 1182 2612 ad
1203 2573 1334 2612 eam
1356 2572 1479 2611 non
1519 2554 1890 2626 perveniant,

238 2667 424 2716 recte
447 2663 649 2712 monet
669 2655 718 2709 in
747 2655 853 2709 hac
878 2658 1045 2725 parte
1060 2667 1186 2704 rem
1209 2666 1328 2704 non
1348 2664 1478 2703 esse
1492 2645 1890 2718 judicandam

250 2766 326 2805 ex
360 2760 635 2803 sensuum
669 2741 1021 2798 testimonio.
1044 2740 1219 2794 Suam
1251 2738 1404 2793 hanc
1434 2735 1891 2807 responsionem

239 2838 462 2903 munit,
512 2832 822 2894 similibus.
882 2835 949 2885 ut
1006 2828 1247 2900 quidem
1306 2831 1496 2898 putat,
1549 2824 1890 2897 Cyrillianaa

234 2926 561 2985 sententiae
592 2925 831 2977 Patrum
871 2918 1251 2980 testimoniis,
1282 2915 1382 2987 qui
1406 2916 1576 2970 aiunt
1610 2914 1890 2986 baptismi

236 3021 688 3074 sacramentum
739 3027 859 3065 non
892 3008 1080 3064 oculis
1138 3006 1554 3061 aestimandum
1596 3021 1726 3060 esse
1786 3003 1891 3059 sed

234 3115 459 3175 mente,
496 3104 688 3174 magis
716 3099 1144 3157 attendendum
1169 3096 1241 3151 ad
1284 3095 1344 3151 id
1371 3094 1531 3166 quod
1571 3094 1633 3149 in
1667 3111 1735 3150 eo
1767 3110 1889 3149 non

232 3199 488 3257 videtur.
514 3210 701 3266 quam
722 3191 796 3247 ad
819 3191 875 3245 id
899 3188 1056 3261 quod
1086 3187 1336 3253 videtur,
1362 3192 1470 3241 etc.
1500 3185 1748 3241 [lebetes
1779 3202 1890 3241 nos

234 3296 401 3362 putat
464 3285 829 3350 Albertinus,
861 3298 996 3336 cum
1042 3278 1399 3351 persuadere
1432 3276 1558 3332 vult
1603 3276 1891 3348 Cyrillum

235 3393 526 3434 sensuum
560 3372 968 3430 testimonium
1009 3386 1130 3423 non
1163 3383 1439 3423 recusare
1472 3366 1629 3420 circa
1660 3372 1889 3437 partem

233 3467 620 3527 eucharistim
650 3463 941 3519 visibilem
964 3460 991 3515 ‘I
1021 3476 1090 3515 ea
1119 3456 1365 3530 prmcise
1427 3472 1522 3510 res
1554 3461 1643 3511 est
1673 3454 1744 3511 de
1776 3473 1896 3528 qua

233 3565 410 3633 negat
439 3571 660 3613 sensus
709 3550 1057 3609 audiendos.
1124 3553 1259 3604 Pars
1302 3546 1408 3601 illa
1462 3546 1771 3601 Albertino
1805 3552 1897 3601 est

221 3653 393 3722 panis
438 3654 491 3703 et
518 3649 710 3701 vinum
757 3640 1085 3698 materiale.
1146 3637 1323 3708 Atqui
1383 3636 1495 3691 hoc
1550 3636 1747 3707 ipsum
1805 3639 1897 3691 est

233 3739 392 3811 quod
415 3735 682 3808 Cyrillus
706 3730 1127 3788 eucharistiam
1147 3724 1606 3782 existimandum
1620 3742 1750 3781 esse
1777 3743 1893 3781 ne-

237 3836 357 3901 gat.
377 3828 519 3883 licet
560 3826 645 3879 ita
668 3821 941 3878 sensibus
974 3818 1261 3874 videatur.
1288 3816 1394 3872 Ubi
1417 3815 1576 3888 apud
1606 3816 1779 3871 illum
1804 3815 1896 3871 vel

240 3917 538 3973 levissima
568 3913 744 3986 panis
772 3917 830 3967 et
860 3910 977 3964 vini
1014 3906 1288 3973 visibilis,
1334 3911 1393 3961 et
1440 3906 1561 3960 illis
1609 3904 1893 3978 superad-

235 4008 370 4064 dita:
405 4009 616 4080 figurm
675 4008 734 4057 et
784 4000 1063 4057 efficacia:
1117 3996 1432 4053 invisibilis
1489 3994 1896 4067 signiﬁcatio?

228 4099 572 4154 deerantne
606 4094 693 4148 illi
753 4091 928 4147 verba
957 4088 1175 4161 quibus
1234 4102 1360 4142 rem
1393 4085 1794 4141 necessariam
1826 4100 1895 4140 ac

224 4190 609 4263 praecipuam
639 4199 784 4256 pure
836 4198 904 4237 ac
932 4180 1153 4235 diserte
1185 4176 1590 4249 exprimeret?
1642 4182 1745 4232 aut
1775 4182 1896 4232 tam

224 4280 507 4336 alienam
543 4273 838 4330 naturalis
855 4269 1169 4326 verborum
1193 4284 1436 4323 suorum
1467 4283 1678 4322 sensus
1710 4266 1894 4322 inter-

225 4371 645 4442 pretationem
665 4361 909 4418 rudibus
930 4358 1262 4416 candidatis
1292 4356 1768 4428 subjungendam
1799 4372 1895 4411 re-

220 4458 603 4533 linquebat?
634 4473 703 4511 ex
732 4460 851 4511 tam
876 4451 1078 4508 multis
1100 4466 1233 4521 quae
1256 4448 1600 4504 Albertinus
1630 4448 1899 4504 cumulat

223 4554 487 4608 Patrum
511 4549 584 4604 de
600 4547 890 4619 baptismo
907 4541 1242 4607 sententiis,
1261 4555 1411 4611 quas
1424 4555 1559 4594 cum
1573 4538 1900 4611 Cyrilliana

230 4641 570 4705 contendit,
601 4643 769 4692 estne
798 4650 920 4689 una
947 4633 1011 4687 in
1043 4647 1163 4703 qua
1192 4629 1280 4684 illi
1314 4634 1535 4702 negent
1556 4645 1774 4700 aquam
1792 4627 1895 4684 ba-

2014 667 2207 725 detur.
2233 669 2325 723 Sic
2349 669 2714 725 oricalchum
2758 688 2879 727 non
2904 680 3243 744 estaurum,
3278 680 3433 749 quod
3462 682 3672 755 hujus-

2012 757 2174 812 modi
2206 775 2408 813 rerum
2457 758 2752 831 imperitis
2783 762 3033 826 videtur,
3095 767 3201 821 sed
3233 768 3353 824 alia
3419 773 3671 843 species.

2010 847 2272 919 Angelus
2306 853 2550 903 externa
2598 850 2861 906 hominis
2893 853 3088 924 specie
3121 861 3457 927 contextus,
3491 862 3671 920 homo

2012 952 2134 1025 non
2167 941 2277 1001 est,
2312 937 2542 992 tametsi
2592 940 2885 994 nescienti
2910 942 2991 997 ita
3030 943 3316 1008 videatur,
3352 950 3456 1005 sed
3489 967 3669 1025 ange-

2011 1024 2105 1079 lus
2129 1042 2140 1079 :
2173 1042 2280 1081 sua
2306 1027 2520 1097 cuique
2552 1043 2749 1081 rerum
2780 1031 2982 1100 generi
3010 1036 3377 1092 enuntiando
3405 1024 3667 1110 peculia-

2010 1116 2093 1170 ris
2125 1117 2405 1171 convenit
2429 1118 2639 1173 oratio.
2675 1120 2743 1174 In
2774 1121 2965 1191 primo
3006 1139 3220 1191 genere
3272 1143 3392 1182 non
3417 1137 3670 1201 negatur

2010 1208 2374 1263 audiendum
2407 1226 2537 1264 esse
2570 1226 2854 1266 sensuum
2898 1215 3306 1273 testimonium
3333 1244 3346 1287 ;
3399 1221 3502 1275 sed
3535 1226 3668 1278 tan-

2009 1301 2136 1351 tum
2167 1297 2318 1351 nihil
2375 1315 2556 1370 supra
2594 1299 2959 1357 audiendum
2988 1320 3002 1368 ;
3034 1309 3102 1359 ut
3131 1305 3281 1361 nihil
3341 1309 3402 1363 in
3435 1326 3500 1364 re
3531 1328 3662 1368 esse

2008 1386 2339 1442 afﬁrmetur
2350 1388 2465 1442 nisi
2482 1389 2639 1459 quod
2653 1406 2859 1445 eorum
2877 1393 3216 1450 testimonio
3249 1399 3660 1471 contineatur;

2005 1474 2068 1530 in
2087 1477 2347 1532 secundo
2371 1484 2622 1549 negatur
2652 1478 2825 1549 plane
2850 1480 3155 1555 [CCXXIX]
3190 1487 3392 1541 sensui
3415 1489 3661 1545 creden-

2006 1567 2147 1622 dum
2170 1584 2320 1635 esse,
2345 1575 2404 1623 et
2439 1575 2778 1624 removetur
2798 1588 2832 1625 a
2851 1588 2915 1626 re
2959 1573 3115 1644 quod
3148 1576 3278 1646 ejus
3312 1580 3657 1636 testimonio

2007 1660 2367 1715 continetur.
2392 1662 2724 1716 Permutari
2750 1679 2867 1717 non
2886 1672 3137 1735 possunt
3151 1668 3460 1740 utriusque
3478 1689 3661 1744 gene—

2004 1749 2086 1803 ris
2118 1751 2763 1807 enuntiationeszsicut
2792 1755 2952 1808 enim
2986 1754 3057 1809 de
3076 1758 3366 1829 angeloin
3398 1762 3660 1818 hominis

2007 1838 2202 1909 specie
2235 1839 2558 1910 conspicuo
2582 1840 2696 1894 dici
2736 1858 2856 1895 non
2888 1848 3102 1914 potest.
3133 1853 3349 1916 praeter
3382 1857 3657 1907 naturam

2005 1928 2267 1983 hominis
2288 1930 2499 1983 essein
2534 1945 2602 1984 eo
2634 1935 2908 1986 naturam
2940 1934 3298 2005 angelicam;
3332 1938 3415 1994 ita
3444 1939 3516 1995 de
3549 1942 3661 1996 ho-

2005 2016 2337 2086 mine,quia
2352 2023 2567 2087 prmter
2586 2017 2819 2073 visibile
2833 2036 3046 2090 corpus
3062 2024 3324 2081 animam
3340 2027 3557 2085 habeat
3574 2029 3664 2086 in-

2003 2108 2322 2174 visibilem,
2347 2107 2461 2162 dici
2482 2124 2602 2163 non
2622 2114 2816 2179 potest
2832 2125 2969 2166 eum
2986 2129 3105 2168 non
3126 2131 3255 2170 esse
3277 2134 3655 2190 corporeum,

2004 2198 2270 2268 quamvis
2293 2198 2376 2252 ita
2403 2198 2604 2252 sensui
2628 2197 2914 2254 videatur.
2951 2202 3267 2274 Comparet
3288 2208 3542 2279 quisque
3574 2210 3661 2265 lo-

2001 2288 2270 2343 cutiones
2292 2287 2364 2343 ab
2389 2287 2694 2342 Albertino
2715 2306 2849 2344 cum
2878 2291 3217 2362 Cyrilliauis
3239 2305 3612 2369 comparatas
3638 2317 3653 2356 :

2000 2377 2135 2433 illas
2166 2377 2424 2449 reperiet
2451 2378 2526 2432 ad
2557 2377 2816 2449 primum
2847 2396 3055 2451 genus,
3090 2383 3198 2439 has
3248 2385 3321 2440 ad
3354 2389 3651 2458 posterius

2000 2467 2320 2538 pertinere.
2347 2466 2682 2521 Notandum
2704 2484 2838 2523 vero
2860 2468 3039 2524 rebus
3061 2472 3253 2541 primo
3284 2491 3499 2547 genere
3516 2496 3654 2534 con-

2001 2559 2181 2614 tentis
2211 2574 2332 2613 non
2380 2558 2624 2613 difﬁcile
2685 2558 2756 2614 ab
2790 2559 3158 2626 hominibus,
3190 2582 3258 2620 ac
3318 2571 3650 2638 praesertim

2001 2650 2249 2705 Christia
2260 2649 2817 2717 nis,accommodari
2835 2650 3013 2707 fidem
3031 2679 3042 2711 :
3064 2662 3464 2730 prmterquam
3487 2665 3649 2722 enim

2002 2741 2161 2813 quod
2193 2757 2405 2795 sensus
2438 2757 2559 2795 non
2606 2741 2998 2811 reluctantur,
3034 2754 3253 2802 norunt
3302 2753 3489 2809 multa
3521 2773 3653 2812 esse

2003 2829 2124 2884 sive
2140 2829 2201 2883 in
2219 2835 2435 2883 natura
2458 2829 2576 2883 sive
2602 2828 2664 2883 in
2686 2830 3137 2903 religione,quae
3163 2851 3448 2895 sensuum
3484 2860 3652 2917 saga-

2000 2920 2238 2975 citatem
2265 2919 2549 2991 effugiant
2579 2924 2636 2973 et
2659 2926 2961 2991 superent.
3024 2925 3138 2980 Nec
3162 2942 3366 2985 revera
3395 2930 3654 3003 Cyrillus

2000 3010 2254 3065 multum
2277 3008 2583 3064 laboravit.
2606 3015 2672 3064 ut
2693 3011 3065 3067 auditoribus
3084 3020 3653 3095 persuaderetaqum

1997 3099 2340 3171 baptismali
2374 3105 2433 3153 et
2480 3116 2647 3154 sacro
2680 3100 2984 3157 chrismati
3046 3105 3256 3161 adesse
3289 3110 3402 3165 vim
3464 3114 3654 3169 sancti

2000 3189 2253 3261 Spiritus
2279 3188 2660 3243 invisibilem.
2690 3190 2844 3244 Atin
2871 3191 3056 3247 altero
3087 3211 3323 3267 genere,
3360 3218 3493 3257 cum
3519 3220 3654 3258 sen-

2005 3296 2176 3335 suum
2211 3279 2618 3334 teslimonium
2668 3280 2752 3335 rei
2786 3280 3097 3339 afﬁrmataa
3154 3292 3519 3348 contrarium
3556 3294 3653 3364 sit,

2004 3370 2440 3425 dubitationem
2475 3369 2794 3425 maximam
2844 3373 3142 3443 patimur;
3178 3394 3369 3450 neque
3404 3383 3563 3438 enim
3596 3383 3657 3439 id

2001 3459 2160 3531 quod
2191 3458 2460 3513 videmus
2506 3457 2680 3515 facile
2711 3459 2883 3516 nobis
2916 3465 3275 3533 persuadere
3338 3488 3657 3541 possumus

2000 3551 2164 3607 aliud
2196 3568 2326 3607 esse
2356 3550 2427 3606 ab
2453 3567 2520 3605 eo
2553 3551 2714 3621 quod
2743 3552 3032 3610 videmus.
3081 3557 3253 3614 Certa
3285 3569 3521 3634 Oportet
3550 3565 3657 3621 ad-

2001 3642 2123 3699 sint
2152 3648 2210 3698 et
2265 3641 2572 3712 superiora
2630 3642 2905 3700 sensibus
2937 3644 3000 3700 in
3046 3651 3413 3707 contrarium
3472 3653 3654 3710 docu-

2001 3737 2221 3788 menta.
2257 3731 2405 3786 Hinc
2440 3731 2693 3802 Cyrillus
2722 3737 2843 3787 tota
2872 3736 3168 3793 catechesi
3206 3756 3332 3794 rem
3379 3745 3653 3814 proposi-

2001 3830 2121 3880 tam
2152 3823 2469 3879 conﬁrmat
2489 3827 2547 3876 et
2567 3827 2622 3877 et
2655 3823 2951 3890 inculcat;
2985 3831 3044 3881 et
3064 3843 3132 3883 ex
3155 3830 3254 3883 Dei
3287 3832 3653 3901 testimonio,

2002 3913 2250 3986 ejusque
2299 3910 2736 3982 omnipotentia
2792 3912 3225 3972 dubitationem
3283 3936 3523 3978 omnem
3582 3922 3655 3978 ab

2001 4003 2340 4059 auditorum
2371 4001 2590 4057 animis
2616 4002 2851 4057 amoliri
2880 4006 3208 4063 contendit.

2074 4093 2160 4147 88.
2189 4090 2276 4146 Ad
2299 4092 2541 4147 tertium
2563 4090 2763 4162 ()yrilli
2788 4092 3197 4152 testimonium
3222 4096 3283 4153 in
3307 4108 3657 4173 argumento

2001 4181 3398 4254 commemoratumduorespondetadversarius
3421 4209 3433 4247 :
3462 4196 3517 4247 l°
3531 4211 3658 4249 ver-

2000 4273 2097 4340 ba,
2131 4272 2159 4326 ὁ
2189 4269 2513 4348 φαινόμενος
2546 4268 2729 4345 ἄρτος,
2761 4276 2860 4344 qui
2879 4275 3099 4331 videtur
3120 4281 3309 4348 panis.
3329 4297 3450 4337 non
3475 4284 3659 4357 signi-

2002 4364 2203 4423 ficere.
2238 4362 2341 4435 qui
2370 4367 2617 4434 apparet
2645 4367 2704 4417 et
2733 4363 3108 4422 existimatur
3136 4370 3327 4440 panis,
3363 4371 3467 4428 sed
3491 4376 3660 4444 panis

1999 4455 2267 4521 visibilis;
2302 4470 2372 4509 ac
2400 4451 2595 4508 multa
2637 4454 2902 4526 congerit
2928 4455 3090 4511 verbi
3135 4456 3417 4533 φαίνεσθαι
3448 4463 3658 4519 eodem

2004 4560 2184 4600 sensu
2232 4543 2459 4615 accepti
2521 4544 2810 4616 exempla.
2871 4547 3116 4603 Possem
3149 4554 3208 4604 et
3235 4551 3424 4607 multo
3483 4553 3659 4625 plura

2005 4633 2251 4691 alterius
2269 4632 2539 4704 ejusdem
2564 4632 2730 4688 verbi
2761 4633 3240 4708 signiﬁcationis,
3271 4657 3377 4711 pro
3410 4657 3477 4696 eo
3501 4641 3663 4714 quod

236 4732 594 4805 ptismalem
621 4742 827 4799 aquam
858 4739 989 4780 esse
1013 4740 1027 4791 ;
1050 4737 1308 4792 cumque
1332 4719 1607 4775 sensibus
1632 4718 1902 4775 videatur
1933 4710 1978 4775 Ι)
2008 4728 2245 4794 apparet
2296 4728 2348 4777 et
2404 4724 2759 4778 existimatur
2813 4724 3101 4796 proferre,
3145 4710 3287 4783 cum
3312 4710 3537 4803 duplei
3590 4732 3668 4787 sit

215 4839 397 4895 aqua
428 4818 745 4884 naturalis,
786 4816 895 4870 hos
927 4819 1127 4868 tamen
1168 4827 1292 4866 non
1320 4808 1650 4866 audiendos
1681 4808 1897 4864 confir-

209 4918 443 4977 ment;
476 4909 584 4966 sed
617 4924 687 4962 ex
728 4904 867 4960 ﬁdei
901 4900 1241 4959 testimonio
1272 4899 1448 4971 longe
1497 4898 1739 4953 certiori
1770 4914 1899 4953 cre-

209 5007 512 5062 dendum
534 5018 688 5059 esse.
713 4997 872 5070 quod
890 4995 1119 5051 videtur
1141 5008 1296 5064 aqua
1315 4992 1566 5064 gratiam
1593 5008 1723 5047 esse
1749 4990 1898 5046 invi-

211 5105 505 5161 sibilem.
544 5101 609 5154 in
636 5111 838 5169 quam,
861 5093 1015 5150 sicut
1035 5091 1177 5146 olim
1210 5089 1270 5143 in
1309 5089 1534 5153 vinum,
1559 5088 1690 5159 ipsa
1715 5086 1903 5143 eccle-

216 5195 491 5250 siastica
510 5203 686 5261 prece
710 5185 1104 5239 transmutata
1126 5178 1246 5234 sit?
1263 5194 1382 5232 non
1408 5176 1679 5232 distinxit
1700 5176 1904 5232 Alber-

217 5286 407 5340 tinus
430 5282 554 5337 duo
578 5272 986 5331 dissimillima
1000 5284 1201 5325 rerum
1222 5283 1470 5340 genera:
1493 5283 1682 5321 unum
1704 5266 1765 5320 in
1790 5282 1906 5338 quo

223 5382 327 5430 est
366 5369 605 5443 aliquid
630 5372 837 5438 praeter
866 5369 918 5417 et
946 5376 1116 5431 supra
1137 5373 1423 5414 sensuum
1457 5356 1907 5424 testimonium;

222 5466 507 5522 alterum
542 5457 702 5532 quod
760 5460 852 5510 est
880 5458 1070 5509 contra
1104 5449 1266 5506 idem
1324 5464 1611 5503 sensuum
1642 5448 1913 5503 testimo-

224 5557 445 5611 nium.
472 5551 743 5606 Primum
767 5550 859 5599 est
874 5557 1008 5598 cum
1029 5546 1236 5611 praeter
1255 5553 1382 5593 rem
1407 5537 1737 5606 subiectam
1772 5554 1909 5593 sen-

217 5647 418 5702 sibus
450 5638 684 5713 aliquid
724 5633 891 5692 aliud
916 5638 1005 5687 est
1027 5629 1184 5700 quod
1210 5644 1452 5683 sensum
1484 5627 1634 5700 fugit
1654 5635 1911 5698 et-supe-

220 5747 370 5796 rat.
402 5737 498 5792 Sic
526 5737 588 5790 in
628 5729 933 5803 baptismo
964 5729 1024 5780 et
1066 5722 1406 5790 chrismate,
1439 5726 1655 5792 prmter
1698 5736 1913 5793 aquam

226 5838 303 5890 et
320 5831 734 5904 unguentum,
755 5817 928 5877 adest
942 5814 1194 5889 Spiritus
1215 5816 1474 5869 sanctus.
1497 5812 1767 5869 Alterum
1780 5827 1915 5869 cum

2008 4814 2191 4886 hujus
2214 4812 2489 4869 vocabuli
2528 4818 2792 4885 potestas
2824 4820 2885 4871 et
2914 4816 3290 4890 significatio.
3324 4820 3435 4876 Sed
3480 4823 3662 4878 aliam

2009 4902 2073 4963 in
2102 4905 2216 4960 hoc
2245 4904 2396 4972 loco,
2430 4908 2646 4975 praeter
2670 4921 2800 4960 eam
2828 4922 3008 4977 quam
3040 4908 3093 4961 ei
3146 4909 3528 4965 attribuimus
3560 4912 3663 4966 ha-

2011 4995 2152 5051 bere
2178 5010 2298 5048 non
2322 4998 2547 5064 potest:
2581 4994 2697 5047 nisi
2732 4994 2857 5048 haec
2879 4994 3133 5050 ridicula
3162 4996 3382 5066 Cyrillo
3414 4997 3667 5073 afﬁnga-

2012 5090 2110 5143 tur
2139 5084 2351 5149 oratio,
2381 5083 2552 5155 panis
2590 5083 2843 5139 visibilis
2887 5090 2946 5139 et
2992 5085 3321 5142 materialis
3344 5089 3515 5159 panis
3546 5109 3667 5150 non

2016 5181 2125 5243 est,
2149 5174 2386 5230 tametsi
2410 5173 2683 5229 sensibus
2699 5174 2780 5229 ita
2801 5174 3088 5231 videatur.
3112 5179 3672 5252 Atsupponendum,

2016 5264 2232 5336 inquit,
2260 5264 2432 5336 panis
2463 5263 2800 5318 communis
2841 5280 2964 5319 non
3014 5269 3123 5319 est.
3158 5266 3446 5326 Ostendat
3492 5290 3674 5331 unam

2018 5354 2175 5428 apud
2197 5370 2408 5410 omnes
2429 5358 2701 5409 auctores
2721 5354 3103 5423 sententiam,
3132 5356 3195 5411 in
3219 5375 3337 5428 qua
3367 5378 3677 5435 suppona-

2019 5453 2116 5503 tur
2146 5448 2208 5501 in
2230 5444 2410 5501 simili
2438 5444 2586 5512 loco,
2623 5443 2781 5514 quod
2803 5450 2931 5500 erat
2952 5445 3425 5518 exprimendum.
3459 5454 3545 5509 Ad
3568 5455 3681 5513 hoc

2023 5537 2381 5610 exemplum.
2409 5536 2569 5592 verbi
2604 5535 2812 5607 gratia,
2840 5537 2999 5608 quod
3049 5539 3347 5596 videbitur
3367 5560 3581 5617 corpus
3614 5549 3675 5605 in

2022 5627 2484 5688 resurrectione,
2512 5641 2633 5679 non
2689 5625 2802 5678 erit
2826 5643 3062 5698 corpus,
3123 5628 3265 5684 licet
3289 5634 3680 5693 sensibus-ita

2023 5717 2292 5773 videatur
2317 5732 2328 5770 :
2353 5720 2421 5770 ut
2457 5730 2565 5768 vox
2585 5715 2812 5770 carnale
2851 5722 2902 5771 et
2941 5722 3196 5774 terrestre
3218 5735 3412 5790 neque
3458 5721 3521 5777 in
3552 5725 3684 5795 ipsa

2027 5805 2436 5882 propositione
2466 5819 2663 5875 neque
2719 5803 2783 5860 in
2809 5805 3109 5879 adjunctis
3169 5807 3552 5879 exprimatur.
3590 5812 3686 5868 Se-
