4024 6410
446 434 562 497 an
1627 428 1727 491 DE
1771 423 2178 491 DOCTBINA
2222 423 2290 486 s.
2335 425 2673 490 CYRILLI.
3704 443 3798 506 ετξ

450 567 670 632 cundo,
691 581 769 623 ne
794 566 900 623 illa
921 565 1126 640 Cyrilli
1179 563 1356 622 verba
1371 566 1539 636 panis
1583 580 1696 620 non
1744 569 1823 618 est
1844 567 1895 617 et
1915 561 2107 616 vinum
2138 559 2188 626 Α
2217 575 2322 630 pus
2344 567 2398 616 et
2413 565 2738 632 sanguinem
2759 563 3012 623 Christi?
3027 582 3133 639 per
3153 566 3390 624 verbum
3412 573 3612 638 autem,
3629 572 3795 643 Amen,

454 673 568 714 non
597 664 696 726 est,
720 674 926 714 verum
951 673 1166 730 panem
1192 664 1251 712 et
1281 672 1486 712 verum
1509 656 1712 710 vinum
1739 651 1812 708 ab
1844 649 2114 706 euchari-
2225 651 2382 720 quod
2415 657 2506 708 est
2556 655 2922 711 assensionis
2980 657 3245 723 verbum,
3282 664 3391 715 cat.
3444 661 3528 728 23,
3565 678 3706 717 num.
3737 665 3802 731 l8,

459 747 901 804 stiaexcludere
923 743 1966 818 fateatur;multaproducitPatrum
1987 738 2117 793 loca
2223 740 2502 812 quodque
2534 743 2827 815 signiﬁcat
2871 746 2972 816 ﬁat
3003 751 3106 802 aut
3161 763 3346 802 verum
3377 755 3472 814 est,
3525 757 3679 820 prout
3703 769 3807 809 cum

461 836 536 893 ad
551 836 959 908 metaphoram
992 833 1403 908 intelligenda,
1427 833 1644 906 quibus
1675 831 1748 887 de
1781 845 1843 885 re
1866 834 2117 900 negatur
2221 836 2357 886 voto
2379 838 2482 887 aut
2505 849 2639 888 cum
2662 851 2724 890 re
2749 835 3133 893 assentienda
3153 839 3283 907 conj
3295 845 3528 894 unctum
3548 846 3655 907 est;
3673 857 3806 896 com-

459 926 520 982 id
542 927 700 999 quod
728 926 858 998 ipsa
885 942 980 980 res
1013 931 1132 994 est;
1155 941 1412 996 cumque
1440 922 1776 979 substantia
1797 918 2000 992 negari
2026 917 2113 971 vi-
2222 920 2541 977 municans
2570 939 2879 980 assensum
2913 926 3142 998 prasbet
3167 927 3552 984 ministrantis
3572 928 3672 983 sibi
3688 947 3806 985 com-

459 1013 1468 1090 deatur,solanegaturqualitas;uti
1483 1011 1640 1085 quod
1655 1009 2114 1068 dicuntzAurum
2223 1011 2567 1066 munionem
2587 1015 3001 1086 propositioni.
3032 1017 3249 1084 Tertio,
3282 1018 3472 1073 cautio
3493 1018 3588 1073 illa
3615 1035 3680 1073 ne
3698 1019 3808 1090 quid

454 1121 566 1156 non
585 1105 728 1156 sinit
755 1105 1007 1155 homines
1045 1121 1161 1154 esse
1187 1104 1461 1166 homines,
1495 1101 1590 1152 sed
1615 1109 1718 1152 aut
1744 1102 1898 1163 feras
1927 1106 1978 1147 et
2007 1097 2113 1146 ἄιε·
2221 1116 2292 1156 ex
2315 1117 2481 1157 sacro
2507 1119 2658 1174 pane
2682 1103 3018 1170 intercidat,
3044 1123 3222 1178 quam
3243 1108 3305 1163 in
3328 1125 3476 1179 aqua
3503 1107 3804 1180 baptismali,

454 1209 644 1246 mones
677 1193 881 1245 reddit.
933 1195 1027 1245 Ira
1079 1195 1364 1245 hominem
1399 1208 1511 1243 non
1541 1189 1790 1242 concedit
1835 1189 2114 1238 hominem
2220 1190 2374 1258 oleo,
2404 1209 2572 1248 sacro
2603 1194 2944 1264 chrismate,
2980 1202 3099 1253 tam
3133 1214 3337 1253 severe
3368 1197 3699 1253 inculcatam
3716 1214 3804 1254 non

450 1300 582 1335 esse.
609 1286 898 1348 Baptismi
918 1287 1105 1336 virtus
1125 1301 1239 1335 non
1260 1285 1404 1335 sinit
1423 1283 1674 1334 homines
1711 1295 1826 1330 esse
1840 1278 2112 1336 homines,
2221 1279 2474 1354 legimus
2500 1301 2514 1352 ;
2540 1283 2794 1356 jactura
2851 1285 2980 1358 ejus
3023 1287 3386 1360 comparatio
3431 1303 3560 1344 cum
3589 1287 3802 1359 ipsorum

455 1377 550 1427 sed
577 1376 800 1440 angelos
823 1391 934 1440 pro
962 1375 1287 1428 hominibus
1315 1374 1476 1438 facit.
1510 1373 1741 1428 Quando
1787 1370 1947 1420 homo
1977 1377 2044 1418 te:

2221 1373 2487 1444 corporis
2509 1375 2915 1431 membrorum
2939 1375 3420 1442 detruncatione;
3446 1393 3647 1432 severas
3665 1377 3803 1432 anim-

441 1481 657 1530 perans
685 1475 782 1530 est,
835 1482 965 1518 caro
993 1483 1106 1518 non
1167 1467 1419 1530 amplius
1449 1480 1578 1516 caro
1634 1471 1732 1522 est,
1765 1462 1863 1511 sed
1895 1475 2024 1510 caro
2049 1461 2114 1509 in
2221 1461 2601 1519 adversiones
2631 1464 2928 1534 Ecclesiae,
2964 1467 3444 1538 pmnitentimque
3468 1467 3580 1522 illis
3607 1466 3802 1538 imposi-

451 1559 724 1622 spiritum
745 1567 966 1610 mutata
1004 1567 1102 1609 est.
1141 1559 1345 1621 Corpus
1383 1556 1699 1622 regenerati
1718 1557 1786 1620 ﬁt
1831 1568 1956 1604 caro
1986 1567 2115 1601 cru-
2221 1557 2315 1619 tua,
2349 1571 2602 1625 quorum
2634 1572 2664 1610 e
2693 1557 2973 1612 manibus
3000 1558 3168 1614 nulla
3196 1558 3512 1630 aliquando
3543 1557 3702 1629 culpa
3725 1571 3802 1610 sua

458 1649 638 1714 οἰβ-νί.
661 1652 1070 1708 Prostremum
1091 1650 1253 1705 hunc
1279 1649 1475 1705 locum
1499 1664 1567 1703 ex
1596 1641 2116 1718 metaplioricislo-
2219 1642 2386 1714 lapsa
2409 1651 2584 1707 esset,
2606 1651 2708 1700 aut
2727 1646 2950 1718 alioqui
2977 1648 3036 1702 in
3071 1649 3347 1704 manibus
3379 1649 3631 1720 ipsorum
3656 1645 3802 1718 profa-

458 1737 800 1795 cutionibus
815 1738 1248 1811 excipio;nihil
1268 1737 1424 1793 enim
1441 1737 1602 1792 aliud
1623 1735 2112 1809 signiﬁcatquam
2219 1739 2360 1788 nata
2391 1735 2784 1802 eucharistia;
2846 1737 2991 1802 haec,
3025 1738 3293 1810 inquam,
3353 1739 3550 1794 omnia
3573 1737 3692 1809 pl..s
3724 1735 3804 1790 ali-

459 1845 808 1900 corpoream
861 1829 1158 1900 baptizati,
1189 1834 1320 1900 post
1353 1827 1643 1899 [CCXXX]
1693 1841 1921 1881 sacram
1951 1839 2108 1879 com-
2219 1823 2362 1894 quid
2395 1824 2582 1894 ipsam
2637 1842 2786 1892 esse,
2821 1843 3000 1898 quam
3033 1828 3403 1884 materialem
3463 1824 3806 1882 ecclesiastica

459 1918 831 1985 munionem,
855 1935 990 1974 cum
1005 1919 1236 1974 Christo
1267 1917 1776 1989 conjunctionem.
1800 1915 1858 1969 In
1881 1911 2112 1969 caneris
2144 1939 2188 2006 Β
2221 1930 2396 1984 prece
2449 1923 2860 1971 consecratum
2920 1934 3156 1988 panem,
3226 1919 3384 1974 clare
3433 1917 3804 1972 demonstrant.

459 2012 681 2069 autem.
701 2014 770 2064 ut
792 2007 1112 2081 perfectam
1141 2007 1400 2063 habeant
1429 2023 1564 2061 cum
1587 2005 1912 2078 Cyrilliana
1942 2001 2110 2058 simi-
2144 2000 2182 2006 '
2221 2005 2460 2070 Quarto,
2493 2005 2903 2063 adorationem
2939 2009 3321 2081 suscipiendo
3353 2008 3560 2063 Christi
3583 2000 3804 2076 sanguini

454 2097 792 2161 litudinem.
827 2098 996 2154 deest
1044 2098 1290 2154 verbum
1343 2097 1492 2153 illud
1523 2097 1938 2169 Cyrillianum,
1987 2093 2112 2148 licet
2221 2097 2281 2146 et
2334 2110 2579 2166 corpore
2612 2099 3042 2170 prmscriplnm,
3103 2098 3176 2155 ad
3209 2101 3394 2154 Deum
3451 2097 3510 2152 in
3541 2091 3806 2151 euchristia

451 2204 636 2245 sensus
691 2190 858 2245 aliter
908 2192 1249 2245 renuntient.
1303 2190 1530 2244 Desunt
1576 2187 1860 2258 adjuncta
1888 2183 2112 2253 omnia,
2220 2194 2574 2254 praesentem
2632 2187 2955 2258 pertinere,
2989 2195 3046 2244 et
3098 2189 3320 2245 idcirco
3381 2185 3629 2260 supremi
3653 2183 3804 2239 cultus

455 2279 672 2351 quibus
691 2279 1016 2352 Cyrilliana
1039 2279 1389 2352 prapositio,
1413 2281 1582 2350 panis
1602 2277 1703 2348 qni
1718 2277 1940 2332 videtur
1950 2276 2115 2346 panis
2219 2273 2630 2331 adorationem
2654 2277 3081 2334 essedubitare
3104 2295 3224 2335 non
3245 2279 3388 2335 sinit
3414 2279 3537 2350 ejus
3561 2292 3681 2331 cum
3701 2287 3806 2345 pra-

454 2385 566 2426 non
600 2375 698 2437 est,
724 2376 907 2426 tamen
953 2377 1120 2441 gustu
1152 2371 1450 2436 sentiatur,
1494 2375 1632 2436 etc.,
1669 2365 1743 2422 ad
1779 2381 1976 2421 veram
2007 2380 2115 2437 pa—
2220 2364 2452 2420 cedenti
2479 2373 2537 2420 et
2563 2367 2868 2441 [CCXXXI]
2895 2369 3286 2441 consequenti
3317 2367 3580 2424 doctrina
3603 2363 3801 2434 conjun-

456 2461 553 2518 nis
575 2466 635 2517 et
661 2461 782 2516 vini
813 2461 1216 2518 exclusionem
1240 2460 1687 2516 determinatur.
1714 2458 1949 2530 Alioqui
1979 2457 2112 2514 illa-
2220 2455 2353 2510 ctio.
2379 2456 2615 2522 Quinto,
2641 2473 2711 2514 ea
2739 2460 3058 2531 praeceptio
3089 2465 3156 2514 ut
3185 2459 3402 2514 Christi
3432 2472 3634 2528 corpus
3661 2449 3805 2508 oculis

459 2567 595 2606 rum
625 2549 996 2607 locutionum
1027 2567 1161 2608 cum
1194 2550 1520 2623 Cyrilliana
1557 2547 2113 2606 dissimilitudinem
2219 2543 2292 2601 ad
2315 2547 3418 2622 sanctiﬁcationemimponatur,utque
3440 2541 3807 2613 collectuspost

463 2641 608 2698 satis
634 2640 696 2697 in
753 2640 1266 2699 observationibus
1299 2643 1322 2695 1
1385 2645 1445 2698 et
1473 2643 1506 2694 2
1536 2638 1747 2712 capitis
1794 2639 1827 2694 9
1876 2636 2116 2710 aperui-
2221 2637 2623 2709 sumptionem
2646 2639 2848 2696 calicis
2881 2657 2950 2696 ex
2973 2640 3150 2696 labiis
3173 2640 3406 2707 mador,
3438 2636 3608 2694 fronti
3629 2639 3678 2690 et
3699 2629 3805 2687 reli-

464 2747 620 2788 mus.
2220 2727 2354 2800 quis
2385 2728 2662 2784 sensibus
2716 2729 3127 2798 admoveatur;
3161 2731 3466 2801 signiﬁcat
3507 2741 3638 2784 sane
3661 2721 3804 2778 iulia)-

949 2837 1197 2886 oumruu
1235 2835 1629 2876 ARGUIENTUH.
2218 2823 2450 2875 rentem
2482 2819 2802 2891 quamdam
2834 2820 2894 2876 in
2936 2821 3067 2893 ipsa
3089 2836 3154 2876 re
3204 2817 3705 2876 sanctiﬁcationem
3728 2809 3798 2862 in-

527 2913 618 2968 89.
673 2909 775 2967 Eis
823 2911 1168 2967 continetur
1223 2915 1337 2965 cat.
1397 2911 1465 2964 23
1521 2907 1738 2976 verbis,
1783 2922 1952 2962 num.
2001 2908 2109 2961 2t:
2219 2925 2371 2978 esse,
2395 2910 2566 2982 cujus
2586 2910 2909 2966 virtusnon
2939 2911 2998 2965 in
3032 2911 3420 2982 suscipientis
3441 2908 3551 2964 ﬁde
3579 2895 3803 2978 positas“

453 2999 664 3051 Αᾶίϐηδ
711 2999 779 3050 ad
811 3000 1002 3062 altare.
1041 3015 1112 3048 ηε
1135 2996 1400 3060 σατραηεῦ
1431 3012 1712 3048 manuum
1741 2997 1903 3051 υοὶίτ.
1933 3009 2113 3060 Mun
2219 3004 2373 3067 tota;
2399 3001 2574 3072 quale
2597 3000 2658 3056 in
2681 3001 3040 3056 eucharistia
3061 3001 3353 3056 efﬁcacia)
3377 3015 3556 3073 genus
3575 2994 3733 3051 solum
3752 2983 3805 3042 ab

451 3087 760 3145 disiunctis
780 3087 980 3151 digitis
997 3087 1220 3146 accede;
1241 3087 1335 3135 sed
1351 3086 1650 3136 sinistram
1674 3086 1826 3134 velut
1843 3084 2112 3134 thronum
2217 3089 2570 3146 adversariis
2600 3089 2953 3146 admittitur,
2989 3090 3340 3146 Ridiculum
3372 3096 3460 3146 est
3483 3103 3606 3145 cum
3648 3079 3809 3138 Alber-

449 3176 761 3238 subjiciens
784 3177 1046 3238 dea-terte,
1067 3183 1255 3238 utpote
1291 3175 1497 3239 Regem
1545 3184 1883 3236 suscpturaz;
1907 3183 1956 3223 et
1982 3189 2113 3224 cono
2217 3179 2342 3234 ιίηο
2364 3179 2726 3252 respondere
2775 3180 3124 3252 sanguinem
3174 3180 3266 3235 C11
3280 3180 3429 3245 risu,
3462 3192 3584 3235 cum
3613 3173 3665 3228 in
3687 3164 3815 3224 venis

454 3281 590 3316 cava
608 3281 786 3316 manu
809 3267 1025 3328 suscipe
1043 3281 1240 3330 οηνρω
1259 3265 1491 3320 Christi.
1513 3265 1872 3327 respondens,
1911 3265 2043 3314 Ame

2223 3271 2347 3341 ejus
2370 3271 2764 3332 contineatur.
2787 3269 2955 3326 nulla
2973 3287 3144 3342 posse
3167 3269 3526 3326 humiditate
3542 3259 3812 3331 suscipien-

451 3355 744 3420 Postquan
798 3363 986 3405 autent
1020 3363 1180 3405 caute
1211 3355 1398 3405 oeulos
1459 3363 1580 3404 tuos
1633 3362 1889 3404 contactu
1933 3354 2115 3403 sancti
2147 3349 2191 3370 ν
2226 3368 2349 3416 tum
2381 3377 2446 3416 οε
2477 3365 2536 3415 ει
2563 3359 2723 3416 labia
2749 3360 3138 3432 perfundere;
3173 3376 3319 3416 nam
3352 3366 3410 3416 et
3438 3349 3677 3428 sanguini
3703 3358 3813 3399 vere

457 3447 708 3508 corporis
734 3447 1196 3512 sanctiﬁcaveris,
1229 3447 1380 3496 illud
1393 3447 1634 3508 percipe,
1691 3445 2016 3508 adoigilans
2045 3459 2114 3493 ne
2223 3460 2283 3505 ει
2307 3450 2518 3506 merito
2542 3449 2846 3514 tribuitur,
2873 3450 3033 3522 quod
3066 3451 3386 3522 speciebus
3411 3447 3518 3506 suis
3544 3433 3813 3498 convenit;

461 3538 602 3602 quid
619 3553 688 3587 ea:
707 3553 768 3587 eo
806 3537 910 3588 tibi
955 3539 1236 3601 depereat:
1257 3539 1406 3604 quod
1445 3538 1600 3587 enim
1657 3537 1994 3587 intercidere
2015 3551 2050 3599 ρ

2226 3546 2284 3595 et
2303 3541 2525 3613 alioqui
2548 3541 2668 3595 vini
2691 3540 3018 3596 consecrati
3046 3540 3360 3612 particula)
3383 3555 3497 3596 non
3517 3531 3684 3590 solum
3704 3537 3815 3580 san-

465 3627 644 3686 tieris,
671 3627 732 3676 id
761 3627 866 3698 tibi
893 3637 1166 3692 tanquam
1194 3643 1262 3677 ex
1282 3628 1541 3690 propriis
1563 3627 1830 3676 membris
1861 3625 2118 3676 deminu-
2221 3631 2464 3702 guinem
2486 3630 2702 3687 Christi
2722 3629 3164 3698 continent,sed
3179 3631 3608 3702 ejusintegrum
3623 3627 3816 3686 corpus:

471 3724 593 3768 tum
615 3727 820 3780 puta...
859 3718 1008 3784 quod
1034 3725 1114 3767 est
1160 3733 1303 3768 auro
1329 3733 1395 3768 ac
1419 3717 1660 3782 gemmis
1695 3717 1858 3780 longe
1898 3716 2060 3778 preti.

2228 3722 2394 3794 cujus
2427 3726 2518 3776 est
2548 3736 2618 3775 ex
2649 3721 2778 3777 sola
2805 3720 3240 3793 cnnjunctionc
3269 3737 3406 3776 cum
3438 3714 3598 3772 verbo
3626 3707 3690 3764 ad
3716 3715 3817 3758 san-

464 3807 608 3858 sius.
637 3806 776 3860 Num
796 3808 888 3858 23:
930 3808 1072 3858 Tum
1112 3823 1240 3856 vero
1289 3815 1415 3869 post
1447 3807 1896 3856 communionem
1925 3819 2053 3867 corp

2054 3819 2116 3855 ο·
2225 3809 2610 3867 ctiﬁcandum
2645 3825 2861 3882 corpus
2891 3814 3165 3866 nostrum
3188 3811 3385 3866 virtus
3413 3804 3643 3861 viviﬁca.

462 3898 548 3948 ris
581 3895 809 3958 Christi,
866 3897 1055 3948 accede
1093 3905 1146 3946 et
1175 3897 1248 3946 ad
1292 3896 1601 3959 sanguinis
1653 3896 1919 3958 poculum
1941 3911 1959 3945 .'
2001 3910 2114 3946 non
2293 3903 2382 3958 9ο,
2411 3899 2703 3956 Albertini
2751 3880 2962 3955 bmneg
2986 3899 3061 3954 ad
3087 3900 3196 3954 hoc
3230 3900 3638 3973 argumentum
3683 3880 3818 3973 0ij-

461 3988 761 4038 extendens
788 4002 1005 4046 manus,
1036 3988 1127 4037 sed
1145 4002 1366 4050 pronus
1405 3994 1455 4035 et
1483 3986 1827 4036 adorationis
1846 4001 1912 4036 ac
1953 4000 2116 4034 vene—
2221 3989 2449 4044 ctiones
2471 3989 2770 4061 occupavi.
2796 3989 2909 4044 Sed
2930 3968 3351 4060 prmtereundn
3373 4003 3491 4042 non
3515 3968 3818 4047 estobjeCtiO

460 4081 704 4131 rationis
729 4083 788 4132 in
839 4083 1085 4139 modum,
1135 4081 1341 4143 dicens,
1369 4081 1583 4130 Amen:
1640 4081 2011 4146 sanctiﬁceris
2045 4093 2114 4128 ex
2219 4095 2397 4152 quam
2421 4096 2553 4134 cum
2578 4059 2692 4134 sibi
2715 4059 3123 4150 proposuisset
3144 4077 3468 4133 Perronius
3488 4078 3546 4128 et,
3563 4059 3818 4125 dissolvis-

457 4172 788 4234 sanguinem
810 4171 1022 4222 Christi
1052 4187 1272 4236 quoque
1298 4187 1547 4224 sumens.
1575 4171 1646 4221 Et
1677 4187 1802 4222 cum
1825 4169 2114 4222 adhucad-
2221 4175 2332 4236 set,
2366 4168 2821 4225 instaurandum
2871 4168 3122 4240 suscipit
3152 4165 3531 4222 adversarius
3557 4178 3568 4216 :
3601 4165 3761 4225 eaque
3803 4159 3828 4200 ⁸

459 4260 626 4311 heret
646 4261 813 4312 labiis
844 4262 960 4312 tuis
989 4277 1058 4312 ea:
1085 4277 1145 4312 eo
1173 4263 1385 4322 mador,
1415 4261 1682 4313 manibus
1719 4264 2025 4327 attingens,
2059 4269 2112 4312 et
2217 4259 2396 4316 nobis
2426 4259 2488 4315 in
2521 4265 2752 4315 sextum
2783 4258 3094 4314 catholica,
3123 4257 3420 4312 doctrinm
3461 4246 3823 4324 argumentum

458 4351 665 4412 oculos,
693 4359 746 4401 et
770 4355 1036 4414 frontem,
1067 4355 1120 4402 et
1146 4353 1396 4418 reliquos
1415 4355 1936 4420 sensussanctiﬂca.
1983 4356 2110 4410 Non
2217 4351 2602 4408 convertitur.
2636 4351 2864 4406 Petitur
2920 4366 2992 4406 ex
3019 4348 3113 4404 his
3145 4348 3342 4404 verbis
3393 4351 3508 4402 cat.
3542 4343 3626 4406 23,
3679 4351 3732 4390 n.
3759 4328 3826 4406 15,

457 4437 746 4497 immoror
770 4441 834 4497 in
863 4442 1158 4514 frequenti
1217 4450 1282 4500 et
1305 4444 1379 4501 ad
1433 4444 1698 4518 singulas
1727 4461 1880 4518 pene
1915 4445 2110 4500 lineas
2216 4443 2318 4500 ubi
2349 4443 2503 4498 hanc
2523 4440 2844 4496 Dominicis
2867 4439 3156 4495 orationis
3171 4437 3527 4510 petitionem
3551 4425 3824 4518 explicauit

454 4531 809 4602 repetitione
840 4503 1084 4604 corpiiris
1133 4541 1186 4590 et
1216 4537 1505 4606 sanguinis
1531 4503 1764 4604 Christi,
1815 4534 1984 4592 nulla
2004 4549 2110 4590 un-
2215 4535 2423 4590 Panem
2477 4537 2730 4588 nostrum
2773 4503 3193 4586 substantialeni
3250 4528 3328 4584 da
3383 4523 3542 4582 nobis
3597 4513 3740 4606 hodie
3767 4503 3826 4606 :‘t

452 4634 631 4690 quam
665 4620 866 4695 figurae
899 4627 958 4678 et
985 4623 1270 4680 efficaciae
1293 4596 1600 4681 mentione
1629 4625 1818 4693 facta;
1841 4625 2102 4697 primum
2137 4674 2180 4697 η
2217 4622 2339 4680 ait:
2399 4623 2570 4678 Panis
2624 4623 2727 4675 iste
2774 4621 3097 4684 communis,
3154 4635 3268 4673 non
3329 4623 3410 4672 est
3475 4596 3828 4697 substantia“?

447 4674 938 4784 o‘bservo‘panem
990 4713 1473 4782 eucharisticum,
1533 4715 1636 4787 qui
1670 4674 1877 4772 Chriitri
1906 4729 2104 4784 corpus
2135 4674 2317 4769 l)Jste
2346 4717 2533 4768 autem
2584 4712 2750 4780 panis
2805 4711 2904 4781 qui
2934 4674 3152 4765 sanctus
3208 4713 3289 4764 est
3341 4689 3830 4791 substantialis?!-

445 4801 678 4870 dicitur,
705 4804 903 4874 Regem
955 4803 1254 4860 Christum
1297 4805 1626 4878 appellari;
1663 4804 1757 4860 cui
1815 4810 2100 4876 tanquam
2209 4805 2370 4876 quasi
2399 4803 2572 4870 dicas,
2603 4801 2680 4856 ad
2713 4801 3082 4856 substantiam
3123 4801 3326 4855 animae
3377 4797 3661 4853 ordinatus
3689 4788 3734 4839 et
3761 4788 3831 4878 in-

443 4893 1936 4966 veroregithronumprmpararideceat.Magniﬁca
1957 4909 2100 4950 sane
2217 4897 2455 4966 _titutus.
2489 4894 2593 4948 Hic
2643 4892 2814 4962 panis
2869 4907 2982 4946 non
3010 4891 3072 4945 in
3111 4895 3360 4945 ventrem
3412 4883 3564 4942 vadit
3614 4879 3830 4947 atque“

443 4980 516 5037 de
545 4981 840 5054 particula
895 4962 1087 5054 panis,
1122 4962 1282 5038 nuda
1339 4983 1555 5039 Christi
1591 4962 1796 5057 ﬁgura,
1849 4983 2096 5039 locutio.
2211 4962 2478 5040 secessum
2537 4983 2757 5056 ejicilur
2784 4981 2850 5050 ³⁷,
2909 4981 3002 5036 sed
3030 4982 3090 5035 in
3149 4995 3364 5035 omnem
3425 4977 3506 5031 tui
3554 4971 3831 5057 compagf'"

441 5070 710 5126 Christus
741 5071 916 5127 aliter
940 5087 1117 5144 quam
1146 5088 1392 5144 corpore
1414 5087 1521 5144 per
1547 5073 1725 5128 fidem
1753 5073 1953 5128 animo
1978 5089 2103 5129 sus-
2210 5074 2483 5129 dividitur
2539 5071 2614 5127 ad
2656 5073 2855 5126 ani-m2
2887 5077 2940 5126 et
2999 5067 3249 5141 corporis
3306 5066 3738 5144 emolumentum.
3767 5048 3828 5103 De

441 5157 556 5228 cipi
591 5165 804 5230 potest,
837 5142 1067 5216 fateor:
1101 5161 1163 5216 in
1195 5142 1380 5218 manu
1411 5142 1610 5217 autem
1639 5161 1936 5232 quomodo
1980 5161 2098 5218 nisi
2209 5179 2362 5236 pane
2395 5161 2789 5220 eucharistico
2820 5160 2917 5215 hic
2947 5160 3039 5232 agi
3061 5165 3289 5216 certum
3327 5163 3439 5222 est,
3461 5142 3734 5237 quidquid
3761 5153 3828 5237 ἥθ’

438 5261 548 5319 per
597 5263 812 5319 corpus
844 5265 1017 5304 suum
1038 5249 1066 5305 ‘2
1093 5251 1150 5304 2°
1180 5251 1330 5307 illud
1361 5253 1536 5307 Amen
1583 5251 1658 5308 ad
1689 5252 2095 5323 sumptionem
2206 5234 2276 5308 lit
2296 5251 2664 5318 Albertinus,
2691 5267 2814 5306 non
2837 5250 2997 5306 enim
3018 5247 3351 5321 spiritualis
3377 5243 3548 5318 panis
3568 5234 3830 5324 gratuiti-Il

435 5335 749 5407 utriusque
773 5338 1014 5408 speciei,
1037 5340 1489 5411 responsionem
1505 5357 1634 5397 esse
1652 5342 2095 5398 communican.
2205 5360 2446 5402 omnem
2477 5342 2738 5398 hominis
2761 5357 3070 5412 compagem
3089 5356 3152 5395 ac
3169 5335 3621 5394 canstftutionem
3645 5318 3830 5382 dividi-

435 5423 512 5479 tis
543 5424 618 5478 ad
647 5425 953 5496 antiquam
977 5432 1036 5482 et
1065 5429 1572 5500 simplicissimam
1603 5429 2092 5490 administranda
2201 5441 2391 5498 tur,ut
2419 5451 2538 5491 una
2553 5451 2688 5491 cum
2705 5434 2908 5490 anima
2936 5449 3150 5505 corpus
3172 5445 3418 5501 quoque
3449 5443 3554 5484 suo
3585 5414 3828 5478 contactu

433 5511 874 5570 οοωωυάίοηίε
931 5514 1250 5574 formu'am
1309 5533 1506 5590 εονρῑιε
1577 5521 1804 5587 Christi.
1865 5525 2093 5591 sanguis
2203 5525 2558 5582 sanctificet.
2594 5524 2742 5579 Hinc
2772 5523 2890 5578 duo
2927 5525 3284 5596 argumenta
3325 5517 3599 5576 conﬁcio.
3631 5507 3826 5566 Primo,

433 5601 658 5660 Christi.
682 5603 831 5668 Quid
861 5603 965 5660 illa
997 5603 1258 5663 formula
1301 5608 1617 5682 signiﬁcat,
1653 5609 1792 5678 nisi,
1828 5625 1938 5668 esse
1967 5628 2089 5669 cor-
2201 5614 2628 5674 eucharistiam
2646 5629 2769 5670 non
2791 5611 3234 5687 negatCyrillus
3250 5609 3314 5665 in
3326 5614 3592 5665 ventrem
3613 5600 3827 5658 descen-

503 5775 552 5812 ³⁶
581 5777 787 5835 Matth.
817 5795 896 5850 vx,
931 5779 1019 5836 11.
1094 5777 1140 5816 ³⁷
1169 5781 1372 5841 Matth.
1403 5800 1499 5856 xv,
1532 5789 1617 5844 17.
