4024 6360
166 332 294 395 273

1618 328 2148 395 DISSERTATIO
2190 331 2306 393 III.

3554 333 3676 397 2'”

177 470 350 537 dere,
385 483 589 540 quam
626 470 699 524 in
728 486 953 526 omnem
986 468 1176 526 nostri
1221 484 1533 539 compagem
1584 466 1764 523 dividi
1797 464 1895 521 hic
1927 469 1979 537 Α
2012 464 2267 533 stantia;
2300 464 2474 537 panis
2495 481 2712 538 nempe
2734 462 3064 522 materialis
3087 467 3147 520 et
3165 463 3369 521 vinum
3395 482 3512 539 quo
3535 484 3674 533 con-

196 564 304 630 ait,
336 568 396 617 et
424 563 487 615 in
523 562 797 616 membra
846 568 1047 617 nostra
1085 560 1170 616 sic
1199 561 1458 615 distribui
1486 563 1552 614 ut
1579 556 1717 613 inde
1744 556 1901 613 Chri-

214 664 357 715 stum
383 656 663 723 ferentes,
730 652 1029 722 eidemque
1083 649 1433 720 concorporei
1465 655 1517 706 et
1570 662 1902 716 consangues

224 748 541 818 efﬁciamur,
578 746 707 799 cat.
743 745 839 808 22,
900 759 961 797 n.
995 743 1046 806 3,
1080 741 1315 813 corpori
1348 739 1637 795 nimirum
1683 736 1898 793 Christi

236 837 507 898 tribuens,
537 833 711 904 quod
750 832 1069 904 speciebus
1099 830 1446 904 proprium;
1485 844 1675 900 eoque
1719 843 1900 883 sensu

242 928 445 985 addere
474 930 725 996 poterat
751 940 888 979 cum
921 922 1149 979 Iustino
1187 927 1247 976 et
1296 922 1543 984 Irenaeo,
1579 934 1646 974 ex
1679 918 1900 974 eucha-

226 1021 385 1077 ristia
415 1017 813 1089 sanguinem,
842 1020 903 1070 et
950 1031 1158 1070 carnes
1187 1018 1422 1069 nostras
1453 1028 1560 1084 per
1588 1015 1894 1066 transmu-

222 1110 509 1166 tationem
570 1106 820 1171 nutriri,
856 1104 1206 1177 sanguinem
1264 1107 1540 1158 nostrum
1579 1117 1650 1156 ex
1679 1098 1899 1155 Christi

215 1202 537 1274 sanguine,
567 1204 630 1254 et
659 1215 884 1269 corpus
930 1202 1200 1252 nostrum
1227 1211 1298 1250 ex
1355 1196 1486 1266 ejus
1516 1208 1763 1264 corpore
1790 1208 1896 1247 au.

206 1291 338 1365 geri
361 1307 374 1345 :
400 1306 542 1361 quae
564 1289 657 1344 uti
680 1286 1001 1343 commode
1015 1290 1072 1341 et
1086 1303 1155 1341 ex
1175 1285 1441 1340 humana
1457 1281 1894 1339 consuetudine

202 1380 453 1451 corpori
507 1377 734 1433 Christi
794 1376 1156 1443 tribuuntur,
1189 1390 1328 1430 cum
1370 1371 1684 1446 speciebus
1741 1370 1893 1427 illud

201 1468 645 1541 obtegentibus
676 1471 916 1522 tantum
943 1463 1335 1531 conveniant;
1369 1463 1454 1518 ita
1473 1462 1591 1518 nisi
1621 1460 1891 1517 Christus

206 1561 275 1619 in
308 1561 398 1616 eis
428 1559 874 1623 contineretur,
896 1570 1203 1627 nunquam
1226 1553 1422 1610 dicere
1450 1553 1740 1609 licuisset.
1773 1553 1890 1607 Ne-

207 1658 314 1726 gat
345 1666 484 1722 ergo
519 1653 762 1704 tantum
794 1645 1049 1718 Cyrillus
1079 1661 1297 1717 panem
1330 1643 1796 1700 eucharisticum
1822 1643 1886 1696 in

201 1748 464 1798 ventrem
497 1737 851 1803 descendere,
885 1741 951 1791 ut
1007 1734 1087 1790 ibi
1147 1733 1557 1790 communium
1614 1731 1884 1787 ciborum

2010 558 2160 611 stat:
2194 554 2360 610 aliud
2410 555 2483 611 ad
2541 556 2826 619 animam,
2862 572 3079 627 nempe
3129 555 3318 629 gratia
3348 556 3455 612 illa
3484 574 3666 629 quam

2006 644 2149 717 pani
2179 661 2285 700 suo
2318 650 2378 699 et
2405 644 2538 701 vino
2570 645 2900 702 liberaliter
2914 646 3269 717 adjungunt.
3292 645 3662 705 Catholicam

2006 734 2187 808 igitur
2217 734 2433 809 dogma
2472 753 2595 792 non
2643 736 3053 792 Calvinianum
3084 737 3342 808 explicat
3382 738 3657 810 Cyrillus.

2006 828 2133 882 Non
2165 826 2369 899 ignoro
2400 828 2606 882 Patres
2633 825 2955 898 aliquando
2988 827 3049 881 in
3084 827 3350 899 ﬁguratis
3399 833 3458 883 et
3486 845 3657 885 exor-

2004 917 2161 973 natis
2192 916 2264 971 de
2296 916 2637 988 baptismali
2667 933 2841 988 aqua,
2871 916 3214 987 chrismate,
3233 917 3364 973 oleo
3387 935 3554 975 sacro
3578 919 3661 975 Io-

2005 1005 2369 1075 cutionibus,
2401 1007 2517 1062 ista
2546 1023 2685 1062 usos
2717 1007 3005 1073 oratione,
3039 1031 3245 1080 aquam
3278 1030 3371 1066 cor
3398 1017 3643 1076 abluere,

2004 1107 2262 1156 animam
2292 1121 2390 1155 san
2401 1106 2662 1171 ctiﬁoare.
2684 1099 2758 1152 At
2772 1096 2954 1153 iidem
2973 1115 3109 1153 cum
3131 1097 3396 1168 pressius
3414 1103 3473 1153 et
3491 1115 3662 1155 accu-

2002 1188 2192 1243 ratius
2223 1188 2437 1243 horum
2459 1187 2879 1259 mysteriorum
2913 1188 3028 1242 vim
3053 1192 3110 1243 et
3138 1187 3433 1244 rationem
3465 1188 3658 1246 decla-

2002 1282 2156 1345 rant,
2186 1277 2559 1350 singularum
2616 1277 2877 1349 partium
2935 1277 3152 1348 quibus
3200 1283 3477 1333 constant
3508 1279 3657 1335 ﬁnes

2000 1367 2345 1439 limitesque
2376 1368 2827 1440 circumscripte
2883 1368 3323 1424 determinant:
3367 1383 3560 1439 neque
3592 1368 3653 1426 id

1996 1456 2158 1514 ullus
2188 1458 2430 1514 Patrum
2461 1457 2679 1530 Cyrillo
2710 1462 2913 1514 nostro
2963 1456 3308 1531 diligentius
3352 1458 3649 1529 praestitit,

1994 1564 2165 1619 aquas
2182 1546 2558 1620 baptismalis
2575 1549 2851 1603 effectum
2874 1563 3159 1620 corporea
3178 1547 3530 1620 purgatione
3552 1546 3653 1603 de-

1994 1637 2231 1705 ﬁniens,
2254 1643 2311 1693 et
2332 1636 2568 1709 spiritui
2592 1636 2790 1693 cordis
2818 1637 3238 1709 appersionem
3257 1654 3325 1693 ac
3346 1637 3647 1710 purgatio-

1991 1745 2129 1784 nem
2188 1744 2500 1785 reservans
2544 1733 2660 1784 cat.
2703 1729 2757 1796 3,
2792 1730 2932 1784 n.4.
2966 1727 3133 1793 Quod
3190 1728 3402 1783 iisdem
3458 1727 3644 1785 ferme

201 1847 377 1887 more
407 1833 836 1899 concoquatur
874 1830 933 1880 et
951 1824 1322 1888 conﬁciatur,
1357 1840 1425 1879 ac
1457 1822 1673 1878 deinde
1706 1824 1765 1876 in
1792 1838 1876 1877 se-
1914 1855 1960 1921 B
1991 1819 2190 1874 verbis
2244 1824 2527 1890 repetunt
2582 1817 2750 1891 Greg.
2802 1819 2958 1881 Naz.,
2992 1819 3159 1890 Greg.
3193 1820 3386 1889 Nyss.,
3418 1818 3644 1889 Cyrilli.

208 1938 417 1979 cessum
449 1925 563 1975 eat.
623 1919 812 1983 Quam
872 1921 1069 1971 autem
1102 1919 1324 1969 sortem
1381 1912 1597 1968 Christi
1647 1926 1883 1983 corpus,

216 2012 415 2083 ipsam
441 2009 619 2082 panis
641 2005 1016 2062 eucharistici
1044 2002 1663 2069 substantiam,subire
1685 2006 1882 2074 negat,

228 2101 303 2157 de
322 2098 637 2172 speciebus
664 2112 786 2152 non
814 2094 1113 2150 inﬁciatur
1136 2112 1151 2160 ;
1175 2109 1308 2150 cum
1342 2092 1711 2164 experientia
1740 2107 1882 2147 con-

221 2196 343 2245 stet
372 2206 496 2244 esse
525 2186 760 2258 aliquid
790 2186 853 2240 in
877 2183 1252 2251 eucharistia,
1281 2181 1441 2254 quod
1473 2183 1632 2236 velut
1679 2180 1880 2237 caeteri

214 2281 337 2338 cibi
370 2281 429 2335 in
489 2277 800 2334 stomacho
833 2275 1154 2348 digeratur,
1213 2278 1271 2328 et
1302 2272 1361 2327 in
1396 2287 1698 2328 secessum
1745 2276 1878 2325 eat:

211 2371 370 2427 alias
400 2386 603 2440 corpus
630 2368 834 2423 Christi
874 2365 937 2421 in
994 2366 1235 2421 membra
1262 2372 1454 2420 nostra
1509 2364 1788 2420 distribui.
1825 2368 1883 2418 et

216 2478 337 2533 per
366 2459 785 2515 eucharistiam
843 2470 1176 2525 consangues
1225 2453 1336 2524 ipsi
1364 2470 1464 2508 nos
1520 2454 1684 2522 efﬁci,
1718 2451 1878 2507 afﬁr-

232 2565 417 2605 mare
435 2564 562 2602 non
580 2548 876 2618 potuisset,
900 2545 1017 2600 nisi
1042 2544 1291 2617 species,
1315 2543 1423 2599 sub
1447 2542 1665 2614 quibus
1686 2540 1880 2598 occul-

242 2642 433 2703 tatur,
468 2636 526 2689 in
556 2635 805 2691 membra
830 2640 1038 2691 nostra
1065 2649 1131 2688 ac
1162 2637 1344 2688 totam
1375 2647 1723 2704 compagem
1754 2630 1879 2685 dis-

241 2725 658 2792 tribuerentur,
690 2740 947 2796 cumque
980 2727 1183 2779 nostro
1209 2722 1503 2795 sanguine
1535 2721 1878 2776 commisce-

230 2822 461 2873 rentur.
497 2815 633 2869 Dico
664 2813 1000 2887 [CCXXXII]
1026 2829 1195 2885 ergo:
1220 2811 1391 2884 panis
1419 2811 1872 2879 eucharisticus,

220 2908 286 2963 in
316 2922 380 2962 se
402 2905 648 2978 propria
680 2903 1013 2960 substantia
1061 2902 1609 2969 consideratus,nec
1639 2902 1701 2957 in
1732 2918 1872 2957 ven-

218 3004 308 3053 tre
329 2996 621 3069 digeritur
632 2995 814 3051 necin
838 3010 1135 3051 secessum
1156 2992 1311 3047 abit:
1338 2991 1719 3064 perspicuum
1738 2992 1873 3047 idin

216 3086 493 3144 doctrina
525 3084 837 3140 catholica.
873 3087 947 3138 At
976 3083 1036 3138 in
1061 3082 1403 3138 Calviniana
1436 3082 1733 3138 sententia
1761 3081 1875 3137 fal-

214 3194 345 3234 sum
370 3191 595 3248 panem
618 3173 1100 3239 eucharisticum,
1125 3173 1314 3244 ipsam
1338 3171 1511 3243 panis
1534 3171 1712 3244 hujus
1731 3170 1873 3226 sub-

216 3268 528 3333 stantiam,
551 3281 663 3321 nec
685 3266 748 3320 in
767 3270 969 3318 ventre
997 3263 1308 3334 concoqui,
1343 3279 1453 3317 nec
1474 3263 1536 3317 in
1567 3278 1869 3318 secessum

210 3358 319 3423 ire,
350 3374 493 3413 cum
529 3358 607 3411 sit
638 3357 806 3428 panis
838 3355 1198 3421 materialis;
1234 3370 1341 3409 nec
1390 3354 1740 3409 inﬁciantur
1767 3353 1874 3410 ad—

212 3448 459 3503 versarii
487 3464 502 3512 ;
538 3446 859 3501 ridiculum
890 3461 1024 3501 vero
1081 3444 1142 3500 id
1188 3460 1433 3499 monere
1494 3442 1565 3498 de
1598 3444 1786 3517 ﬁgura
1815 3447 1875 3499 et

214 3537 486 3593 efﬁcacia
517 3535 658 3591 huic
720 3535 859 3607 pani
889 3534 1193 3606 adjuncta,
1251 3532 1410 3606 quod
1460 3550 1571 3589 nec
1616 3534 1785 3589 vadat
1813 3535 1873 3587 in

211 3636 461 3684 uentrem
492 3642 597 3681 nec
622 3628 681 3680 in
711 3641 971 3681 secessum
1000 3625 1276 3695 ejiciatur.
1311 3625 1436 3679 Non
1487 3639 1624 3696 ergo
1656 3638 1873 3694 panem

219 3717 685 3773 eucharisticum
711 3715 966 3788 Cyrillus
1006 3713 1231 3769 Calvini
1264 3729 1464 3776 sensu,
1526 3712 1629 3767 sed
1662 3728 1876 3767 secun-

226 3805 362 3860 dum
394 3805 837 3861 Catholicorum
873 3803 1330 3875 intelligentiam
1389 3802 1738 3874 accipiebat.
1774 3802 1874 3857 Se-

226 3896 438 3964 cundo,
460 3895 640 3966 panis
665 3893 1094 3949 eucharisticus
1113 3909 1220 3948 sua
1248 3893 1603 3948 ordinatione
1631 3899 1682 3948 et
1712 3894 1878 3948 insti-

210 3988 432 4041 tutione
455 3985 536 4040 ad
581 3984 940 4039 substantiam
999 3985 1198 4038 animae
1221 3985 1486 4053 pertinet.
1531 3983 1878 4038 Substantia-

207 4076 276 4131 lis
306 4075 498 4130 habet
528 4089 748 4128 nomen
775 4088 846 4127 ex
866 4072 1083 4144 Cyrillo
1109 4076 1169 4127 et
1196 4071 1471 4127 Patribus
1493 4088 1613 4127 non
1637 4071 1873 4144 paucis:

202 4165 369 4221 idem
404 4178 650 4235 quoque
682 4178 803 4217 non
827 4161 902 4217 ad
932 4164 1138 4218 animm
1195 4161 1403 4225 solius,
1437 4160 1540 4216 sed
1589 4165 1770 4218 etiam
1801 4160 1876 4217 ad

208 4257 477 4326 corporis
532 4252 977 4318 emolumentum,
1008 4253 1068 4307 in
1099 4258 1270 4307 totam
1314 4251 1613 4307 humanam
1642 4268 1874 4323 compa-

199 4363 323 4418 gem
347 4343 735 4400 distribuitur.
768 4343 894 4397 Non
940 4346 1007 4398 ut
1035 4341 1097 4396 in
1127 4341 1424 4414 baptismo
1482 4346 1596 4397 cat.
1639 4343 1692 4408 3,
1724 4358 1785 4397 n.
1817 4341 1874 4407 4.

202 4443 266 4492 et
296 4437 364 4490 in
393 4432 724 4489 chrismate
745 4437 856 4488 cat.
882 4434 971 4497 2t,
1002 4449 1062 4487 n.
1098 4433 1150 4502 3,
1180 4431 1266 4487 sic
1297 4432 1359 4486 in
1382 4431 1744 4487 eucharistia
1773 4430 1877 4486 du~

202 4526 427 4597 plicem
457 4527 690 4595 partem
716 4521 1026 4594 distinguit
1046 4521 1322 4594 Cyrillus,
1348 4537 1602 4592 quarum
1648 4538 1767 4577 una
1800 4520 1873 4576 ad

1994 1909 2183 1976 Alex.,
2217 1914 2277 1964 et
2304 1908 2407 1964 alii
2443 1908 2635 1963 multi.
2662 1907 2881 1963 Eodem
2913 1907 3084 1964 modo
3111 1907 3379 1979 loquitur
3408 1914 3521 1965 cat.
3556 1911 3643 1980 17,

1991 2016 2159 2056 num.
2193 2000 2282 2054 36.
2341 2000 2410 2052 Et
2460 1998 2615 2053 hanc
2669 1997 2859 2053 solam
2917 1997 3324 2069 perfusionem
3356 1999 3644 2071 corporis.

1993 2088 2122 2143 sine
2145 2086 2269 2143 ulla
2281 2087 2473 2159 gratia
2489 2087 2676 2143 sancti
2693 2088 2966 2158 Spiritus,
2993 2087 3266 2142 attribuit
3292 2088 3367 2143 iis
3388 2089 3490 2159 qui
3510 2089 3645 2145 ﬁcte

1990 2177 2287 2234 accedunt
2317 2183 2442 2232 tum
2469 2177 2579 2232 hoc
2610 2176 2740 2233 loco
2774 2183 2896 2233 tum
2932 2181 3155 2249 procat.
3205 2193 3265 2232 n.
3304 2177 3327 2230 1
3363 2182 3422 2232 et
3448 2180 3501 2232 4.
3537 2179 3642 2235 Os-

1990 2268 2240 2324 tendant
2270 2268 2467 2333 velim,
2501 2273 2567 2323 ut
2614 2268 2756 2335 dixi,
2820 2268 2938 2323 sive
2993 2267 3150 2339 apud
3202 2268 3488 2341 Cyrillum
3521 2269 3640 2326 sive

1990 2358 2144 2430 apud
2172 2359 2345 2427 alios,
2368 2358 2522 2413 hanc
2553 2358 2809 2430 duplicis
2840 2359 3026 2430 partis
3050 2358 3112 2414 in
3143 2359 3503 2415 eucharistia
3524 2359 3642 2416 dis-

1988 2449 2361 2513 tinctionem,
2395 2466 2513 2522 qua
2535 2450 2669 2506 ﬁat:
2706 2453 2760 2503 1ο
2789 2453 2856 2504 ut
2906 2466 3144 2521 corpus,
3173 2448 3284 2506 hoc
3344 2449 3539 2505 solum
3568 2467 3639 2507 ex

1987 2544 2209 2595 attactu
2240 2539 2614 2594 eucharistiaa
2673 2543 3092 2610 consequatur,
3125 2543 3192 2594 ut
3232 2555 3383 2611 pane
3416 2544 3476 2597 et
3502 2540 3636 2596 vino

1985 2628 2272 2686 materiali
2301 2629 2517 2699 alatur,
2549 2630 2691 2684 dum
2712 2629 2903 2703 gratia
2923 2629 2996 2684 ad
3018 2629 3281 2685 animam
3312 2630 3634 2701 perveniat,

1985 2736 2104 2792 quo
2136 2720 2308 2792 panis
2356 2720 2692 2793 pertingere
2745 2736 2867 2775 non
2927 2720 3153 2790 possit;
3186 2723 3244 2775 2°
3275 2724 3340 2775 ut
3394 2720 3636 2793 indigne

1984 2809 2500 2867 communicantes
2532 2809 2726 2865 solum
2770 2825 2986 2881 panem
3016 2810 3390 2867 materialem
3421 2815 3480 2867 et
3507 2827 3636 2866 ma-

1983 2899 2192 2956 teriale
2225 2900 2427 2955 vinum
2461 2899 2778 2972 degustent
2799 2916 2814 2965 ;
2838 2916 2949 2954 nec
2981 2900 3133 2955 sacri
3151 2900 3415 2973 corporis
3439 2900 3635 2972 pollu—

1982 2990 2058 3045 tis
2081 2990 2359 3045 manibus
2410 2994 2468 3044 et
2499 3006 2598 3045 ore
2632 2989 2858 3061 recepti
2910 2990 2996 3045 rei
3038 2990 3202 3059 ﬁant,
3222 2995 3401 3062 atque
3432 3006 3466 3047 a
3495 3007 3640 3047 con-

1982 3079 2367 3135 demnatione
2397 3079 2561 3135 Judaa
2593 3079 2913 3151 proditoris
2944 3094 3012 3134 ac
3038 3080 3515 3153 crnciﬁgentium
3546 3082 3642 3137 Juo

1985 3169 2253 3227 daeorum
2311 3169 2714 3226 absolvantur.
2758 3170 3126 3243 [CCXXXIII]
3160 3171 3457 3245 Occupata
3500 3177 3641 3228 sunt

1984 3260 2118 3315 istis
2149 3260 2439 3315 Albertini
2468 3276 2772 3332 responsa.
2810 3261 2938 3315 Una
2958 3267 3231 3331 superest
3251 3263 3508 3333 objectio
3541 3263 3638 3319 Ri-

1982 3350 2095 3406 veti
2128 3367 2197 3405 ex
2224 3349 2482 3422 quodam
2517 3350 2856 3405 testimonio
2887 3355 3114 3410 catech.
3144 3358 3227 3425 t2,
3252 3370 3418 3409 num.
3455 3356 3505 3421 1,
3539 3352 3637 3409 de-

1984 3455 2241 3522 sumpta.
2271 3450 2365 3505 cui
2395 3448 2628 3505 abunde
2658 3449 2721 3503 in
2752 3449 2881 3520 ipso
2908 3448 3038 3504 loco
3068 3445 3490 3502 satisfecimus.

2055 3543 2142 3595 91.
2178 3540 2506 3612 Septimum
2536 3545 2955 3612 argumentum
3004 3554 3074 3594 ex
3104 3536 3499 3593 sinceriorum
3521 3534 3634 3591 ad-

1984 3629 2383 3685 versariorum
2434 3628 2811 3685 confessione
2870 3628 3103 3683 desumi
3160 3631 3381 3698 posest.
3416 3627 3516 3681 Vir
3559 3624 3632 3680 cl.

1985 3720 2269 3774 Ernestus
2300 3717 2487 3775 Grabe
2520 3735 2641 3772 non
2673 3717 2873 3772 minus
2928 3716 3114 3772 animi
3174 3715 3431 3770 candore
3462 3719 3641 3783 atque

1985 3809 2297 3864 honestate
2322 3824 2576 3874 morum,
2614 3823 2791 3878 quam
2824 3805 3158 3861 eruditione
3189 3802 3316 3859 orbi
3348 3801 3638 3857 litterario

1986 3903 2188 3965 notus,
2236 3898 2288 3953 vi
2331 3896 2597 3953 veritatis
2628 3895 2978 3968 compulsus
3010 3894 3202 3950 fassus
3234 3898 3324 3949 est
3353 3892 3641 3965 Cyrillum

1986 3992 2280 4055 nostrum,
2307 3987 2653 4059 Gregorium
2677 3989 3009 4057 Nyssenum
3034 4002 3100 4041 ac
3120 3986 3410 4040 Joannem
3438 3983 3644 4038 Dama-

1988 4093 2255 4143 scenum,
2290 4093 2507 4149 panem
2537 4092 2606 4131 ac
2635 4076 2835 4131 vinum
2861 4072 3237 4131 eucharistiaa
3260 4073 3322 4128 in
3349 4088 3565 4145 corpus
3584 4076 3645 4128 et

1985 4166 2339 4240 sanguinem
2358 4166 2577 4222 Christi
2610 4165 2997 4221 transmutari
3025 4163 3307 4222 sensisse.
3338 4164 3425 4219 Ita
3453 4161 3556 4218 ille
3578 4161 3641 4217 in

1987 4257 2113 4315 suis
2133 4255 2207 4313 ad
2237 4257 2530 4312 Irenaeum
2555 4272 2591 4313 a
2613 4272 2676 4312 se
2696 4255 2947 4323 editum,
2976 4254 3048 4310 ad
3070 4254 3174 4311 lib.
3202 4271 3256 4322 ν,
3287 4270 3415 4326 cap.
3448 4255 3503 4322 2,
3526 4268 3637 4308 no-

1987 4345 2085 4414 tis,
2119 4361 2250 4419 pag.
2286 4348 2427 4401 399:
2468 4347 2560 4414 Hi,
2593 4345 2790 4417 inquit
2845 4354 3064 4416 (Patres
3118 4367 3255 4417 quos
3303 4349 3635 4412 nominavi),

1974 4445 2244 4508 persuasi
2271 4452 2452 4503 erant,
2499 4445 2784 4507 Spiritum
2840 4452 3101 4494 sanctum
3148 4444 3367 4493 caelitus
3414 4442 3640 4491 descen-

1985 4535 2204 4584 dentem
2224 4535 2373 4597 pani
2427 4550 2542 4584 non
2598 4535 2756 4584 modo
2800 4534 3070 4583 virtutem
3132 4533 3381 4596 corporis
3429 4533 3638 4583 Christi

208 4630 424 4685 corpus
445 4613 669 4679 solum,
691 4611 878 4667 altera
898 4611 973 4666 ad
994 4612 1259 4667 animam
1283 4612 1585 4683 pertineat
1608 4627 1745 4665 :nec
1769 4611 1873 4679 ait,
1904 4600 1952 4665 D
1983 4619 2417 4675 communicare,
2438 4618 2629 4681 sicque
2642 4618 2896 4667 eumdem
2918 4618 3137 4667 ratione
3151 4618 3497 4682 qualitatum
3517 4630 3641 4665 mu-

213 4702 357 4758 dum
386 4719 544 4775 pane
567 4708 629 4757 et
658 4702 789 4756 vino
816 4702 1108 4757 materiali
1141 4718 1359 4773 corpus
1385 4700 1588 4764 alitur,
1621 4701 1872 4773 gratiam

204 4794 442 4850 eisdem
467 4809 542 4847 ex
564 4792 939 4847 invocatione
960 4791 1263 4847 Trinitatis
1286 4790 1659 4863 adjunctum,
1697 4790 1872 4862 spiri-

197 4884 357 4940 tuali
378 4883 518 4938 cibo
533 4898 601 4937 ac
616 4880 975 4953 pinguedine
989 4882 1252 4937 animam
1267 4880 1446 4937 alere.
1476 4880 1587 4937 Uni
1601 4884 1660 4935 et
1677 4878 1872 4935 eidem

200 4974 291 5030 rei
321 4978 652 5041 utrumque
684 4971 961 5026 effectum
991 4971 1293 5042 assignat;
1336 4974 1404 5026 ut
1432 4975 1489 5025 et
1519 4987 1735 5043 corpus
1765 4986 1871 5026 suo

204 5067 441 5119 attactu
465 5060 804 5116 sanctiﬁcat
823 5076 957 5115 cum
979 5061 1041 5115 in
1055 5061 1258 5116 omnia
1278 5058 1876 5117 membradistribua-

210 5158 330 5217 tur,
365 5157 430 5206 et
458 5151 725 5206 animam
782 5155 849 5205 ut
878 5150 1152 5221 proprius
1194 5149 1362 5205 cibus
1391 5155 1615 5222 pascat.
1676 5151 1757 5204 Ea
1785 5153 1876 5205 est

212 5241 500 5298 doctrina
531 5239 846 5306 catholica,
898 5256 1014 5310 qua
1043 5240 1312 5296 Christus
1368 5239 1526 5295 idem
1566 5256 1672 5311 per
1700 5255 1874 5294 suum

215 5348 436 5404 corpus
466 5336 740 5386 nostrum
770 5329 1045 5397 viviﬁcat,
1076 5330 1130 5384 vi
1160 5347 1231 5385 ex
1261 5329 1683 5401 conjunctione
1715 5328 1877 5384 verbi

220 5422 329 5493 ipsi
355 5420 537 5477 insita
565 5438 580 5489 ;
605 5427 665 5477 et
683 5436 796 5492 per
817 5418 1182 5474 divinitatem
1203 5434 1372 5474 suam
1402 5417 1665 5475 animam
1695 5417 1802 5473 alit
1820 5423 1880 5491 et

225 5510 572 5566 sanctiﬁcat.
610 5510 840 5564 Contra
866 5507 927 5561 in
956 5506 1273 5579 hypothesi
1320 5506 1683 5575 Calviniana,
1715 5506 1879 5565 aliud

224 5617 461 5672 prorsus
490 5601 566 5660 ad
600 5615 826 5670 corpus
850 5597 1139 5668 pertinet;
1162 5604 1223 5654 et
1251 5599 1363 5654 hoc
1394 5598 1586 5669 ipsum
1616 5603 1706 5654 est
1734 5616 1877 5655 con-

229 5694 312 5750 tra
340 5692 541 5768 Cyrilli
575 5687 953 5748 sententiam
984 5687 1112 5759 ipsa
1141 5687 1515 5745 eucharistici
1543 5688 1718 5761 panis
1747 5688 1879 5745 sub-

1983 4713 2104 4756 tare
2124 4722 2142 4756 :
2175 4708 2270 4756 sed
2296 4715 2347 4755 et
2375 4707 2572 4757 divina
2586 4709 2841 4771 potentia
2891 4709 3073 4770 ipsam
3103 4709 3229 4769 ejus
3263 4705 3640 4756 substantiam

1983 4795 2046 4845 in
2072 4811 2302 4847 carnem
2324 4801 2755 4858 transformar'e,
2784 4812 2913 4861 quae
2936 4796 3152 4846 Christi
3176 4811 3304 4846 caro
3322 4794 3413 4850 sit.
3436 4803 3487 4843 et
3511 4808 3641 4843 cum

1983 4888 2093 4938 illa
2111 4903 2239 4952 quae
2256 4903 2327 4937 ex
2344 4890 2413 4938 B.
2437 4889 2697 4952 Virginis
2724 4896 2882 4937 utero
2902 4888 3140 4949 prodiit,
3165 4902 3232 4936 ac
3249 4887 3406 4936 cruci
3420 4888 3641 4950 sufﬁxa

1984 4975 2226 5040 indeque
2246 4976 2309 5026 in
2335 4976 2536 5026 caelum
2564 4976 2787 5026 sublata
2804 4976 2942 5037 fuit,
2960 4974 3147 5023 eadem
3167 4976 3385 5039 ﬁatper
3404 4970 3639 5044 ἐπαύξη-

1982 5085 2065 5120 σιν
2094 5066 2229 5139 (hoc
2259 5070 2350 5122 est
2375 5067 2801 5140 augmentum),
2838 5073 3093 5138 quodque
3151 5073 3400 5122 eumdem
3459 5073 3636 5135 spiri-

1986 5172 2109 5214 tum
2140 5166 2272 5214 vitae
2301 5164 2365 5213 in
2389 5180 2448 5213 se
2475 5163 2703 5214 habeat:
2733 5164 2880 5212 sicut
2908 5164 3073 5225 panis
3096 5178 3263 5228 quem
3289 5164 3548 5212 Servator
3577 5165 3643 5214 in

1986 5254 2155 5302 terris
2185 5254 2438 5312 comedit,
2487 5254 2545 5302 vi
2577 5253 2872 5303 naturalis
2913 5252 3116 5301 coloris
3152 5253 3214 5301 in
3245 5268 3473 5303 carnem
3515 5256 3644 5316 ejus

1985 5344 2377 5402 oertebatur,et
2406 5351 2596 5393 noster
2602 5342 2778 5404 panis
2797 5341 3166 5406 quotidianus
3186 5343 3247 5392 in
3267 5342 3646 5394 substantiam

1988 5432 2239 5495 corporis
2263 5433 2448 5482 nostri
2478 5433 2728 5481 transit:
2784 5430 2928 5496 quod
2961 5446 3163 5493 corpus
3218 5432 3379 5482 hodie
3407 5448 3442 5485 a
3488 5433 3645 5483 nobis

1987 5529 2288 5584 gestatum,
2347 5521 2495 5570 idem
2523 5520 2739 5570 dicitur
2767 5535 2895 5570 cum
2926 5520 3030 5570 illo
3059 5522 3122 5571 in
3152 5536 3262 5586 quo
3290 5530 3421 5571 ante
3440 5523 3647 5584 plures

1988 5625 2168 5659 annos
2197 5610 2405 5660 versati
2431 5624 2648 5671 sumus,
2682 5612 2952 5675 quoniam
2981 5611 3170 5660 eadem
3203 5611 3405 5660 anima
3431 5619 3647 5676 vegeta-

1990 5707 2091 5752 tur
2117 5718 2137 5763 ,-
2170 5700 2299 5753 licet
2348 5699 2649 5763 particula
2677 5701 2805 5762 eius
2832 5700 2977 5767 {sint
3022 5714 3265 5764 prorsus
3319 5699 3565 5759 diversa),
3595 5706 3645 5748 et
