4024 6372
419 333 538 396 275
1609 336 1709 399 DE
1751 332 2156 397 DOCTRINA
2198 331 2263 393 S.
2311 329 2650 392 CYRlLLI.
3738 329 3844 389 2η

423 478 594 529 nulla
620 481 764 540 forte
791 491 862 526 ex
886 477 1184 541 prioribus
1234 486 1514 541 superstes
1558 481 1818 530 exsistat.
1855 470 2083 526 Vellem
2113 469 2162 536 Α
2191 482 2393 538 posse,
2425 470 2493 521 ut
2522 482 2677 522 unus
2708 470 2766 521 et
2794 464 2954 521 idem
2982 464 3161 520 homo
3193 463 3486 520 Christus
3517 468 3577 520 et
3607 462 3669 519 in
3699 463 3846 520 cmlis

425 562 554 617 haec
585 559 926 615 distinctius
957 560 1390 632 explicavisset.
1425 561 1578 617 Illud
1625 578 1732 634 per
1760 559 2081 631 ἐπαύξησιν,
2189 562 2547 620 versaretur,
2593 561 2652 610 et
2685 555 2745 610 in
2785 555 2959 610 terris
3009 572 3109 610 ore
3142 555 3430 610 ﬁdelium
3487 560 3845 611 sumeretur:

434 655 740 722 sumptum
773 665 895 704 non
928 665 994 704 ex
1027 651 1393 706 Damasceno
1422 667 1578 716 vero,
1603 653 1706 708 sed
1731 668 1800 707 ex
1831 652 2085 725 epistola

435 742 786 798 Damasceni
821 740 1060 796 nomine
1110 741 1397 813 inscripta
1426 743 1501 798 ad
1561 745 1898 800 Zachariam
1932 746 2084 800 Doa-

435 847 640 886 rorum
673 831 1015 903 episcopum
1048 846 1178 885 nov.
1212 831 1354 886 edit.
1390 849 1521 906 pag.
1576 835 1702 901 656,
1736 851 1912 906 quam
1949 850 2082 890 eru-

439 920 598 975 ditus
625 927 683 975 et
703 920 1118 992 sagacissimus
1178 921 1238 975 P.
1274 921 1328 976 le
1357 923 1509 986 Quin
1558 925 1780 994 optime
1819 924 2088 996 probavit

435 1010 677 1066 Joannis
709 1010 1056 1065 Damasceni
1089 1011 1320 1065 nomini
1367 1014 1732 1084 suppositam
1767 1030 1916 1080 esse,
1949 1031 2084 1069 cum

437 1099 630 1154 verius
653 1099 730 1153 sit
757 1099 912 1153 Petri
945 1099 1257 1170 cujusdam
1293 1101 1662 1160 Damasceni.
1695 1104 1802 1169 Qui
1844 1104 2085 1174 quidem

436 1195 642 1245 auctor
680 1188 828 1244 alias
887 1189 950 1244 in
979 1189 1328 1260 gravissimo
1389 1207 1589 1248 errore
1645 1200 1915 1250 versatur
1943 1195 2086 1250 dum

435 1278 650 1336 Christi
672 1294 888 1350 corpus
920 1279 981 1333 in
1016 1279 1376 1336 eucharistia
1405 1283 1540 1337 anie
1571 1284 1994 1356 sumptionem,
2030 1290 2090 1341 et

437 1385 572 1425 cum
595 1367 818 1424 anobis
849 1367 1142 1440 frangitur
1167 1375 1226 1424 et
1273 1371 1626 1439 comeditur,
1660 1374 2086 1446 corruptibile;

435 1466 754 1534 postquam
768 1465 969 1514 autem
991 1476 1024 1514 a
1037 1459 1210 1516 nobis
1227 1468 1529 1534 sumptum
1543 1463 1722 1519 fuerit
1736 1465 2091 1538 incorrupti-

438 1549 559 1608 bile
591 1549 839 1605 evadere
897 1549 1017 1603 ait:
1063 1549 1348 1621 additque
1382 1551 1442 1606 in
1499 1553 1768 1624 subjecta
1797 1555 2088 1621 oratione,

445 1641 616 1712 cujus
647 1639 806 1693 idem
855 1643 1062 1693 auctor
1091 1644 1200 1707 est,
1255 1656 1419 1695 num.
1449 1644 1502 1706 2,
1535 1659 1662 1715 pag.
1699 1645 1823 1712 658,
1873 1646 2090 1701 Christi

447 1745 662 1800 corpus
693 1727 1030 1783 immortale
1081 1734 1140 1783 et
1169 1731 1620 1802 incorruptibile
1678 1735 1964 1805 sanguine
1995 1752 2091 1790 ca-

2192 662 2381 701 unum
2413 652 2613 700 autem
2642 651 2701 700 et
2731 645 2888 700 idem
2921 661 3136 716 corpus
3191 644 3326 699 fore
3391 643 3580 716 plane
3611 643 3845 700 inﬁcior.

2191 734 2376 790 Plura
2408 739 2610 789 essent
2625 751 2875 806 corpora
2905 734 2976 789 ab
3000 734 3344 790 unaanima
3377 733 3847 804 informata,quae

2192 843 2378 882 unum
2397 827 2701 882 hominem
2721 827 3028 882 efﬁcerent
3043 826 3295 881 diversis
3321 825 3690 896 corporibus
3701 831 3850 880 uten-

2193 922 2310 970 tem
2339 933 2353 981 ;
2387 916 2890 986 quemadmodum
2922 919 2984 972 in
3015 933 3265 988 corpore
3299 915 3488 988 plura
3521 923 3665 970 sunt
3693 931 3851 971 mem-

2194 1003 2321 1073 bra,
2363 1023 2494 1076 qua;
2551 1013 2795 1078 propter
2851 1007 3225 1062 informantis
3287 1007 3523 1062 animm
3557 1005 3846 1074 unitatem,

2194 1111 2380 1150 unum
2412 1112 2628 1166 corpus
2660 1096 2987 1151 humanum
3006 1096 3413 1152 constituunt.
3448 1097 3570 1151 Sed
3595 1097 3845 1167 quemad-

2178 1183 2439 1240 «modum
2469 1185 2540 1240 de
2573 1187 2764 1256 capite
2796 1186 3052 1241 dicinon
3083 1192 3282 1258 potest
3315 1185 3490 1256 quod
3517 1185 3643 1240 sint
3667 1185 3841 1256 pedes,

2195 1273 2337 1329 licet
2392 1290 2512 1330 una
2565 1275 2768 1330 anima
2832 1274 3272 1340 informentur;
3336 1275 3426 1330 ita
3487 1274 3564 1330 de
3625 1291 3840 1346 corpore

2195 1364 2410 1419 Christi
2441 1365 2833 1420 eucharistico
2864 1365 2982 1420 dici
3016 1381 3135 1420 non
3165 1371 3399 1438 posset,
3437 1365 3606 1436 quod
3637 1366 3713 1420 sit
3738 1382 3839 1420 cor-

2197 1469 2307 1526 pus
2339 1454 2606 1526 ejusdem
2639 1455 2876 1512 cmleste
2904 1473 2917 1510 :
2951 1472 3060 1511 nec
3090 1471 3301 1511 verum
3329 1462 3499 1510 esset
3520 1455 3682 1527 quod
3705 1455 3832 1511 affir-

2197 1549 2368 1598 mant
2395 1545 2600 1599 Patres
2631 1543 2692 1598 in
2745 1544 3104 1609 eucha_ristia
3147 1561 3281 1612 nos,
3313 1561 3445 1600 non
3511 1545 3698 1601 alium
3726 1545 3837 1608 alio,

2199 1632 2304 1688 sed
2317 1649 2435 1687 uno
2467 1650 2677 1688 omnes
2697 1638 2756 1688 et
2784 1633 2990 1689 eodem
3006 1651 3252 1706 corpore
3277 1635 3446 1690 vesci
3472 1654 3488 1702 ;
3525 1635 3608 1690 ita
3627 1633 3836 1705 utquod

2199 1721 2272 1777 ab
2303 1739 2422 1778 uno
2455 1724 2714 1778 sumitur
2741 1723 2896 1778 idem
2933 1742 3176 1796 prorsus
3200 1725 3282 1780 sit
3303 1742 3378 1780 ac
3412 1725 3579 1797 quod
3611 1724 3683 1780 ab
3711 1725 3836 1780 aliis.

437 1835 598 1881 rere,
629 1834 739 1873 nec
760 1833 1001 1872 carnem
1025 1818 1420 1890 quidemjure
1441 1821 1750 1893 appellari.
1784 1825 1969 1895 Hujus
1987 1841 2088 1880 au-
2123 1844 2169 1907 Β
2201 1813 2280 1866 Εἰ
2311 1812 2588 1866 omnibus
2643 1829 2816 1884 P°“‘°
2864 1831 3010 1884 quas
3068 1815 3181 1869 huc
3213 1831 3419 1886 usque
3479 1815 3838 1887 Ρτοίίυιίωιιει

445 1907 626 1964 ctoris
653 1907 1012 1963 sententiam
1043 1907 1116 1964 de
1175 1926 1419 1981 corpore
1453 1912 1688 1972 Christi.
1725 1930 1793 1968 ex
1825 1931 1976 1985 pane
2031 1922 2090 1970 et

443 1998 579 2054 vino
611 1998 672 2052 in
711 2013 950 2052 carnem
1009 2003 1067 2052 et
1098 1999 1445 2071 sanguinem
1507 2004 2088 2060 transsubstantiatis

444 2092 639 2155 aucto,
663 2086 946 2142 transfert
965 2087 1213 2144 Grabius
1238 2090 1310 2144 ad
1328 2091 1611 2147 Joannem
1630 2094 2086 2163 Damascenum,

441 2177 785 2250 Gregorium
808 2179 973 2248 Nyss.
1000 2183 1059 2232 et
1078 2178 1365 2248 Cyrillum
1398 2188 1691 2251 nostrum,
1716 2185 1816 2254 qui
1850 2201 1927 2240 ne
1957 2201 2092 2240 ver-

438 2267 585 2324 bum
629 2267 870 2338 quidem
902 2266 1126 2322 habent
1181 2267 1253 2324 de
1312 2269 1654 2341 hujusmodi
1713 2269 2001 2342 ἐπαυξήσει
2033 2279 2092 2330 et

440 2356 797 2414 accretione.
854 2355 1023 2421 Quod
1051 2357 1098 2411 si
1155 2353 1444 2426 ἐπαύξησιν
1485 2360 1639 2416 hanc
1695 2361 1990 2436 intelligat
2018 2363 2091 2420 de

445 2447 664 2504 eximio
681 2445 1378 2517 quodam.etsecundum
1411 2456 1682 2506 nostrum
1715 2454 2090 2525 concipiendi

447 2535 716 2602 modum,
747 2535 1102 2592 accretionis
1141 2542 1201 2592 et
1260 2540 1626 2594 extensionis
1685 2559 1938 2614 genere;
1973 2561 2090 2615 quo

450 2625 556 2680 ﬁat
584 2629 646 2678 ut
676 2639 784 2695 per
812 2640 1019 2679 omnes
1049 2625 1208 2680 orbis
1240 2626 1523 2683 ecclesias
1555 2629 1631 2684 sit
1662 2648 1943 2701 praisens,
1977 2640 2038 2688 et
2060 2650 2094 2688 a

451 2713 729 2770 ﬁdelibus
785 2730 973 2769 unum
1006 2719 1062 2770 et
1092 2715 1250 2770 idem
1307 2733 1558 2773 manens
1589 2719 1801 2775 Christi
1855 2738 2092 2794 corpus,

449 2803 858 2860 substantialis
881 2803 1008 2874 jam
1040 2805 1393 2861 accretionis
1419 2807 1689 2880 incapax,
1735 2811 2095 2882 recipiatur;

447 2893 952 2967 quemadmodum
982 2893 1240 2966 benigne
1271 2903 1574 2952 auctorem
1599 2899 1866 2969 epistolae
1891 2901 1963 2956 ad
1992 2903 2097 2957 Za-

447 2985 712 3040 chariam
748 2983 1177 3055 interpretatur
1205 2987 1268 3040 P.
1324 2985 1377 3040 le
1407 2987 1634 3056 Quien;
1667 2990 1953 3060 Cyrillum
1985 2993 2100 3048 ista

449 3074 709 3128 sensisse
739 3073 896 3127 ultro
955 3073 1362 3131 concedimus.
1423 3076 1479 3130 Si
1513 3085 1711 3134 autem
1739 3081 1848 3136 hoc
1881 3082 2098 3152 Cyrillo

446 3161 657 3218 tribuit
681 3165 842 3230 (nam
878 3161 948 3216 de
979 3162 1211 3218 caateris
1241 3165 1586 3221 auctoribus
1618 3184 1764 3238 quos
1798 3169 1857 3224 in
1889 3171 2098 3226 eadem

449 3219 782 3321 conjungit,
807 3249 880 3307 ad
903 3267 998 3305 me
1020 3251 1171 3306 nihil
1198 3253 1500 3324 pertinet),
1530 3263 1596 3310 ut
1615 3219 1813 3313 veram
1847 3277 1915 3315 ex
1945 3277 2098 3332 pane
2130 3219 2172 3288 Ο

451 3345 512 3396 et
530 3340 663 3395 vino
686 3339 1263 3396 transsubstantialis
1303 3343 1516 3398 Christi
1549 3347 1778 3418 corpori
1810 3351 2102 3404 accessio-

452 3446 595 3486 nem
624 3429 754 3483 ﬁeri
787 3429 1231 3497 existimaverit,
1289 3433 1455 3488 valde
1488 3451 1836 3508 repugnem.
1873 3441 1942 3493 Et
1993 3440 2105 3495 hoc

457 3517 674 3574 iterum
705 3535 925 3589 quaaro,
982 3517 1338 3590 [CCXXXIV]
1401 3539 1535 3579 cum
1594 3543 1714 3598 non
1765 3529 1910 3583 satis
1956 3530 2104 3584 mihi

459 3614 806 3682 perspectus
821 3607 1020 3664 sitviri
1049 3609 1276 3666 clariss.
1295 3612 1604 3670 verborum
1630 3625 2110 3674 sensus:utrum-

456 3715 533 3754 ne
565 3699 964 3754 accretionem
996 3698 1150 3756 hanc
1189 3704 1445 3758 naturali
1479 3710 1538 3760 et
1562 3705 1623 3760 in
1673 3708 1820 3762 coelo
1851 3711 2109 3764 versanti

459 3787 677 3845 Christi
701 3789 932 3860 corpori
955 3789 1237 3845 accedere
1259 3799 1462 3863 putet;
1500 3799 1849 3868 tantumque
1877 3799 1964 3853 illi
1997 3817 2108 3854 no-

460 3895 544 3933 va:
571 3878 918 3934 substantiae
950 3880 1332 3950 supervenire
1378 3882 1554 3950 dicat,
1593 3893 1877 3956 quantum
1936 3890 2110 3961 panis

462 3966 650 4022 etvini
672 3967 1303 4024 transsubstantiatum
1319 3971 1412 4038 sit,
1448 3973 1560 4029 hoc
1593 3982 1684 4029 est
1703 3994 1808 4046 pro
1833 3995 2114 4036 mensura

463 4055 634 4128 panis
667 4061 726 4109 et
750 4055 892 4120 vini,
939 4057 1137 4112 carnis
1191 4065 1250 4112 et
1275 4061 1580 4132 sanguinis
1641 4065 1774 4135 plus
1803 4069 2112 4126 minusve:

466 4161 542 4200 an
568 4161 638 4198 ex
661 4160 811 4215 pane
837 4149 894 4198 et
921 4143 1052 4199 vino
1086 4147 1148 4200 in
1179 4163 1420 4202 carnem
1449 4157 1506 4204 et
1536 4154 1883 4224 sanguinem
1916 4165 1974 4212 et
2005 4159 2117 4214 hu-

468 4249 648 4291 mana
669 4233 870 4288 omnia
897 4233 1169 4289 membra
1200 4239 1464 4304 mutatis,
1498 4241 1624 4296 fieri
1655 4243 1976 4301 arbitretur
2003 4249 2113 4303 hu~

471 4336 718 4376 manum
739 4319 1038 4390 quoddam
1061 4338 1276 4392 corpus
1301 4341 1334 4379 a
1365 4325 1586 4382 cmlesti
1619 4346 1686 4384 ac
1717 4335 1971 4389 naturali
1991 4353 2120 4390 cor-

443 4455 448 4460 .
474 4425 619 4483 pore
648 4408 862 4464 Christi
894 4426 1028 4465 cum
1059 4411 1236 4466 verbo
1270 4413 1468 4471 divino
1491 4420 2115 4490 conjunctainforma-

477 4504 627 4566 tum,
644 4513 830 4554 unum
851 4503 908 4552 et
937 4497 1094 4554 idem
1118 4517 1333 4573 corpus
1359 4521 1492 4560 cum
1517 4509 1738 4564 caelesti
1772 4523 2117 4582 censeatur;

2200 1901 2402 1972 Cyrilli
2428 1903 2739 1956 sententiis
2761 1911 3170 1974 apparet.eum
3197 1921 3298 1959 res
3323 1921 3452 1960 non
3477 1905 3562 1958 ita
3577 1902 3840 1959 subtiliter

2202 1992 2480 2049 rimatum
2505 2010 2635 2048 esse
2662 2014 2676 2058 ;
2701 1993 2805 2048 sed
2823 2011 2958 2050 cum
2989 1995 3184 2067 ipsum
3218 2002 3355 2051 tum
3390 1995 3696 2051 auditores
3723 1995 3837 2048 sim-

2200 2083 2436 2154 pliciter
2456 2091 2515 2138 et
2535 2085 2785 2140 candide
2800 2085 3166 2140 intellexisse
3188 2103 3388 2140 unum
3413 2085 3635 2140 Christi
3655 2099 3836 2154 corpus

2201 2176 2356 2248 quod
2380 2175 2439 2228 in
2463 2174 2610 2228 caelo
2635 2180 2742 2241 est,
2767 2177 2827 2230 in
2845 2176 3019 2230 terris
3041 2193 3075 2230 a
3096 2175 3388 2230 ﬁdelibus
3408 2175 3590 2230 modo
3611 2171 3830 2245 quodam

2201 2265 2375 2320 nobis
2407 2264 2775 2336 incomperto
2821 2272 2880 2319 et
2909 2264 3326 2337 inexplicabili
3359 2281 3502 2320 vere
3533 2281 3599 2320 ac
3629 2262 3832 2319 realiter

2198 2353 2450 2410 comedi.

2835 2445 3067 2500 CAPUT
3104 2445 3225 2500 XII.

2202 2535 2282 2584 De
2313 2533 2594 2590 sacriﬁcio
2649 2532 3035 2589 eucharistico,
3083 2539 3134 2580 et
3162 2533 3530 2582 invocatione
3582 2531 3652 2581 ad
3676 2543 3826 2579 conse-

2866 2623 3190 2672 orationem.

2276 2717 2366 2769 9'2.
2400 2713 2644 2768 Pfatﬂus
2687 2715 3044 2786 Augustam!)
3103 2713 3520 2771 confessionis
3549 2713 3820 2788 professor,

2209 2820 2384 2876 quem
2409 2803 2655 2858 honoris
2678 2808 2736 2857 et
2759 2803 3034 2858 amicitiae
3052 2820 3232 2858 causa
3263 2807 3540 2873 nomino,
3563 2806 3622 2859 in
3647 2803 3814 2858 dissero

2209 2895 2432 2949 tatione
2461 2896 2532 2947 De
2553 2893 2830 2948 oblatione
2861 2901 3096 2948 veterum
3121 2894 3531 2959 eucharistica,
3565 2891 3824 2949 editisase

2212 2985 2277 3040 l).
2304 2983 2513 3040 lrenmi
2537 2983 2885 3055 fragmentis
2917 2983 3268 3054 subjuncta,
3297 3003 3430 3057 cap.
3464 2987 3552 3052 38,
3583 2999 3684 3054 pag
3730 2976 3828 3037 327.

2211 3076 2574 3131 sententiam
2598 3074 2798 3146 Cyrilli
2824 3074 2894 3128 de
2910 3075 3200 3130 sacrificio
3217 3092 3247 3129 e
3269 3076 3625 3132 ucharistivo
3645 3073 3724 3127 bis
3737 3082 3835 3122 ver-

2213 3165 2305 3220 bis
2329 3164 2601 3236 exponit:
2623 3163 2928 3224 Praecipua
2961 3163 3150 3227 itaque
3178 3162 3422 3223 oblatio,
3458 3177 3620 3229 eaque
3641 3173 3752 3224 qua
3766 3169 3834 3203 sa-

2211 3254 2425 3318 criﬁcio
2475 3252 2846 3302 eucharistico
2874 3254 3192 3303 essentialis
3221 3264 3329 3312 est,
3359 3257 3530 3316 juxta
3581 3246 3824 3314 Cyrillum

2209 3350 2324 3400 dici
2376 3350 2526 3400 debet
2556 3365 2683 3414 qua!
2733 3359 2966 3399 vocatur
3008 3340 3237 3416 λατρεία
3269 3345 3608 3418 ἀναίμακτος.
3634 3353 3814 3408 panem

2210 3433 2524 3496 vinumque
2549 3433 2610 3481 in
2641 3446 2843 3492 corpus
2871 3440 2923 3481 et
2953 3434 3304 3496 sanguinem
3340 3433 3544 3486 Christi
3571 3437 3818 3478 transmu-

2213 3530 2378 3582 tans;
2430 3522 2513 3570 ita
2563 3528 2625 3568 ut
2670 3520 3020 3584 sacriﬁcium
3069 3525 3490 3574 consecratione
3537 3521 3819 3586 per/actum,

2211 3621 2292 3670 sit
2329 3609 2488 3664 θυσία
2515 3613 2614 3663 τοῦ
2645 3607 2909 3679 ἱλασμοῦ,
2968 3602 3326 3684 sacriﬁcium
3365 3613 3822 3684 propitiatorium;

2215 3700 2556 3772 [CCXXXV]
2583 3713 2712 3768 post
2771 3709 3242 3758 consecrationem
3300 3724 3518 3776 quoque
3569 3718 3666 3767 pro
3711 3696 3822 3748 aliis

2215 3789 2582 3853 oﬂerendum.
2616 3787 2730 3836 Nec
2786 3789 2982 3850 negari
3039 3794 3276 3840 omnino
3306 3799 3489 3853 potest
3531 3780 3821 3835 sententiam

2220 3879 2433 3944 Cyrilli
2470 3878 2705 3940 placitis
2759 3878 3014 3926 Ecclesiae
3043 3878 3322 3928 Romanae
3373 3878 3680 3942 proximam
3717 3881 3822 3918 esse-

2220 3969 2554 4026 Notaudum
2587 3975 2784 4022 tamen
2815 3967 2964 4022 alios
2995 3969 3198 4023 Patres
3230 3987 3267 4026 a
3297 3969 3517 4040 Cyrillo
3546 3962 3821 4038 plurimum

2221 4058 2560 4117 dissentire.
2597 4058 2676 4112 De
2709 4057 2845 4111 aliis
2903 4057 3178 4112 Patribus
3210 4067 3424 4115 nostra.
3454 4075 3546 4112 res
3588 4067 3696 4108 non
3723 4049 3822 4102 est:

2221 4150 2441 4205 mirum
2474 4154 2676 4202 tamen
2709 4147 2756 4200 si
2788 4146 2851 4200 in
2903 4163 2966 4201 re
2998 4148 3301 4219 praecipua
3360 4155 3419 4203 et
3445 4137 3750 4202 communis
3775 4145 3825 4186 ac

2224 4235 2559 4310 quotidiani
2600 4253 2765 4299 usus,
2799 4253 2918 4291 non
2950 4253 3070 4291 una
3127 4237 3240 4291 fuit
3268 4237 3538 4292 omnium
3595 4221 3825 4285 Ecclesia?

2225 4333 2489 4396 Patrum,
2515 4326 2981 4396 eorumdemque
3006 4326 3173 4398 vulgo
3205 4339 3573 4382 summorum
3597 4311 3826 4407 sacerdo-

2228 4427 2376 4485 tum,
2411 4417 2482 4473 de
2515 4417 2604 4471 sui
2638 4416 2954 4472 sacerdotii
2987 4417 3294 4472 functione
3331 4413 3638 4472 sententia.
3671 4402 3764 4460 Sed
3781 4402 3822 4450 in

2227 4507 2444 4580 Cyrillo
2469 4506 2730 4561 consisto
2753 4525 2766 4572 ;
2792 4507 2967 4577 cujus
2987 4508 3346 4562 sententiam
3382 4509 3652 4561 Romanae
3667 4488 3829 4580 Eccle‘

478 4607 600 4645 non
634 4589 882 4644 materia
911 4589 1171 4660 quidem.
1205 4609 1335 4662 quia
1369 4595 1606 4666 physice
1638 4601 1868 4659 diversa
1893 4606 1986 4660 sit,
2021 4609 2124 4662 sed
2159 4595 2200 4657 l)
2233 4599 2334 4654 sim
2361 4597 2594 4668 placitis
2617 4612 2734 4650 non
2751 4599 3092 4665 proximam,
3113 4596 3214 4651 sed
3250 4596 3544 4669 geminam
3578 4605 3641 4644 ac
3676 4575 3826 4638 simil-

480 4677 875 4734 mstimatione
904 4677 977 4732 ob
1009 4680 1222 4735 anima)
1255 4683 1580 4755 unitatem;
1623 4693 2126 4760 quemadmodum

481 4771 554 4827 ab
587 4770 691 4826 illa
721 4769 948 4824 unitate
972 4771 1056 4834 fit,
1086 4777 1152 4826 ut
1181 4789 1316 4829 caro
1350 4777 1566 4833 Christi
1601 4797 1670 4835 ex
1707 4784 1940 4856 Virgine
1966 4793 2126 4852 nata,

483 4878 604 4917 una
628 4865 688 4914 et
717 4859 926 4915 eadem
985 4878 1121 4916 cum
1153 4865 1437 4921 crucifixa
1494 4879 1827 4939 censeatur,
1862 4878 2131 4946 quamvis

486 4948 640 5005 nihil
659 4948 810 5003 forte
834 4949 1049 5020 prioris
1071 4950 1234 5006 illius
1257 4955 1520 5011 materia:
1542 4960 1841 5032 reliquum
1866 4972 2040 5020 esset.
2073 4965 2131 5020 Si

2235 4689 2440 4744 limam
2475 4685 2860 4755 eamdemque
2879 4684 3054 4756 plane
3077 4685 3274 4741 dicere
3293 4684 3608 4740 debuisset.
3633 4675 3756 4728 Cum
3776 4677 3830 4718 ex

2237 4795 2306 4834 eo
2339 4791 2690 4848 quaererem,
2733 4773 2875 4845 quid
2933 4775 3173 4830 tandem
3229 4774 3442 4830 diversi
3477 4773 3626 4826 inter
3664 4756 3832 4853 ambas

2239 4867 2443 4940 Cyrilli
2475 4872 2533 4920 et
2561 4863 2999 4920 Catholicorum
3047 4865 3120 4919 de
3150 4863 3442 4920 sacriﬁcio
3491 4849 3833 4914 eucharistico

2245 4955 2570 5012 sententias
2601 4952 3115 5024 deprehendisset,
3138 4969 3214 5008 ne
3245 4953 3422 5024 plane
3454 4940 3836 5024 consentanfféIS

2243 5045 2530 5102 fateretur
2554 5061 2570 5109 ;
2603 5019 2915 5113 respondit
2942 5042 3131 5097 multo
3184 5019 3355 5114 plura
3384 5051 3556 5109 quam
3586 5023 3724 5100 apud

2246 5137 2471 5203 rillum,
2496 5109 2782 5190 doctrinm
2813 5133 2885 5189 de
2931 5109 3223 5189 sacrificio
3272 5123 3653 5187 eucharistico
3683 5109 3838 5180 capita

2249 5225 2547 5284 recenseri
2578 5242 2614 5280 a
2642 5223 2816 5279 nobis
2845 5222 3162 5278 Catholicis
3187 5239 3200 5289 ;
3224 5221 3342 5277 sive
3372 5219 3433 5273 in
3450 5209 3700 5270 doctrina
3725 5208 3838 5294 con;

2251 5318 2372 5374 cilii
2403 5313 2733 5372 Tridentiui
2790 5315 2868 5368 De
2895 5314 3167 5381 sacriﬁcio
3224 5312 3398 5367 missae
3446 5319 3584 5360 sess.
3639 5293 3837 5380 22,51?e

2252 5405 2409 5476 αριΙά
2437 5403 2635 5460 Jacob.
2672 5402 3045 5457 Bossuetium
3076 5401 3430 5456 Meldensem
3463 5383 3836 5476 θρὶεεθρι¹¹¹¹ρ¹ξ1

2253 5495 2473 5552 Gallico
2505 5493 2656 5547 libro
2683 5493 2752 5546 De
2772 5491 3139 5562 explicatione
3158 5485 3514 5561 quarumdam
3541 5471 3839 5570 εωνθηπῗῖζίξιζ

2251 5601 2375 5643 rum
2423 5587 2616 5638 missos.
2651 5583 2786 5638 Haec
2831 5581 3240 5654 responsionis
3296 5591 3440 5633 meae
3470 5575 3682 5654 summa
3708 5553 3832 5654 illi:

2256 5635 3233 5731 de,
3263 5659 3542 5725 sacriﬁcio
3571 5653 3733 5708 totam
3751 5635 3834 5703 Ct"

487 5039 749 5109 primum
803 5039 1056 5103 censuit,
1107 5043 1403 5111 quomodo
1460 5062 1596 5102 cum
1651 5055 1929 5121 prmsenti
1978 5060 2135 5110 statu

493 5123 758 5193 corporis
790 5124 1001 5180 Christi
1035 5127 1097 5182 in
1129 5129 1276 5184 ccelo
1305 5132 1461 5202 quod
1491 5151 1562 5190 ex
1594 5136 1702 5194 hac
1734 5139 2046 5212 hypolhesi
2073 5143 2136 5197 in

497 5212 857 5267 immensum
879 5223 1172 5272 cresceret
1201 5218 1260 5272 id
1287 5225 1562 5294 componi
1597 5229 1783 5296 possit
1810 5247 1928 5285 non
1959 5232 2138 5287 intel-

496 5298 653 5370 ligo:
685 5299 852 5366 alias,
885 5301 944 5356 id
1001 5305 1158 5374 quod
1209 5316 1387 5381 negat
1414 5311 1503 5366 vir
1555 5315 1774 5373 clariis.
1803 5335 1839 5374 a
1868 5321 2140 5377 Patribus

501 5388 624 5442 illis
652 5387 964 5453 creditum,
1018 5393 1235 5450 Christi
1263 5414 1480 5470 corpus
1510 5419 1540 5458 e
1599 5405 1746 5462 ccelo
1781 5407 2158 5468 descendere-

505 5479 826 5547 oporteret,
858 5483 923 5530 ut
952 5495 985 5532 a
1011 5480 1287 5540 ﬁdelibus
1309 5497 1663 5547 sumeretur.
1689 5495 1744 5549 Si
1769 5496 2022 5552 alterum
2049 5515 2142 5554 ar-

509 5565 759 5622 bitratus
790 5570 896 5631 est,
933 5566 1118 5622 fateor
1150 5587 1218 5626 ex
1246 5575 1472 5633 unitate
1495 5581 1712 5638 animas
1741 5584 1977 5648 Christi,
2008 5603 2144 5644 cum

515 5652 741 5711 caelesti
774 5657 897 5709 tum
954 5657 1347 5718 eucharistico
1377 5670 1608 5739 corpori
1665 5673 1983 5746 adjuncta,
2015 5675 2145 5732 ﬁeri
