2012 3179
84 175 148 204 2⁵17

810 165 1071 197 DISSERTATIO
1094 165 1150 197 IlI.

1776 162 1836 193 278

84 242 148 271 rilli
159 241 308 269 oratione
322 239 504 271 contineri;
526 237 691 274 pleniorem
703 237 768 272 ejus
780 235 950 272 intelligen-
967 237 994 270 Α
1009 236 1096 263 offert
1107 235 1242 263 Christus
1256 236 1290 261 ut
1313 233 1463 261 victimam
1477 241 1483 266 ;
1499 231 1733 267 Ecclesiamque,
1750 231 1835 266 cujus

86 289 159 316 tiam
172 290 202 314 et
214 284 472 321 explicationem
485 283 522 311 ab
535 283 571 310 iis
582 281 751 310 auctoribus
760 281 835 313 dari.
844 280 953 308 collec-

92 337 151 361 tam
168 335 232 358 tum
250 338 291 357 ex
308 330 411 356 variis
434 329 484 355 SS.
503 329 623 355 Patrum
650 326 784 362 ejusdem
810 324 953 353 doctrinm

100 375 272 405 enarrandas
288 374 415 407 modis,
427 376 493 400 tum
507 381 539 400 ex
553 371 727 399 necessariis
740 370 874 405 ejusdem
887 377 954 398 con.

101 423 225 452 sectariis
239 430 246 454 ;
262 421 390 456 hisque
406 419 552 447 omnibus
562 426 662 446 secum
672 415 851 452 comparatis
864 418 953 450 atque

100 466 279 503 compositis.
313 464 408 492 Fidei
437 463 593 491 catholicas
618 461 653 489 de
673 460 818 489 sacriﬁcio
836 467 953 487 summa.

96 516 143 546 est,
167 520 222 547 per
250 509 537 538 consecrationem
569 515 586 535 θ.
610 505 761 534 sacerdote
788 504 896 532 Christi
923 505 954 531 et

91 557 226 586 Ecclesia:
246 556 409 583 ministro
427 554 549 585 factum,
565 552 635 588 poni
651 552 681 578 in
698 550 784 578 altari
800 550 951 578 Christum

88 605 221 630 mactatos
239 601 352 628 instar
370 599 506 626 victima:
518 598 688 633 jacentem;
714 598 747 623 ut
769 595 805 623 ab
819 596 951 624 Ecclesia

85 648 140 674 Deo
157 647 188 673 in
206 644 484 681 propitiationem
501 650 553 678 pro
566 641 636 668 vivis
653 642 682 667 et
701 639 827 667 mortuis
843 640 950 668 offera-

83 695 139 723 tur,
157 693 187 717 et
201 690 275 725 ejus
293 688 456 716 carnibus
473 685 618 714 sacriﬁcio
629 684 841 720 participantes
854 692 951 712 vesca-

82 744 157 763 mur.
178 735 251 762 llzec
270 733 394 761 omnia
410 732 524 758 fatente
540 729 644 757 Ι)ῑείηο
660 729 792 765 agnoscit
806 729 944 765 Cyrillus.

84 780 156 807 Hinc
172 778 287 806 omnia
316 775 489 804 catholicas
512 773 653 801 doctrinm
670 772 855 800 consectaria
870 772 947 801 ultro

86 826 339 859 consequuntur.
361 821 482 853 Primo,
499 827 600 846 verum
616 820 645 845 et
667 817 822 853 proprium
839 817 946 845 eucha-

82 870 198 897 ristiam
216 877 292 895 esse
312 865 522 898 sacriﬁcium,
539 864 569 890 iu
590 872 647 899 quo
672 862 802 898 primum
817 862 902 898 panis
919 865 948 890 et

84 915 183 942 vinum
205 914 271 941 Deo
300 911 417 939 oblata
444 918 496 946 per
519 907 797 936 trausmutationem
820 907 864 934 sui
890 907 944 934 de-

91 963 264 988 struantur:
296 956 422 985 deinde
448 956 619 990 imponatur
643 952 728 980 altari
753 952 873 979 victima
891 961 945 988 pro

96 1006 184 1034 salute
195 1003 333 1032 humani
348 1001 474 1032 eeneris
486 999 599 1030 oblata;
613 1006 668 1025 nec
680 999 807 1033 ponatur
818 999 945 1031 tantum,

105 1052 152 1079 sed
164 1051 198 1078 ad
207 1050 348 1077 victimas
367 1048 507 1074 mactatae
529 1043 650 1071 modum
663 1043 766 1078 jacens
782 1042 946 1069 constitua-

108 1100 152 1124 tur
162 1106 170 1126 :
180 1097 217 1123 ita
226 1098 260 1121 ut
271 1094 361 1121 dicat
374 1090 553 1127 simpliciter
568 1097 635 1116 cum
652 1087 754 1115 multis
768 1086 834 1114 aliis
850 1087 946 1114 Patri-

105 1142 158 1169 bus
172 1140 310 1175 Cyrillus,
324 1140 386 1165 cat.
400 1137 445 1168 23,
464 1143 543 1162 num.
570 1135 612 1166 10,
631 1133 766 1160 Christum
782 1135 944 1159 mactatum»

106 1185 332 1224 ἐσφιίιιπμενον,
356 1190 410 1216 pro
427 1180 548 1216 peccatis
571 1178 672 1205 nostris
699 1186 715 1204 ιι
739 1175 818 1203 nobis
838 1176 944 1211 offerri.

110 1222 166 1264 Qui
181 1230 301 1265 quidem
314 1227 447 1254 victimm
468 1227 572 1258 status,
589 1223 634 1250 vel
660 1231 695 1249 ex
711 1222 775 1258 ejus
796 1222 859 1256 sine
875 1229 944 1248 voce

117 1284 151 1303 ac
167 1277 250 1301 motu
261 1271 419 1308 priesentia
431 1269 607 1298 desumitur.
620 1268 664 1295 vel
678 1276 712 1294 ex
729 1268 866 1302 separata
880 1274 946 1293 cor-

123 1320 203 1356 poris
228 1327 259 1346 ar
280 1316 431 1353 sanguinis
457 1313 690 1343 consecratione.
707 1320 766 1348 qua
787 1319 894 1347 corpus
916 1313 946 1337 et

121 1365 238 1398 sanguis
253 1363 292 1390 uti
308 1371 360 1398 per
376 1364 503 1389 mortem
521 1359 612 1386 divisa
627 1361 656 1386 et
671 1357 820 1392 disjuncta
835 1364 943 1392 reproa-

114 1412 280 1438 sentantur.
297 1408 360 1440 Qua
375 1415 409 1433 ex
425 1405 541 1433 actione
558 1403 666 1430 factum
679 1405 712 1429 ut
722 1403 821 1428 Patres
832 1400 943 1436 passim

112 1456 214 1483 dicant
229 1454 412 1482 sacerdotem
433 1460 496 1479 voce
519 1459 568 1478 sua
589 1450 669 1484 quasi
692 1448 785 1483 gladio
805 1455 903 1482 corpus
919 1450 944 1473 et

110 1502 274 1535 sanguinem
292 1499 398 1527 Domini
414 1498 559 1524 incruenta
576 1495 693 1522 sectione
708 1492 840 1525 dividere,
858 1492 941 1527 Greg.

108 1548 187 1579 Naz.,
205 1545 285 1581 epist
312 1545 373 1571 240,
391 1544 444 1570 Nos
459 1549 561 1576 agnum
577 1538 782 1566 immaculatum
798 1537 899 1564 eiederc
914 1537 941 1562 in

105 1591 298 1618 holocaustum
327 1589 448 1619 Domino,
481 1585 651 1612 immolantes
680 1583 792 1617 mystice
821 1584 845 1607 et
874 1581 940 1614 o/I‘e-

103 1640 208 1664 rentes.
238 1637 285 1662 etc
324 1634 382 1661 Non
411 1631 520 1658 inmiliri
548 1638 595 1656 nos
623 1629 687 1655 dum
711 1628 738 1653 in
769 1628 936 1652 mai-amento
953 1620 972 1652 C

104 1682 251 1710 Christum
264 1678 403 1706 immolari
418 1675 545 1708 dicimus,
559 1676 643 1709 Aug,
661 1681 706 1707 ep.
723 1672 767 1703 98,
781 1671 817 1698 ad
835 1669 941 1702 Bonif,

106 1735 193 1754 num.
211 1727 239 1752 9.
258 1724 403 1757 Secundo,
427 1721 574 1748 Christum
592 1720 621 1745 in
648 1718 702 1745 hoc
719 1716 863 1743 sacriﬁcio
882 1724 941 1742 non

104 1771 263 1798 victimam
281 1768 378 1796 solum
388 1775 452 1794 esse
465 1765 500 1793 ab
514 1763 645 1792 Ecclesia
657 1762 796 1794 oblatam,
810 1760 861 1787 sed
874 1769 943 1795 pon-

109 1817 224 1844 tiﬁcem
241 1823 273 1842 se
290 1814 386 1849 ipsum
400 1820 451 1847 pro
465 1809 596 1837 Ecclesia
608 1809 791 1835 offerentem.
809 1805 943 1832 Christus

112 1861 193 1888 enim
209 1857 388 1887 sacerdotali
404 1864 457 1883 sua
474 1854 616 1890 dignitate.
633 1852 738 1887 privari
759 1859 816 1876 non
835 1852 941 1884 potest,

115 1908 144 1933 et
157 1905 193 1932 ob
207 1905 266 1932 hoc
282 1912 299 1931 a
315 1901 465 1930 sacerdote
482 1900 511 1926 in
528 1898 613 1926 altari
629 1896 758 1932 ponitur.
775 1893 896 1929 utquod
914 1893 942 1919 in

113 1949 194 1978 ccelis
208 1948 279 1985 agit.
297 1947 327 1974 in
352 1946 438 1973 terris
463 1941 563 1975 faciat,
588 1949 694 1976 nempe
721 1939 840 1967 assistat
856 1938 945 1964 rullui

111 1997 163 2024 Dei
176 1984 324 2031 proinobis
335 1991 369 2026 ³⁸,
385 1990 532 2027 passionis
556 1997 616 2015 sum
641 1986 777 2022 symbolo.
794 1984 943 2011 efﬁcacius

110 2029 290 2077 praeiereus.
315 2035 491 2073 lCCXXXVl]
515 2033 623 2066 Tertio,
640 2030 818 2059 sacriﬁcium
836 2029 945 2056 eucha-

108 2086 252 2114 risticum
269 2080 582 2111 commemorationem
601 2086 665 2105 esse
682 2075 818 2103 sacriﬁcii
836 2074 943 2105 crucis,

107 2131 171 2159 imo
190 2133 221 2158 et
235 2128 316 2156 idem
328 2127 549 2157 continuatum;
564 2124 593 2150 in
608 2131 642 2150 eo
654 2122 732 2149 enim
746 2121 849 2147 eodem
862 2119 945 2147 adest

106 2176 243 2207 victima,
271 2173 408 2208 idemque
434 2169 576 2206 pontifex,
601 2167 705 2195 eadem
730 2167 857 2193 ollerens
874 2166 943 2196 Deo,

109 2221 281 2254 eademque
297 2226 349 2253 pro
365 2224 472 2244 causa:
492 2217 605 2241 tantum
618 2213 647 2239 in
660 2219 745 2238 cruce
758 2218 823 2237 vere
838 2209 945 2236 immo-

109 2265 191 2294 latus
206 2263 354 2294 Christus,
367 2262 397 2289 in
410 2258 590 2287 eucharistia
601 2257 724 2293 mystice
740 2258 768 2282 et
784 2262 944 2289 reprazsen-

1009 281 1132 318 ﬁguram
1142 281 1217 317 gerit
1227 279 1281 307 sub
1294 278 1448 315 speciebus
1459 278 1544 313 panis
1555 279 1583 304 et
1593 277 1653 304 vini
1666 279 1835 311 contentus,

1008 335 1077 354 nam
1093 329 1126 353 ut
1137 325 1223 361 panis
1245 327 1273 352 et
1296 324 1397 351 viuum
1413 331 1448 350 ex
1462 322 1565 350 multis
1581 321 1681 358 granis
1695 321 1725 349 in
1741 329 1835 349 unum

1009 372 1153 401 contusis.
1171 371 1212 398 ita
1224 369 1356 397 Ecclesia
1372 377 1406 395 ex
1423 368 1525 395 multis
1541 367 1681 394 ﬁdelibus
1697 367 1727 394 in
1743 374 1836 394 unum

1008 416 1176 453 conjunctis
1187 415 1384 451 componitur.
1398 413 1567 448 Eademque
1579 413 1694 440 ratione
1704 411 1837 439 Ecclesia

1007 462 1078 490 dum
1094 462 1244 489 Christum
1261 461 1357 493 offert,
1370 467 1401 486 se
1415 467 1532 494 quoque
1548 458 1634 485 offert
1648 459 1681 485 ut
1696 457 1752 493 ipsi
1766 464 1837 484 con-

1002 509 1139 545 junctam
1156 510 1185 535 et
1200 507 1229 534 in
1246 505 1450 534 eucharisticis
1466 503 1621 540 speciebus
1636 505 1837 538 repraesenta-

1008 556 1078 581 tam.
1095 554 1161 580 Haec
1178 560 1212 579 ex
1225 551 1328 579 multis
1344 549 1499 586 Augustini
1524 548 1683 575 sententiis
1697 547 1834 575 collecta.

1006 597 1069 626 Vid.
1086 598 1117 625 iu
1132 597 1238 633 primis
1254 596 1304 623 lib.
1323 604 1339 623 x
1355 596 1393 622 De
1413 595 1463 622 civ.
1482 594 1538 627 Dei,
1555 601 1621 628 cap.
1643 594 1658 620 6
1675 595 1704 620 et
1716 594 1760 619 20.

1040 644 1084 670 93.
1102 642 1191 670 Plura
1205 641 1264 669 alia
1278 648 1397 676 possem
1412 647 1446 666 ex
1459 639 1507 666 SS.
1523 637 1660 665 Patribus
1680 636 1834 665 catholicas

1004 687 1041 715 de
1057 686 1202 715 sacriﬁcio
1220 685 1361 713 doctrina:
1378 683 1562 712 consectaria
1577 682 1833 718 preducere,quo—

1003 740 1070 760 rum
1085 731 1213 764 nullum,
1231 730 1361 758 admissa
1377 728 1469 756 semel
1484 727 1584 763 Cyrilli
1597 727 1755 760 sententia,
1770 734 1834 754 rea-

1003 777 1084 813 lique
1100 776 1208 804 Christi
1225 775 1278 803 sub
1295 774 1381 811 panis
1397 776 1425 801 et
1450 773 1508 800 vini
1525 772 1681 807 speciebus
1700 772 1730 798 in
1746 771 1834 798 altari

1002 822 1173 859 praesentia,
1190 820 1291 855 negari
1304 821 1409 856 potest.
1424 818 1479 846 Sed
1491 817 1570 853 quod
1586 816 1713 853 Cyrillus
1730 817 1831 850 tacuit,

1002 876 1063 895 non
1079 867 1188 894 idcirco
1205 866 1368 902 ignorasse,
1380 863 1424 891 vel
1437 862 1515 899 quod
1530 862 1625 898 pejus,
1638 861 1778 897 rejecisse
1791 861 1834 888 di-

1001 913 1113 941 cendus
1129 914 1192 944 est;
1210 911 1269 938 imo
1292 910 1420 937 aliorum
1441 909 1560 935 Patrum
1578 907 1650 934 scita
1667 910 1695 934 et
1711 909 1831 934 senten-

999 958 1056 986 tias
1069 957 1124 985 sibi
1142 956 1308 992 propositas
1330 953 1546 990 approbaturus
1565 951 1656 979 fuisse
1672 950 1826 985 dicendus,

999 1003 1030 1031 ni
1047 1001 1136 1030 certis
1153 999 1340 1028 documentis
1356 999 1391 1026 de
1407 996 1556 1025 contrario
1568 996 1735 1024 constiterit
1758 997 1828 1024 Hoc-

1000 1056 1056 1084 que
1073 1054 1144 1082 pace
1168 1045 1221 1072 viri
1246 1043 1404 1071 clarissimi
1429 1042 1562 1077 mihique
1587 1041 1827 1076 conjunctissimi

1000 1093 1112 1120 dictum
1127 1092 1174 1121 sit.
1192 1091 1222 1117 in
1239 1092 1298 1117 toto
1309 1088 1404 1116 Pfafﬁi
1417 1095 1505 1123 opere
1516 1086 1619 1113 vitium
1629 1086 1830 1121 deprehendi—

1000 1141 1058 1169 tur.
1083 1136 1162 1172 quod
1183 1134 1367 1171 singulorum
1392 1133 1512 1160 Patrum
1530 1130 1652 1158 alterius
1668 1133 1735 1166 post
1750 1131 1828 1158 alte-

998 1191 1065 1211 rum
1080 1181 1258 1210 sententiam
1275 1178 1460 1209 examinans,
1476 1176 1505 1204 id
1521 1183 1765 1211 unumquemque
1780 1184 1829 1203 so—

997 1227 1151 1256 lummodo
1169 1229 1198 1253 et
1212 1225 1355 1261 cogitasse
1376 1225 1405 1250 et
1425 1221 1554 1249 sensisse
1570 1223 1654 1256 putet
1670 1219 1748 1256 quod
1765 1220 1829 1256 ejus

998 1272 1096 1300 verbis
1112 1271 1292 1303 continetur,
1305 1271 1413 1296 caetera
1423 1266 1563 1302 rejecissc
1577 1274 1582 1292 :
1597 1273 1724 1300 cumque
1736 1265 1766 1292 in
1778 1273 1829 1292 ex-

998 1317 1164 1353 pendendis
1181 1315 1374 1351 profanorum
1402 1314 1557 1339 auctorum
1575 1309 1702 1345 scriptis,
1720 1309 1828 1345 quibus

998 1362 1082 1390 nulla
1097 1361 1176 1388 idem
1193 1358 1329 1387 sentendi
1340 1358 1387 1385 lex
1402 1356 1466 1390 fuit,
1483 1355 1610 1383 aliorum
1628 1363 1662 1382 ex
1678 1354 1745 1381 aliis
1761 1362 1827 1381 ver-

997 1407 1035 1434 ba
1052 1409 1079 1434 et
1095 1408 1226 1434 mentem
1243 1404 1395 1431 declarare
1407 1404 1435 1429 et
1446 1400 1597 1427 illustrare
1613 1399 1781 1432 soleamus;
1795 1397 1826 1426 id

997 1461 1072 1489 pene
1089 1450 1174 1478 nobis
1186 1450 1216 1477 in
1231 1449 1278 1476 SS.
1296 1447 1432 1475 Patribus
1450 1444 1610 1476 interdicit.
1623 1452 1750 1479 quorum
1766 1452 1826 1471 una

996 1488 1080 1525 mens
1091 1498 1179 1531 atque
1192 1494 1351 1522 consilium
1364 1492 1430 1525 fuit,
1442 1494 1474 1518 ut
1482 1497 1671 1517 communem
1686 1488 1826 1516 Ecclesia;

996 1542 1158 1569 dnclrinam
1176 1549 1226 1575 pro
1245 1548 1297 1566 suo
1315 1538 1440 1573 quisque
1457 1538 1543 1571 captu
1563 1543 1594 1561 ac
1618 1534 1757 1561 facultate
1770 1533 1825 1560 (le—

997 1588 1141 1615 clararet:
1160 1584 1283 1621 perinde
1301 1582 1385 1618 quasi
1403 1581 1519 1608 licuerit
1536 1580 1595 1606 illis
1611 1580 1639 1606 in
1655 1579 1742 1605 rebus
1759 1587 1826 1614 gra-

997 1632 1125 1659 vissimis
1139 1634 1207 1663 (non
1221 1629 1249 1656 in
1263 1628 1360 1655 dubiis
1372 1627 1416 1653 vel
1430 1625 1553 1652 minoris
1566 1624 1730 1656 momenti),
1742 1632 1826 1650 suam

998 1678 1051 1705 sibi
1069 1677 1186 1711 cuique,
1205 1674 1320 1701 omissis
1337 1675 1365 1699 et
1381 1670 1557 1698 inconsultis
1570 1670 1635 1696 aliis
1648 1669 1827 1695 sententiam

997 1722 1157 1750 informare
1173 1729 1178 1748 :
1197 1718 1426 1754 impositamque
1439 1715 1492 1742 sibi
1506 1714 1583 1750 quod
1597 1714 1736 1740 traditum
1754 1713 1827 1740 anti-

998 1767 1108 1802 quitus,
1121 1769 1149 1792 et
1161 1766 1190 1791 in
1203 1763 1334 1791 Ecclesia
1345 1760 1543 1789 communiter
1555 1758 1712 1789 creditum,
1726 1761 1827 1785 tenen-

999 1812 1026 1839 di
1044 1814 1070 1839 et
1089 1809 1257 1837 afﬁrmandi
1276 1806 1484 1834 necessitatem
1503 1803 1711 1840 ignoraverint.

1143 1855 1179 1881 De
1194 1853 1365 1879 inrocritionc
1387 1850 1422 1877 ad
1442 1849 1681 1877 consecrationem.

1033 1902 1076 1927 94.
1094 1899 1240 1931 Qumritur
1268 1897 1314 1923 hic
1347 1898 1373 1922 1ο
1394 1903 1465 1921 num
1495 1892 1622 1928 Cyrillus
1639 1890 1826 1918 eucharistizn

1000 1944 1265 1974 consecrationem,
1284 1941 1349 1970 soli.
1375 1938 1502 1966 exclusis
1527 1936 1703 1972 evangelicis
1718 1935 1826 1969 verbis,

1000 1990 1178 2018 invocationi
1196 1989 1224 2014 in
1247 1986 1364 2021 liturgia
1387 1986 1533 2011 contontrr
1549 1981 1740 2009 attribucrit‘.’
1755 1983 1784 2007 2°
1799 1980 1827 2007 Si

1000 2036 1040 2062 ita
1057 2034 1183 2061 senserit,
1195 2032 1263 2067 quid
1280 2031 1314 2057 de
1327 2030 1377 2057 illa
1389 2029 1452 2064 ejus
1465 2027 1682 2055 existimatione
1700 2025 1829 2052 sentien-

1000 2081 1069 2107 dum
1084 2089 1090 2111 ς
1103 2087 1223 2105 errornc
1237 2077 1273 2103 sit
1287 2085 1323 2103 an
1336 2075 1466 2110 legitima
1478 2072 1612 2099 dortrina
1623 2072 1636 2098 ‘?
1651 2072 1678 2098 3°
1691 2071 1827 2098 Liceatne

1000 2124 1182 2152 necessarias
1191 2122 1225 2149 ad
1236 2120 1490 2148 consecrationmn
1500 2117 1717 2144 invocationem
1726 2123 1828 2151 preces

1000 2168 1192 2197 existimare?
1222 2170 1261 2192 Ac
1289 2163 1478 2201 [CCXXXYII]
1497 2163 1531 2188 ulc
1548 2162 1644 2197 prima
1664 2160 1828 2196 qumstione

998 2213 1162 2242 fatendum,
1181 2211 1415 2246 quotiescunque
1432 2208 1467 2234 de
1488 2206 1712 2234 consecratione
1727 2205 1828 2240 loqui-

999 2263 1048 2287 tur
1062 2258 1200 2294 Cyrillus,
1217 2257 1293 2283 hanc
1309 2255 1344 2281 ab
1362 2262 1405 2283 ea,
1424 2252 1535 2279 nullius
1552 2251 1674 2278 alterius
1691 2250 1732 2276 rei
1750 2250 1827 2276 facta

115 2309 202 2337 tative
226 2315 326 2336 caesus
349 2308 378 2333 et
402 2304 582 2332 immolatus.
609 2302 674 2329 Hmc
691 2309 707 2327 a
723 2300 941 2334 ChrysOstomo,

1001 2305 1162 2333 mentione,
1180 2301 1215 2329 ad
1231 2301 1277 2326 SS.
1295 2298 1448 2326 Trinitatis
1464 2297 1506 2323 vel
1525 2296 1650 2331 Spiritus
1668 2295 1761 2322 sancti
1779 2294 1825 2321 in-

115 2356 193 2384 hom.
212 2357 246 2382 l7
261 2355 290 2381 in
307 2353 394 2388 Epist.
417 2351 454 2378 ad
469 2350 606 2381 Hebraeos,
624 2356 687 2383 pag.
705 2347 767 2379 8:36,
780 2345 942 2373 admirabi-

109 2402 179 2430 liter
189 2400 399 2437 explicantur:
411 2397 461 2433 qui
473 2396 559 2423 ambo
571 2393 716 2421 sacriﬁcia
728 2392 824 2419 crucis
836 2394 864 2417 et.
877 2390 942 2417 mis-

105 2457 146 2477 sas
162 2447 206 2476 sic
222 2436 386 2481 comparat.
405 2445 437 2469 ut
451 2443 481 2468 et
505 2439 684 2468 sacriﬁcium
714 2436 943 2464 eucharisticum

107 2493 250 2524 sacriﬁcii
263 2491 373 2523 crucis,
395 2491 424 2516 et
447 2487 625 2515 sacriﬁcium
643 2484 738 2512 crucis
755 2482 943 2511 eucharistici

110 2541 236 2578 ﬁguram
254 2538 335 2566 dicat
370 2534 454 2568 Quod
476 2535 575 2561 autem
600 2531 733 2558 Christus
750 2530 780 2556 in
797 2528 943 2556 sacriﬁcio

109 2573 309 2614 eucharistico
317 2576 692 2617 percommemorationem
699 2573 856 2609 praeterita:
866 2581 929 2599 mor
936 2588 943 2592 -

109 2630 147 2658 tis
162 2631 295 2667 przestat,
312 2627 369 2654 hoc
387 2624 418 2651 in
434 2631 518 2650 coena
534 2621 603 2648 fecit
618 2628 671 2656 per
686 2618 943 2646 commemoratio-

111 2663 174 2703 neni
191 2673 296 2702 mortis
312 2672 436 2699 futurae.
452 2668 571 2699 Quarto,
595 2665 625 2692 in
650 2664 796 2691 sacriﬁcio
809 2663 944 2690 euchari—

111 2720 179 2749 stico
193 2719 349 2748 Christum
381 2721 414 2741 se
447 2714 476 2738 et.
503 2708 673 2739 Ecclesium,
691 2707 852 2734 Ecclesiam
869 2715 899 2734 se
916 2709 945 2733 et

108 2766 251 2795 Christum
269 2771 326 2801 per
350 2755 543 2788 sacerdotum
568 2761 675 2781 manus
699 2752 805 2780 offerre
822 2753 879 2779 Deo
909 2751 943 2778 Se

131 2847 153 2866 ³⁸
163 2846 254 2876 Hebr.
272 2851 304 2878 ι,
322 2839 373 2868 24-

998 2349 1183 2377 vocationem
1200 2345 1302 2373 referri
1320 2344 1425 2371 solere.
1445 2341 1527 2369 Panis
1543 2345 1568 2367 et
1589 2342 1681 2367 vinum
1697 2340 1825 2366 euchari-

998 2395 1064 2426 stiw,
1082 2396 1137 2420 cat.
1159 2394 1198 2423 19,
1217 2400 1246 2418 n.
1264 2392 1289 2424 7,
1307 2392 1370 2416 ante
1393 2390 1516 2415 sanctam
1533 2385 1685 2413 adoranda:
1702 2383 1825 2410 Trinita-

999 2441 1032 2467 tis
1050 2439 1249 2466 invocationem
1272 2434 1362 2462 nudus
1374 2434 1456 2468 panis
1473 2434 1497 2458 et
1512 2432 1605 2458 vinum
1621 2433 1679 2456 erat
1689 2437 1700 2459 ;
1715 2429 1828 2455 inz‘oca-

1000 2486 1072 2511 tione
1097 2486 1187 2510 autem
1210 2483 1323 2516 peracto
1347 2478 1429 2513 panis
1453 2479 1483 2511 ﬁt
1506 2483 1603 2509 corpus
1628 2473 1737 2500 Christi.
1764 2473 1825 2499 Cat.

999 2531 1042 2562 2t,
1060 2537 1089 2555 n.
1107 2529 1133 2560 3,
1150 2527 1233 2554 Panis
1249 2523 1429 2555 curharistz'ai,
1445 2524 1506 2556 post
1529 2519 1728 2547 invocationem
1741 2518 1828 2544 sancti

1000 2574 1119 2608 Spiritus
1133 2580 1187 2598 non
1204 2574 1241 2598 est
1258 2569 1408 2597 communis
1420 2567 1513 2602 panis,
1540 2564 1583 2591 scd
1599 2570 1697 2598 corpus
1714 2562 1826 2590 Christi.

998 2619 1059 2646 Cat.
1091 2618 1135 2647 23.
1165 2625 1193 2643 n.
1225 2617 1267 2646 19,
1300 2620 1450 2648 exponens
1474 2609 1572 2640 verba.
1598 2609 1699 2636 Sancta
1714 2608 1827 2641 sanctis,

999 2663 1058 2690 ait:
1076 2662 1178 2688 Sanv'la
1198 2662 1260 2687 sunt
1275 2665 1338 2692 qua?
1353 2658 1381 2683 in
1397 2655 1481 2682 altari
1502 2655 1646 2689 proposita
1660 2654 1767 2688 jaccnt,
1784 2660 1829 2679 re-

982 2703 1075 2741 cepto
1104 2706 1225 2740 Spiritus
1254 2703 1341 2730 sancti
1368 2702 1542 2735 superventu.
1565 2697 1630 2731 Sed,
1647 2697 1726 2732 quod
1741 2699 1830 2732 caput

1000 2753 1055 2786 est,
1071 2758 1154 2777 num.
1172 2751 1197 2782 7,
1215 2747 1352 2775 ordinem
1368 2745 1494 2782 liturgias
1518 2751 1689 2775 recensens,
1706 2749 1773 2769 cum
1790 2740 1828 2768 ad
