4024 6376
413 373 533 433 279

1602 371 1705 434 DE
1749 365 2155 432 DOCTRINA
2197 364 2263 424 S.
2310 361 2656 424 CYBILLI.

3695 378 3798 438 280

416 509 930 567 consecrationem
961 509 1218 577 devenit,
1253 509 1564 565 verborum
1598 506 2072 580 evangelicorum
2108 511 2154 575 Α
2191 497 2359 557 tioni.
2381 496 2597 554 deinde
2621 503 2678 554 et
2701 503 2964 558 veterum
2994 503 3328 561 Grmcorum
3357 507 3609 566 Patrum.
3634 511 3738 569 imo
3757 522 3804 572 et

416 618 491 658 ne
521 599 794 655 meminit
828 599 1070 670 quidem
1098 616 1110 653 ε
1147 616 1266 654 non
1296 599 1454 672 quod
1487 600 1545 654 in
1580 599 1816 670 liturgia
1845 601 2086 668 praeter-

419 690 604 746 missa
635 693 856 750 essent,
890 687 947 742 id
981 689 1140 744 enim
1173 705 1248 744 ne
1283 689 1538 760 cogitare
1571 688 1813 760 quidem
1844 685 2085 758 permit-

418 781 605 846 titur;
637 778 739 833 sed
773 778 930 850 quod
964 778 1249 833 historice
1284 785 1512 834 tantum
1555 778 1823 844 recitata,
1855 775 2084 831 nullam

419 867 643 924 habere
671 867 731 921 in
764 883 930 921 sacra
957 867 1191 922 actione
1222 868 1339 922 vim
1395 867 1768 922 existimasse
1795 865 2082 920 videatur.

424 957 618 1013 Solius
650 963 846 1011 autem
879 957 1269 1012 invocationis
1292 958 1661 1012 mentionem
1692 956 1834 1011 facit
1865 955 1925 1009 in
1960 955 2087 1009 hinc

422 1046 644 1102 verba:
679 1047 979 1116 Postquam
1037 1049 1396 1116 nosmetipsos
1435 1063 1540 1117 per
1571 1046 1670 1100 has
1702 1047 1888 1100 laudes
1920 1045 2087 1114 spiri-

425 1135 596 1192 tuales
651 1135 984 1208 (trisagium
1041 1135 1344 1208 intelligit)
1401 1137 1882 1205 sanctificarimus,
1920 1140 2090 1190 Deum

426 1226 722 1296 benignum
776 1241 1068 1280 exoramus
1133 1230 1196 1278 ut
1243 1228 1456 1279 emittat
1519 1231 1771 1280 sanctum
1820 1225 2092 1295 Spiritum

425 1330 589 1384 super
617 1314 765 1368 dona
787 1315 1114 1383 proposita;
1146 1319 1208 1367 ut
1253 1316 1438 1382 faciat
1481 1330 1686 1384 panem
1716 1314 1937 1383 quidem
1968 1329 2092 1367 cor-

417 1419 527 1477 pus
558 1403 783 1470 Christi,
816 1401 1007 1457 vinum
1053 1418 1181 1457 vero
1226 1406 1548 1472 sanguinem
1599 1403 1823 1458 Christi.
1861 1404 2092 1458 Omnino

429 1495 574 1550 enim
603 1492 966 1563 quodcunque
1020 1493 1274 1561 attigerit
1319 1493 1563 1563 Spiritus
1601 1499 1840 1556 sanctus,
1875 1492 1932 1546 id
1960 1508 2090 1546 san-

433 1585 732 1651 ctiﬁcatum
763 1588 816 1636 et
849 1588 1275 1636 transmutatam
1306 1589 1401 1638 est.
1435 1583 1574 1648 Quas
1605 1582 1846 1654 quidem
1880 1581 2089 1636 Pfaffio

434 1671 496 1727 in
529 1672 718 1727 altera
747 1671 1165 1727 dissertatione
1201 1673 1270 1726 De
1300 1675 1704 1726 consecratione
1733 1680 1975 1727 ueterum
2006 1689 2096 1727 eu-

439 1761 739 1817 charistica
770 1760 948 1833 plane
979 1759 1252 1815 sufficere
1283 1761 1405 1816 visa
1433 1767 1590 1824 sunt,
1620 1767 1684 1815 ut
1715 1778 1846 1817 eum
1881 1762 1953 1816 iis
1984 1778 2091 1817 an-

2189 589 2590 644 recentiorum
2631 590 3032 646 Graeculorum
3081 594 3505 653 existimationi
3536 600 3807 658 adversan-

2192 683 2332 734 tem.
2359 678 2740 734 Becentiores
2783 681 2938 735 enim
2991 683 3174 738 Graeci
3223 685 3306 739 uti
3341 687 3686 746 calumniam
3715 694 3808 749 sibi

2192 769 2510 840 impactam
2543 769 2714 841 longe
2747 771 3029 842 rejecere,
3077 775 3234 844 quod
3285 777 3512 833 nullam
3545 781 3602 835 in
3631 798 3808 838 conse-

2193 858 2457 914 cratione
2490 859 2682 913 verbis
2734 861 3087 933 evangelicis
3136 871 3364 935 partem
3401 867 3652 924 tribuere
3678 872 3810 927 dice-

2193 954 2420 1003 rentur.
2454 949 2670 1017 Tertio,
2711 949 2772 1004 in
2821 950 3075 1024 liturgim
3107 954 3320 1009 Graecas
3353 972 3485 1021 usu,
3514 975 3639 1029 quas
3667 977 3810 1016 evan-

2193 1036 2382 1110 gelica
2434 1037 2610 1092 verba
2660 1037 3015 1094 invocationi
3069 1044 3397 1113 praemittit,
3443 1045 3688 1103 dubitari
3714 1066 3809 1104 non

2195 1144 2371 1201 posse
2403 1128 2675 1184 existimo
2700 1131 2844 1201 quin
2874 1133 3209 1189 Graecorum
3238 1135 3510 1193 omnium
3533 1144 3590 1192 et
3609 1146 3809 1196 aetatum

2197 1223 2255 1274 et
2286 1217 2550 1274 locorum
2606 1222 2904 1278 sententia
2949 1223 3128 1278 fuerit
3173 1225 3472 1282 Christum
3505 1245 3620 1284 non
3650 1231 3810 1288 statim

2197 1314 2333 1381 post
2390 1309 2862 1382 evangelicorum
2917 1313 3226 1369 verborum
3277 1319 3810 1388 pronuntiationem,

2200 1397 2301 1453 sed
2337 1404 2564 1454 tantum
2615 1406 2748 1472 post
2790 1401 3224 1460 invocationem
3263 1413 3567 1478 peractam
3605 1408 3810 1476 adesse;

2201 1491 2442 1544 Patrum
2501 1491 2885 1547 auctoritates
2947 1509 3066 1548 non
3128 1494 3342 1566 allego,
3404 1514 3535 1568 quae
3575 1498 3809 1554 omnibus

2203 1583 2361 1632 notm
2393 1585 2553 1648 sunt,
2587 1595 2694 1634 nec
2727 1580 2786 1634 in
2820 1598 2881 1635 re
2912 1589 3118 1653 aperta
3153 1591 3288 1639 utor
3319 1586 3568 1642 testibus
3598 1604 3706 1643 non
3732 1604 3810 1642 ne-

2202 1668 2498 1724 cessariis.
2531 1670 2674 1723 Nata
2706 1686 2774 1724 ea
2814 1671 3018 1742 opinio
3067 1679 3157 1727 est
3204 1691 3274 1728 ex
3307 1675 3455 1747 ipsis
3486 1676 3810 1749 liturgiarum

2202 1763 2260 1813 et
2291 1774 2473 1812 sacras
2506 1758 2897 1815 invocationis
2947 1761 3160 1826 verbis,
3205 1765 3423 1836 quibus
3465 1766 3814 1838 postulatura

441 1856 740 1916 numeret,
767 1867 916 1922 quos
938 1851 999 1904 in
1025 1849 1151 1905 sola
1176 1850 1548 1906 invocatione
1581 1858 2092 1907 consecrationem
2126 1879 2174 1947 Β
2208 1847 2346 1910 Deo,
2380 1853 2444 1902 ut
2475 1848 2532 1902 id
2565 1849 2720 1920 quod
2749 1851 2920 1921 panis
2943 1859 3000 1906 et
3021 1852 3210 1908 vinum
3243 1861 3334 1909 est
3363 1873 3398 1910 a
3427 1857 3637 1926 Spiritu
3660 1863 3809 1910 sancto

439 1940 781 2013 reposuisse
812 1940 1130 2012 pertendit.
1175 1941 1313 1996 Dico
1359 1943 1411 1994 1ο
1457 1957 1641 1997 unum
1674 1942 1876 2014 Cyrilli
1910 1942 2092 1997 silen-

445 2031 592 2086 tium
625 2046 744 2085 non
777 2029 1016 2094 sufficit,
1043 2035 1106 2084 ut
1126 2029 1198 2084 ab
1223 2047 1292 2085 eo
1323 2031 1437 2087 vim
1472 2033 1941 2104 evangelicorum
1969 2048 2100 2086 ver-

443 2121 656 2178 borum
689 2121 981 2177 sublatam
1006 2121 1447 2177 existimemus:
1471 2123 1629 2194 quod
1663 2124 1934 2195 exemplo
1968 2141 2108 2180 con-

445 2212 641 2268 firmo.
677 2211 734 2266 Si
767 2228 836 2268 ea
875 2215 1102 2266 tantum
1139 2213 1191 2266 S.
1217 2213 1620 2284 Chrysostomi
1653 2229 1834 2284 opera
1863 2213 2110 2271 habere-

447 2318 601 2370 mus,
626 2301 687 2357 in
721 2302 936 2374 quibus
966 2301 1151 2356 solius
1177 2301 1566 2357 invocationis
1599 2308 1881 2374 tanquam
1906 2319 2112 2359 conse‘

451 2392 738 2448 orationis
763 2408 958 2446 causas
984 2391 1345 2457 meminit,ut
1372 2391 1472 2446 lib.
1498 2409 1560 2447 ιιι
1585 2394 1660 2447 De
1681 2394 2112 2466 sacerd..cap.4’

451 2496 582 2554 pag.
608 2484 696 2546 32,
722 2487 779 2536 et
800 2480 903 2535 lib.
930 2497 1006 2547 vi,
1028 2497 1153 2552 cap.
1177 2484 1232 2548 4,
1252 2498 1381 2554 pag.
1402 2483 1490 2545 93,
1513 2487 1570 2536 et
1591 2499 1769 2538 serm.
1792 2485 1879 2549 32,
1895 2489 2037 2538 tom.
2053 2485 2115 2537 V’

453 2587 584 2646 pag.
607 2573 731 2634 487,
752 2576 810 2625 et
829 2587 1005 2625 serm.
1033 2573 1120 2636 36,
1150 2587 1278 2642 pag.
1305 2573 1429 2630 533.
1456 2571 1681 2627 nullam
1709 2589 1844 2628 eum
1867 2590 2113 2646 evange-

447 2660 584 2716 licis
608 2659 804 2714 verbis
827 2659 1154 2715 efﬁcaciam
1177 2660 1490 2732 reliquisse
1515 2662 1976 2733 suspicaremlir.
2002 2663 2115 2719 Sed

454 2749 550 2806 his
578 2767 711 2822 quas
743 2748 963 2804 diserte
997 2748 1140 2805 dicit
1167 2766 1345 2804 serm.
1373 2751 1461 2817 30,
1490 2752 1566 2805 De
1589 2751 1906 2820 proditione
1933 2752 2115 2819 Juda’,

451 2856 584 2912 pag.
618 2839 742 2906 463,
779 2855 853 2894 ne
886 2839 968 2894 ita
997 2837 1069 2892 de
1097 2855 1165 2893 eo
1191 2839 1518 2894 sentiamus
1548 2839 1956 2912 prohibemur.
1982 2843 2116 2898 Haec

449 2928 776 2986 ostendunt
793 2934 1106 3000 utramque
1126 2929 1482 2984 sententiam
1505 2931 1726 3001 optime
1745 2947 1873 2985 com
1885 2932 2118 3003 poni.ut

447 3025 506 3078 et
519 3020 692 3076 verba
706 3019 1042 3091 evangelica
1055 3035 1163 3074 sua
1175 3020 1222 3074 vi
1241 3019 1968 3077 transsubstantiationem
1983 3038 2116 3094 ope‘

451 3115 692 3176 rentur;
716 3115 783 3164 ut
798 3125 1005 3164 eorum
1025 3114 1223 3164 tamen
1243 3109 1506 3179 operatio
1525 3116 1583 3164 et
1599 3111 1918 3182 applicatio
1937 3128 1971 3166 a
1987 3129 2116 3184 pre-

453 3199 621 3255 cibus
649 3198 1065 3253 ecclesiasticis
1097 3203 1380 3269 tanquam
1428 3198 1501 3254 ab
1547 3199 1904 3272 impetrante
1935 3217 2114 3258 causa

455 3285 825 3360 dependeat;
859 3287 1090 3342 Christo
1121 3292 1180 3341 et
1210 3286 1429 3358 Spiritu
1473 3295 1677 3342 sancto
1709 3305 1829 3344 una
1859 3306 2110 3360 operan-

454 3377 634 3432 tibus.
663 3377 848 3442 Quam
879 3375 1123 3447 quidem
1171 3374 1371 3447 Cyrilli
1425 3375 1607 3431 fuisse
1655 3378 2016 3432 sententiam
2051 3385 2118 3435 ut

463 3484 586 3524 non
617 3465 876 3534 afﬁrmo,
907 3465 1010 3531 ita,
1044 3482 1167 3520 non
1199 3464 1381 3520 fuisse
1414 3483 1611 3532 nemo,
1636 3473 1701 3522 ut
1721 3468 1954 3538 Opinor,
1979 3486 2118 3540 pro-

457 3557 598 3614 bare
631 3559 844 3629 potest.
879 3554 1017 3610 Dico
1041 3558 1100 3609 2°
1121 3554 1360 3610 nonnisi
1385 3562 1520 3628 post
1549 3556 1980 3612 invocationem
2005 3557 2117 3631 Cy-

450 3646 626 3703 rillus
643 3649 942 3718 peractam
963 3644 1394 3700 elementorum
1417 3645 1968 3701 transmutationem
1989 3663 2119 3703 sen‘

459 3737 553 3795 sit.
581 3738 664 3792 Ea
683 3734 756 3790 de
779 3751 862 3802 re,
887 3740 951 3790 ut
973 3734 1117 3790 mihi
1142 3733 1383 3806 quidem
1415 3735 1664 3802 videtur,
1689 3735 1962 3791 dubitare
1994 3753 2115 3792 non

453 3827 812 3900 permittunt
842 3823 1095 3880 laudata}
1120 3823 1395 3896 superius
1423 3823 1586 3878 illius
1615 3826 1950 3893 sententia},
1985 3827 2114 3898 qui-

452 3915 565 3972 bus
594 3922 724 3971 ante
753 3917 1153 3970 invocationem
1183 3913 1444 3968 afﬁrmat
1466 3931 1671 3985 panem
1701 3921 1752 3969 et
1797 3918 1985 3970 vinum
2016 3933 2113 3972 eu-

454 4006 735 4062 charistiae
767 4004 970 4058 nudum
1019 4019 1126 4059 esse
1167 4019 1371 4074 panem
1422 4009 1472 4058 et
1521 4006 1703 4058 vinum
1731 4021 1749 4058 :
1788 4021 1958 4076 caque
1981 4023 2116 4077 per-

455 4101 583 4150 acta
621 4094 750 4162 jam
805 4097 932 4146 tum
993 4093 1196 4147 Christi
1269 4107 1464 4162 corpus
1513 4099 1562 4147 et
1608 4097 1932 4161 sanguinem
1983 4112 2110 4154 esse.

454 4183 605 4250 Quid
635 4181 707 4238 de
738 4182 849 4237 hac
881 4181 1010 4252 ejus
1032 4181 1471 4236 existimatione
1503 4181 1880 4238 sentiendum
1913 4184 1989 4238 sit
2017 4202 2115 4240 ro-

452 4289 556 4346 gas
575 4272 603 4327 ?
634 4271 836 4344 paucis
866 4271 1090 4342 aperio.

525 4364 612 4416 95.
647 4365 727 4415 Ac
757 4359 950 4432 primo
994 4358 1237 4430 quidem
1285 4357 1592 4415 fatendum
1625 4366 1716 4416 est
1746 4367 1928 4419 totam
1959 4364 2113 4422 hanc

455 4448 918 4507 controversiam
951 4449 1024 4504 ad
1055 4448 1231 4503 fidem
1282 4449 1432 4504 nihil
1481 4451 1799 4522 pertinere.
1834 4454 2112 4519 Quamvns

455 4541 686 4595 Grmcos
717 4539 874 4595 inter
901 4544 959 4592 et
991 4539 1227 4594 Latinos
1259 4539 1562 4613 theologos
1599 4541 1661 4596 in
1693 4544 1948 4599 concilio
1979 4545 2115 4601 Flo-

2206 1943 2502 2006 mutatum,
2533 1941 2632 2007 fiat
2665 1956 2859 2010 corpus
2916 1947 2963 1996 et
3008 1946 3234 2012 sanguis
3266 1944 3491 2000 Christi.
3528 1945 3699 2000 Verba
3719 1945 3813 2000 huc

2211 2026 2565 2099 detorquere
2597 2029 2669 2083 ad
2694 2031 2937 2086 effectus
2958 2033 3335 2089 eucharistiam
3369 2035 3429 2090 in
3462 2035 3626 2090 nobis
3654 2041 3814 2106 postu-

2216 2113 2778 2182 landos,Ecclesiam
2805 2119 3373 2189 luculentissimo,et
3395 2123 3822 2179 constantissimo

2222 2207 2910 2276 transsubstantiationis
2943 2211 3286 2268 testimonio
3319 2214 3546 2286 privare
3577 2218 3673 2268 est.
3705 2211 3826 2267 Alio-

2227 2297 2327 2368 qui
2360 2295 2673 2352 verborum
2707 2298 2947 2354 illorum
2971 2319 3234 2369 sensum,
3266 2320 3374 2375 per
3405 2320 3466 2359 se
3499 2309 3763 2376 patentem
3787 2304 3826 2355 et

2227 2386 2638 2457 conspicuum,
2693 2404 2723 2442 e
2768 2389 2982 2460 quibus
3030 2392 3252 2446 certius
3293 2393 3662 2465 accipiemus.
3690 2405 3822 2462 quam

2229 2475 2302 2530 ab
2335 2476 2408 2531 iis
2429 2477 2528 2548 qui
2553 2493 2658 2548 per
2683 2495 2892 2534 omnes
2915 2485 3119 2536 artates
3142 2481 3267 2538 illis
3295 2483 3386 2538 usi
3420 2482 3598 2538 s:.nt?
3619 2482 3723 2537 Non
3743 2477 3823 2533 mi.

2227 2582 2359 2620 rum
2421 2566 2808 2622 scholasticos
2867 2575 3104 2625 nostros
3162 2588 3231 2628 ea
3296 2573 3587 2627 sententia
3619 2571 3820 2625 offensos

2225 2653 2408 2710 fuisse
2435 2672 2448 2709 :
2482 2658 2746 2728 persuasi
2781 2665 2951 2714 erant
2982 2662 3058 2731 (et
3103 2662 3320 2718 merito
3351 2663 3586 2735 quidem
3616 2661 3658 2716 si
3683 2658 3740 2714 ad
3759 2655 3818 2710 li-

2227 2745 2480 2818 turgiam
2513 2747 2840 2803 Romanam
2874 2767 2992 2821 qua
3038 2750 3371 2808 utebantur
3417 2752 3670 2825 spectes),
3694 2744 3814 2802 Chri-

2227 2839 2382 2890 stum
2412 2837 2610 2892 statim
2643 2843 2777 2909 post
2809 2840 3289 2913 evangelicorum
3322 2842 3623 2898 verborum
3651 2835 3808 2894 recita-

2227 2923 2448 2980 tionem
2481 2927 2649 2982 nulla
2679 2943 2845 2984 mora
2869 2929 2975 2984 sub
2996 2932 3166 3003 panis
3188 2938 3247 2986 et
3281 2933 3399 2988 vini
3421 2929 3700 3004 speciebus
3719 2938 3817 2980 con-

2225 3013 2423 3071 tineri.
2461 3016 2573 3071 Sed
2633 3016 2758 3072 hmo
2809 3018 2885 3073 ad
2947 3020 3208 3076 Graecam
3243 3021 3544 3095 liturgiam
3574 3009 3820 3074 transferri

2225 3103 2498 3176 iniquum
2530 3111 2656 3161 erat
2683 3124 2695 3175 ;
2731 3107 2791 3162 in
2824 3110 3089 3166 Romana
3119 3111 3316 3175 enim,
3359 3105 3756 3168 Mediolanensi,
3781 3102 3826 3154 et

2225 3194 2504 3251 omnibus
2535 3213 2684 3268 pene
2707 3197 2928 3253 Latinis
2951 3199 3249 3256 veteribus
3292 3203 3554 3276 liturgiis,
3585 3190 3821 3254 invocatio

2227 3282 2349 3350 illa,
2383 3291 2442 3340 ut
2472 3286 2627 3341 nobis
2674 3303 2871 3358 corpus
2927 3294 2978 3344 et
3031 3293 3259 3360 sanguis
3304 3297 3404 3364 ﬁat
3441 3287 3644 3348 Domini
3664 3277 3819 3338 nostri

2224 3375 2361 3430 Jesu
2393 3374 2629 3443 Christi,
2659 3375 2749 3431 vel
2799 3377 3014 3433 similis
3063 3382 3256 3437 oratio
3307 3382 3491 3438 verbis
3521 3367 3814 3446 evangelicls

2226 3463 2507 3536 praemitti
2544 3464 2726 3531 solet;
2761 3483 2945 3537 quare
2993 3466 3159 3524 nulla
3198 3469 3492 3527 dubitatio
3519 3459 3819 3533 relinquitur

2227 3554 2374 3626 quin
2421 3555 2496 3610 iis
2545 3556 2806 3611 recitatis
2855 3560 3227 3614 consecratio
3281 3565 3513 3634 peracta
3540 3556 3622 3612 sit.
3645 3553 3816 3616 Quare.

2225 3650 2292 3698 ut
2322 3644 2504 3699 Graeci
2539 3646 2742 3700 Patres
2773 3653 2908 3718 post
2955 3648 3394 3708 invocationem
3429 3655 3655 3708 tantum,
3683 3639 3818 3695 abso-

2227 3731 2410 3787 lutam
2446 3735 2959 3791 consecrationem
2993 3738 3426 3803 existimantes,
3476 3739 3553 3793 ita
3591 3727 3728 3802 loqui
3755 3739 3821 3778 50°

2223 3821 2352 3877 lent
2377 3823 2545 3893 quasi
2579 3824 2870 3880 invocatio
2911 3825 3014 3883 illa
3060 3829 3187 3886 sola
3216 3827 3700 3886 consecrationem
3727 3813 3821 3870 efﬁ-

2225 3911 2380 3978 ciat;
2411 3911 2492 3968 ita
2523 3914 2727 3968 Patres
2770 3914 2958 3970 Latini
3005 3924 3138 3988 post
3166 3920 3628 3994 evangelicorum
3655 3904 3818 3963 verbo-

2224 4017 2355 4054 rum
2389 4001 2796 4058 recitationem
2833 4009 3084 4072 tantum,
3109 4006 3340 4064 ﬁnitam
3374 3998 3818 4063 consecrationem

2224 4089 2516 4152 arbitrati.
2550 4092 2622 4147 de
2655 4093 2746 4146 his
2777 4092 2970 4149 verbis
3011 4095 3093 4150 ita
3139 4096 3306 4169 loqui
3339 4097 3600 4153 videntur
3625 4078 3818 4162 perinde

2225 4181 2392 4251 quasi
2417 4180 2538 4236 illis
2561 4183 2704 4238 solis
2726 4186 3141 4241 transmutatio
3164 4187 3589 4243 elementorum
3612 4176 3819 4234 tribuen-

2223 4267 2299 4323 da
2323 4269 2436 4340 sit;
2471 4271 2574 4326 sed
2631 4288 2826 4344 neque
2875 4274 2964 4328 illi
3021 4275 3335 4332 verborum
3381 4269 3814 4346 evangelicorum,

2223 4363 2319 4418 isti
2350 4363 2537 4419 multo
2587 4363 2786 4418 minus
2843 4381 3086 4436 precum
3145 4366 3556 4422 necessitatem
3587 4363 3640 4414 et
3661 4352 3814 4409 efﬁca'

2223 4453 2372 4508 ciam
2407 4452 2720 4507 sustulisse
2743 4453 3000 4509 dicendi.
3025 4456 3190 4520 Quod
3214 4457 3453 4528 quidem
3483 4452 3550 4507 de
3578 4447 3813 4528 utrisque:

2221 4542 2546 4614 generatim
2571 4541 2879 4608 duntaxat,
2905 4560 3023 4598 non
3047 4517 3119 4599 de
3141 4517 3419 4600 omnibus
3449 4547 3506 4597 et
3525 4528 3745 4607 singulis
3763 4517 3816 4614 ad

453 4631 690 4688 rentino
724 4647 792 4686 ea
821 4629 894 4685 de
927 4646 989 4684 re
1021 4629 1215 4684 acrius
1245 4629 1611 4701 disputatum
1653 4634 1748 4700 sit,
1782 4634 1856 4702 in_
1875 4634 2112 4692 decreto
2144 4621 2186 4686 Π
2214 4631 2472 4703 rigorem
2504 4631 2755 4703 intelligi
2784 4631 2934 4687 volo.
2963 4633 3199 4688 Latinos
3229 4640 3426 4690 autem
3451 4621 3746 4702 permultos
3763 4609 3817 4664 de

452 4728 653 4779 tamen
687 4719 926 4776 unionis
965 4718 1117 4774 nihil
1149 4725 1434 4776 statutum
1467 4722 1579 4776 fuit
1609 4721 1680 4777 de
1712 4725 1933 4780 utravis
1965 4741 2103 4782 sen~

445 4811 650 4869 tentia.
679 4809 1009 4868 Concilium
1031 4807 1439 4865 Tridentinum
1463 4811 1616 4866 hanc
1639 4811 2101 4884 disputationem

443 4922 518 4962 ne
545 4901 738 4978 attigit
767 4901 1011 4975 quidem
1039 4916 1052 4954 :
1101 4901 1515 4974 [CCXXXVIII]
1566 4919 1712 4958 sese.
1766 4903 1851 4970 i3,
1885 4921 2013 4977 cap.
2047 4909 2102 4977 2,

443 4995 669 5059 statuit,
722 4994 909 5049 statim
945 4995 1075 5062 post
1117 4993 1576 5048 consecrationem
1607 5009 1675 5046 ea:
1701 4994 1758 5048 υἱ
1794 4994 2102 5050 uerborum,

447 5089 506 5138 et
553 5099 684 5138 can.
736 5083 790 5147 4,
833 5086 1067 5152 peracta
1114 5082 1539 5148 consecratione,
1589 5097 1806 5152 corpus
1854 5087 1913 5138 et
1967 5099 2103 5140 san-

444 5172 686 5245 guinem
733 5169 950 5223 Christi
997 5167 1105 5222 sub
1157 5168 1470 5241 speciebus
1515 5171 1686 5242 panis
1731 5176 1789 5226 et
1834 5171 1952 5226 vini
1983 5189 2107 5228 una

443 5277 576 5318 cum
609 5258 810 5315 anima
841 5263 898 5312 et
925 5256 1231 5313 divinitate
1267 5258 1551 5315 exsistere
1580 5277 1593 5314 :
1643 5259 1748 5316 sed
1775 5278 1907 5333 quae
1937 5263 2106 5318 verba

438 5351 544 5407 illa
575 5349 695 5404 sint
723 5345 943 5416 quibus
971 5351 1304 5403 consecratio
1316 5352 1634 5420 peragitur,
1659 5367 1777 5405 non
1808 5350 2100 5408 decernit-

437 5434 731 5502 Secundo,
764 5433 813 5488 si
845 5433 1098 5504 Cyrillus
1126 5435 1242 5491 vim
1273 5438 1748 5512 evangelicorum
1783 5439 2096 5498 verborum

433 5525 795 5588 sustulisset,
828 5527 887 5576 et
933 5523 996 5577 in
1043 5521 1206 5578 nuda
1253 5525 1628 5584 invocatione
1671 5528 1852 5584 totius
1884 5545 2098 5586 conse-

431 5613 715 5675 crationis
746 5628 986 5667 causam
1017 5613 1402 5683 reposuisset,
1439 5615 1697 5674 dicerem
1735 5620 2092 5678 sententiam

433 5708 587 5764 hanc
617 5700 808 5757 videri
839 5701 1002 5774 mihi,
1037 5699 1259 5756 Latinae
1291 5704 1552 5776 primum
1597 5707 1876 5765 Ecclesiae
1906 5709 2089 5767 tradi-

2213 4720 2265 4774 vi
2319 4737 2559 4792 precum
2611 4719 2670 4774 in
2721 4721 3014 4777 sacrificio
3063 4728 3309 4780 testatos
3356 4737 3482 4778 esse
3513 4720 3700 4773 notum
3728 4705 3816 4766 est,

2213 4825 2324 4866 nec
2354 4815 2581 4866 veteres
2613 4816 2841 4865 tantum
2874 4811 3028 4877 dico,
3077 4818 3144 4868 ut
3191 4814 3622 4883 Hieronymum.
3654 4801 3814 4891 Αυξίξ·

2214 4900 2466 4967 stinum;
2499 4899 2604 4955 sed
2627 4899 2804 4955 etiam
2829 4901 3283 4971 recentiores,ut
3303 4881 3654 4975 Agobardum
3674 4881 3812 4978 cap-itfi-

2214 4989 2288 5045 ad
2328 4989 2610 5044 Bernard.
2650 4989 2918 5056 Vienne.,
2950 4992 3331 5048 Paschasium
3357 4972 3625 5047 'Ratbert.
3655 4972 3740 5048 qui
3765 4972 3812 5022 ῑιι

2212 5077 2316 5134 lib.
2352 5079 2422 5132 De
2451 5095 2604 5150 corp.
2635 5084 2688 5134 et
2715 5095 2867 5149 sang.
2905 5080 3145 5147 Domini,
3188 5098 3315 5156 cap.
3358 5082 3410 5149 3,
3441 5077 3550 5132 ait:
3579 5065 3812 5140 Spiritum

2211 5175 2461 5224 sanctum
2504 5171 2672 5242 panis
2701 5175 2754 5224 et
2782 5171 2901 5224 vini
2945 5169 3328 5236 substantiam,
3361 5161 3616 5224 invisibili
3635 5157 3808 5227 poten-

2213 5261 2294 5314 tia
2310 5276 2416 5330 per
2445 5257 2799 5331 [CCXXXIX]
2837 5263 3170 5316 sacramenti
3217 5261 3304 5318 sui
3349 5247 3807 5331 sanctiﬁcationeul,

2210 5323 2677 5420 operaricarnem
2707 5354 2760 5404 et
2782 5323 3110 5420 sanguinem
3143 5351 3363 5415 Christi,
3395 5351 3453 5402 et
3491 5355 3606 5410 caP-
3641 5332 3716 5420 l2}
3744 5323 3808 5376 De

2208 5417 2462 5498 Christo.
2497 5441 2612 5510 ipse
2668 5443 2746 5494 est
2798 5417 2905 5509 qui
2944 5456 3052 5510 per
3105 5441 3373 5512 Spiritum
3421 5435 3651 5491 sanctum
3689 5417 3807 5470 hanc

2203 5544 2358 5584 suam
2388 5531 2557 5598 efficit
2585 5544 2823 5584 carnem.
2854 5528 3074 5584 Omitto
3095 5529 3397 5602 theologos
3425 5515 3804 5602 multosrpl‘mf

2202 5594 2469 5674 sertim'e
2499 5617 2746 5686 Scholis,
2771 5617 2872 5689 qui
2904 5594 3326 5676 necessitatem
3342 5623 3570 5690 precum
3599 5597 3666 5657 ad
3690 5594 3796 5650 hac

2197 5713 2404 5768 nostra
2433 5713 2703 5781 tempora
2731 5713 3078 5765 constanter
3105 5720 3426 5766 asseruere.
