4024 6366
148 362 242 426 281

1580 368 2105 434 DISSERTATIO
2147 372 2256 434 Ill.

3517 371 3640 434 282

206 503 285 556 96.
316 500 777 561 Invocationis
811 523 973 563 sane
1006 505 1071 563 in
1092 504 1529 563 consecratione
1554 506 1863 562 eucharis-
1894 508 1944 574 Α
1980 524 2088 579 per
2111 524 2241 564 eam
2267 508 2607 566 absolvatur
2627 509 3018 577 consecratio,
3047 510 3109 566 in
3131 508 3354 565 Latinis
3373 523 3509 563 vero
3534 523 3645 562 nec

154 592 237 647 tite
259 593 622 648 efficaciam
642 598 1015 667 quamdam
1041 615 1189 666 esse,
1214 613 1459 669 eamque
1482 612 1603 652 non
1633 614 1874 669 parvam

152 690 212 738 ut
240 683 314 738 ait
355 683 673 749 Basilius,
736 686 861 743 lib.
936 691 1015 744 De
1071 688 1284 759 Spiritu
1340 693 1521 755 santo,
1554 704 1604 744 c.
1638 690 1725 742 27.
1759 687 1877 745 duo

172 775 305 830 mihi
333 790 589 845 semper
646 778 946 833 maxime
996 783 1433 851 persuaserunt.
1471 778 1736 833 Primum
1769 784 1879 848 est,

172 865 540 920 verissimum
570 864 755 923 illud
796 869 1121 941 Augustini
1147 868 1526 940 principium,
1544 885 1879 924 sacramen-

178 962 348 1012 torum
380 955 772 1013 efﬁcaciam
804 959 882 1015 ab
919 960 1196 1015 Ecclesiaa
1224 960 1497 1033 precibus
1520 961 1878 1033 dependere.

180 1046 440 1113 Quamvis
478 1052 546 1101 et
580 1048 903 1105 minister
948 1067 1055 1122 per
1113 1051 1464 1107 exteriorem
1523 1052 1882 1107 sacramenti

175 1136 831 1204 administrationem,
867 1145 929 1195 et
983 1140 1250 1196 Christus
1307 1158 1414 1213 per
1464 1142 1713 1214 gratiam
1750 1159 1881 1213 qum

174 1229 584 1283 sacramentis
612 1229 744 1285 rite
770 1229 1013 1286 collatis
1036 1247 1107 1286 ex
1126 1232 1252 1303 ejus
1276 1231 1469 1287 divina
1483 1232 1881 1304 promissione

164 1334 489 1390 nunquam
519 1336 663 1375 non
696 1320 903 1389 adest,
935 1320 1192 1393 baptizet
1221 1327 1279 1377 et
1303 1328 1545 1394 peccata
1575 1323 1878 1378 remittat:

156 1408 435 1464 Ecclesia
457 1426 757 1481 quoque,
777 1427 904 1467 non
938 1416 1166 1467 tantum
1189 1413 1329 1484 quia
1358 1412 1550 1467 claves
1581 1428 1614 1467 a
1637 1412 1869 1468 Christo

165 1499 531 1555 immediate
571 1500 848 1572 accepit,
883 1517 1031 1570 quas
1068 1518 1175 1573 per
1218 1502 1523 1557 ministros
1554 1518 1689 1558 cum
1722 1518 1756 1557 a
1794 1519 1882 1573 se,

174 1594 305 1645 tum
334 1606 369 1645 a
400 1589 668 1645 Christo
695 1589 1019 1662 deputatos
1042 1597 1301 1659 exercet;
1325 1608 1527 1648 verum
1558 1592 1737 1647 etiam
1763 1592 1880 1647 alio

183 1697 391 1742 sensu,
420 1696 542 1751 per
578 1681 940 1736 orationum
980 1698 1217 1737 suarum
1256 1699 1565 1754 nunquam
1598 1682 1880 1737 deﬁcien-

180 1771 336 1826 tium
360 1769 753 1835 efﬁcaciam,
776 1788 911 1826 vere
929 1771 1042 1827 dici
1066 1777 1259 1844 potest
1278 1778 1337 1827 et
1362 1773 1654 1844 baptizare
1676 1778 1733 1827 et
1755 1788 1884 1845 pec-

188 1866 322 1916 cata
346 1860 685 1915 remittere
714 1877 728 1915 :
765 1861 924 1932 quod
948 1861 1019 1917 ab
1044 1862 1367 1934 Augustino
1408 1863 1634 1918 centies
1664 1863 1877 1918 decan-
1915 1892 1958 1959 Β

197 1954 412 2005 tatum.
451 1950 591 2005 Vid.
631 1950 746 2007 lib.
781 1967 839 2005 Ill
868 1952 937 2006 De
960 1953 1133 2022 bapt.,
1167 1968 1293 2023 cap.
1322 1955 1406 2017 17,
1441 1952 1543 2007 lib.
1576 1969 1647 2021 Iv,
1671 1969 1797 2025 cap.
1822 1955 1877 2021 4,

204 2057 368 2094 num.
400 2044 454 2104 6t
479 2056 680 2095 serm.
707 2042 800 2106 99,
838 2058 896 2095 n.
928 2042 982 2106 9,
1017 2044 1475 2107 serm.295,n.2.
1502 2041 1627 2098 Vid.
1651 2042 1879 2099 similes

210 2127 373 2184 locos
402 2129 564 2201 apud
589 2129 876 2190 Ambros.
896 2129 998 2185 lib.
1024 2133 1134 2185 vin
1164 2134 1319 2199 Luc.,
1354 2149 1521 2187 num.
1546 2135 1630 2197 11,
1650 2139 1709 2188 et
1730 2133 1830 2188 lib.
1860 2150 1877 2187 ι

206 2219 286 2273 De
301 2222 521 2289 pamit.,
543 2236 599 2275 c.
635 2222 728 2286 l5,
752 2237 811 2274 n.
847 2221 935 2284 81,
962 2226 1019 2275 et
1049 2220 1280 2294 insigne
1312 2222 1722 2277 testimonium
1744 2224 1878 2277 Am-

202 2310 393 2365 brosii
419 2311 708 2383 Ansperti
743 2314 803 2366 in
835 2313 1009 2382 Apoc.
1047 2329 1095 2367 c.
1131 2329 1191 2378 ιι,
1228 2316 1277 2366 1.
1328 2313 1436 2378 Qui
1469 2313 1630 2369 enim
1679 2329 1876 2369 sacra-

184 2403 418 2457 mentis
450 2403 580 2456 suis
612 2419 675 2457 se
708 2400 1056 2457 adfuturum
1110 2401 1413 2474 pollicitus
1458 2408 1550 2459 est
1581 2403 1872 2469 Christus,

201 2506 353 2544 cum
365 2492 615 2563 gratiam
627 2508 793 2547 suam
811 2509 917 2563 per
935 2492 1039 2547 illa
1052 2492 1336 2548 ﬂuentem
1352 2494 1423 2548 ab
1442 2494 1723 2549 Ecclesia)
1748 2511 1872 2565 pre-

213 2577 398 2632 cibus
430 2578 755 2651 dependere
787 2580 1063 2648 voluerit,
1093 2582 1235 2637 facit
1261 2587 1328 2637 ut
1351 2599 1659 2654 nunquam
1682 2583 1743 2638 in
1766 2584 1871 2639 Ec-

229 2665 418 2722 clesia
439 2675 762 2724 sanctorum
791 2671 981 2725 oratio
1007 2669 1240 2725 deﬁciat
1264 2688 1544 2743 ;eamque
1573 2689 1679 2744 per
1699 2672 1872 2727 mini-

222 2764 431 2820 strum,
464 2758 737 2814 Ecclesia
759 2766 1028 2815 votorum
1083 2761 1492 2834 interpretem,
1527 2778 1870 2833 expressam

215 2864 528 2918 nunquam
552 2865 672 2903 non
696 2849 955 2910 exaudit.
980 2851 1044 2904 In
1063 2851 1224 2906 omni
1243 2858 1752 2907 sacramentorum
1776 2851 1872 2907 ad-

214 2938 657 2993 ministratione
686 2940 1067 2994 continentur
1111 2939 1389 2996 Ecclesia:
1420 2958 1647 3013 preces,
1671 2956 1870 2997 sacra-

160 3038 165 3043 ‘
216 3029 402 3083 menti
455 3028 737 3085 effectum
767 3045 800 3085 a
830 3030 947 3085 Deo
968 3030 1334 3101 postulantes
1361 3047 1374 3085 :
1407 3048 1539 3102 quae
1569 3048 1690 3086 non
1721 3048 1871 3103 pura

204 3134 271 3174 ac
292 3118 459 3174 nuda
481 3118 969 3186 cmremonia,sed
988 3119 1263 3175 Ecclesiae
1284 3135 1417 3175 vere
1448 3121 1674 3175 orantis
1705 3127 1865 3175 voto-

206 3226 337 3265 rum
371 3209 684 3281 expressio
739 3215 877 3265 sunt
905 3226 939 3266 a
971 3209 1242 3265 ministro
1287 3211 1563 3267 Ecclesiaa
1595 3211 1704 3266 sub
1737 3211 1867 3283 ejus

208 3300 459 3355 nomine
484 3300 636 3355 fusas
662 3318 675 3366 ;
698 3299 1036 3372 idcircoque
1060 3305 1301 3372 propter
1323 3301 1582 3356 ministri
1605 3300 1866 3373 incligui-
1902 3265 1945 3331 Ο

205 3396 390 3446 tatem
413 3391 638 3445 aﬂ‘ectu
661 3406 967 3462 nunquam
983 3389 1288 3446 fraudatae.
1313 3390 1415 3446 His
1432 3390 1741 3463 principiis
1758 3393 1870 3445 Au-

203 3481 508 3553 gustinus,
536 3479 674 3534 totis
704 3486 911 3536 contra
932 3480 1269 3535 Donatistas
1287 3480 1568 3552 operibus
1589 3479 1869 3551 baptismi

208 3573 282 3628 ab
314 3571 591 3645 indignis
617 3575 675 3626 et
704 3570 775 3626 ab
797 3571 1096 3627 haereticis
1122 3571 1242 3628 dati
1266 3571 1627 3627 validitatem
1652 3571 1867 3626 defen-

209 3662 316 3717 dit.
334 3661 503 3716 Idem
538 3661 611 3716 de
631 3660 902 3732 precibus
924 3661 1198 3716 Ecclesiae
1239 3661 1314 3716 ad
1354 3661 1868 3717 consecrationem

209 3752 278 3807 in
302 3752 551 3824 liturgia
571 3752 867 3807 contentis
905 3751 1304 3807 sentiendum.
1338 3750 1868 3808 Sacramentalium

220 3858 458 3913 precum
484 3841 817 3897 efficaciam
850 3843 1053 3897 Patres
1080 3858 1196 3896 uno
1223 3858 1322 3897 ore
1356 3842 1528 3897 enixe
1561 3856 1865 3897 commen-

214 3929 377 3991 dant.
399 3948 511 3986 nec
527 3931 826 3986 robustius
840 3931 1153 4003 quisquam
1170 3947 1347 4003 quam
1361 3932 1614 4004 Cyrillus
1631 3936 1865 3986 noster:

206 4023 308 4093 qui
339 4021 559 4077 iisdem
591 4022 868 4093 precibus
899 4027 955 4077 et
985 4038 1153 4092 aqua;
1183 4021 1559 4093 baptismalis
1580 4022 1716 4083 vim,
1751 4026 1864 4076 cat.

205 4110 261 4179 3,
294 4129 360 4173 n,
398 4113 456 4177 3,
490 4116 552 4166 et
580 4110 696 4165 olei
728 4111 1036 4166 exorcizati
1082 4111 1408 4167 efficaciam
1436 4116 1549 4166 cat.
1600 4114 1688 4178 20,
1717 4127 1776 4165 n.
1812 4112 1865 4178 3,

200 4206 261 4256 et
310 4199 665 4257 chrismatis
714 4199 866 4255 sacri
916 4206 1295 4272 potestatem,
1342 4207 1454 4256 cat.
1487 4203 1576 4265 21,
1629 4217 1689 4255 n.
1724 4202 1777 4267 3,
1810 4204 1869 4255 et

198 4289 589 4346 eucharistize
616 4288 873 4361 denique
908 4289 1467 4345 transmutationem
1501 4289 1727 4344 tribuit.

273 4384 369 4436 9‘7.
430 4379 722 4442 Alterum,
782 4379 939 4450 quod
998 4379 1410 4436 eucharisticae
1470 4378 1864 4435 invocationis

202 4469 544 4525 efﬁcaciam
576 4469 1111 4540 necessitatemque
1135 4485 1255 4524 non
1283 4468 1599 4524 minimum
1624 4469 1866 4524 demon-

210 4567 380 4626 strat,
417 4566 509 4614 est
531 4557 687 4629 quod
720 4558 793 4613 ab
824 4565 1051 4615 secreta
1091 4558 1500 4631 apostolorum
1544 4559 1864 4614 traditione

1988 597 2178 655 forma
2209 600 2570 665 eadem,nec
2602 601 2761 656 idem
2813 601 3020 667 locus;
3055 598 3412 673 evangelicis
3444 604 3643 653 tamen

1987 689 2182 744 verbis
2214 691 2381 763 vulgo
2426 692 2826 762 prmmittitur.
2862 690 2953 746 Sic
2996 691 3056 745 in
3106 689 3346 760 liturgia
3376 690 3643 744 Romana

1990 777 2083 833 his
2105 780 2297 835 verbis
2318 797 2599 853 expressa
2626 788 2715 836 est
2743 780 2817 836 ad
2841 782 3105 836 Patrem:
3132 802 3157 828 ‹‹
3184 781 3370 844 Quam
3397 777 3643 833 oblatio-

1992 890 2019 919 «
2048 885 2187 924 nem
2210 871 2406 942 (panis
2437 876 2495 925 et
2525 871 2667 936 vini)
2698 876 2761 925 tu
2794 872 2970 938 Deus,
2996 871 3057 924 in
3080 870 3379 935 omnibus,
3407 883 3639 940 quiesu-

1990 980 2017 1010 α
2035 976 2184 1025 mus,
2202 960 2601 1028 benedictam,
2617 960 2958 1032 ascriptam,
2976 969 3185 1026 ratam,
3200 957 3614 1014 rationabilem
3627 998 3640 1025 ,

1989 1071 2017 1101 «
2032 1051 2576 1123 acceptabilemque
2590 1051 2783 1106 facere
2803 1048 3344 1123 digneris,utnobis
3358 1063 3571 1119 corpus
3587 1050 3646 1100 et

1994 1162 2015 1189 ι
2042 1141 2283 1210 sanguis
2303 1141 2929 1197 {iatdilectissimiFilii
2946 1141 3028 1195 tui
3048 1139 3282 1195 Domini
3304 1137 3491 1193 nostri
3506 1138 3643 1191 .lesu

1995 1250 2020 1283 α
2043 1230 2279 1287 Christi.
2306 1232 2412 1297 Qui
2444 1232 2633 1303 pridie
2658 1248 2836 1303 quam
2862 1236 3186 1303 pateretur,
3212 1250 3240 1279 »
3273 1233 3383 1285 etc.
3417 1225 3640 1282 Similis

1988 1337 2140 1393 pene
2159 1321 2567 1377 Ambrosianze
2587 1321 2840 1393 liturgiai
2860 1319 3191 1381 formula,si
3210 1336 3329 1373 non
3343 1317 3416 1373 ad
3430 1319 3645 1373 Roma-

1988 1426 2125 1465 nam
2144 1411 2439 1483 posterius
2461 1411 2680 1466 inﬂexa
2700 1417 2759 1467 et
2779 1409 3161 1465 accomodata
3181 1412 3276 1464 sit.
3310 1409 3478 1462 Certe
3502 1408 3642 1460 Am-

1987 1497 2222 1556 brosius
2241 1517 2618 1556 communem
2642 1500 2964 1572 quamdam
2990 1498 3293 1553 Trinitatis
3315 1494 3639 1551 invocatio-

1989 1607 2127 1648 nem
2161 1591 2221 1645 in
2256 1592 2548 1647 sacrificio
2580 1591 2907 1646 adhibitam
2955 1590 3122 1644 testis
3181 1593 3271 1642 est
3320 1586 3412 1641 his
3442 1583 3640 1639 verbis

1989 1680 2091 1737 lib.
2124 1699 2184 1738 ιιι
2210 1684 2281 1738 De
2299 1683 2516 1754 Spiritu
2546 1688 2753 1747 sancto,
2778 1698 2905 1753 cap.
2934 1683 3099 1746 l6,n.
3134 1680 3269 1732 H2:
3304 1699 3333 1727 «
3365 1677 3509 1732 Cum
3533 1677 3639 1729 Pa-

1990 1793 2018 1823 «
2052 1777 2140 1826 tre
2162 1776 2220 1826 et
2248 1772 2395 1827 Filio
2414 1770 2870 1826 asacerdotibus
2903 1770 2963 1823 in
2986 1769 3341 1840 baptismate
3365 1764 3640 1821 nomina-

1991 1884 2019 1913 «
2052 1868 2146 1916 tur
2168 1862 2446 1934 (Spiritus
2468 1862 2748 1929 sanctus),
2783 1867 2841 1916 et
2871 1860 2931 1914 in
2964 1857 3367 1913 oblationibus
3403 1855 3640 1909 invoca-

1999 1974 2025 2004 α
2049 1957 2161 2006 tur.
2188 1973 2213 2000 η
2246 1952 2358 2006 Sed
2384 1951 2562 2006 aliam
2594 1950 2744 2004 forte
2767 1949 3096 2004 orationem
3124 1945 3401 2018 respexit.
3421 1946 3643 2000 Auctor

1988 2041 2279 2097 librorum
2304 2042 2376 2095 De
2403 2041 2764 2096 sacramentis
2790 2038 2948 2111 apud
2967 2037 3368 2102 Ambrosium,
3393 2034 3493 2105 qui
3517 2050 3638 2089 non

1987 2131 2448 2187 Mediolanensis
2479 2130 2719 2201 quidem
2753 2128 2856 2183 sed
2913 2128 3120 2182 vicina)
3179 2125 3457 2180 Ecclesia)
3488 2124 3639 2177 ritus

1985 2220 2338 2292 exponebat,
2381 2220 2534 2275 hanc
2574 2221 2852 2274 Romanas
2903 2216 3161 2271 similem
3202 2212 3637 2268 invocationem

1983 2310 2165 2366 refert
2187 2310 2289 2365 lib.
2315 2327 2389 2377 ιν,
2413 2327 2538 2381 cap.
2559 2311 2614 2373 5,
2638 2324 2804 2363 num.
2825 2310 2883 2362 21
2913 2323 2926 2360 :
2957 2330 2982 2355 ‹‹
3012 2305 3162 2360 Dicit
3190 2301 3467 2359 sacerdos
3490 2318 3501 2356 :
3522 2302 3635 2355 Fac

1983 2424 2011 2451 υ
2044 2400 2220 2456 nobis
2247 2401 2403 2455 hanc
2439 2399 2803 2455 oblationem
2831 2396 3170 2467 ascriptam,
3204 2399 3417 2460 ratam,
3449 2392 3629 2447 ratio-

1984 2515 2012 2542 ‹‹
2035 2490 2486 2561 nabilem,quod
2511 2490 2697 2561 figura
2720 2493 2809 2542 est
2828 2485 3092 2558 corporis
3116 2490 3174 2540 et
3199 2483 3504 2553 sanguinis
3527 2483 3633 2536 Do-

1988 2600 2011 2630 ι
2038 2582 2181 2636 mini
2203 2580 2388 2635 nostri
2406 2580 2541 2634 .lesu
2564 2578 2777 2633 Christi
2807 2595 2869 2631 ε»
2894 2576 3049 2647 quod
3073 2575 3155 2630 ita
3178 2572 3634 2645 intelligendum

1980 2678 2043 2728 ut
2076 2690 2143 2727 ex
2179 2688 2331 2744 pane
2359 2675 2417 2724 et
2447 2671 2585 2724 vino
2620 2670 2721 2724 liat
2752 2669 2937 2740 ﬁgura
2961 2672 3017 2721 et
3039 2672 3478 2721 sacramentum
3511 2680 3631 2718 cor-

1979 2763 2141 2834 poris
2174 2768 2232 2817 et
2290 2760 2595 2834 sanguinis
2626 2758 2843 2813 Christi
2903 2757 3308 2829 praesentium.
3355 2752 3626 2825 Liturgiaa

1980 2852 2311 2924 Hispanicae
2360 2848 2829 2907 consecrationis
2864 2846 3117 2902 formam
3156 2846 3238 2900 sic
3289 2843 3632 2915 exprimunt

1980 2943 2191 2998 Beatus
2214 2947 2273 2997 et
2300 2940 2593 2996 Etherius
2620 2939 2719 2993 lib.
2754 2954 2768 2993 ι
2796 2960 2816 2988 ι
2854 2943 3011 2992 cont.
3063 2936 3317 2991 Felicem
3349 2940 3407 2988 et
3453 2932 3628 3004 Elip.,

1979 3053 2007 3082 «
2044 3032 2189 3086 Bibl.
2227 3033 2326 3085 l’P.
2359 3030 2536 3103 Lugd.
2558 3038 2685 3083 tom.
2720 3029 2867 3094 XIII,
2895 3043 3028 3097 pag.
3064 3028 3160 3079 371
3184 3041 3195 3079 :
3221 3025 3393 3079 Sexta
3424 3038 3626 3078 succe-

1979 3121 2421 3192 «dit(Lilurgiae
2459 3120 2658 3187 oratio)
2708 3117 3086 3173 conﬁrmatio
3147 3113 3529 3178 sacramenti,
3562 3115 3629 3166 ut

1977 3232 2005 3262 ‹‹
2027 3210 2246 3266 oblatio
2263 3227 2394 3281 quae
2418 3210 2530 3264 Deo
2551 3208 2818 3273 offertur,
2835 3206 3203 3262 sanctificata
3216 3221 3320 3276 per
3338 3203 3623 3275 Spiritum

1979 3321 2007 3350 «
2025 3306 2297 3355 sanctum
2321 3298 2534 3354 Christi
2552 3297 2783 3368 corpori
2804 3302 2863 3351 et
2884 3296 3155 3368 sanguini
3180 3294 3627 3349 conﬁrmetur.»

1977 3390 2097 3446 Hoc
2126 3390 2301 3445 hodie
2334 3389 2395 3443 in
2428 3387 2645 3443 Missali
2682 3386 3037 3442 Mozarabico
3085 3386 3295 3440 visitur
3337 3384 3524 3439 oratio
3555 3381 3630 3438 ad

1977 3479 2192 3536 Filium
2225 3478 2485 3533 directa:
2518 3498 2537 3525 ι
2564 3476 2803 3542 Adesto,
2827 3475 3053 3540 adesto,
3076 3475 3234 3542 Jesu,
3258 3473 3411 3528 bone
3434 3472 3629 3543 ponti-

1979 3591 2007 3620 ‹‹
2039 3568 2154 3627 fex.
2188 3568 2250 3622 in
2286 3566 2478 3621 medio
2511 3566 2720 3631 nostri,
2750 3567 2904 3619 sicut
2934 3564 3094 3619 fuisti
3144 3564 3204 3618 in
3234 3563 3427 3617 medio
3452 3560 3633 3616 disci-

1982 3680 2007 3707 u
2041 3658 2316 3730 pulorum
2342 3663 2578 3710 tuorum
2605 3672 2617 3719 ;
2644 3654 2953 3710 sanctiﬁca
2975 3654 3127 3708 hanc
3155 3652 3541 3712 oblationem,
3569 3655 3634 3704 ut

1979 3770 2006 3797 «
2038 3747 2409 3803 sanctificata
2428 3761 2735 3800 sumamus
2756 3761 2863 3814 per
2881 3760 3095 3798 manus
3118 3742 3306 3797 sancti
3329 3739 3523 3811 angeli
3549 3739 3632 3794 tui

1980 3856 2009 3888 «
2035 3844 2235 3893 sancte
2262 3836 2508 3891 Domine
2531 3852 2597 3890 ac
2619 3834 2980 3905 Redemptor
3000 3840 3276 3887 aeterne.»
3296 3831 3636 3901 Sequuntur

1976 3927 2154 3982 verba
2181 3925 2535 3999 evangelica.
2582 3926 2645 3978 In
2680 3923 2919 3996 liturgia
2975 3921 3254 3976 Africana
3298 3919 3635 3992 expressior

1978 4017 2167 4073 sancti
2221 4016 2474 4088 Spiritus
2528 4014 2819 4069 invocatio
2880 4012 3081 4067 habita
3138 4011 3370 4066 videtur
3418 4026 3488 4065 ex
3536 4009 3630 4064 his

1976 4105 2391 4162 Africanorum
2442 4111 2751 4160 auctorum
2800 4103 2994 4158 verbis
3028 4142 3040 4156 .
3093 4102 3340 4173 Optatus
3374 4142 3388 4168 ,
3439 4099 3521 4154 lib
3549 4142 3561 4155 .
3608 4113 3628 4155 ι

1977 4219 2006 4248 ‹‹
2030 4202 2187 4251 cont.
2219 4197 2520 4262 Parmen.,
2543 4212 2600 4249 η.
2638 4197 2661 4248 1
2700 4210 2712 4248 :
2748 4193 2973 4248 Altaria
3003 4193 3061 4246 in
3094 4191 3309 4263 quibus
3346 4195 3480 4245 vota
3522 4207 3629 4261 po-

1978 4287 2155 4359 «puli
2187 4285 2513 4357 (oblationes
2537 4285 2705 4355 panis
2737 4290 2786 4338 et
2814 4284 2971 4353 vini),
3009 4287 3065 4336 et
3094 4280 3365 4336 membra
3410 4279 3630 4334 Christi

1976 4397 2004 4427 «
2039 4382 2273 4448 portata
2304 4380 2482 4430 sunt:
2520 4392 2636 4445 quo
2696 4375 2850 4429 Deus
2907 4372 3289 4443 omnipotens
3324 4371 3629 4425 invocatus

1981 4486 2007 4518 ε
2038 4467 2147 4533 sit;
2181 4483 2296 4537 quo
2348 4464 2680 4536 postulatus
2721 4462 3031 4517 descendit
3061 4461 3311 4532 Spiritus
3365 4467 3628 4527 sanctus,

1976 4555 2186 4611 «unde
2212 4553 2461 4610 amultis
2483 4554 2695 4626 pignus
2710 4552 2919 4608 salutis
2942 4558 3177 4607 aeterna:
3203 4557 3260 4605 et
3281 4567 3415 4622 spes
3428 4566 3626 4605 resur-

216 4647 963 4721 petita,judiceBasilio,in
982 4648 1263 4704 omnibus
1280 4665 1522 4720 prorsus
1539 4655 1697 4703 tuam
1717 4648 1867 4703 anti-
1897 4638 1942 4703 Ι)
1979 4666 2003 4697 ι
2037 4645 2320 4700 rectionis
2345 4650 2587 4714 accepta
2604 4648 2711 4697 est.
2733 4665 2757 4691 ι»
2787 4646 2850 4697 Αι
2879 4659 2912 4714 g
2942 4686 2956 4710 ,
2985 4642 3156 4713 epist.
3184 4642 3306 4703 149,
3335 4655 3395 4693 n.
3426 4643 3510 4705 19,
3536 4644 3626 4693 to-

217 4738 351 4810 quis
380 4746 439 4794 et
466 4754 585 4793 usu
611 4736 927 4811 abrogatis,
962 4755 1142 4808 quam
1164 4737 1400 4792 usitatis
1429 4754 1588 4793 nunc
1611 4737 1869 4809 liturgiis

199 4830 547 4902 reperitur;
581 4844 701 4882 non
733 4827 942 4883 iisdem
970 4827 1165 4883 verbis
1214 4832 1501 4899 concepta
1530 4844 1641 4882 nec
1672 4826 1867 4882 eidem

194 4918 334 4976 loco
367 4918 594 4983 alﬁxa;
628 4916 731 4972 sed
786 4917 959 4973 modo
1017 4917 1212 4973 verbis
1269 4917 1623 4991 evangelieis
1672 4917 1864 4989 praeit,

195 5009 383 5065 modo
417 5024 490 5063 ea
521 5006 943 5078 subsequitur;
975 5006 1153 5062 modo
1184 5006 1260 5062 ad
1285 5013 1468 5063 totam
1491 5007 1863 5074 Trinitatem,

190 5099 380 5154 moulo
441 5095 521 5153 ad
552 5096 836 5168 Spiritum
895 5102 1212 5164 sanctum;
1271 5096 1449 5152 modo
1506 5096 1581 5152 ad
1626 5096 1862 5165 Filium,

187 5189 369 5246 modo
404 5187 481 5243 ad
517 5188 753 5241 Patrem
769 5184 995 5241 directa
1021 5185 1333 5241 :eumdem
1352 5191 1552 5241 tamen
1585 5186 1863 5241 effectum

186 5279 540 5352 postulans,
571 5281 638 5333 ut
660 5261 883 5332 oblatio
908 5276 971 5330 in
1002 5275 1175 5331 altari
1204 5276 1509 5348 proposita
1538 5274 1600 5329 in
1639 5292 1856 5347 corpus

186 5376 244 5425 et
276 5368 644 5442 sanguinem
674 5363 893 5420 Christi
922 5369 1374 5421 transmutetur.
1400 5367 1471 5420 Et
1500 5365 1563 5420 in
1584 5364 1863 5420 omnibus

187 5461 445 5532 quidem
477 5455 737 5528 liturgiis
786 5458 907 5509 tam
962 5454 1183 5510 Graecis
1233 5470 1412 5527 quam
1462 5453 1862 5510 Orientalibus

187 5567 223 5607 a
252 5552 386 5604 viro
420 5545 773 5603 doctissimo
804 5543 870 5598 D.
920 5542 1177 5599 Eusebio
1233 5542 1603 5600 Renaudotio
1662 5543 1859 5611 editis,

184 5637 427 5714 [CCXL]
441 5635 650 5693 eadem
674 5631 1235 5706 peneinvocationis
1254 5632 1465 5701 forma,
1489 5632 1647 5688 idem
1670 5632 1857 5701 locus,

190 5734 336 5802 post
365 5724 729 5801 evangelica:
779 5718 1067 5783 nimirum
1087 5737 1270 5780 cuium
1316 5721 1753 5797 recitationem,
1793 5726 1862 5779 ut

1978 4742 2096 4791 tam
2131 4733 2433 4807 liturgiam
2449 4734 2506 4786 in
2524 4739 2779 4804 quatuor
2796 4737 2993 4804 partes
3007 4729 3625 4787 distribuens.secun-

1979 4824 2112 4880 dam
2127 4823 2375 4879 deﬁnita
2403 4823 2703 4877 orationes
2722 4837 2854 4876 cum
2880 4817 3626 4884 benedicitur,etsanctiﬁ-

1977 4936 2006 4965 ‹‹
2030 4920 2216 4981 catur,
2253 4918 2312 4969 et
2341 4913 2416 4968 ad
2449 4910 2930 4967 distribuendum
2963 4907 3392 4964 comminuitur
3421 4910 3625 4976 (supp.

1979 5026 2001 5055 ι
2025 5004 2175 5060 illud
2189 5004 2346 5075 quod
2370 5004 2535 5059 estin
2560 5002 2792 5059 Domini
2817 5007 3053 5064 mensa)
3077 5013 3253 5069 quam
3279 5001 3459 5051 totam
3485 4995 3629 5067 peti-

1974 5094 2179 5149 «tione
2203 5092 2386 5148 mfere
2403 5092 2599 5148 omnis
2612 5087 3189 5147 EcclesiaDominica
3205 5086 3473 5142 oratione
3492 5102 3631 5141 con-

1977 5183 2232 5249 acludit;
2256 5189 2307 5238 et
2329 5183 2422 5237 lib.
2448 5200 2480 5235 v
2515 5183 2593 5237 De
2623 5180 2942 5252 baptismo,
2974 5194 3093 5248 cap.
3125 5180 3218 5238 20,
3250 5193 3308 5231 η.
3341 5178 3409 5230 28
3434 5194 3446 5230 :
3471 5176 3628 5242 Quo-

1975 5296 2003 5324 ‹‹
2033 5273 2209 5329 modo
2232 5271 2471 5328 exaudit
2494 5273 2647 5326 Deus
2667 5269 3027 5325 homicidam
3060 5268 3503 5340 deprecantem,
3529 5267 3624 5323 vel

1975 5379 2425 5434 «superaquam
2442 5359 2834 5431 baptismatis,
2860 5359 2953 5413 vel
2981 5356 3496 5429 superoleum,vel
3530 5373 3630 5412 su-

1974 5472 1999 5506 c
2025 5468 2130 5524 per
2162 5449 2605 5511 eucharistiam,
2634 5447 2729 5503 vel
2756 5464 2936 5518 super
2962 5446 3156 5517 capita
3177 5462 3383 5501 eorum
3409 5444 3627 5517 quibus

1976 5564 1998 5592 ι
2028 5557 2240 5596 manus
2271 5537 2636 5610 imponitur?
2665 5542 2732 5591 ut
2760 5552 2976 5609 nempe
3007 5540 3150 5591 rata.
3165 5535 3287 5590 sint
3317 5550 3385 5589 ea
3417 5550 3621 5589 sacra-

1975 5653 1996 5681 ι
2022 5635 2242 5686 menta.
2259 5628 2601 5697 Fulgentius,
2620 5626 2716 5681 lib.
2742 5643 2781 5681 ιι
2803 5626 2875 5681 ad
2896 5625 3383 5694 Monimum,cap.
3411 5626 3442 5677 6
3465 5624 3620 5678 :Jam

1973 5742 1995 5775 ι
2029 5737 2193 5779 nunc
2222 5719 2402 5776 etiam
2430 5716 2537 5775 illa
2566 5722 2658 5775 est
2677 5716 2850 5775 nobis
2881 5716 2955 5774 de
2986 5716 3240 5791 Spiritus
3270 5712 3458 5771 sancti
3476 5710 3620 5768 mis-
