4024 6372
478 349 600 410 283

1667 339 1772 402 DE
1812 337 2214 400 DOCTRINA
2255 337 2324 400 8.
2369 337 2706 401 CYRlLLI.

3765 343 3862 404 281

481 503 506 535 α
541 481 711 538 sione
743 481 996 553 quastio
1016 477 1497 545 resolvenda,cur
1518 473 1744 531 scilicet
1764 473 1813 528 si
1835 472 1998 528 omni
2019 471 2137 527 Tri-
2165 477 2217 543 Α
2249 472 2418 543 quasi
2441 473 2596 528 sicut
2624 472 2726 528 ille
2749 472 2920 528 nobis
2941 471 3330 545 Cyrillianum
3357 488 3650 530 canonem
3669 473 3860 547 objicit,

485 591 508 622 ι
547 571 721 626 nitati
782 568 1141 625 sacriﬁcium
1199 568 1466 632 offertur,
1519 563 1592 618 ad
1634 561 2131 617 sanctiﬁcandum

483 684 511 711 κ
546 659 865 716 oblationis
896 665 1112 713 nostra
1145 673 1361 712 munus
1393 654 1582 710 sancti
1615 652 1868 724 Spiritus
1901 657 2132 706 tantum

485 773 512 802 (τ
541 751 748 805 missio
789 748 1156 821 postuletur;
1214 753 1266 800 et
1297 745 1515 816 cap.7:
1572 741 1826 814 Spiritus
1884 740 2132 812 [CCXLI]

482 844 788 894 «sanctus
845 837 918 892 ad
975 836 1447 891 consecrandum
1502 831 1864 887 sacriﬁcium
1895 846 1930 886 a
1959 831 2131 884 Patre

482 949 504 978 σ
541 928 842 1000 poscitur;
877 933 930 981 et
969 941 1090 995 cap.
1125 925 1196 978 9:
1230 923 1428 979 Sancti
1464 921 1719 992 Spiritus
1749 918 1822 974 ad
1867 918 2128 973 sanctiﬁ-

491 1037 512 1066 α
547 1017 803 1074 candum
831 1017 1008 1072 totius
1060 1014 1336 1070 Ecclesia
1387 1011 1746 1068 sacriﬁcium
1799 1008 2134 1081 postulatur

476 1130 505 1158 «
531 1107 838 1174 adventus,
887 1107 1037 1161 Inter
1067 1105 1269 1159 multas
1310 1103 1478 1173 hujus
1514 1102 1598 1156 rei
1653 1114 1842 1155 causas
1871 1099 2012 1153 hanc
2044 1113 2128 1153 as-

476 1219 505 1248 «
533 1199 716 1266 signat
746 1213 792 1251 c.
829 1199 895 1250 t0
926 1211 938 1249 :
972 1193 1217 1260 Quando
1258 1197 1456 1248 autem
1502 1189 1930 1263 congruentius
1951 1203 2130 1258 quam

481 1306 508 1339 ιι
540 1286 613 1342 ad
643 1283 1119 1342 consecrandum
1162 1281 1523 1338 sacrificium
1579 1278 1846 1351 corporis
1892 1277 2126 1344 Christi,

479 1398 501 1426 ι
530 1380 738 1430 sancta
766 1373 1031 1429 Ecclesia
1069 1390 1200 1444 qua
1233 1376 1324 1426 est
1351 1387 1566 1442 corpus
1598 1368 1836 1434 Christi,
1880 1367 2130 1439 Spiritus

475 1487 503 1516 α
537 1465 727 1520 sancti
786 1463 1067 1534 deposcat
1121 1461 1462 1528 adventum,
1517 1477 1648 1530 qua
1704 1459 1904 1530 ipsum
1953 1461 2133 1528 caput

473 1577 502 1606 «
537 1570 712 1610 suum
771 1552 846 1607 de
905 1552 1126 1623 Spiritu
1179 1557 1384 1607 sancto
1439 1549 1669 1604 noverit
1723 1552 1954 1612 natum,
1986 1567 2015 1595 ››
2065 1550 2131 1600 ut

474 1643 636 1699 idem
667 1641 954 1697 nimirum
987 1641 1088 1712 qui
1119 1639 1335 1694 Christi
1376 1655 1591 1710 corpus
1641 1637 1702 1691 in
1737 1635 1970 1707 Virgine
2009 1633 2128 1689 for-

476 1733 677 1798 mavit,
703 1730 852 1785 illud
883 1730 945 1784 in
971 1729 1330 1785 eucharistia
1360 1745 1430 1784 ex
1489 1744 1639 1800 pane
1689 1732 1748 1781 et
1777 1725 1909 1779 vino
1939 1723 2130 1779 conﬁ-

475 1825 613 1880 ciat.
669 1824 874 1879 Utrum
908 1822 970 1877 in
1029 1821 1306 1876 Africana
1357 1819 1540 1875 missa
1587 1817 1882 1872 invocatio
1929 1814 2123 1868 verbis

474 1912 828 1986 evangelicis
858 1911 1115 1985 prairet,
1158 1911 1322 1966 nullo
1355 1927 1424 1965 ex
1472 1908 1810 1964 testimonio
1841 1905 2122 1978 colligere

473 2003 659 2078 potui.
720 2004 785 2058 In
843 2002 1094 2075 liturgia
1151 2001 1467 2056 Gallicana
1497 1996 1903 2053 aMabillouio
1949 1994 2120 2050 edita

473 2093 674 2150 missis
717 2091 1126 2164 compluribus
1172 2090 1463 2145 invocatio
1512 2088 1829 2160 reperitur.
1875 2084 1949 2140 ad
2008 2086 2120 2139 Pa-

470 2188 623 2240 trem
672 2199 909 2254 semper
937 2198 1193 2252 eumque
1252 2179 1446 2236 solum
1511 2178 1740 2233 directa
1796 2172 2120 2246 aliquando

469 2277 536 2328 ut
565 2273 898 2328 sanctiﬁcet
954 2272 1112 2326 dona
1169 2269 1405 2334 oblata;
1458 2267 1760 2322 interdum
1811 2263 2120 2336 postulans

357 2404 360 2408 .
466 2368 534 2418 nt
579 2361 756 2416 modo
789 2359 1047 2414 Verbum
1081 2375 1276 2424 suum,
1309 2356 1484 2413 modo
1516 2360 1582 2411 ut
1631 2354 1913 2426 Spiritum
1947 2368 2121 2408 sanc-

469 2453 619 2513 tum,
653 2448 829 2503 modo
860 2451 926 2501 ut
951 2453 1271 2516 utrumque
1313 2443 1388 2500 ad
1418 2441 1912 2498 sanctiﬁcandum
1945 2438 2120 2495 sacri-

472 2537 674 2594 ficium
707 2535 959 2603 emittat,
992 2535 1128 2590 Hac
1157 2539 1355 2589 autem
1401 2531 1654 2588 habetur
1701 2529 1909 2592 oratio,
1945 2528 2120 2584 modo

467 2630 628 2690 ante,
663 2624 838 2680 modo
871 2629 1002 2696 post
1051 2623 1387 2695 evangelica
1418 2620 1614 2676 verba.
1649 2618 1984 2691 Aliquando
2015 2635 2123 2672 au-

471 2722 591 2772 tem
623 2717 684 2772 in
718 2721 906 2771 totum
968 2714 1478 2787 praetermittitur:
1539 2711 1699 2784 quod
1759 2710 1832 2766 ad
1890 2709 2119 2764 nullam

465 2807 645 2862 aliam
671 2823 910 2862 causam
944 2806 1136 2861 refero
1168 2811 1384 2877 prater
1412 2805 1608 2868 istam,
1643 2801 1801 2874 quod
1831 2799 2118 2872 imperfe-

465 2900 559 2951 cta
589 2895 666 2950 sit
687 2895 790 2951 illa
821 2895 1138 2950 missarum
1171 2894 1463 2960 collectio,
1490 2893 1550 2947 in
1582 2908 1699 2963 qua
1729 2907 1884 2962 sape
1917 2888 2119 2944 multa

464 2990 664 3058 partes
686 2986 920 3048 desunt,
947 3002 1017 3040 ex
1037 3001 1147 3039 usu
1169 2982 1470 3038 communi
1495 2987 1561 3037 ut
1581 2986 1720 3053 puto
1745 2978 2114 3051 supplenda.

462 3073 630 3140 Quod
653 3075 701 3129 si
725 3075 862 3144 quis
884 3074 1104 3130 multas
1129 3073 1254 3128 illic
1275 3073 1568 3144 perfectas
1591 3071 1803 3126 missas
1824 3066 2117 3125 contineri

462 3163 801 3236 pertendat,
821 3164 882 3218 in
905 3163 1122 3234 quibus
1147 3162 1378 3217 nullum
1402 3160 1790 3217 invocationis
1808 3158 2116 3229 vestigium

2240 579 2363 618 non
2394 564 2691 634 possimus
2723 563 2810 618 illi
2861 562 3120 618 vicissim
3154 565 3438 619 Romana
3472 568 3531 619 et
3557 563 3860 621 Latinorum

2241 653 2482 708 Patrum
2515 670 2805 708 canonem
2829 669 3150 725 apponere.
3193 653 3398 708 Altera
3421 657 3513 707 est
3543 651 3613 708 de
3634 653 3863 726 Scriptu-

2240 759 2440 798 rarum
2473 743 2547 800 ad
2579 743 2912 798 faciendam
2943 742 3121 798 ﬁdem
3153 741 3503 814 dogmatum
3545 744 3861 800 necessitate

2240 853 2442 892 rarum
2473 835 2548 891 ad
2579 834 2912 891 faciendam
2942 835 3120 890 ﬁdem
3142 835 3496 908 dogmatum
3541 835 3860 892 necessitate

2241 932 2299 981 et
2329 925 2687 981 sufﬁcientia
2720 925 3034 997 ;[CCXL|I]
3067 941 3244 997 quam
3276 924 3535 996 opponit
3563 924 3861 980 traditionis

2240 1021 2299 1070 et
2329 1015 2604 1070 Ecclesia
2628 1014 3043 1070 deﬁnitionum
3062 1013 3428 1069 auctoritati.
3451 1013 3714 1069 Primum
3734 1013 3859 1084 quod

2238 1105 2471 1170 attinet,
2503 1103 2692 1159 multa
2721 1104 2782 1158 in
2815 1120 2882 1158 eo
2916 1109 3122 1175 peccat
3152 1102 3395 1158 Rivctus
3419 1118 3435 1159 :
3463 1102 3696 1168 t°Quod
3714 1102 3858 1174 Cyril-

2237 1195 2361 1251 lum
2407 1201 2585 1268 negat
2643 1195 2954 1250 historiam
3011 1194 3319 1259 Susanna,
3384 1193 3545 1248 Belis
3594 1199 3653 1248 et
3709 1193 3853 1249 trium

2238 1301 2558 1356 puerorum
2580 1284 2876 1339 canticum
2901 1283 3231 1356 agnovisse.
3255 1282 3582 1356 Ignorabat
3610 1283 3851 1338 nimirum

2235 1373 2500 1446 Cyrllum
2561 1373 2826 1428 Danielis
2879 1372 3374 1444 interpretatione
3431 1371 3850 1428 aTheodotione

2236 1463 2544 1531 adornata,
2567 1479 2700 1518 cum
2737 1468 2856 1518 tota
2886 1463 3086 1517 Craca
3104 1467 3162 1517 et
3192 1461 3404 1517 Latina
3435 1462 3698 1517 Ecclesia
3717 1477 3843 1516 usum

2235 1569 2366 1610 esse
2401 1570 2414 1608 :
2448 1553 2510 1608 in
2543 1569 2660 1624 qua
2716 1552 2880 1608 nulla
2903 1558 3052 1620 erat,
3111 1552 3264 1607 sicut
3312 1551 3376 1606 in
3439 1550 3848 1622 ilieronymiann

2237 1643 2646 1710 translatione,
2663 1643 2842 1697 trium
2867 1642 3107 1696 illorum
3134 1647 3668 1697 monumentorum
3691 1657 3722 1696 a
3744 1639 3846 1694 reli-

2235 1750 2352 1804 quo
2385 1733 2645 1788 Danielis
2681 1738 2842 1786 textu
2900 1731 3242 1797 dictinctio;
3277 1731 3385 1786 sed
3447 1731 3510 1786 in
3543 1731 3727 1802 primo
3752 1728 3847 1783 loco

2237 1822 2565 1878 habebatur
2595 1822 2844 1876 historia
2873 1822 3157 1876 Susanna
3185 1837 3199 1875 :
3233 1821 3296 1874 in
3320 1820 3525 1876 medio
3557 1820 3731 1890 captis
3759 1823 3844 1872 ter-

2231 1911 2294 1966 tii
2329 1912 2624 1967 canticum
2643 1927 2998 1982 puerorum;
3033 1916 3091 1965 et
3118 1909 3192 1965 ad
3223 1909 3409 1966 ﬁdem
3429 1909 3588 1964 Belis
3618 1906 3844 1963 historia.

2226 2002 2576 2073 Hujusmodi
2593 2001 2853 2056 Danielis
2866 1999 3307 2072 exemplaribus
3322 1999 3646 2055 utebantur
3657 1999 3840 2060 Patres;

2227 2091 2568 2162 hujusmodi
2593 2097 2733 2146 sunt
2752 2107 2960 2146 omnes
2993 2106 3141 2162 pene
3172 2106 3319 2146 mss.
3346 2090 3537 2145 Graci
3561 2086 3838 2143 Bibliorum

2227 2180 2481 2236 codices.
2510 2180 2623 2235 Sed
2649 2179 3072 2235 inexcusabilis
3120 2179 3312 2234 Riveti
3363 2179 3438 2234 de
3473 2177 3684 2250 Cyrillo
3710 2175 3836 2231 afﬁr-

2227 2269 2430 2338 matio,
2462 2287 2598 2325 cum
2631 2270 2744 2325 tria
2778 2270 2903 2324 hac
2937 2274 3330 2324 monumenta
3383 2269 3446 2323 in
3479 2265 3832 2328 Catechesibus,

2225 2360 2312 2416 uti
2344 2377 2511 2415 veras
2541 2359 2801 2415 Danielis
2822 2359 3147 2431 prophetia
3175 2364 3384 2429 partes
3415 2357 3832 2424 citet,Susanna3

2225 2449 2535 2505 historiam
2560 2454 2673 2506 cat.
2703 2451 2788 2514 16,
2809 2465 2869 2504 n.
2895 2450 2982 2514 31,
3018 2447 3324 2502 canticum
3349 2447 3534 2501 trium
3567 2455 3835 2517 puerorum

2225 2545 2339 2595 cat.
2373 2557 2432 2594 n.
2467 2542 2554 2605 16,
2587 2545 2698 2594 cat.
2726 2541 2783 2604 9,
2817 2555 2876 2592 n.
2929 2541 2980 2601 2,
3018 2535 3140 2592 Beli
3168 2543 3228 2592 et
3256 2535 3546 2592 draconis
3576 2531 3834 2590 historiam

2225 2635 2338 2686 cat.
2374 2629 2462 2693 44,
2495 2646 2555 2684 ιι.
2589 2631 2678 2684 25.
2710 2627 2955 2682 Baruchi
2991 2626 3210 2681 librum
3255 2633 3558 2698 praterea
3586 2629 3640 2678 et
3665 2620 3834 2692 episto-

2225 2717 2341 2774 lam
2369 2717 2639 2774 Jeremia
2672 2717 2733 2771 in
2765 2715 3028 2786 catalogo
3053 2732 3160 2771 suo
3191 2719 3520 2780 recenset;
3561 2719 3618 2768 et
3645 2707 3831 2765 tertium

2225 2807 2424 2862 Esdra
2455 2806 2675 2861 librum
2709 2805 3098 2878 probabiliter
3152 2821 3260 2876 pro
3303 2805 3509 2861 Esdra
3557 2801 3720 2874 primo
3741 2795 3822 2849 lla-

2225 2896 2375 2963 buit,
2406 2913 2543 2951 cum
2573 2895 2806 2951 cateris
2837 2895 3006 2967 vulgo
3038 2894 3352 2951 Patribus.
3379 2892 3639 2950 Estheris
3663 2885 3831 2961 pariter

2225 2985 2634 3042 additamenta
2665 2985 2726 3038 in
2757 3001 2863 3038 suo
2898 2983 3048 3039 libro
3079 3000 3215 3038 cum
3273 2984 3522 3041 cateris
3571 2977 3835 3048 conjuncta

2225 3092 2347 3131 non
2364 3074 2594 3129 videtur
2614 3091 2648 3128 a
2669 3073 2899 3144 reliquo
2933 3078 3094 3128 textu
3117 3072 3494 3138 distinxisse,
3519 3070 3611 3144 qui
3633 3060 3831 3124 Hebrai-

2225 3183 2308 3222 ca
2338 3165 2555 3237 lingua
2591 3163 2764 3236 plane
2797 3163 2960 3218 rudis
2991 3167 3119 3219 erat
3147 3179 3160 3217 :
3193 3179 3273 3218 ne
3307 3165 3541 3220 Rivetus
3582 3172 3697 3215 eum
3728 3149 3830 3206 solo

463 3258 766 3324 appareat,
800 3253 959 3323 quod
993 3254 1082 3306 vix
1113 3251 1314 3324 negari
1345 3257 1574 3322 potest;
1611 3250 1803 3305 dicam
1843 3248 2008 3303 illam
2042 3263 2112 3302 ex
2141 3237 2184 3304 C
2225 3255 2605 3310 Hebraeorum
2639 3269 2868 3309 canone
2899 3268 3072 3307 usum
3125 3252 3473 3320 existimet;
3503 3253 3558 3306 in
3603 3261 3703 3318 quo
3731 3253 3828 3294 uno

459 3341 612 3396 votis
643 3339 913 3395 ﬁdelium
965 3345 1097 3402 tota,
1133 3339 1395 3410 mysterii
1431 3339 1664 3394 actione
1697 3335 1972 3409 supponi.
2007 3334 2112 3388 Ille

461 3435 662 3486 autem
701 3428 954 3502 liturgia
982 3428 1299 3484 Gallicana
1340 3445 1504 3493 usus,
1537 3432 1602 3481 ut
1646 3425 1822 3481 modo
1856 3439 2110 3496 evange-

465 3519 596 3576 licis
639 3519 833 3575 verbis
899 3525 1120 3592 praeat
1173 3519 1487 3588 invocatio,
1544 3517 1724 3573 modo
1778 3515 2115 3587 evangelica

466 3609 645 3665 verba
674 3609 1056 3673 invocationi,
1120 3609 1332 3681 probat
1386 3608 1539 3663 nihil
1596 3607 1854 3662 maxime
1881 3606 1955 3660 ad
1986 3620 2112 3659 rem

465 3700 766 3772 pertinere
793 3716 908 3771 quo
942 3701 1003 3754 in
1037 3699 1164 3754 loco
1188 3715 1258 3754 ea
1286 3698 1628 3753 collocetur.
1666 3698 1820 3752 Duas
1849 3713 1941 3750 res
1963 3712 2112 3766 pra-

467 3789 710 3845 standas
741 3789 804 3844 in
839 3795 1210 3845 sacramento
1245 3788 1424 3843 habet
1451 3786 1736 3853 Ecclesia,
1768 3790 1835 3840 ut
1864 3790 1923 3840 et
1951 3782 2117 3838 Chri-

466 3879 540 3934 sti
573 3879 748 3935 verba
776 3879 1006 3946 recitet,
1037 3895 1170 3948 qua
1200 3883 1267 3932 ut
1287 3878 1432 3932 olim
1465 3877 1524 3931 in
1555 3893 1722 3932 coena
1771 3875 1959 3948 ipsius
1987 3890 2114 3941 ore,

469 3967 556 4023 sic
586 3985 746 4022 nunc
778 3985 1014 4038 quoque
1043 3968 1116 4023 ab
1149 3968 1276 4038 ipso
1306 3966 1717 4022 ministrorum
1751 3967 1882 4036 ejus
1911 3979 2115 4036 perso-

470 4073 611 4112 nam
643 4057 1066 4112 sustinentium
1093 4073 1194 4111 ore
1225 4057 1472 4111 recitata
1494 4055 1827 4110 mirabilem
1852 4053 2118 4110 euchari-

472 4145 601 4201 stia
642 4146 1091 4200 conversionem
1149 4150 1473 4216 operentur
1513 4162 1528 4211 ;
1587 4150 1648 4200 et
1695 4151 1893 4200 votum
1944 4159 2118 4200 suum

471 4233 784 4304 exprimat,
843 4238 910 4288 ut
963 4233 1230 4288 Christus
1287 4231 1612 4288 secundum
1665 4232 2121 4304 promissionem

471 4338 641 4377 suam
674 4339 780 4377 suo
825 4328 1196 4378 sacramento
1257 4339 1332 4377 ne
1381 4322 1571 4378 desit:
1617 4323 1742 4378 hac
1772 4339 1908 4378 cum
1941 4321 2119 4377 simul

475 4417 754 4477 prastare
778 4429 897 4466 non
922 4413 1128 4485 possit.
1154 4419 1416 4484 tempore
1443 4411 1701 4468 dividere
1733 4413 1980 4484 cogitur.
2007 4411 2119 4466 Sed

469 4502 858 4557 unaestactio
885 4501 1158 4557 sacriﬁcii
1175 4501 1404 4558 duabus
1421 4502 1542 4556 illis
1567 4502 1742 4556 rebus
1761 4501 2118 4572 composita:

2223 3361 2285 3400 se
2315 3346 2720 3398 Protestantes
2777 3343 3158 3413 acquiescere
3199 3342 3548 3415 gloriantur.
3593 3335 3820 3415 Alterum

2224 3433 2492 3505 ejusdem
2516 3431 2701 3487 Riveti
2720 3437 3026 3502 peccatum
3047 3437 3157 3499 est,
3194 3414 3362 3502 quod
3394 3414 3830 3488 deuterocanoni-

2222 3539 2324 3579 cos
2351 3539 2500 3594 quos
2533 3521 2786 3576 dicimus
2811 3520 3164 3592 librosquia
3196 3521 3258 3576 in
3297 3522 3606 3596 Cyrilliano
3633 3520 3826 3568 canone

2223 3629 2345 3668 non
2375 3617 2786 3675 recensentur,
2803 3609 2874 3666 ab
2897 3627 2966 3666 eo
2998 3627 3244 3682 prorsus
3269 3614 3526 3685 rejectos
3556 3598 3825 3685 existimet.

2223 3703 2289 3757 In
2319 3701 2585 3773 catalogo
2617 3716 2825 3756 revera
2881 3718 3004 3756 non
3058 3682 3522 3772 comprehendit
3549 3711 3664 3760 suo,
3689 3682 3826 3760 quasi

2222 3790 2437 3846 dubios
2456 3796 2513 3844 et
2534 3789 2803 3844 nundum
2825 3789 2949 3845 ullo
2977 3791 3256 3846 Ecclesia
3284 3773 3828 3855 universalisjudicio

2223 3879 2286 3935 in
2317 3896 2607 3935 canonem
2641 3885 2932 3952 receptos.
2963 3881 3037 3935 At
3077 3896 3289 3936 eorum
3319 3883 3570 3952 aliquos,
3599 3871 3738 3928 idem
3773 3861 3828 3917 de

2223 3971 2455 4027 cateris
2487 3971 2614 4026 sine
2636 3969 2835 4036 dubio,
2863 3971 2909 4026 si
2941 3987 3002 4026 se
3030 3971 3300 4028 dedisset
3316 3969 3565 4034 occasio,
3587 3964 3828 4020 facturus,

2225 4076 2382 4132 sape
2431 4061 2590 4116 citat.
2660 4060 2977 4131 Sapientia
3037 4061 3257 4117 librum
3313 4067 3426 4118 cat.
3459 4063 3514 4127 9,
3544 4073 3600 4112 n.
3630 4055 3662 4107 2
3687 4051 3738 4102 et
3760 4042 3826 4102 16.

2223 4149 2429 4205 laudat
2484 4149 2593 4205 sub
2633 4150 2874 4204 nomine
2929 4149 3302 4219 Salomonis;
3363 4135 3826 4206 Ecclesiasticique

2227 4238 2543 4294 sententiis
2572 4239 2761 4293 utitur
2791 4245 2904 4294 cat.
2936 4241 2990 4308 6,
3023 4256 3081 4295 η.
3108 4241 3163 4308 4,
3197 4246 3315 4297 cat.
3351 4241 3439 4307 13,
3467 4255 3524 4292 n.
3558 4236 3608 4300 8,
3637 4233 3736 4285 cat.
3765 4221 3830 4308 ll,

2225 4345 2286 4384 n.
2322 4331 2406 4382 19.
2464 4329 2588 4382 lmo
2647 4333 2706 4383 et
2751 4306 3158 4400 Apocalypsis
3195 4327 3514 4385 sententiis
3570 4306 3831 4395 permultis

2224 4418 2431 4484 utitur,
2465 4417 2732 4488 quamvis
2765 4416 2984 4472 librum
3017 4419 3176 4474 hunc
3207 4433 3488 4492 expresse
3518 4412 3602 4469 uti
3630 4412 3828 4494 apocrf'

2229 4507 2413 4578 phum
2444 4507 2725 4578 rejecisse
2756 4506 3048 4562 videatur.
3094 4507 3252 4564 ldem
3307 4508 3400 4564 illi
3439 4501 3595 4577 quod
3645 4497 3831 4552 caterls

469 4609 740 4665 quamam
763 4609 966 4648 earum
986 4593 1072 4647 vel
1097 4593 1499 4664 pracedatvel
1525 4601 1811 4666 sequatur
1835 4609 1910 4648 ne
1935 4594 2121 4648 maxi-
2155 4617 2198 4681 D
2231 4595 2500 4652 Patribus
2536 4597 2774 4663 accidit,
2809 4603 2874 4652 ut
2903 4615 3036 4654 cum
3077 4593 3647 4656 deuterocanonicos
3686 4581 3832 4639 libros

467 4701 562 4740 me
592 4683 846 4750 intersit,
895 4685 1034 4740 facit
1084 4685 1338 4740 actionis
1396 4685 1573 4756 hujus
1631 4685 1848 4739 unitas.
1910 4685 2119 4754 Aptius

467 4779 668 4830 tamen
694 4774 940 4839 videtur,
966 4779 1030 4828 ut
1050 4790 1229 4828 causa
1249 4775 1573 4844 impetrans
1596 4790 1726 4844 qua
1749 4773 1812 4828 in
1838 4772 2115 4844 precibus

469 4865 581 4922 sita
608 4871 718 4931 est,
746 4864 1104 4920 efﬁcientem
1128 4879 1368 4918 causam
1392 4879 1570 4934 quam
1595 4863 1657 4917 in
1687 4861 1881 4917 verbis
1903 4861 2120 4916 Christi

467 4955 812 5024 reponimus
845 4953 1144 5025 pracedat
1170 4958 1227 5007 et
1255 4953 1549 5020 attrahat;
1591 4969 1724 5022 qua
1779 4958 1870 5006 est
1899 4951 2118 5006 Latina

465 5041 746 5098 Ecclesia
801 5041 1215 5104 consuetudo;
1264 5056 1444 5112 quam
1503 5045 1570 5094 ut
1616 5039 1884 5096 efﬁciens
1941 5055 2121 5095 causa

469 5129 887 5199 impetrantem
919 5147 1184 5201 prasens
1217 5133 1520 5200 exspectet
1558 5133 1625 5183 ut
1657 5133 1810 5200 agat,
1844 5144 1976 5199 qua
2031 5131 2122 5184 est

472 5219 686 5273 Graeca
718 5220 1090 5275 caremonia
1120 5219 1292 5274 ratio.

1081 5335 1315 5390 CAPUT
1353 5333 1501 5390 XIII.

633 5450 710 5504 De
739 5465 899 5504 sacra
926 5453 1226 5521 scriptura,
1259 5450 1578 5517 traditione,
1611 5454 1662 5504 et
1695 5447 1952 5505 Ecclesia.

547 5573 634 5626 98.
673 5574 828 5629 Duas
859 5574 953 5629 hic
1003 5574 1293 5629 habemus
1341 5572 1699 5630 refcllendas
1731 5572 1916 5628 Riveti
1949 5574 2112 5647 obje-

455 5662 722 5730 ctiones,
755 5679 902 5734 quas
937 5679 1007 5718 ex
1035 5663 1385 5719 auctoritate
1423 5662 1628 5736 Cyrilli
1671 5662 1734 5718 in
1764 5663 2118 5720 catholicam

473 5749 800 5808 Ecclesiam
829 5751 1100 5811 intentat.
1133 5753 1334 5810 Prima
1358 5757 1467 5819 est,
1491 5750 1652 5825 quod
1671 5751 1858 5809 alium
1883 5769 1919 5810 a
1936 5754 2118 5827 Cyril-

474 5839 636 5898 liano
665 5857 986 5917 sequamur
1014 5843 1455 5920 Scripturarum
1501 5857 1793 5902 canonem
1823 5858 1838 5914 ;
1868 5843 2119 5919 perinde

2229 4685 2303 4740 ab
2335 4685 2616 4741 omnibus
2648 4686 2928 4742 Ecclesiis
2961 4703 3079 4742 non
3111 4688 3297 4760 recipi
3331 4687 3527 4743 sciret.
3556 4681 3614 4734 in
3643 4676 3833 4763 canolte

2227 4791 2348 4830 non
2395 4775 2782 4831 recensuerit.
2845 4776 2956 4830 Sed
2989 4783 3189 4833 tamen
3246 4793 3382 4833 cum
3447 4770 3744 4830 haberetur
3785 4766 3833 4806 ιη

2226 4864 2490 4920 Ecclesia
2520 4869 2683 4919 certa
2721 4871 2779 4918 et
2809 4864 3146 4922 indubitata
3176 4865 3248 4921 de
3282 4879 3490 4922 eorum
3522 4853 3763 4913 bonitate
3789 4841 3835 4893 ει

2227 4953 2484 5009 utilitate
2518 4953 2778 5021 traditio,
2812 4954 2884 5010 de
2934 4972 3137 5012 eorum
3199 4973 3336 5012 vero
3395 4947 3708 5009 divinitate.
3734 4943 3830 4989 I10“

2227 5042 2333 5098 illa
2369 5049 2532 5099 certa
2588 5049 2648 5099 et
2705 5043 3010 5116 explorata
3039 5061 3107 5100 ac
3137 5043 3454 5119 generalis,
3514 5033 3612 5093 sed
3663 5031 3830 5119 tanien

2226 5132 2564 5188 communis
2595 5149 2707 5188 nec
2764 5132 3117 5206 interrupta,
3140 5111 3230 5191 vet
3256 5131 3524 5190 omnium
3578 5132 3715 5195 pene
3743 5111 3828 5164 Ρᾶ·

2226 5227 2385 5278 trum
2417 5222 2600 5278 veluti
2658 5223 2920 5279 divinam
2977 5225 3345 5298 Scripturam
3393 5213 3693 5298 citantiun}
3735 5206 3824 5298 ".5"

2226 5313 2609 5380 conﬁrmata;
2644 5328 2744 5369 eos
2777 5319 3060 5385 tanquam
3089 5285 3321 5370 divinos
3351 5303 3623 5368 laudabat
3657 5285 3822 5385 Εεσξίῖ

2226 5401 2330 5456 sia
2378 5401 2678 5473 judicium
2737 5410 3108 5474 exspectans.
3163 5403 3378 5467 Tertio,
3437 5395 3643 5474 inique,
3681 5374 3824 5436 nobis

2227 5489 2432 5559 objicit
2489 5491 2728 5546 Rivetus
2777 5473 3086 5564 Cvrilliani
3136 5491 3384 5550 canonis
3435 5473 3825 5564 auctorimlemj

2225 5579 2478 5651 perinde
2518 5581 2688 5650 quasi
2720 5559 2839 5636 aut-
2871 5598 2940 5638 eo
2991 5583 3104 5654 ipsi
3157 5581 3551 5639 Protestantes
3581 5559 3822 5654 utantggi

2210 5673 2330 5747 “aut
2358 5668 2471 5741 ipsi
2501 5668 2846 5740 debeamus,
2875 5671 2968 5728 vel
2996 5633 3175 5730 ertiam
3205 5669 3497 5746 possimus
3524 5661 3713 5747 omnfs
3739 5633 3818 5747 Si-

2224 5723 2488 5826 patnia,
2531 5723 2982 5832 άάόιὲίίἷὶὸὶᾷ
3003 5723 3337 5822 alia;
3371 5771 3432 5814 se
3467 5723 3821 5832 diversae-9f}

2227 5824 2620 5910 contrarietas
2678 5852 2848 5927 sequi
2870 5893 2888 5916 .
2945 5852 3060 5914 sed
3115 5869 3228 5915 ιιοο
3281 5847 3400 5912 mis
3457 5825 3658 5916 potiori
3699 5824 3817 5894 5m
