4024 6410
239 336 374 398 285

1672 340 2196 409 DISSERTATIO
2239 347 2349 412 III.

3602 355 3723 427 286

240 472 520 543 objicere
550 486 913 542 possumus
931 474 1129 546 primo
1161 474 1437 548 antiquos
1492 477 1714 533 Latina
1747 477 1951 532 Eccle-
1983 482 2034 547 Α
2065 490 2209 539 cont.
2240 486 2540 557 Gaudent.,
2573 503 2700 559 cap.
2763 490 2850 555 31,
2881 504 3046 543 num.
3082 488 3170 555 38,
3228 493 3284 542 et
3315 490 3388 544 De
3431 506 3565 545 cura
3610 509 3718 561 pro

243 563 378 629 sia,
414 562 476 616 in
510 578 636 632 qua
701 566 1053 636 regenerati
1110 572 1269 630 sunt,
1326 583 1586 623 canones
1628 585 1776 639 quos
1831 584 1941 623 nos

259 653 621 724 sequimur;
685 650 920 708 deinde
978 656 1450 712 Protestantibus
1503 657 1750 729 aquiori
1803 664 1941 729 Jure

265 743 585 814 obiicimus
619 749 903 798 mentem
963 760 1031 799 ac
1064 747 1420 800 sententiam
1480 746 1707 819 Cyrilli,
1739 746 1801 802 in
1845 763 1939 801 ca-

269 850 440 890 none
490 831 948 903 Scripturarum
1009 834 1421 890 describendo.
1477 836 1663 901 Quam
1722 842 1785 891 ut
1825 836 1939 908 ipsi

273 923 501 997 perﬁde
541 929 977 992 contemnunt,
1011 925 1093 979 ita
1149 942 1256 980 nos
1287 925 1546 997 perfecte
1605 927 1935 998 sequimur,

266 1030 402 1071 cum
436 1014 621 1068 etiam
654 1012 732 1068 ab
766 1014 899 1084 ejus
930 1030 1186 1069 .canone
1242 1015 1627 1071 discedimus.
1680 1017 1935 1089 Cyrillus

255 1103 579 1177 [CCXLIII]
610 1119 737 1158 non
770 1120 879 1159 sua
908 1105 1257 1160 auctoritate
1289 1122 1580 1161 canonem
1612 1106 1937 1178 Scriptura-

246 1209 392 1250 rum
424 1194 801 1265 composuit,
846 1195 953 1249 sed
984 1194 1156 1249 illum
1180 1211 1357 1267 quem
1389 1213 1496 1251 sua
1545 1196 1811 1252 Ecclesia
1841 1213 1930 1252 se-

236 1282 591 1354 quebatur,
650 1281 776 1337 suis
833 1282 1207 1338 auditoribus
1264 1283 1462 1339 dedit:
1522 1301 1590 1340 ac
1640 1301 1744 1355 pro
1805 1285 1931 1358 lege

224 1372 640 1448 prascripsit
690 1377 757 1427 ut
777 1389 877 1427 eos
910 1372 1094 1427 libros
1131 1389 1237 1444 pro
1296 1373 1510 1428 divinis
1551 1374 1930 1444 haberemus,

228 1480 408 1537 quos
426 1463 617 1518 nobis
640 1463 919 1519 Ecclesia
950 1464 1250 1519 unanimis
1277 1465 1601 1519 auctoritas
1650 1471 1709 1520 et
1750 1466 1929 1521 tradi-

228 1554 329 1610 tio
364 1552 690 1625 proponit,
726 1559 837 1607 cat.
883 1554 939 1620 4,
972 1569 1031 1607 n.
1066 1555 1153 1621 33,
1187 1555 1273 1621 35,
1309 1555 1397 1611 36.
1450 1556 1530 1609 Ex
1560 1571 1628 1611 ea
1659 1555 1785 1626 lege
1819 1573 1929 1611 nos

232 1642 847 1699 deuterocanonicos
874 1642 1057 1697 libros
1080 1643 1457 1715 suscipimus,
1493 1662 1642 1716 quos
1664 1646 1790 1716 ipse
1821 1645 1925 1700 ho-

233 1733 348 1789 die
382 1734 684 1788 Ecclesia
731 1739 967 1788 secutus
998 1734 1411 1790 auctoritatem
1461 1736 1790 1807 susciperet
1818 1736 1929 1807 Cy-

232 1823 463 1879 rillus.
505 1822 599 1878 llli
651 1823 813 1877 omni
873 1822 1148 1878 Ecclesia
1182 1830 1305 1878 tum
1364 1825 1492 1895 ejus
1540 1825 1599 1879 in
1655 1842 1772 1897 qua
1802 1825 1927 1880 nati
1961 1862 2007 1926 Β

234 1919 421 1976 sunt.
454 1918 589 1967 tum
619 1912 971 1967 universalis
996 1912 1273 1968 Ecclesia
1296 1930 1326 1968 e
1358 1931 1476 1985 qua
1498 1914 1816 1969 schismate
1836 1932 1932 1969 re-

239 2006 598 2061 cesserunt,
636 2001 989 2056 auctoritate
1016 2001 1295 2072 seposita,
1329 2018 1620 2057 canonem
1665 2004 1935 2076 Scriptu-

244 2108 469 2149 rarum
493 2109 565 2147 ex
589 2090 842 2146 arbitrio
866 2108 1270 2162 composuere.
1299 2092 1554 2164 Cyrillus
1587 2094 1649 2148 in
1684 2110 1790 2148 suo
1836 2110 1930 2149 ca-

246 2200 422 2238 none
458 2184 586 2237 sine
620 2182 1057 2238 detrectatione
1087 2182 1331 2237 admisit
1360 2183 1566 2248 libros,
1614 2183 1686 2238 de
1716 2182 1933 2255 quibus

238 2272 406 2328 olim
432 2271 633 2327 fuerat
653 2270 1091 2338 addubitatum,
1117 2289 1225 2327 nec
1256 2272 1445 2343 ipsius
1495 2278 1666 2327 atate
1698 2272 1931 2327 dubita-

230 2363 332 2417 tio
358 2362 670 2417 desierat:
696 2362 780 2416 uti
809 2361 1135 2433 Epistolam
1158 2362 1230 2417 ad
1252 2363 1550 2430 Hebraos,
1581 2367 1638 2418 et
1664 2379 1732 2417 ex
1755 2379 1931 2417 cano-

245 2453 435 2508 nicis
452 2452 738 2522 Epistolis
757 2453 1098 2524 complures
1125 2478 1139 2519 ;
1159 2453 1260 2508 sed
1280 2454 1622 2524 pravalenti
1648 2452 1933 2508 Ecclesia-

238 2558 409 2597 rum
442 2542 765 2597 auctoritati
787 2542 1238 2613 obtemperavit.
1287 2543 1503 2609 Quidni
1536 2559 1673 2615 ergo
1707 2541 1938 2597 hodier-

272 2646 447 2685 num
482 2631 684 2685 Graeca
700 2631 918 2702 pariter
935 2636 991 2686 et
1020 2632 1236 2687 Latina
1260 2632 1537 2687 Ecclesia
1564 2632 1936 2704 suffragium,

268 2721 340 2776 id
375 2720 762 2777 admittendis
815 2722 1371 2779 deuterocanonicis
1403 2723 1572 2777 libris
1604 2728 1938 2794 sequuntur

256 2811 627 2869 adversarii.
676 2812 909 2866 etiamsi
956 2812 1251 2867 nonnulla
1282 2811 1353 2867 de
1386 2812 1457 2867 iis
1492 2812 1645 2867 forte
1677 2811 1939 2883 supersit

250 2901 570 2957 dubitatio
612 2901 888 2957 Ecclesia
919 2902 1101 2957 totius
1140 2902 1473 2957 auctoritati
1506 2901 1933 2958 submittenda.

330 2995 428 3047 99.
471 2992 798 3063 Utriusque
820 2992 1097 3048 Ecclesia
1125 2990 1340 3048 veteris
1381 2994 1593 3048 Graeca
1614 2998 1672 3048 et
1692 2993 1934 3064 Latina,

250 3098 397 3138 cum
425 3082 705 3136 diversos
730 3082 1166 3153 Scripturarum
1191 3081 1939 3147 canonesconderent,una

237 3188 426 3226 mens
457 3188 529 3226 ac
566 3171 870 3226 sentenlia
912 3171 1040 3226 fuit.
1078 3171 1185 3237 Qui
1216 3171 1380 3226 verbi
1429 3173 1617 3244 gratia
1648 3172 1934 3226 deutero-

234 3262 582 3317 canonicos
646 3260 1058 3323 excludebant,
1090 3278 1191 3316 eos
1223 3267 1424 3317 tamen
1484 3262 1545 3316 in
1596 3261 1720 3317 suis
1752 3260 1923 3315 libris
1958 3231 2001 3298 θ

234 3351 483 3424 passim
516 3356 587 3406 ut
617 3350 852 3406 divinos
883 3350 1051 3406 nullo
1074 3351 1421 3406 discrimine
1446 3349 1789 3406 laudabant.
1819 3349 1928 3415 Qui

238 3449 454 3500 autem
480 3442 546 3496 in
566 3458 803 3496 canone
829 3442 1214 3513 recipiebant,
1236 3443 1273 3497 ii
1294 3442 1463 3497 nulla
1484 3447 1645 3498 certa
1666 3442 1929 3498 afﬁrma-

250 3532 447 3597 tione,
483 3536 595 3587 ant
624 3531 941 3586 contraria
966 3531 1277 3586 sententia
1293 3532 1674 3587 damnatione
1700 3531 1760 3586 id
1779 3548 1930 3603 pra-

252 3621 549 3677 stabant:
580 3619 689 3675 sed
723 3619 881 3674 velut
907 3618 1186 3676 idoneam
1212 3621 1625 3676 auctoritatem
1675 3638 1796 3676 sua
1822 3622 1932 3675 Ec—

257 3710 460 3765 clesia
497 3708 891 3765 traditionem
925 3710 1133 3773 secuti,
1168 3710 1388 3765 certius
1420 3716 1620 3766 tamen
1643 3716 1702 3765 et
1747 3725 1928 3782 gene-

265 3799 452 3854 ralius
474 3798 909 3871 exspectabant
929 3799 1204 3854 Ecclesia
1228 3799 1578 3854 universalis
1604 3799 1926 3869 judicium.

271 3888 357 3943 Sic
382 3906 519 3944 cum
554 3888 823 3944 Ecclesia
844 3888 1122 3944 Africana
1139 3889 1201 3943 in
1225 3890 1478 3945 concilio
1498 3889 1928 3963 Carthaginen-

264 3978 309 4035 si
337 3995 437 4034 an.
476 3980 607 4044 397,
642 3995 933 4034 canonem
966 3995 1160 4036 suum.
1195 3978 1293 4050 qui
1328 3979 1672 4034 Tridentino
1705 3978 1928 4033 confor-

260 4069 374 4123 mis
406 4072 523 4129 est,
590 4068 948 4139 scripsisset,
1006 4068 1184 4123 veluti
1244 4067 1637 4124 subdubitans
1667 4067 1925 4123 addidit:

264 4158 338 4212 De
396 4158 781 4226 conﬁrmando
830 4160 937 4212 isto
990 4174 1199 4213 canone
1250 4157 1629 4213 transmarina
1686 4160 1926 4213 Ecclesia

263 4247 611 4302 consulatur.
645 4248 983 4317 Iterumque
1014 4247 1073 4300 in
1121 4246 1309 4302 altero
1343 4248 1789 4321 Carthaginensi
1823 4264 1921 4302 an.

265 4336 385 4400 419,
422 4334 642 4391 eodem
674 4336 936 4409 catalogo
970 4337 1320 4391 conﬁrmato
1358 4336 1618 4408 subjicit,
1657 4339 1725 4393 Ut
1752 4341 1928 4407 fratri

270 4431 315 4479 et
345 4424 731 4480 consacerdoti
762 4427 1048 4493 Bonifacio
1102 4426 1314 4497 (papa)
1340 4431 1391 4480 et
1447 4443 1636 4480 earum
1671 4430 1926 4497 partium

276 4514 543 4585 episcoyis
568 4517 885 4569 innotescat.
932 4515 1220 4571 Similiter
1246 4515 1609 4588 Augustinus
1642 4518 1741 4588 qui
1774 4518 1923 4573 utri-

287 4620 390 4674 que
410 4603 671 4659 concilio
696 4602 983 4671 interfuit,
1010 4621 1146 4660 cum
1172 4603 1447 4659 eumdem
1469 4606 1802 4679 catalogum
1831 4625 1933 4663 ex-
1962 4601 2009 4666 D

294 4692 499 4747 scribat
527 4692 638 4747 lib.
669 4709 712 4745 ΙΙ
742 4693 815 4746 De
845 4692 987 4747 doct.
1024 4693 1250 4759 Christ.,
1303 4710 1431 4764 cap.
1461 4694 1514 4757 8,
1548 4710 1606 4748 n.
1646 4696 1730 4761 13,
1766 4696 1932 4766 prius

287 4794 472 4847 tamen
500 4808 561 4846 n.
590 4794 657 4845 12
683 4791 834 4846 hanc
855 4791 1119 4863 regulam
1142 4792 1624 4863 praescripserat:
1661 4793 1734 4841 In
1777 4795 1932 4843 Scri-

274 4882 460 4943 ptura“:
493 4881 777 4929 canonicis
832 4880 1217 4930 Ecclesiarum
1279 4880 1685 4931 catholicarum
1732 4898 1929 4946 quam-

275 4971 535 5033 plurium
595 4971 985 5019 auctoritatem
1028 4981 1299 5035 sequatur
1361 4970 1676 5035 (Scriptura
1723 4971 1935 5022 studio-

282 5063 396 5118 sus).
434 5058 664 5109 Tenebit
696 5059 882 5122 igitur
930 5059 1076 5109 hunc
1104 5060 1330 5109 modum
1380 5061 1442 5108 in
1494 5060 1810 5123 Scripturis
1841 5078 1934 5113 ca-

287 5149 514 5210 nonicis,
546 5158 611 5199 ut
640 5164 733 5198 eas
784 5163 913 5213 qua:
946 5149 1013 5197 ab
1056 5148 1316 5198 omnibus
1345 5149 1702 5212 accipiuntur
1750 5152 1935 5201 Eccle-

286 5241 376 5289 stis
394 5249 697 5303 praponat
724 5240 808 5289 eis
836 5254 979 5304 quas
1003 5239 1261 5303 quadam
1292 5255 1403 5289 non
1428 5241 1750 5303 accipiunt;
1775 5242 1837 5292 in
1854 5243 1934 5292 eis

289 5346 394 5381 vero
422 5348 548 5397 quae
572 5348 683 5383 non
708 5331 1076 5393 accipiuntur
1102 5332 1169 5381 ab
1195 5329 1474 5389 omnibus,
1515 5342 1808 5394 praeponat
1842 5349 1936 5384 eas

291 5437 410 5486 quas
429 5425 625 5487 plures
643 5422 1056 5489 gravioresque
1079 5421 1385 5482 accipiunt,
1412 5422 1492 5470 eis
1528 5438 1669 5486 quas
1696 5425 1935 5485 paucio-

292 5527 359 5562 ra:
376 5515 733 5580 minorisquc
754 5509 1118 5561 auctoritatis
1150 5510 1412 5558 Ecclesia
1444 5516 1653 5562 tenent.
1687 5514 1769 5568 Αο
1798 5530 1933 5586 pro.

284 5610 459 5680 pterea
476 5610 552 5668 de
576 5599 1073 5664 Machabaorum
1097 5599 1386 5655 librorum
1420 5597 1723 5656 divinitate
1757 5602 1935 5659 certis

274 5694 402 5764 locis
417 5700 587 5764 haud
620 5697 809 5754 tanta
830 5691 1267 5747 asseveratione
1288 5689 1655 5763 pronuntiat,
1678 5692 1765 5749 uti
1786 5693 1890 5751 lib.
1915 5710 1935 5750 ι

2053 576 2284 630 mortuis
2315 593 2441 648 cap.
2478 581 2525 645 l,
2581 595 2746 633 num.
2783 580 2833 633 3.
2896 579 3043 633 Item
3074 578 3146 632 de
3210 579 3525 650 Sapientia
3559 580 3711 635 libro

2052 664 2124 720 ab
2159 666 2629 722 Massiliensibus
2688 669 2932 739 rejecto,
2984 668 3045 722 in
3076 668 3178 725 lib.
3246 674 3323 722 Ue
3368 670 3547 739 prad.
3609 672 3710 727 SS.

2051 754 2122 808 Et
2142 753 2201 808 in
2227 758 2417 825 primo
2442 758 2741 813 Retractat.
2770 757 2896 822 lib.,
2922 775 3050 828 cap.
3081 760 3168 819 10,
3202 774 3367 812 num.
3422 760 3472 825 3,
3524 766 3707 815 retra-

2051 849 2171 898 ctat
2195 850 2252 898 et
2272 846 2514 915 corrigit
2537 847 2594 900 id
2612 847 2768 917 quod
2784 847 3000 901 alicubi
3018 846 3193 902 verba
3206 864 3273 901 ex
3295 848 3708 903 Ecclesiastico

2050 941 2304 1006 sumpta,
2324 936 2657 1005 prophetisa
2671 938 2833 991 verba
2847 937 3280 1009 appellaverat;
3307 940 3460 1007 quia,
3486 938 3702 1009 inquit,

2046 1042 2157 1080 non
2190 1028 2248 1079 in
2271 1028 2387 1096 ejus
2419 1026 2558 1081 libro
2591 1027 2852 1098 leguntur
2880 1045 3039 1100 quem
3070 1030 3207 1083 certi
3235 1031 3404 1083 simus
3433 1045 3543 1083 esse
3567 1046 3705 1098 pro-

2038 1115 2286 1187 phetam.
2332 1117 2590 1173 Junilius
2649 1134 2995 1189 quanquam
3056 1119 3368 1173 Africanus
3420 1118 3483 1172 in
3515 1118 3619 1174 lib.
3660 1136 3697 1186 t,

2047 1221 2174 1276 cap.
2224 1207 2277 1272 3,
2303 1208 2354 1274 4,
2380 1209 2431 1273 5,
2468 1210 2498 1262 6
2530 1198 2668 1273 et‘7,
2699 1207 2771 1263 de
2802 1208 3006 1263 multis
3045 1208 3308 1263 Africani
3358 1207 3607 1279 catalogi
3636 1208 3702 1262 li-

2044 1293 2165 1349 bris
2187 1295 2285 1361 ait,
2308 1296 2399 1351 vel
2424 1295 2567 1351 inter
2595 1301 2887 1353 canonicas
2913 1298 3215 1370 [CCXLIV]
3242 1299 3561 1368 Scripturas
3593 1315 3703 1353 non

2043 1400 2280 1453 currere,
2312 1385 2403 1439 vel
2432 1388 2623 1441 media
2670 1390 3017 1442 auctoritatis
3048 1404 3173 1443 esse.
3221 1389 3570 1458 Quanquam
3604 1388 3697 1441 In-

2042 1474 2354 1529 nocentius
2383 1480 2440 1529 et
2470 1476 2736 1531 Gelasius
2764 1477 3014 1532 Romani
3058 1477 3371 1548 pontiﬁces
3403 1470 3695 1531 canonem

2041 1562 2331 1618 librorum
2357 1581 2464 1620 sua
2486 1566 2837 1621 auctoritate
2872 1566 3196 1634 dedissent,
3230 1566 3292 1620 in
3325 1584 3441 1636 quo
3475 1567 3705 1622 Macha-

2040 1654 2305 1710 baorum
2333 1656 2464 1711 libri
2491 1657 2898 1722 continentur,
2926 1674 3131 1713 eorum
3162 1664 3359 1713 tamen
3386 1675 3698 1712 successor

2039 1744 2094 1801 S.
2119 1746 2431 1818 Gregorius
2476 1748 2716 1819 Magnus
2770 1748 2871 1802 lib.
2903 1766 2992 1802 xu:
3023 1748 3244 1816 Moral,
3276 1765 3381 1818 cap
3419 1749 3503 1810 l3,
3540 1746 3699 1818 quod

2040 1834 2112 1889 iis
2145 1852 2286 1890 usus
2319 1843 2475 1890 esset
2506 1838 2585 1892 ita
2634 1854 2694 1891 se
2747 1844 3025 1893 excusat:
3061 1848 3185 1895 Non
3224 1847 3544 1895 inordinate
3578 1846 3701 1908 agi-

2039 1940 2166 1973 mus
2220 1926 2272 1974 si
2321 1941 2389 1973 ex
2420 1926 2587 1974 libris
2635 1928 2761 1976 licet
2799 1943 2910 1976 non
2942 1929 3246 1985 canonicis,
3291 1929 3385 1976 sed
3415 1937 3599 1976 tamen
3630 1928 3702 1976 ad

2038 2013 2302 2064 Ecclesia:
2346 2016 2773 2080 mdiﬁcationrm
2835 2019 3018 2075 editis,
3080 2018 3457 2066 testimonium
3501 2020 3701 2078 profc-

2040 2127 2254 2161 ramus.
2289 2106 2367 2159 Ne
2386 2106 2670 2159 miremur
2692 2106 2990 2162 inferioris
3016 2107 3282 2162 subsellii
3300 2114 3574 2162 auctores
3597 2123 3699 2162 ea-

2042 2193 2177 2247 dem
2210 2193 2270 2248 in
2304 2194 2644 2264 rejiciendis
2677 2196 3032 2266 quibusdam
3060 2213 3129 2251 ex
3160 2197 3278 2250 illis
3315 2196 3481 2249 libris
3513 2196 3692 2250 liber-

2040 2288 2181 2351 tate,
2205 2284 2387 2338 autin
2420 2302 2526 2339 sua
2548 2285 2619 2339 de
2644 2286 2867 2340 eisdem
2900 2286 3268 2341 dubitatione
3301 2285 3693 2358 signiﬁcanda

2039 2388 2178 2427 usos
2211 2388 2360 2427 esse.
2418 2374 2611 2428 Unum
2644 2391 2712 2428 ex
2744 2375 3043 2443 omnibus,
3104 2376 3202 2446 qui
3237 2375 3503 2429 omnium
3538 2390 3689 2445 pene

2042 2461 2385 2515 Latinorum
2412 2462 2817 2536 theologorum
2840 2465 3122 2537 magister
3134 2464 3320 2529 audit,
3339 2465 3390 2518 S.
3409 2464 3696 2518 Thomam

2043 2550 2240 2614 laudo,
2276 2552 2375 2622 qui
2429 2553 2621 2624 prima
2652 2560 2841 2625 parte,
2906 2560 3097 2626 quast
3178 2557 3266 2619 89,
3302 2561 3411 2609 art.
3448 2556 3500 2619 8,
3535 2554 3607 2608 ad
3638 2558 3692 2621 2,

2044 2642 2525 2697 Ecclesiasticum
2580 2644 2770 2699 citans
2825 2644 2941 2699 ait:
2975 2654 3043 2702 Si
3077 2663 3263 2702 tamen
3324 2654 3697 2702 Ecclesiastici

2041 2732 2349 2780 auctoritas
2382 2748 2488 2780 non
2521 2733 2854 2795 recipiatur,
2885 2749 2943 2781 eo
2971 2735 3116 2798 quod
3146 2734 3299 2795 apud
3333 2732 3568 2782 Hebraos
3600 2734 3695 2782 in-

2043 2838 2127 2879 ter
2186 2831 2475 2881 canouicas
2531 2834 2864 2895 Scripturas
2908 2849 3020 2883 non
3078 2841 3445 2896 computatur.
3483 2824 3703 2879 Eadem

2042 2929 2193 2984 pene
2223 2913 2293 2968 de
2356 2913 2564 2968 eodem
2606 2914 2759 2969 libro
2815 2915 2995 2969 habet
3051 2915 3322 2970 Julianus
3380 2914 3697 2969 Toletanus

2041 3003 2439 3072 Prognosticon
2492 3004 2595 3060 lib.
2632 3021 2691 3070 II,
2745 3022 2872 3075 cap.
2907 3006 2995 3071 30,
3032 3004 3299 3076 quamvis
3331 3021 3399 3059 ex
3450 3003 3699 3072 Isidoro,

2043 3091 2449 3163 Hildephonso
2482 3093 2736 3164 aliisque
2770 3095 3179 3149 monumentis
3229 3100 3461 3148 constet
3492 3092 3696 3147 Eccle-

2043 3181 2192 3236 siam
2213 3183 2589 3254 Hispanicum
2606 3183 2822 3239 librum
2845 3186 3023 3251 hunc,
3049 3186 3133 3239 uti
3151 3191 3395 3238 cateros
3420 3183 3701 3238 deutero-

2041 3271 2450 3335 canonicos,in
2473 3290 2696 3328 canone
2713 3273 3012 3330 habuisse.
3039 3274 3148 3327 Sed
3165 3280 3480 3345 postquam
3497 3289 3700 3327 acces-

2042 3360 2352 3416 sitdudum
2379 3368 2684 3434 expectata
2699 3364 3047 3418 Edelesiain
3076 3364 3330 3419 concilio
3353 3362 3698 3417 Tridentino

2040 3449 2332 3513 deﬁnitio.
2367 3453 2439 3508 ab
2491 3453 2768 3508 omnibus
2801 3454 3022 3509 Latinis
3074 3454 3356 3509 Ecclesiis
3387 3452 3692 3507 unanimi-

2041 3544 2132 3596 ter
2151 3547 2474 3612 acceptata.
2501 3549 2559 3596 et
2580 3544 2793 3599 Graeca
2820 3543 3096 3599 Ecclesia
3120 3544 3433 3598 sententia
3450 3559 3698 3597 consen-

2042 3634 2236 3699 tanea,
2261 3649 2391 3702 qua
2415 3631 2600 3687 libros
2622 3633 2755 3687 illos
2784 3634 3023 3688 tandem
3051 3650 3154 3705 pro
3180 3634 3485 3689 canonicis
3508 3649 3696 3703 agno-

2042 3721 2312 3792 scit,qua
2335 3720 2491 3776 circa
2517 3720 2651 3776 illos
2668 3739 2978 3792 superesse
3004 3722 3192 3793 possit
3214 3722 3694 3791 dubitatioplane

2040 3828 2160 3866 non
2191 3810 2379 3865 video.
2441 3813 2789 3882 Quanquam
2823 3828 2942 3865 non
2985 3812 3187 3883 ignoro
3240 3811 3393 3864 viros
3425 3809 3695 3880 apprime

2039 3900 2364 3955 catholicos
2398 3900 2672 3959 inveniri.
2726 3901 2824 3972 qui
2859 3918 2967 3955 nec
2998 3918 3031 3957 a
3090 3900 3325 3955 concilii
3359 3898 3691 3953 Tridentini

2038 4006 2147 4045 nec
2179 4007 2212 4045 a
2238 3992 2518 4045 Romana
2551 3990 2827 4045 Ecclesia
2860 3990 3158 4046 sententia
3188 3990 3508 4044 abhorrere
3541 4004 3691 4043 cen-

2038 4086 2192 4148 sent,
2253 4080 2571 4151 quamdam
2622 4082 2989 4136 auctoritatis
3050 4081 3207 4135 inter
3259 4079 3577 4136 canonicos
3633 4084 3692 4135 et

2037 4170 2607 4226 deuterocanonicos
2641 4171 2822 4225 libros
2851 4170 3295 4226 distinctionem
3349 4169 3684 4227 admittere.

2108 4260 2228 4314 100.
2263 4259 2350 4313 Ad
2380 4259 2666 4331 Cyrillum
2721 4266 2777 4314 et
2816 4262 3139 4316 Ecclesium
3196 4259 3680 4331 Hierosolymita-

2034 4364 2173 4403 nam
2205 4347 2403 4403 redeo.
2439 4349 2593 4414 Quos
2625 4349 2729 4405 illa
2758 4350 2960 4422 Cyrilli
2993 4350 3361 4422 temporibus
3414 4348 3682 4404 nondum

2033 4438 2561 4509 recipiebatlibros
2592 4440 3046 4495 succedentibus
3065 4441 3315 4513 agnovit.
3351 4442 3493 4495 Nam
3528 4442 3680 4510 Apo-

2036 4527 2323 4599 calypsim
2360 4529 2760 4583 Damascenus
2792 4528 2853 4582 in
2885 4546 3113 4584 canone
3149 4530 3284 4583 Novi
3324 4527 3689 4584 Testamenti

2042 4616 2210 4671 nulla
2227 4616 2614 4671 dubitationis
2630 4619 3063 4689 signiﬁcatione
3078 4618 3549 4689 comprehendit.
3572 4621 3689 4672 An-

2042 4706 2216 4761 dreas
2238 4707 2555 4774 Cretensis,
2582 4709 2680 4778 qui
2707 4724 2736 4761 e
2757 4710 3252 4780 Jerosolymitana
3278 4708 3541 4762 Ecclesia
3565 4723 3695 4777 pro-

2042 4795 2223 4851 diisse
2256 4796 2493 4863 dicitur,
2528 4798 2957 4853 commentario
2992 4798 3267 4852 eumdem
3303 4797 3518 4851 librum
3550 4796 3680 4850 illu-

2042 4885 2264 4941 stravit.
2298 4886 2438 4957 Ejus
2466 4887 2825 4941 testimoniis
2856 4892 3105 4940 utuntur
3135 4885 3685 4956 SOphroniusJero-

2044 4974 2407 5047 solymorum
2442 4975 2800 5047 patriarcha,
2835 4977 3102 5030 oratione
3137 4976 3206 5027 De
3237 4974 3463 5042 angelis,
3499 4978 3557 5026 et
3588 4973 3687 5025 Mi-

2043 5065 2211 5120 chael
2243 5065 2550 5137 Syncellus
2583 5083 2740 5120 nono
2763 5064 3001 5131 saculo,
3036 5064 3097 5117 in
3126 5079 3232 5118 sua
3260 5063 3604 5117 Lauclatfone
3635 5064 3693 5117 in

2042 5161 2254 5210 sanctos
2280 5155 2504 5224 angelos
2534 5171 2567 5210 a
2597 5154 2950 5210 Combeﬁsio
2984 5153 3177 5208 edita:
3213 5153 3313 5223 qui
3360 5152 3601 5223 quidem
3634 5153 3697 5207 in

2044 5245 2105 5299 in
2131 5244 2337 5301 eadem
2360 5245 2627 5299 oratione
2651 5260 2781 5299 cum
2802 5242 3312 5315 Apocalypsi,tum
3335 5242 3558 5310 Iudith,
3590 5245 3698 5298 To-

2045 5334 2177 5399 bia,
2208 5341 2266 5390 et
2291 5334 2759 5389 Machabaorum
2811 5332 2981 5386 libris
3014 5332 3203 5388 tribus
3233 5333 3439 5389 utitur.
3490 5333 3694 5388 Antio-

2045 5425 2213 5492 chus,
2239 5423 2420 5478 laura
2445 5424 2497 5477 S.
2526 5421 2690 5477 Saba
2711 5422 3037 5476 monachus
3066 5422 3248 5486 hom.,
3289 5423 3374 5485 17,
3410 5421 3698 5478 Ecclesia-

2045 5514 2176 5570 stici
2202 5512 2416 5567 librum
2446 5512 2607 5567 citat.
2633 5512 3040 5583 Andreasjam
3064 5510 3358 5576 laudatus,
3385 5518 3531 5566 orat.
3567 5516 3599 5565 2
3630 5512 3691 5566 in

2045 5603 2457 5674 S.Patapium,
2480 5620 2537 5674 p.
2561 5604 2686 5669 221,
2711 5601 3075 5673 Sapientiam
3105 5602 3439 5658 Salomonis
3462 5602 3569 5658 sub
3593 5619 3695 5656 no-

2043 5694 2204 5752 mine
2238 5694 2397 5748 citat.
2430 5692 2730 5748 Palastini
2765 5692 3006 5748 tandem
3051 5690 3312 5765 episc0pi
3372 5691 3432 5746 in
3466 5691 3690 5766 synodo
