4024 6366
435 364 557 428 287

1628 355 1732 418 DE
1772 349 2178 417 DOCTRINA
2217 351 2284 412 S.
2331 342 2674 411 CYRILLI.

439 497 956 563 Bethlehemitica,
992 511 1092 552 an.
1127 497 1284 562 l672,
1320 491 1685 566 Sapientiam
1726 487 2082 556 Salomonis,

2203 480 2487 546 fallaciae!
2508 491 2693 529 nonne
2712 474 2923 524 divina
2943 470 3256 532 Scriptum
3274 472 3414 516 sunt
3441 465 3592 516 salus
3617 466 3817 517 nostrai

440 591 705 658 Tobiam,
735 586 962 653 Judith,
998 585 1118 640 Beli
1153 591 1210 639 et
1239 585 1524 639 Susannm
1555 581 1856 646 historias,
1884 578 2088 634 Eccle-

442 679 750 736 siasticum
783 683 841 731 et
871 675 1236 731 Machabzeos
1279 673 1578 745 recipiunt
1622 671 1682 725 in
1717 671 1842 725 hmo
1875 668 2090 724 verba:

441 767 540 823 Καὶ
570 771 739 822 ταῦτα
767 769 866 829 τῆς
919 765 1136 840 Γραφῆς
1186 781 1325 834 μερη
1369 760 1651 834 κρίνομεν·
1705 763 1773 816 Et
1803 759 1896 815 hos
1928 757 2094 813 libros

440 857 746 928 Scriptura?
771 861 958 927 partes
980 853 1322 924 judiramus.

439 957 524 1006 .De
549 953 914 1016 adiungenda
973 953 1286 1013 Scriptura
1339 947 1684 999 Traditionis
1740 953 1789 994 et
1834 943 2096 994 Ecclesiae

1091 1031 1444 1083 auctoritate.

517 1131 638 1182 101.
672 1127 939 1183 Alterum
977 1124 1286 1197 aggredior
1347 1118 1767 1194 disputationis
1827 1134 1963 1173 cum
1996 1117 2097 1173 Ili-

441 1223 569 1274 veto
621 1221 910 1287 susceptae
942 1219 1138 1286 caput.
1197 1212 1599 1284 Triumphans
1631 1207 1889 1281 quodam
1922 1206 2096 1262 modo

441 1307 632 1363 multa
656 1305 924 1362 cumulat
943 1303 1145 1376 Cyrilli
1171 1301 1510 1358 testimonia
1523 1299 1595 1356 de
1629 1299 1947 1370 Scripturze
1978 1295 2098 1352 suf-

443 1397 708 1454 ﬁcientia
737 1401 796 1451 et
837 1395 1231 1460 necessitate;
1265 1391 1482 1464 quibus
1526 1389 1703 1445 verbo
1737 1385 2100 1458 respondere

442 1503 705 1562 possem,
760 1485 874 1558 agi,
907 1485 1037 1555 ipso
1095 1483 1342 1549 fatente,
1403 1479 1474 1535 de
1526 1478 1798 1551 symbolo
1856 1477 1917 1532 in
1980 1492 2098 1547 quo

442 1576 710 1652 [CCXLV]
743 1574 1125 1647 agnoscimus
1182 1570 1332 1626 nihil
1389 1567 1682 1625 contineri
1745 1565 1933 1622 solius
1966 1564 2098 1620 sine

449 1666 669 1737 scripto
695 1663 1031 1720 traditionis
1053 1661 1403 1718 auctoritate
1449 1657 1818 1731 propositum
1843 1674 1857 1723 ;
1891 1661 1956 1710 ut
1985 1655 2102 1710 mi-

449 1773 584 1812 rum
612 1771 732 1809 non
760 1753 838 1808 sit
865 1758 1026 1807 tanta
1042 1752 1094 1806 vi
1133 1749 1418 1822 Cyrillum
1450 1764 1809 1813 asseverare,
1843 1745 1994 1800 nihil
2027 1744 2099 1799 de

449 1843 713 1919 Symboli
745 1843 1019 1898 doctrina
1067 1841 1194 1896 sine
1243 1839 1679 1911 Scripturarum
1728 1835 2097 1904 auctoritate,
2132 1867 2178 1934 Β

449 1951 520 1991 ex
551 1935 814 1990 humano
871 1931 1183 1987 ratiocinio
1241 1929 1323 2001 (id
1368 1929 1526 1984 enim
1560 1927 1752 1983 solum
1811 1923 2092 1992 excludit,

444 2043 566 2082 non
589 2023 867 2078 Ecclesia;
890 2019 1275 2093 proponentis
1299 2025 1356 2074 et
1377 2017 1822 2090 interpretantis
1854 2020 2090 2070 senten-

445 2117 635 2181 tiam).
667 2115 817 2171 tradi
851 2113 1086 2168 debere.
1122 2111 1411 2178 Quoniam
1442 2126 1577 2165 vero
1609 2109 1702 2164 his
1734 2105 2094 2163 testimoniis

443 2212 503 2263 et
534 2204 884 2262 traditiones
918 2219 1038 2258 non
1071 2201 1340 2272 scriptas,
1376 2206 1434 2255 et
1453 2199 1864 2255 auctoritatem
1892 2197 2097 2252 Eccle-

445 2296 548 2352 sia:
579 2298 900 2367 Oppugnat,
934 2309 1004 2348 ea
1043 2309 1116 2346 ne
1150 2290 1291 2362 quid
1324 2288 1706 2345 dissimulare
1749 2287 1966 2354 videar,
1999 2286 2094 2342 hic

444 2385 738 2442 exscribo.
776 2385 900 2439 Cat.
925 2385 978 2450 4,
1010 2397 1175 2437 num.
1210 2383 1297 2444 17,
1329 2379 1636 2451 proposita
1674 2376 2094 2448 compendiose

442 2474 722 2532 Ecclesiae
753 2473 912 2528 circa
965 2471 1318 2526 Trinitatem
1348 2469 1621 2525 doctrina
1680 2468 1764 2524 ait
1791 2467 2046 2540 Cyrillus
2078 2482 2092 2520 :

443 2565 563 2616 Hoc
585 2563 944 2626 signaculum
982 2562 1034 2609 in
1091 2569 1274 2610 mente
1305 2567 1402 2608 tua
1431 2572 1648 2620 semper
1682 2557 1888 2618 habeto,
1946 2555 2097 2620 quod

443 2655 670 2721 quidem
700 2667 854 2701 nunc
897 2651 1001 2700 tibi
1028 2648 1361 2700 summatim
1383 2663 1490 2710 per
1543 2647 1791 2708 capitum
1822 2644 2096 2694 recensio-

443 2760 572 2795 nem
602 2744 844 2793 edictum
865 2751 972 2802 est;
1002 2743 1055 2791 si
1083 2755 1209 2790 vero
1242 2739 1518 2788 Dominus
1552 2736 1898 2792 concesserit,
1933 2735 2096 2785 adhi-

444 2826 562 2875 bita
585 2840 652 2872 ex
683 2822 1002 2885 Scripturis
1036 2821 1508 2870 demonstratione
1529 2833 1637 2880 pro
1665 2817 1886 2866 viribus
1914 2831 1951 2866 a
1997 2830 2092 2865 no-

441 2917 523 2967 bis
552 2916 907 2966 edisseretur.
943 2913 1163 2975 Oportet
1209 2910 1360 2960 enim
1391 2911 1543 2958 circa
1597 2909 1794 2959 divina
1823 2916 1873 2956 et
1901 2915 2098 2958 sancta

437 3005 574 3072 ﬁdei
595 3003 870 3069 mysteria
891 3017 960 3050 ne
982 3001 1292 3050 minimum
1312 2999 1536 3062 quidem
1557 2997 1682 3046 sine
1699 2997 1914 3046 divinis
1944 2996 2096 3047 Scri-

441 3095 630 3150 pturis
654 3093 837 3151 tradi;
884 3105 986 3139 nec
1015 3097 1212 3138 temere
1228 3085 1727 3150 probabil'tatibus
1786 3101 2097 3149 argumen-

439 3185 624 3246 tisque
655 3183 716 3232 in
775 3182 1066 3230 verborum
1095 3180 1340 3243 artiﬁcio
1400 3177 1829 3227 consistentibus
1871 3177 2091 3227 abduci.

439 3273 523 3324 Ille
556 3270 700 3322 mihi
720 3271 948 3336 quidem
977 3271 1088 3320 ista
1107 3267 1424 3332 pro/creati
1440 3268 1592 3316 ultro
1623 3267 1944 3326 credideris,
1975 3267 2095 3316 nisi

443 3363 508 3412 de
541 3361 754 3410 divinis
785 3360 1100 3422 Scripturis
1146 3373 1340 3408 eorum
1377 3373 1500 3422 qua
1555 3357 1658 3407 tibi
1690 3358 1971 3406 annuntio
2005 3357 2096 3405 de-

444 3451 910 3503 monstrationem
930 3450 1192 3512 accipias.
1221 3449 1344 3498 Haec
1371 3449 1523 3498 enim
1553 3449 1687 3512 ﬁdes
1721 3448 1816 3498 cui
1846 3456 2095 3496 nostram

445 3545 689 3594 salutem
709 3543 985 3599 debemus.
1019 3557 1130 3592 non
1159 3557 1227 3590 ea:
1276 3539 1661 3590 commentitia
1696 3538 2097 3600 disputatione,

445 3636 541 3685 sed
568 3651 636 3684 ea:
665 3633 995 3686 divinarum
1030 3635 1465 3696 Scripturarum
1485 3630 1952 3682 demonstratione
1981 3630 2095 3680 vim

440 3725 617 3777 habet.
651 3727 762 3776 Cat.
822 3726 870 3784 5,
926 3739 1069 3774 num.
1129 3724 1222 3774 l2:
1281 3724 1474 3774 Fidem
1531 3721 1870 3784 (symbolum)
1929 3721 2096 3770 illam

437 3817 618 3866 solam
639 3817 970 3880 amplectere
1001 3823 1053 3864 et
1085 3831 1264 3877 serva,
1294 3827 1420 3878 quae
1448 3827 1606 3862 nunc
1635 3813 1738 3861 tibi
1763 3812 1830 3860 ab
1845 3811 2096 3860 Ecclesia

441 3908 710 3965 traditur,
743 3923 812 3956 ex
866 3908 1126 3957 omnibus
1157 3904 1478 3967 Scripturis
1533 3903 1828 3952 vallata....
1859 3908 1909 3950 et
1937 3902 2094 3951 modo

442 3996 670 4061 quidem
703 3997 877 4046 nudis
931 3996 1278 4045 verbistenus
1326 3993 1566 4043 audiens
1601 3991 1768 4056 ﬁdem
1823 3991 2096 4040 memoria

443 4084 665 4145 retine;
692 4084 1058 4146 singulorum
1093 4097 1218 4132 vero
1264 4083 1515 4144 capitum
1548 4081 1738 4140 excipe
1783 4088 2092 4142 opportuno

441 4183 684 4236 tempore
699 4189 767 4222 es:
794 4173 1009 4223 divinis
1031 4172 1350 4234 Scripturis
1370 4171 1752 4220 assertionem.
1784 4169 1908 4219 Non
1937 4170 2090 4220 enim

441 4277 506 4319 ut
535 4264 856 4316 hominibus
891 4264 1080 4320 libuit,
1110 4262 1245 4327 fidei
1267 4275 1492 4310 summa
1531 4261 1832 4322 composita
1849 4267 1960 4320 est;
1994 4259 2094 4309 sed

432 4361 633 4408 selecta
660 4373 729 4406 ex
757 4357 1016 4406 omnibus
1041 4353 1354 4416 Scripturis
1402 4350 1872 4401 commendatoria
1903 4351 2088 4413 capita

2192 589 2378 624 nonne
2424 570 2832 636 prophetarum
2898 559 3330 627 pradictiones?
3391 556 3810 608 Commendatum

2197 667 2384 730 igitur
2411 664 2510 714 hoc
2537 660 2850 727 deqositum
2905 654 3050 705 mihi
3085 651 3373 702 immobile
3425 647 3650 706 custodi,
3687 655 3817 713 teque

2197 771 2359 806 nemo
2387 755 2693 803 dimoveat:
2724 748 2879 799 crede
2911 745 3084 794 Deum
3111 741 3396 792 hominem
3419 744 3648 801 factum.
3682 739 3815 795 nidi.

2199 846 2330 903 cule
2355 844 2540 900 trahit
2559 842 2671 898 hoc
2693 840 3004 910 depositum
3031 833 3104 890 ad
3130 838 3314 887 lotam
3338 828 3662 884 doctrinam
3682 827 3820 884 Chri-

2200 938 2481 999 stianam,
2509 930 2669 1005 quod
2726 929 2800 985 ad
2833 943 3018 983 unum
3062 939 3213 978 verm
3269 917 3693 976 incarnationis
3717 933 3820 972 cre-

2200 1026 2411 1083 dendm
2433 1021 2751 1079 articulum
2775 1017 3056 1091 pertinet.
3085 1014 3208 1068 Cat.
3238 1012 3324 1072 t3,
3359 1024 3528 1064 num.
3562 1008 3593 1061 8
3618 1023 3630 1060 :
3654 1007 3818 1055 Omnia

2201 1131 2328 1182 quae
2383 1112 2456 1164 ad
2487 1111 2764 1161 Christum
2788 1107 3080 1170 pertinent
3140 1101 3359 1162 scripta
3385 1105 3560 1156 sunt;
3602 1095 3819 1160 nihilque

2202 1205 2537 1268 ambiguum
2579 1207 2677 1260 est,
2735 1197 2887 1248 nihil
2915 1194 3069 1244 enim
3125 1187 3450 1240 testimonio
3508 1185 3818 1239 destitutum,

2203 1297 2391 1347 omnia
2422 1295 2484 1344 in
2515 1289 2786 1342 columnis
2837 1283 3183 1350 propheticis
3207 1279 3494 1341 inscripta
3547 1284 3708 1336 sunt;
3733 1289 3816 1323 non

2206 1387 2268 1436 in
2305 1382 2541 1447 lapideis
2593 1378 2825 1434 tabulis,
2873 1375 2966 1424 sed
2999 1389 3032 1423 a
3061 1369 3293 1433 Spiritu
3342 1374 3534 1417 sancto
3565 1364 3818 1425 manifeste

2205 1477 2500 1536 descrtpta.
2534 1472 2674 1522 Cum
2705 1469 2896 1532 itaque
2937 1461 3223 1514 audiveris
3271 1457 3646 1520 Evangelium
3672 1467 3811 1518 quae

2205 1565 2351 1616 Iuda
2378 1570 2534 1628 gesta
2561 1568 2696 1610 sunt
2717 1559 2986 1620 referens,
3011 1567 3218 1614 nonne,
3235 1548 3394 1599 debes
3416 1549 3543 1610 ejus
3563 1546 3644 1594 rei
3659 1543 3817 1594 audin

2207 1671 2276 1706 ea:
2292 1651 2612 1716 Scripturis
2629 1648 2905 1698 veteribus
2923 1639 3345 1694 testimonium!
3361 1635 3644 1688 Audivisti
3666 1635 3816 1684 laurea

2209 1749 2360 1798 latus
2414 1739 2926 1793 transverberatum
2989 1748 3104 1784 esse
3161 1731 3488 1789 Christum;
3546 1741 3654 1776 non
3697 1724 3815 1772 debes

2209 1836 2506 1898 explorare
2546 1831 2898 1892 scriptumne
2961 1823 3114 1874 illud
3141 1834 3364 1886 quoque
3419 1816 3500 1879 (in
3529 1815 3642 1864 Vat.
3669 1813 3816 1864 Testa-

2207 1927 2486 1986 mento),...
2542 1920 2772 1970 Audisti
2830 1916 2972 1983 quod
2999 1912 3362 1971 resurrexit;
3422 1922 3536 1957 non
3563 1905 3704 1954 debes
3747 1902 3815 1950 in-

2197 2016 2425 2081 quirere
2477 2026 2618 2061 num
2650 2017 2700 2058 te
2753 2003 3034 2073 [CCXLVI]
3093 2001 3179 2052 his
3239 1997 3518 2048 doctrinis
3553 1989 3812 2044 ludantes!

2198 2105 2263 2162 1d
2287 2107 2416 2177 jam
2473 2100 2640 2158 nefas
2689 2101 2868 2158 esset.
2925 2093 3133 2166 adjicit
3186 2091 3457 2156 Rivetus,
3515 2081 3808 2177 Christiano

2197 2170 2422 2264 adulto,
2458 2191 2679 2249 nedum
2704 2188 3155 2252 catechumeno,
3181 2186 3286 2238 aut
3306 2178 3604 2252 neophyto
3625 2174 3720 2264 :_in
3738 2170 3807 2264 his

2197 2291 2356 2344 certe
2387 2257 2644 2357 Cyrillus
2681 2278 2913 2352 papista
2942 2291 3064 2330 non
3094 2272 3226 2328 fuit.
3279 2267 3625 2357 Ignorabam
3652 2257 3808 2357 bapti-

2197 2382 2322 2432 zato
2367 2353 2722 2430 Protestanti
2782 2368 2986 2434 licere,
3015 2378 3188 2419 suum
3243 2357 3542 2416 contentis
3573 2355 3631 2409 in
3659 2353 3806 2406 Evan-

2197 2465 2350 2540 gelio
2377 2461 2593 2520 Christi
2647 2457 2950 2530 mysteriis
2981 2467 3305 2511 assensum
3365 2445 3573 2503 tandiu
3601 2452 3803 2510 suspen-

2198 2536 2360 2623 dere,
2394 2553 2582 2608 donec
2639 2551 2702 2605 in
2733 2545 3040 2622 praphetis
3071 2559 3142 2598 ea
3197 2538 3561 2595 conﬁrmata
3589 2536 3641 2586 et
3687 2541 3805 2600 prm-

2198 2647 2358 2702 dicta
2387 2640 2778 2715 cognovisset.
2839 2640 2960 2690 Cat.
2997 2635 3083 2699 16,
3115 2645 3288 2686 num.
3315 2631 3390 2683 2:
3432 2624 3685 2674 Dicamus
3728 2627 3803 2712 nos

2197 2734 2262 2790 de
2291 2732 2517 2795 Spiritu
2544 2737 2735 2778 sancto
2788 2740 2852 2774 ea
2911 2725 3140 2773 tantum
3169 2733 3302 2784 quae
3335 2717 3550 2776 scripta
3597 2715 3738 2759 sunt:
3759 2717 3800 2749 ιη

2196 2820 2336 2890 quid
2365 2833 2492 2869 vero
2537 2817 2807 2877 scriptum
2837 2826 2951 2861 non
2978 2808 3179 2872 fuerit,
3221 2821 3298 2856 ne
3327 2803 3544 2855 curiose
3566 2798 3790 2848 scitemur-

2195 2882 2326 2974 :Ipse
2356 2909 2616 2972 Spiritus
2643 2910 2872 2954 sanctus
2922 2901 3172 2950 elocutus
3209 2905 3298 2947 est
3352 2893 3691 2956 Scriptum;
3713 2882 3796 2943 ίρεε

2196 3001 2262 3051 de
2285 3015 2341 3050 se
2370 3011 2586 3064 quoque
2618 2997 2738 3057 ipso
2773 2991 2924 3042 dixit
2975 3001 3328 3054 quaecunque
3356 2982 3550 3041 voluit,
3576 2991 3662 3026 seu
3684 2984 3799 3064 qua:

2197 3106 2410 3157 cunque
2465 3102 2656 3151 capere
2704 3093 3051 3147 poteramus.
3103 3079 3386 3129 Dicamus
3436 3087 3558 3136 ergo
3605 3077 3712 3132 qua
3751 3056 3802 3107 ab

2207 3185 2327 3246 ipso
2351 3181 2500 3229 dicta
2525 3183 2700 3236 sunt;
2745 3189 2871 3222 nam
2901 3185 3028 3236 quae
3088 3168 3188 3217 ille
3247 3181 3371 3216 non
3417 3162 3569 3220 dixit,
3595 3167 3680 3204 nos
3715 3159 3803 3246 n0."

2207 3234 2499 3322 dudemus.
2551 3234 2785 3316 Tandem
2842 3234 2944 3311 cat.
2977 3259 3054 3314 17,
3087 3272 3140 3307 n.
3173 3257 3238 3307 ιε
3305 3251 3569 3306 Humanis
3615 3234 3806 3293 ratioci-

2208 3357 2536 3411 nationibus
2560 3363 2610 3404 et
2640 3351 2888 3402 inventis
2923 3363 3022 3399 nec
3048 3344 3328 3397 hodierno
3367 3345 3457 3395 die
3483 3345 3687 3390 utemur.
3707 3323 3798 3374 υιί·

2207 3451 2358 3500 nime
2388 3448 2541 3498 enim
2571 3443 2827 3506 expedit:
2874 3441 2968 3490 sed
2996 3439 3342 3489 divinarum
3397 3431 3644 3484 duntaxat
3670 3413 3802 3468 Scri-

2198 3550 2513 3604 pturarum
2543 3533 2848 3586 sententias
2871 3529 3156 3580 memorias
3174 3535 3558 3592 suggeremus,
3575 3517 3658 3566 hoc
3678 3506 3804 3559 enim

2209 3639 2583 3688 tutissimum.
2620 3627 2702 3681 Ex
2733 3624 2826 3680 his
2867 3621 3146 3678 omnibus
3205 3613 3562 3674 testimoniis
3611 3602 3711 3693 irit}
3732 3610 3806 3693 εξ·

2208 3719 2470 3778 cundum
2493 3721 2668 3772 sectae
2701 3731 2822 3770 sua)
2854 3709 3202 3784 przejudicia
3223 3704 3578 3764 concludere
3605 3690 3729 3788 velit
3747 3690 3806 3788 Vi:

2207 3772 2775 3866 deturnadversarius
2803 3821 2815 3858 :
2849 3772 2904 3857 i0
2925 3772 3431 3871 Uhumquemque
3454 3791 3618 3849 ﬁdem
3638 3777 3730 3871 sibi
3747 3772 3802 3829 ab

2205 3898 2470 3955 Ecclesia
2499 3897 2561 3950 in
2601 3909 2718 3965 qua
2750 3897 2925 3948 natus
2957 3895 3048 3944 est
3075 3870 3471 3960 prepositam,
3493 3878 3562 3936 ad
3591 3870 3806 3965 Scriptu-

2205 4005 2408 4047 rarum
2437 4001 2752 4042 censuram
2811 3995 3084 4038 revocare
3114 3977 3379 4045 debere;
3413 3968 3677 4054 omnique
3714 3957 3802 4054 illi:

2203 4095 2382 4136 mana
2411 4074 2762 4133 auctoritate
2819 4069 3102 4142 seposita,
3161 4067 3327 4139 quod
3369 4041 3682 4130 'Scripturis
3717 4041 3804 4100 sibi

2203 4169 2510 4226 conformo
2540 4163 2836 4220 videbitur
2855 4159 3191 4222 admittere,
3218 4155 3380 4230 quod
3411 4143 3802 4208 dissentanellm

2199 4260 2486 4332 rejicere;
2520 4253 2578 4310 2°
2609 4253 2836 4310 nullam
2867 4247 3288 4306 traditionibus
3317 4260 3435 4302 non
3459 4233 3806 4332 scrip-tisicus-

2202 4319 2502 4406 toritatem
2563 4343 2808 4402 concedi
2867 4345 3180 4412 oportere;
3213 4339 3272 4392 3°
3301 4333 3536 4392 tandem
3573 4319 3803 4412 Ecclesia!

441 4472 609 4506 unam
629 4456 763 4520 ﬁdei
779 4454 1092 4504 doctrinam
1106 4451 1410 4516 perﬁciunt
1432 4457 1480 4498 et
1520 4451 1812 4512 complent.
1839 4441 1962 4496 Cat.
1999 4444 2085 4506 11,
2191 4437 2490 4512 judicium
2519 4451 2588 4491 ac
2617 4431 3030 4492 deﬁnitionem
3061 4443 3168 4501 per
3199 4444 3261 4482 se
3288 4443 3356 4482 ac
3375 4437 3479 4480 sua
3505 4405 3802 4520 auctofiiﬂni:

443 4555 504 4595 n.
545 4541 630 4604 12,
663 4553 800 4592 cum
833 4535 1078 4590 dixisset
1107 4532 1179 4587 de
1237 4532 1450 4586 divinas
1480 4531 1882 4602 generationis
1911 4531 2086 4586 modo

445 4628 598 4686 nihil
626 4625 909 4698 Spiritum
944 4628 1212 4679 sanctum
1239 4622 1674 4693 Scripturarum
1699 4626 2002 4676 auctorem
2029 4621 2092 4675 in

444 4719 529 4774 eis
561 4717 805 4780 dixisse,
844 4714 1080 4770 subdit;
1113 4711 1259 4764 Quid
1312 4711 1500 4773 igitur
1547 4725 1768 4771 operose
1819 4709 2092 4772 inquiris,

439 4823 566 4874 qua:
597 4820 774 4872 neque
800 4803 1058 4867 Spiritus
1077 4811 1307 4852 sanctus
1333 4803 1395 4852 in
1412 4802 1732 4864 Scripturis
1760 4802 2094 4851 enarravit?

445 4897 553 4951 Qui
581 4913 646 4947 ea
672 4911 798 4961 quae
826 4895 1043 4958 scripta
1069 4900 1205 4942 sunt
1245 4907 1359 4942 non
1389 4892 1556 4952 nosti,
1589 4907 1703 4941 non
1731 4893 1945 4954 scripta
1965 4906 2095 4955 per-

446 4985 780 5037 cunctarisf
829 4985 940 5033 Cat.
985 4982 1062 5040 l2,
1125 4996 1269 5030 num.
1300 4981 1365 5030 5:
1401 4981 1731 5035 Quaeramus
1787 4981 1950 5042 cujus
2010 4981 2096 5030 rei

445 5074 640 5138 gratia
675 5073 1014 5123 descenderit
1043 5073 1248 5133 Jesus;
1302 5085 1481 5135 neque
1512 5069 1652 5119 meis
1706 5070 2098 5119 ratiocinatio-

445 5164 616 5212 nibus
631 5163 866 5220 attende,
887 5162 1248 5225 sophismatis
1267 5163 1418 5210 enim
1439 5163 1586 5222 forte
1617 5159 1786 5210 illudi
1798 5160 2098 5222 passibile;

445 5267 661 5308 verum,
699 5251 817 5300 nisi
837 5251 1242 5314 prophetarum
1273 5251 1337 5298 de
1365 5265 1426 5298 re
1455 5264 1796 5313 unaquaque
1823 5249 2097 5312 acceperis

445 5342 781 5398 testimonia,
825 5340 914 5414 his
947 5355 1074 5404 quae
1127 5341 1389 5390 dicentur
1443 5354 1513 5389 ne
1547 5339 1716 5389 crede.
1767 5339 1896 5390 Nisi
1955 5347 2006 5388 et
2034 5341 2100 5390 de

459 5429 712 5492 Virgine,
744 5437 794 5478 et
823 5431 887 5478 de
923 5428 1056 5488 loco,
1085 5438 1135 5478 et
1181 5431 1246 5478 de
1275 5437 1534 5492 tempore,
1572 5436 1623 5477 et
1683 5428 1747 5477 de
1775 5430 1932 5478 modo
1961 5430 2100 5480 didi-

449 5521 590 5568 reris
620 5535 688 5568 ex
743 5520 957 5568 divinis
1007 5520 1344 5580 Scripturis,
1377 5535 1446 5568 ne
1498 5519 1745 5582 accipias
1778 5519 1846 5570 ab
1874 5520 2100 5570 homine

449 5609 856 5659 testimonium.
906 5611 1018 5658 Cat.
1081 5609 1262 5657 eadem
1299 5623 1445 5658 nam.
1481 5609 1570 5659 l6:
1637 5611 1790 5660 Num
1839 5611 2101 5661 doctr‘nae

449 5705 661 5750 nostros
688 5699 982 5750 verborum
1013 5705 1322 5749 commenta
1347 5705 1504 5762 sunt,
1536 5707 1586 5750 et
1606 5699 1847 5750 humani
1875 5701 2098 5766 ingenii

2199 4501 2353 4584 nihil
2383 4526 2618 4592 valere;
2680 4521 2782 4579 sed
2817 4526 3062 4576 eatenus
3111 4513 3494 4576 audiendam.
3551 4501 3801 4592 ίῐυδίῗῗῨξ

2127 4593 2170 4658 D
2201 4573 2376 4674 iiobis
2408 4573 3272 4686 Scripthrie-—coniormisesse
3326 4573 3627 4686 videbitur.
3682 4573 3807 4686 Nili—ii

2204 4683 2555 4778 Cyrillianai
2577 4701 2864 4758 doctrinae
2895 4699 2989 4755 his
3019 4695 3290 4753 articulis
3321 4684 3669 4750 contrarium
3705 4683 3807 4726 ma‘

2202 4795 2292 4872 gis
2315 4796 2442 4868 jam
2475 4792 2748 4848 ostendo.
3644 4847 3759 4872 LL,

2278 4844 2841 4954 dilect—ﬁlim
2874 4877 3140 4951 quidem,
3170 4879 3240 4932 ut
3292 4879 3514 4930 taceam
3545 4844 3808 4954 “01381318

2280 4933 2401 4942 η-.
2433 4933 2512 4940 ---
2548 4933 2611 4938 η
2647 4933 2833 4954 rm"
2884 4933 2999 4951 κ
3129 4933 3139 4944 ,
3546 4933 3561 4936 ν
3652 4945 3662 4956 ,

2204 4991 2327 5031 non
2351 4989 2500 5042 esse,
2533 4971 2944 5044 praescriptam
2976 4983 3011 5023 a
3033 4965 3254 5039 Cyrillo
3285 4975 3463 5018 unam
3484 4933 3808 5044 inveniendi:

2203 5035 2680 5129 veritatis'viam,
2710 5035 2841 5133 quas
2874 5057 2931 5113 1ο
2961 5035 3190 5129 magnai
3216 5051 3524 5110 hominum
3562 5035 3698 5112 parti

2207 5153 2540 5225 Scripturas
2571 5125 2769 5224 legere
2798 5146 2888 5204 vel
2917 5163 3040 5219 pra;
3067 5125 3374 5216 imperitia
3399 5134 3484 5191 vel
3512 5143 3624 5225 Ρπίτθ
3653 5125 3804 5225 09(33-

2206 5245 2445 5318 patione
2477 5259 2598 5298 non
2632 5215 2930 5312 vpossunt,
2983 5241 3100 5292 cat.
3152 5215 3207 5296 ἑ,
3239 5247 3400 5290 num.
3457 5226 3538 5318 φο
3569 5215 3802 5318 ίωρθξῗξξ

2205 5293 2345 5390 bilis
2376 5333 2486 5398 sit;
2519 5293 3052 5386 deinldeomnibus
3102 5293 3281 5397 longa
3317 5325 3376 5376 et
3401 5311 3578 5372 ardua
3604 5293 3807 5398 Ρΐοῐξίξξ

2207 5375 2345 5390 ..μην
2376 5375 2486 5398 ....,
2520 5375 2733 5386 ,ηψπ
2778 5375 3050 5384 -------__-
3105 5375 3279 5397 --ηον
3328 5375 3331 5376 ν

2207 5422 2648 5494 Scripturarum
2679 5415 3086 5482 difﬁcultates,
3112 5413 3471 5470 versionum.
3503 5375 3806 5494 lex-Slufﬁf

2207 5475 2602 5583 intei'pretum
2636 5506 3082 5579 comparatione
3115 5493 3511 5560 discutiendas
3533 5503 3562 5583 ;_
3575 5479 3628 5536 3°
3647 5475 3803 5583 δί’-Ἓξ

2205 5564 2386 5658 te“;
2409 5599 2667 5695 οξυίῖκίει
2705 5564 2948 5670 rem
3001 5593 3262 5695 diversas
3286 5564 3803 5695 ,έθηξοξιξξῑὶνηνῖίῗιῖ

2207 5707 2417 5751 omnes
2449 5649 2766 5762 Scriptum;
2787 5649 3176 5744 "auctoritate
3218 5680 3383 5739 fultae
3421 5660 3716 5743 jactentur;
3743 5649 3802 5695 αθ
