4024 6372
192 383 298 448 289

1599 390 2116 456 DISSERTATIO
2158 392 2266 453 III.

3527 395 3648 458 290

197 521 399 594 quibus
422 519 781 577 secundum
803 522 1091 580 Rivetum
1106 542 1173 581 ex
1194 531 1453 583 veterum
1471 528 1881 601 sententiaju-
1907 530 1959 596 Α
1992 534 2231 584 tratum.
2264 528 2387 583 Cat.
2427 528 2513 592 17,
2538 543 2596 583 n.
2632 528 2719 581 35.
2756 548 2783 576 «
2817 526 2874 581 Si
2909 528 3143 584 steteris
3175 528 3237 584 in
3273 530 3409 594 ﬁde,
3435 531 3646 588 beatus

202 614 408 669 dicium
467 612 818 668 instruitur
848 632 862 680 ;
923 616 985 669 4ο
1017 632 1321 687 nunquam
1355 619 1500 675 satis
1557 628 1739 687 certa,
1774 619 1880 675 sed

203 719 420 776 semper
447 718 598 758 cum
633 703 980 760 formidine
1016 708 1370 780 conjuncta;
1402 711 1622 783 quippe
1643 728 1777 766 cum
1811 727 1881 766 ex

211 794 461 851 acumine
483 794 754 866 ingenii,
780 795 1103 869 diligentia
1134 804 1191 852 et
1211 800 1543 857 eruditione
1587 804 1879 873 cujusque

212 880 561 954 dependeat:
592 881 697 936 his
719 882 971 938 omissis
995 884 1127 939 dico
1151 902 1162 939 :
1198 887 1251 939 1ο
1279 886 1460 942 aliam
1492 888 1878 943 catechume-

209 988 402 1027 norum
450 987 616 1042 quos
641 971 985 1045 alloquitur
1020 974 1293 1046 Cyrillus,
1347 976 1526 1032 aliam
1557 977 1881 1048 baptizato-

200 1080 321 1120 rum
351 1063 694 1120 hominum
720 1081 857 1120 esse
881 1066 1176 1121 rationem
1203 1082 1216 1121 ε
1249 1067 1309 1121 hi
1332 1085 1532 1124 coram
1563 1069 1790 1142 angelis
1821 1073 1882 1124 et

190 1153 546 1210 hominibus
605 1155 906 1227 scriptam
966 1156 1030 1211 in
1086 1156 1229 1212 caelo
1262 1158 1397 1228 (cat.
1452 1161 1537 1215 19.
1598 1176 1765 1215 num.
1826 1161 1878 1231 5)

184 1245 326 1300 ﬁdei
360 1244 831 1316 professionem
865 1246 1123 1302 confessi
1155 1254 1326 1303 sunt:
1352 1250 1506 1306 hanc
1536 1250 1612 1306 ad
1660 1267 1877 1306 censu-

174 1351 312 1390 ram
337 1351 522 1390 suam
550 1352 865 1402 revocare,
892 1342 949 1391 et
969 1337 1128 1408 quod
1149 1339 1554 1395 Protestantes
1582 1340 1877 1407 fecerunt,

173 1431 603 1493 commutare,
626 1426 925 1500 fmdifragi
950 1427 1141 1483 scelus
1165 1434 1256 1484 est
1275 1429 1494 1501 Cyrillo
1517 1431 1722 1501 judice
1747 1431 1878 1486 loco

176 1518 391 1572 citato,
421 1516 612 1571 Nullo
638 1517 940 1588 ejusmodi
967 1525 1336 1574 sacramento
1362 1521 1656 1593 obligatos
1679 1522 1780 1592 qui
1803 1520 1878 1576 ad

180 1607 564 1679 religionem
593 1613 873 1662 nostram
891 1606 1271 1674 accedebant,
1296 1615 1363 1665 ut
1379 1610 1736 1666 rationabile
1760 1612 1877 1667 Deo

182 1696 335 1753 ﬁdei
367 1696 777 1768 obsequium,
813 1696 1180 1763 exhiberent,
1210 1705 1335 1754 tum
1358 1717 1391 1755 a
1419 1701 1717 1773 magistris
1748 1707 1877 1757 tum

181 1806 301 1844 suo
316 1789 607 1860 ipsorum
623 1787 825 1843 studio
850 1788 1121 1845 etlabore
1139 1789 1210 1845 de
1224 1791 1574 1847 Christianae
1588 1792 1876 1847 doctrinae

183 1880 447 1933 veritate
471 1876 841 1950 persuaderi
867 1895 1101 1949 aequum
1126 1887 1282 1937 erat:
1318 1882 1379 1935 in
1403 1898 1659 1953 eumque
1694 1883 1875 1937 ﬁnem

195 1968 353 2022 nihil
384 1969 609 2022 utilius
641 1984 679 2022 a
700 1968 1044 2024 doctoribus
1076 1970 1350 2026 Ecclesia)
1382 1972 1684 2044 praescribi
1716 1979 1878 2044 pote-

204 2064 321 2121 rat,
350 2075 535 2130 quam
570 2063 639 2113 ut
685 2059 986 2131 Evangelii
1020 2060 1326 2116 historiam
1383 2079 1518 2118 cum
1550 2065 1879 2135 prophetiis

212 2152 658 2218 compararent.
698 2146 875 2201 Nobis
906 2148 1202 2219 Evangelii
1247 2149 1422 2204 ﬁdem
1456 2150 1516 2205 in
1560 2151 1880 2207 dubitatio-

207 2252 354 2290 nem
379 2236 711 2299 adducere,
741 2234 954 2291 scelus.
991 2236 1281 2305 Secundo,
1318 2244 1489 2293 erant
1534 2245 1600 2293 ut
1635 2238 1760 2311 ipse
1792 2240 1881 2296 fa-

204 2330 372 2380 tetur
398 2325 666 2397 Cyrillus
695 2330 811 2381 cat.
834 2327 887 2389 5,
922 2342 1089 2381 num.
1116 2330 1199 2392 12,
1233 2328 1333 2399 qui
1364 2328 1701 2400 Scripturas
1733 2330 1885 2402 lege.

202 2434 277 2472 re
304 2434 434 2471 non
463 2421 736 2488 possent,
790 2415 1006 2487 quibus
1037 2432 1142 2489 per
1172 2418 1509 2489 symbolum
1556 2419 1884 2496 [CCXLVII]

213 2506 670 2576 Scripturarum
719 2506 1145 2577 compendium
1206 2508 1610 2580 complectens
1666 2509 1741 2565 ab
1772 2512 1884 2567 Ec-

235 2592 436 2647 clesia
466 2592 803 2650 subventum
860 2596 944 2650 ait
969 2611 982 2648 :
1010 2594 1101 2649 his
1134 2611 1270 2668 ergo
1297 2597 1592 2669 praeclusa
1620 2604 1748 2654 erat
1793 2600 1885 2655 in-

245 2684 554 2739 venienda;
592 2702 696 2756 per
724 2702 788 2741 se
846 2686 1111 2742 veritatis
1140 2687 1249 2744 via.
1312 2689 1432 2745 Nisi
1493 2690 1712 2746 dixeris
1740 2692 1885 2748 satis

234 2774 357 2830 illis
386 2775 685 2846 provisum
720 2792 849 2832 esse
880 2792 989 2848 per
1027 2785 1374 2851 argumenta
1404 2797 1474 2835 ex
1506 2780 1822 2852 Scripturis
1854 2797 1887 2838 a

228 2864 578 2920 doctoribus
609 2865 809 2932 allata,
856 2866 1074 2937 quibus
1104 2868 1351 2940 singula:
1381 2876 1581 2941 partes
1631 2871 1886 2943 symboli

229 2954 663 3028 probabantur.
680 2958 753 3010 At
766 2956 957 3028 primo
978 2958 1402 3030 Hierosolymis
1416 2961 1721 3032 proprium
1739 2968 1886 3032 erat,

237 3052 299 3100 ut
326 3044 587 3116 symboli
622 3044 893 3101 doctrina
913 3046 1160 3102 diversis
1193 3049 1604 3106 catechesibus
1626 3068 1734 3123 per
1764 3053 1891 3108 sin-

233 3135 399 3207 gulas
432 3140 638 3206 partes
694 3140 962 3191 accurate
990 3135 1534 3194 demonstraretur:
1596 3141 1735 3195 alibi
1771 3159 1889 3198 uno

236 3231 467 3281 tantum
501 3230 609 3280 aut
631 3224 816 3280 altero
848 3242 1142 3296 sermone,
1178 3227 1339 3283 nuda
1368 3228 1711 3301 dogmatum
1759 3231 1889 3288 sine

1990 642 2018 669 «
2045 638 2144 686 es;
2180 620 2228 674 si
2262 635 2329 674 ex
2362 618 2716 673 inﬁdelitate
2748 619 3061 682 cecideris,
3088 621 3216 692 jam
3273 621 3346 676 ab
3381 622 3490 677 hoc
3549 624 3645 679 die

1990 729 2019 756 «
2050 707 2468 763 inﬁdelitatem
2502 706 2717 778 abjice,
2753 712 2812 762 et
2836 707 3070 762 ﬁrm'am
3100 708 3278 764 indue
3307 712 3647 780 persuasio-

1992 819 2019 849 ‹‹
2053 814 2214 852 nem.
2245 819 2272 847 »
2301 796 2624 852 Restabant
2656 803 2852 852 tamen
2886 797 3176 869 probandi
3211 805 3328 853 tres
3375 800 3645 855 articuli-

1990 887 2265 958 symboli.
2300 887 2499 942 Fidem
2561 887 2838 942 omnibus
2872 887 3018 942 locis
3061 904 3310 960 eamque
3369 890 3643 945 intimam

1989 977 2361 1032 auditoribus
2410 976 2809 1033 commendat.
2847 977 2972 1031 Vid.
3035 984 3256 1049 procat.
3309 997 3368 1035 n.
3401 981 3433 1033 8
3467 985 3525 1034 et
3559 984 3645 1036 17.

1990 1069 2111 1123 Cat.
2147 1070 2198 1135 1,
2232 1085 2295 1133 n,
2328 1070 2378 1134 1,
2412 1067 2497 1122 ait
2526 1090 2551 1115 ‹‹
2589 1083 2687 1121 eos
2721 1065 2858 1121 ﬁdei
2893 1066 3198 1138 lampades
3217 1086 3409 1141 nuper
3439 1086 3650 1126 accen-

1989 1179 2018 1209 «
2051 1156 2233 1225 disse,
2269 1178 2296 1206 »
2329 1156 2719 1227 hortaturque
2754 1162 2817 1210 ut
2841 1157 3226 1213 inexstinctas
3257 1165 3650 1231 conservent;

1988 1263 2151 1302 num.
2188 1249 2240 1313 2,
2276 1246 2568 1311 hortatur,
2593 1251 2659 1300 ut
2686 1265 2714 1295 ‹‹
2746 1246 3139 1302 arrhabonem
3169 1248 3421 1319 Spiritus
3456 1247 3646 1304 sancti

1988 1359 2016 1387 ‹‹
2047 1335 2361 1407 acquirant
2389 1353 2496 1408 per
2530 1336 2728 1391 ﬁdem.
2760 1358 2786 1385 »
2838 1337 2958 1392 Cat.
2994 1340 3046 1402 2,
3078 1354 3137 1391 η.
3173 1340 3225 1404 3,
3261 1338 3545 1410 supponit
3576 1339 3644 1394 ﬁ-

1987 1425 2124 1482 dem
2174 1427 2234 1481 in
2266 1426 2482 1481 animis
2539 1426 2877 1482 auditorum
2909 1427 3245 1495 formatam,
3307 1428 3412 1483 sed
3438 1445 3643 1484 cavere

1978 1515 2153 1588 jubet
2182 1533 2258 1571 ne
2288 1515 2433 1586 quid
2464 1514 2784 1575 admittant
2821 1516 3044 1583 animo,
3075 1516 3232 1587 quod
3262 1518 3426 1586 ﬁdem
3476 1518 3643 1575 illam

1987 1604 2304 1660 discindat.
2340 1604 2658 1659 Multarum
2702 1621 2903 1659 rerum
2948 1610 3084 1659 ante
3119 1604 3502 1677 probationes
3535 1606 3645 1661 ad-

1986 1693 2289 1750 ducendas
2321 1694 2501 1766 exigit
2558 1693 2757 1749 ﬁdem.
2790 1695 2983 1766 Exigit
3014 1700 3235 1766 procat.
3290 1712 3350 1749 n.
3382 1696 3413 1749 8
3446 1695 3518 1750 de
3547 1695 3646 1751 ob-

1987 1783 2235 1839 tinenda
2266 1801 2372 1856 per
2404 1785 2697 1839 sinceram
2729 1784 3100 1839 voluntatem
3128 1801 3194 1839 ac
3229 1784 3407 1839 ﬁdem
3440 1787 3647 1841 remis-

1991 1874 2156 1929 sione
2188 1880 2605 1945 peccatorum;
2641 1880 2699 1929 et
2726 1880 2848 1929 tota
2878 1874 2938 1929 in
2973 1875 3083 1929 hoc
3133 1883 3481 1945 argumento
3514 1893 3642 1930 ver-

1990 1970 2155 2019 satur
2184 1964 2393 2027 oratio,
2430 1969 2494 2018 ut
2519 1949 2972 2018 'simulationem
3007 1963 3311 2035 deponant
3352 1982 3419 2021 ac
3449 1965 3646 2021 since-

1986 2070 2115 2109 ram
2139 2054 2315 2109 ﬁdem
2340 2053 2720 2124 concipiant;
2748 2054 2929 2126 exigit
2957 2060 3067 2110 cat.
3104 2058 3136 2108 2
3161 2061 3298 2119 tota,
3335 2056 3404 2111 de
3450 2057 3645 2127 possi-

1988 2144 2093 2199 bili
2127 2160 2232 2215 per
2263 2144 2672 2215 paenitentiam
2697 2144 3072 2214 reparatione
3112 2146 3474 2216 peccatoris;
3517 2146 3649 2201 exi-

1988 2234 2071 2308 git
2100 2240 2212 2290 cat.
2233 2236 2285 2300 2,
2319 2233 2391 2289 de
2423 2234 2607 2289 sancti
2635 2233 2887 2304 Spiritus
2911 2233 2973 2287 in
2995 2234 3166 2305 aquis
3188 2234 3645 2306 baptismalibus

1988 2323 2326 2398 praesentia.
2357 2323 2477 2378 Cat.
2511 2324 2543 2376 4
2566 2323 2831 2395 singulos
2857 2339 3007 2394 pene
3030 2323 3315 2379 articulos
3337 2341 3486 2395 quos
3509 2341 3643 2396 pro-

1990 2416 2159 2488 ponit
2198 2414 2414 2481 solum,
2460 2413 2603 2467 olim
2649 2430 2766 2468 ase
2806 2412 3326 2477 dcmonstrandos,
3366 2415 3577 2487 incipit
3617 2432 3653 2472 a

1991 2505 2167 2561 verbo
2200 2506 2407 2572 Crede;
2441 2520 2697 2574 cumque
2739 2503 3042 2559 Trinitatis
3065 2503 3400 2560 doctrinam
3451 2505 3655 2561 absol—

1992 2596 2159 2659 verit,
2186 2594 2449 2667 subjicit,
2489 2616 2511 2645 ι
2540 2593 2659 2649 Hoc
2688 2594 3060 2667 signaculum
3095 2595 3157 2649 in
3183 2601 3384 2651 mente
3419 2612 3659 2668 semper

1995 2709 2023 2737 «
2056 2685 2294 2742 habeto.
2327 2707 2357 2737 »
2393 2685 2518 2739 Non
2551 2701 2688 2756 ergo
2721 2683 2958 2739 volebat
2987 2690 3053 2739 ut
3086 2684 3292 2740 tandiu
3326 2702 3652 2757 suspensus

1995 2778 2281 2851 penderet
2310 2794 2611 2847 assensus,
2640 2777 2830 2832 donec
2859 2777 3116 2833 adducta
3146 2778 3401 2834 fuissent
3429 2796 3645 2851 propo-

1995 2869 2122 2924 sitae
2146 2867 2499 2939 simpliciter
2521 2873 2579 2922 et
2600 2866 2866 2922 nondum
2890 2867 3152 2939 probatae
3172 2867 3457 2923 doctrinae
3480 2886 3653 2942 argu-

1996 2957 2385 3013 menta.ldcm
2399 2956 2470 3011 de
2484 2956 2753 3028 symbolo
2768 2957 3039 3028 praecipit
3055 2962 3164 3013 cat.
3190 2959 3308 3023 5,n.
3334 2960 3416 3011 i2:
3445 2983 3471 3006 ι(
3491 2958 3651 3013 Hanc

2005 3066 2029 3096 α
2061 3045 2240 3100 ﬁdem
2271 3050 2557 3116 tanquam
2589 3044 3240 3117 viaticumiCCXLVllI]
3274 3051 3395 3101 toto
3431 3052 3656 3118 tempo-

1998 3158 2025 3187 ‹‹
2060 3152 2123 3191 re
2146 3135 2364 3192 habere
2385 3135 2590 3208 jubeo,
2616 3141 2675 3191 et
2691 3141 2907 3208 praeter
2935 3153 3065 3192 eam
3082 3136 3311 3192 nullam
3326 3137 3505 3193 aliam
3529 3154 3654 3194 am-

1998 3249 2025 3277 ‹‹
2058 3227 2215 3299 plius
2275 3228 2601 3299 suscipere,
2634 3243 2829 3299 neque
2863 3228 3095 3284 etiamsi
3150 3245 3259 3284 nos
3299 3230 3413 3301 ipsi
3444 3229 3657 3284 mutati

236 3315 610 3385 argumentis
648 3315 1032 3386 expositione,
1058 3316 1308 3387 symboli
1338 3318 1575 3374 traditio
1619 3320 1888 3377 absolve-
1918 3293 1961 3359 θ
2005 3338 2026 3368 ι
2063 3317 2154 3372 his
2187 3334 2318 3388 quae
2367 3334 2527 3372 nunc
2557 3317 2840 3373 docemus
2888 3318 3188 3374 contraria
3234 3318 3652 3390 loqueremur;

233 3401 429 3458 batur.
447 3402 676 3457 Deinde
698 3402 917 3458 satisne
950 3404 1259 3475 prudentis
1281 3406 1386 3461 viri
1405 3406 1501 3475 sit,
1533 3408 1754 3464 auditis
1784 3410 1893 3465 do-

236 3493 610 3565 ctorisalicuj
622 3509 688 3547 us
710 3494 1282 3566 argumentis,etiam
1297 3497 1553 3552 maxime
1573 3498 1893 3571 probabili-

234 3582 369 3651 bus,
392 3582 566 3638 nullo
609 3582 725 3637 alio
747 3583 1019 3638 examine
1045 3583 1220 3639 ﬁdem
1246 3585 1530 3643 adhibere
1546 3587 1574 3644 ?
1592 3605 1727 3644 cum
1750 3607 1896 3661 prai—

240 3673 447 3728 sertim
482 3671 555 3726 de
590 3671 722 3726 rudi
755 3678 815 3728 et
837 3672 1145 3729 illitterato
1176 3680 1382 3746 agatur
1412 3678 1504 3731 cui
1540 3678 1696 3734 leves
1719 3696 1895 3752 argu-

241 3762 642 3817 mentationes
658 3762 890 3833 possint
909 3762 1082 3818 facile
1108 3763 1311 3819 fucum
1344 3765 1559 3821 facere.
1585 3768 1801 3832 Tertio,
1833 3773 1895 3825 at

251 3868 430 3923 neque
451 3852 903 3908 catechumenis
926 3851 998 3908 de
1021 3854 1339 3925 propositae
1358 3856 1471 3910 sibi
1493 3856 1780 3914 doctrinae
1802 3875 1893 3914 ve-

240 3943 432 4007 ritate,
464 3947 605 3997 ante
636 3941 918 3998 adductas
948 3942 1317 4015 singularum
1351 3944 1891 4005 demonstrationes

237 4031 511 4088 dubitare
544 4031 853 4103 permittit.
882 4031 944 4086 ld
975 4039 1136 4104 patet
1158 4033 1210 4089 1°
1234 4050 1306 4089 ex
1336 4035 1445 4090 hac
1477 4035 1701 4094 diserta
1727 4055 1889 4095 asse-

234 4122 541 4177 veratione
572 4127 681 4177 cat.
718 4124 802 4187 13,
837 4139 896 4177 n.
931 4125 1002 4176 9:
1030 4145 1058 4172 «
1089 4123 1489 4182 Convenimus
1525 4144 1645 4183 non
1675 4135 1742 4184 ut
1779 4147 1888 4202 pu-

231 4235 260 4264 α
294 4229 358 4267 re
384 4212 937 4283 contemplatricem
969 4213 1405 4284 Scripturarum
1452 4218 1889 4290 expositionem

235 4325 263 4354 α
294 4302 634 4357 efficiamus
665 4318 844 4368 nunc,
879 4302 982 4357 sed
1015 4308 1080 4358 ut
1102 4304 1299 4375 potius
1330 4303 1402 4360 de
1429 4306 1522 4362 his
1554 4325 1669 4380 que
1699 4309 1891 4365 credi-

232 4415 262 4445 α
293 4394 499 4450 dimus
525 4393 700 4448 certis
749 4392 1121 4448 documentis
1169 4395 1612 4453 convincamur.
1648 4420 1676 4449 »
1722 4399 1894 4456 Fide-

230 4483 382 4539 lium
414 4498 641 4538 nomen
696 4481 1025 4555 gestabant,
1057 4500 1178 4538 non
1210 4484 1284 4539 ad
1345 4485 1582 4542 titulum
1644 4493 1704 4544 et
1732 4506 1896 4561 pom-

238 4589 396 4644 pam,
430 4571 538 4627 sed
569 4578 633 4626 ut
662 4588 870 4626 revera
897 4572 1181 4644 mysteria
1212 4579 1417 4630 nostra
1442 4582 1602 4632 certo
1642 4594 1892 4636 assensu

2001 3426 2030 3460 α
2059 3424 2253 3479 neque
2285 3408 2519 3463 etiamsi
2550 3409 2797 3481 angelus
2827 3408 3447 3465 adversaiiusinlucis
3474 3427 3651 3483 ange-

1997 3523 2025 3551 ‹‹
2061 3500 2186 3555 lum
2210 3501 2665 3573 transﬁguratus
2699 3500 2760 3555 in
2791 3516 3057 3556 errorem
3091 3506 3145 3556 te
3176 3502 3354 3556 vellet
3393 3502 3654 3559 abduce-

1998 3612 2028 3640 ‹‹
2063 3607 2144 3645 re.
2182 3613 2209 3641 »
2244 3589 2516 3646 Nondum
2540 3590 2794 3661 symboli
2825 3590 3160 3646 doctrinam
3194 3608 3263 3646 ex
3285 3593 3653 3665 argumentis

1997 3685 2373 3737 asseruerat:
2408 3681 2562 3735 hanc
2594 3684 2794 3735 tamen
2836 3680 2965 3751 jam
2999 3686 3123 3736 tum
3155 3687 3315 3737 certo
3348 3688 3407 3736 et
3434 3683 3655 3738 immu-

1998 3773 2166 3828 tabili
2198 3790 2450 3829 assensu
2480 3772 2666 3843 recipi
2702 3772 2893 3843 jubet.
2938 3774 3201 3828 Tandem
3250 3780 3656 3830 sacramento-

1996 3880 2131 3918 rum
2158 3863 2421 3919 veritatis
2447 3863 2843 3918 assertionem
2876 3860 3108 3917 dislulit
3138 3867 3270 3934 post
3303 3865 3547 3929 Pascha,
3595 3868 3657 3919 et

2000 3952 2206 4007 eadem
2239 3968 2273 4007 a
2320 3951 2638 4023 neophytis
2686 3956 2959 4022 recepta:
2995 3967 3070 4006 an
3103 3951 3323 4006 idcirco
3356 3952 3539 4007 voluit
3585 3956 3654 4007 ut

1997 4041 2073 4097 ad
2103 4042 2521 4097 eucharistiam
2576 4040 2737 4096 verbi
2768 4041 2958 4114 gratia
2996 4040 3160 4096 dubii
3193 4047 3253 4097 et
3306 4042 3654 4099 haesitantes

1997 4131 2069 4187 de
2091 4132 2336 4187 veritate
2359 4131 2625 4203 corporis
2647 4131 2860 4186 Christi
2877 4131 2989 4186 sibi
3015 4131 3134 4187 dati
3158 4131 3531 4201 accederent,
3549 4133 3659 4188 do-

1998 4239 2109 4279 nec
2141 4222 2203 4276 in
2233 4222 2531 4278 catechesi
2574 4222 2705 4294 ejus
2734 4222 2817 4276 rei
2853 4238 2923 4276 ex
2955 4222 3275 4294 Scripturis
3325 4222 3473 4278 fides
3502 4223 3659 4279 facta

1999 4312 2203 4368 esset?
2233 4328 2433 4367 nonne
2479 4311 2833 4382 imperando
2878 4312 3332 4381 responsionem
3362 4313 3551 4382 Amen,
3584 4310 3658 4367 ad

1998 4401 2319 4457 formulam
2364 4399 2827 4467 communionis,
2865 4401 3071 4471 Corpus
3102 4400 3331 4469 Christi,
3384 4401 3661 4474 exigeba-

2000 4495 2098 4544 tur
2126 4494 2289 4544 certa
2321 4488 2450 4560 ejus
2483 4488 2568 4543 rei
2620 4488 2788 4543 ﬁdes.
2825 4489 2925 4543 llis
2955 4489 3324 4561 argumentis
3379 4490 3662 4545 demons-

2001 4581 2222 4632 tratum
2257 4582 2420 4648 puto,
2455 4592 2590 4631 cum
2624 4576 2880 4647 Cyrillus
2913 4576 3027 4631 sibi
3058 4577 3352 4648 permittit
3380 4594 3502 4632 non
3532 4594 3661 4633 cre-

247 4664 573 4720 crederent.
626 4666 857 4720 Procat.
884 4682 939 4719 n.
970 4668 1001 4719 6
1030 4682 1043 4720 :
1078 4686 1101 4716 α
1138 4666 1491 4723 Miserabilis
1545 4670 1726 4726 homo
1758 4689 1894 4728 cum
1928 4673 1976 4739 Β
2006 4666 2089 4737 di,
2123 4666 2236 4722 nisi
2270 4672 2431 4722 certa
2468 4682 2539 4721 ex
2573 4666 2891 4737 Scripturis
2926 4665 3269 4739 dogmatum
3301 4666 3664 4723 documenta

238 4776 270 4805 α
301 4756 398 4824 sis,
436 4757 542 4812 Dei
593 4772 921 4829 cognomen
957 4780 983 4807 ι»
1024 4757 1110 4827 (in
1157 4758 1561 4830 appellatione
1612 4784 1640 4812 «
1676 4762 1893 4836 ﬁdelis)

225 4868 256 4897 α
284 4847 550 4918 accipis;
579 4846 685 4902 sed
715 4864 849 4903 cave
874 4863 947 4902 ne
978 4847 1447 4919 appellationem
1483 4850 1700 4918 ﬁdelis,
1751 4852 1891 4908 inﬁ-

227 4960 255 4989 ‹‹
290 4936 447 4992 delis
480 4953 615 4991 vero
640 4938 1003 5007 propositum
1023 4954 1213 5011 geras.
1254 4959 1280 4986 »
1311 4939 1434 4994 Cat.
1462 4943 1514 5006 5,
1540 4958 1600 4995 n.
1634 4944 1706 4995 2:
1740 4965 1766 4992 «
1797 4943 1898 4999 [lic

229 5050 259 5076 ι(
282 5027 418 5099 jam
450 5026 741 5096 quaeritur
771 5033 834 5080 ut
867 5026 1058 5081 ﬁdelis
1093 5028 1226 5099 quis
1254 5029 1587 5085 secundum
1622 5031 1895 5089 intimam

230 5138 259 5163 κ
292 5115 726 5172 conscientiam
771 5116 1172 5187 reperiatur...
1213 5124 1275 5172 ut
1309 5122 1422 5174 Deo
1456 5119 1593 5175 ﬁdei
1645 5122 1895 5178 sinceri-

236 5226 259 5256 ι
295 5213 483 5261 tatem
508 5206 809 5272 ostendas,
828 5206 927 5276 qui
957 5212 1254 5262 scrutatur
1276 5226 1450 5264 renes
1483 5210 1732 5266 etcorda
1751 5210 1800 5246 3°
1823 5234 1839 5280 ;
1862 5234 1891 5265 ιι

233 5302 289 5351 et
318 5312 491 5351 num.
525 5298 555 5350 9
583 5313 598 5350 :
663 5318 683 5347 ι
722 5296 778 5350 Si
812 5296 1038 5350 nullius
1071 5302 1174 5353 aut
1207 5298 1456 5353 modicae
1511 5299 1697 5357 fueris
1731 5301 1890 5373 ﬁdei,

232 5409 260 5437 α
289 5386 590 5458 benignus
624 5392 716 5442 est
748 5386 1055 5449 Dominus,
1087 5403 1337 5458 seseque
1369 5388 1444 5443 ad
1503 5394 1559 5444 te
1588 5391 1891 5462 pmniten—

236 5498 263 5527 α
295 5483 418 5532 tem
450 5478 745 5549 propitius
765 5475 1041 5531 demittit.
1072 5477 1174 5531 Dic
1209 5483 1441 5533 tantum
1464 5483 1523 5534 et
1547 5484 1607 5535 tu
1632 5481 1891 5554 ingenue

229 5587 257 5616 α
291 5572 355 5623 et
386 5583 455 5622 ex
503 5568 733 5630 animo,
771 5585 793 5613 ι
831 5563 1040 5620 Credo.
1072 5566 1342 5636 Domine,
1400 5567 1614 5640 adjuva
1640 5570 1896 5627 inﬁdeli-

231 5681 261 5711 α
287 5665 467 5718 tatem
494 5678 693 5719 meam
718 5658 787 5714 ‘0.
818 5680 848 5709 »
893 5658 1047 5726 Haec,
1080 5664 1219 5716 ante
1264 5660 1634 5733 propositum
1666 5664 1891 5721 solum-

232 5751 405 5809 modo
437 5750 812 5828 symbolum,
865 5746 1091 5805 nodum
1146 5748 1465 5824 probatum
1510 5768 1578 5810 ac
1608 5752 1891 5814 demons-

296 5870 341 5907 ⁸⁹
364 5872 520 5933 Psal.
557 5888 657 5931 vn.
694 5868 790 5928 18.
867 5865 913 5903 ⁴⁰
942 5866 1117 5927 Marc.
1151 5885 1229 5941 ix,
1260 5870 1350 5929 23.

2005 4756 2341 4829 protulerit,
2377 4755 2503 4811 haec
2530 4755 2601 4810 de
2634 4755 3055 4828 suspendendo
3088 4757 3294 4811 tandiu
3317 4757 3659 4812 auditorum

2008 4864 2257 4903 assensu
2285 4846 2652 4909 nullatenus,
2687 4845 2790 4901 sed
2821 4845 2893 4900 de
2925 4851 3215 4917 concepta
3249 4851 3478 4900 tantum
3517 4862 3661 4901 cau-

2009 4954 2088 4992 sae
2121 4952 2299 5008 quam
2357 4936 2569 5009 agebat
2599 4935 2817 4990 ﬁducia
2858 4934 3114 5007 intelligi
3171 4940 3466 5006 oportere.
3497 4936 3665 4991 Nunc

2006 5025 2381 5099 probandum
2439 5026 2512 5081 ab
2544 5042 2612 5081 eo
2642 5024 2991 5081 traditiones
3049 5041 3159 5080 nos
3200 5023 3451 5096 scriptas
3506 5025 3665 5084 haud

2008 5117 2196 5190 magis
2228 5116 2400 5172 lapsas
2433 5132 2584 5172 esse.

2079 5297 2202 5351 103.
2237 5294 2447 5351 Nullus
2492 5298 2584 5349 est
2634 5295 2873 5348 Patrum
2906 5292 3005 5364 qui
3059 5291 3263 5365 plures
3321 5293 3664 5369 allegaverit

2003 5384 2358 5440 traditiones
2388 5400 2510 5438 non
2548 5382 2820 5454 scriptas,
2854 5398 2921 5437 ac
2970 5382 3041 5437 de
3074 5399 3280 5438 earum
3313 5385 3364 5439 vi
3395 5385 3662 5442 crebrius

2006 5474 2309 5530 efﬁcacius
2341 5472 2574 5528 locutus
2617 5471 2695 5527 sit
2738 5488 2917 5544 quam
2966 5472 3222 5545 Cyrillus
3269 5480 3494 5531 noster.
3545 5477 3664 5532 Ma-

2002 5565 2218 5637 gniﬁce
2249 5563 2473 5635 passim
2495 5560 2736 5617 disserit
2767 5562 2837 5616 de
2866 5562 2922 5617 vi
2955 5568 3013 5618 et
3040 5563 3298 5619 utilitate
3330 5565 3484 5637 signi
3518 5582 3663 5621 cru-

2001 5655 2087 5711 cis
2118 5660 2231 5710 cat.
2264 5655 2317 5722 4,
2352 5668 2413 5707 n.
2449 5653 2536 5718 14,
2570 5656 2681 5707 cat.
2734 5654 2819 5717 13,
2850 5669 2912 5707 n.
2946 5653 3051 5719 36;
3086 5652 3159 5708 de
3192 5654 3661 5711 exorcismorum

2000 5750 2063 5805 et
2097 5743 2576 5809 insufﬂationum
2620 5742 2859 5814 virtute,
2883 5746 3109 5818 procat.
3142 5759 3204 5802 n.
3237 5745 3268 5800 9
3293 5761 3310 5815 ;
3337 5743 3456 5800 olei
3487 5759 3662 5800 exor-
