4024 6366
438 409 553 470 291

1205 386 1307 458 DE
1350 390 1746 457 DOCTRINA
1791 393 1854 452 S.
1901 389 2243 451 CYRILLl.
2289 423 2364 434 -
2409 388 2929 454 DISSERTATIO
2972 391 3076 454 III.

3753 395 3856 456 292

439 541 611 599 cizati
645 536 931 594 efﬁcacia.
957 539 1069 591 cat.
1103 537 1191 600 20,
1227 549 1286 587 ιι.
1316 531 1389 597 2;
1426 529 1696 598 sacrique
1722 523 2085 588 chrismatis,
2121 530 2170 591 Α
2206 523 2564 579 testimoniis
2616 526 2832 596 citatis,
2891 527 3220 598 prmsertim
3259 531 3314 596 1,
3351 530 3410 594 2,
3447 529 3503 594 4,
3541 529 3597 594 5,
3631 528 3682 581 8.
3727 529 3856 583 Gra-

439 639 551 689 cat.
589 634 676 696 21,
713 645 772 682 ιι.
809 629 878 696 3;
910 626 980 680 de
1027 625 1076 678 vi
1109 621 1592 678 benedictionum
1653 613 2086 672 ecclesiastica-

436 739 573 778 rum
597 721 657 774 in
685 713 1086 773 consecranda
1110 729 1264 783 aqua
1294 708 1655 781 baptismali,
1683 713 1796 761 cat.
1831 708 1882 768 3,
1917 721 1975 757 ιι.
2012 703 2083 769 3;

441 811 573 866 oleo
605 807 953 864 exorcizato.
987 820 1152 859 sacro
1187 801 1532 856 chrismate.
1581 796 1776 852 citatis
1809 793 1994 858 locis;
2029 796 2089 846 et

443 918 610 956 sacra
645 895 1021 953 eucharistia.
1054 899 1166 947 cat.
1205 895 1288 950 19.
1323 907 1382 945 n.
1417 893 1469 949 ‘l.
1500 894 1612 943 cat.
1649 889 1734 949 2t,
1788 903 1846 939 ιι.
1884 886 1936 950 3,
1970 887 2082 936 cat.

440 994 529 1053 23,
557 1006 614 1046 ιι.
641 993 691 1042 7.
715 986 937 1052 Quibus
953 1001 1020 1038 ex
1043 981 1359 1052 Scripturis
1379 980 1502 1032 haec
1525 977 2085 1042 habemusaccepta,

435 1088 535 1136 aut
567 1093 838 1150 quasnam
874 1091 1075 1129 earum
1102 1070 1439 1126 testimonia
1473 1069 1531 1122 in
1556 1065 1964 1138 probationem
1988 1077 2088 1116 ea-

431 1187 562 1226 rum
596 1183 796 1224 rerum
829 1164 1123 1221 adducere
1157 1159 1368 1230 satagit
1393 1157 1645 1229 Cyrillus
1669 1155 1698 1210 ‘I
1732 1155 1891 1208 Idem
1925 1151 2083 1206 dica-

430 1277 562 1315 mus
596 1258 666 1312 de
701 1258 925 1312 honore
955 1253 1116 1324 ligno
1152 1249 1473 1305 Dominiczu
1496 1245 1690 1300 crucis
1740 1242 2024 1308 exhibito,
2053 1255 2088 1296 a

437 1348 715 1404 ﬁdelibus
743 1343 1064 1418 particulas
1096 1341 1224 1411 ejus
1256 1338 1473 1394 habere
1506 1333 1905 1407 cupientibus,
1939 1347 2085 1402 quo-

433 1456 567 1493 rum
601 1437 780 1492 ﬁdem
829 1431 1031 1488 laudat
1079 1428 1334 1502 Cyrillus
1365 1431 1478 1481 cat.
1516 1428 1603 1490 10,
1653 1440 1711 1478 ιι.
1750 1425 1835 1489 19,
1885 1426 1997 1476 cat.
2030 1420 2084 1487 4,

434 1545 494 1584 ιι.
532 1531 617 1591 10,
672 1531 780 1581 cat.
821 1525 906 1587 13,
969 1539 1029 1576 ιι.
1056 1522 1108 1584 4,
1158 1524 1215 1574 et
1244 1517 1314 1572 de
1346 1514 1678 1571 reverentia
1734 1517 1939 1567 sancto
1974 1510 2085 1564 Do-

437 1614 586 1670 mini
619 1613 1034 1674 monumento,
1083 1605 1270 1661 monti
1304 1602 1626 1675 Golgothm,
1685 1600 1938 1670 aliisque
1971 1598 2084 1651 Do-

436 1705 582 1762 mini
608 1701 1013 1760 monumentis
1038 1689 1337 1770 impensa;
1362 1713 1494 1766 qum
1511 1709 1814 1764 nunquam
1833 1689 2088 1762 Cyrillus

440 1795 570 1851 sine
623 1791 970 1866 praefatione
1025 1786 1270 1842 honoris
1301 1784 1580 1856 appellat,
1609 1788 1667 1836 et
1693 1781 1879 1835 titulis
1910 1779 2085 1851 ἅγιος,

2190 613 2446 670 vissimze
2477 617 2762 687 Cyrillum
2810 624 2876 673 ut
2931 619 3011 673 ita
3042 625 3101 673 et
3155 619 3526 690 loqueretur
3583 623 3644 672 et
3679 625 3860 688 ageret

2193 704 2580 774 impellebant
2602 724 2822 762 causa):
2852 709 3040 780 prima
3055 715 3162 764 est.
3181 708 3635 780 persuadendzn
3660 716 3716 762 et
3735 709 3851 763 efﬁ-

2191 794 2411 847 caciter
2441 795 2922 852 demonstranda:
2972 798 3278 869 religionis
3331 804 3568 853 nostras
3610 799 3856 855 veritatis

2189 885 2533 951 necessitas;
2559 903 2689 957 quae
2713 888 3540 960 prophetarumjauctoritate
3573 887 3757 942 multo
3783 889 3853 944 si-

2191 973 2593 1044 gniticantius,
2621 993 2796 1047 quam
2825 977 3105 1032 humanis
3129 977 3718 1032 ratiocinationibus
3735 995 3856 1033 cou-

2194 1065 2476 1120 stituitur.
2539 1067 2663 1123 Vid.
2698 1075 2812 1125 cat.
2848 1072 2933 1137 13,
2967 1086 3026 1124 ιι.
3059 1072 3110 1134 8,
3147 1075 3205 1124 et
3231 1069 3451 1124 Homil.
3477 1071 3542 1123 in
3571 1070 3848 1139 paralytic.

2193 1170 2251 1208 ιι.
2278 1158 2308 1208 9
2333 1156 2606 1211 Secunda
2636 1164 2782 1222 erat,
2817 1165 2882 1213 ut
2911 1158 3212 1213 auditores
3233 1175 3383 1214 suos
3423 1157 3720 1213 adversus
3749 1158 3852 1212 hm-

2190 1245 2512 1300 reticorum
2544 1247 2951 1303 cavillationes
2985 1248 3263 1303 muniret.
3309 1247 3731 1303 Valentiniani
3760 1249 3848 1319 Py-

2191 1333 2962 1408 thagoricmPlatonicmque
2982 1337 3384 1409 philosophias
3411 1337 3718 1409 principia
3737 1353 3844 1392 cum

2189 1423 2474 1478 Judaismi
2503 1429 2562 1479 et
2590 1425 3026 1482 Chrsitianismi
3057 1426 3399 1482 seminibus
3440 1426 3836 1494 admiscentes,

2191 1510 2470 1567 insanum
2529 1514 2810 1571 humanis
2870 1516 3198 1571 ratiociniis
3246 1515 3556 1570 doctrinas
3609 1521 3842 1586 systema

2193 1603 2568 1666 efﬁnxerant.
2600 1622 2716 1676 quo
2764 1605 3015 1660 rudibus
3046 1611 3105 1662 et
3163 1605 3475 1677 imperitis
3519 1604 3840 1660 illuderent.

2193 1693 2498 1749 Manichaai
2532 1710 2769 1766 quoque
2802 1712 2910 1750 sua
2939 1695 3010 1750 de
3046 1695 3312 1750 tenebris
3343 1711 3684 1766 earumque
3708 1693 3842 1764 prin-

2193 1782 2424 1853 cipibus
2482 1785 2715 1838 somnia
2765 1790 2927 1840 tanta
2974 1784 3292 1839 verborum
3359 1801 3588 1856 pompa
3643 1783 3841 1838 adorna

441 1881 707 1957 πανάγιος
735 1881 995 1936 decorat.
1033 1877 1194 1932 Idem
1229 1875 1300 1930 de
1332 1874 1384 1928 vi
1435 1879 1775 1928 sanctarum
1804 1868 2086 1940 reliquia-
2121 1897 2167 1962 Β
2196 1871 3028 1946 bant,utspretaveteriquam
3043 1873 3838 1943 calumniabanturScriptu-

439 1991 573 2028 rum
607 1972 873 2042 disputat
921 1965 1329 2039 copiosissime
1361 1970 1421 2018 et
1474 1961 1816 2035 gravissime
1847 1964 1960 2014 cat.
1998 1959 2084 2025 18,

440 2081 500 2128 ιι,
530 2065 592 2117 16
618 2081 631 2128 ;
658 2061 728 2116 de
751 2059 1006 2116 utilitate
1039 2054 1302 2127 suffragii
1335 2059 1674 2108 sanctorum
1701 2049 1923 2105 nostris
1954 2063 2084 2120 pre-

437 2153 605 2209 cibus
627 2153 688 2206 in
712 2147 989 2206 sacrificii
1021 2145 1324 2202 oblatione
1357 2141 1646 2214 adjuncti,
1670 2145 1781 2196 cat.
1810 2141 1902 2206 23,
1937 2155 1996 2193 ιι.
2030 2140 2085 2206 9,

437 2248 496 2298 et
525 2239 804 2296 sacriﬁcii
836 2255 942 2310 pro
980 2235 1272 2290 levamine
1304 2239 1674 2288 mortuorum
1724 2230 1905 2284 oblati
1939 2228 2082 2284 ibid.

434 2347 496 2387 ιι.
533 2334 598 2385 10
623 2347 636 2384 :
666 2329 837 2400 cujus
867 2327 952 2381 rei
1003 2324 1291 2379 disertum
1324 2323 1384 2377 in
1417 2319 1734 2391 Scripturis
1777 2334 2087 2391 argumen-

431 2426 562 2476 tum
587 2435 723 2474 cum
755 2432 876 2472 non
899 2415 1042 2471 alibi
1073 2412 1404 2486 reperiatur
1433 2416 1828 2482 praeterquam
1862 2409 1922 2463 in
1963 2409 2085 2464 Ma-

432 2509 810 2565 chabaaorum
839 2504 1003 2560 libris
1023 2521 1171 2574 quos
1199 2501 1454 2574 Cyrillus
1476 2500 1536 2554 in
1567 2514 1794 2555 canone
1826 2515 1945 2553 non
1977 2497 2085 2552 ha-

430 2599 792 2660 buit.sotam
826 2613 887 2650 in
921 2611 990 2649 ea
1010 2610 1070 2649 re
1096 2591 1431 2648 traditionis
1463 2589 1878 2646 auctoritatem
1911 2605 2083 2643 secu-

429 2695 558 2744 tum
593 2705 728 2744 eum
752 2703 882 2742 esse
913 2700 1156 2740 necesse
1191 2687 1297 2738 est.
1334 2683 1448 2737 Nec
1481 2696 1684 2736 revera
1713 2679 1924 2734 horum
1952 2694 2079 2733 om-

429 2778 598 2836 nium
631 2777 814 2832 ullam
848 2773 1257 2846 probationem
1282 2772 1492 2826 all‘erre
1527 2769 1774 2825 laborat.
1805 2768 1903 2822 His
1931 2767 2082 2822 adde

429 2874 778 2942 perpetuam
819 2864 1012 2920 Maria:
1035 2862 1432 2933 virginitatem
1482 2865 1594 2915 cat.
1626 2862 1712 2929 12,
1746 2875 1802 2913 ιι.
1840 2859 1927 2920 34,
1962 2873 2084 2912 mo-

429 2957 641 3014 nastici
677 2953 963 3028 propositi
1023 2969 1090 3008 ac
1121 2951 1313 3007 devoti
1345 2955 1645 3022 perpetua)
1695 2948 2079 3004 continentiae

428 3047 693 3118 corporis
725 3044 986 3108 laudem,
1020 3047 1134 3097 cat.
1167 3044 1221 3107 4,
1257 3057 1318 3094 ιι.
1352 3042 1440 3105 23,
1461 3043 1572 3094 cat.
1611 3041 1697 3106 12,
1726 3055 1785 3094 ιι.
1816 3040 1902 3100 35,
1939 3043 2076 3104 etc.,

429 3135 724 3192 clericalis
755 3130 1140 3188 continentiae
1177 3130 1378 3194 decus,
1412 3135 1524 3184 cat.
1561 3129 1648 3197 12,
1672 3145 1731 3182 ιι.
1759 3128 1851 3195 25,
1879 3128 2076 3198 ipsum

426 3225 683 3296 denique
711 3223 1147 3294 Scripturarum
1180 3235 1494 3286 canonem,
1519 3218 1620 3289 qui
1653 3223 1812 3273 certe
1843 3218 1903 3272 in
1931 3217 2077 3288 ipsis

427 3313 746 3386 Scripturis
797 3311 1130 3382 descriptus
1161 3326 1280 3364 non
1313 3314 1436 3374 est;
1469 3308 1637 3379 cujus
1663 3307 2078 3362 auctoritatem

427 3405 496 3461 ab
534 3403 906 3474 apostolorum
937 3406 985 3455 et
1017 3406 1256 3454 veterum
1287 3400 1663 3468 episcoporum
1693 3396 1948 3451 Ecclesia:
1964 3412 2084 3451 rec-

435 3502 616 3550 torum
649 3492 948 3546 traditione
979 3488 1236 3550 desumit,
1269 3493 1380 3542 cat.
1415 3489 1468 3550 4,
1503 3503 1561 3541 ιι.
1608 3487 1696 3541 34.
1728 3487 1870 3540 Cum
1905 3485 2084 3556 igitur

435 3585 499 3640 in
531 3583 781 3655 objectis
841 3595 1007 3635 num.
1056 3580 1124 3634 98
1156 3576 1538 3642 testimoniis,
1594 3575 1747 3630 nihil
1780 3572 2078 3645 [CCXLIX]

427 3673 542 3729 nisi
575 3672 1014 3743 Scripturarum
1064 3667 1416 3724 auctoritate
1473 3664 1791 3737 probatum
1831 3662 1993 3718 credi
2025 3667 2086 3717 et

425 3762 700 3820 assentiri
725 3761 935 3834 jubet;
970 3758 1228 3831 primum
1268 3757 1387 3830 agit
1425 3754 1498 3810 de
1532 3753 1823 3827 symbolo,
1855 3769 1978 3808 non
2009 3751 2082 3807 de

424 3851 838 3917 sacramentis,
873 3849 1225 3919 ceterisque
1267 3843 1689 3901 traditionibus
1721 3841 2080 3898 ecclesiasti-

426 3943 534 4010 cis,
587 3957 840 4013 quarum
891 3939 1120 3993 nullam
1161 3938 1221 3991 in
1274 3934 1544 4007 symbolo
1576 3933 1869 3988 contineri
1923 3932 2080 3988 ultro

427 4031 827 4102 agnoscimus.
845 4026 1187 4098 Symbolum
1203 4031 1403 4080 autem
1417 4040 1551 4078 cum
1569 4023 1770 4094 Cyrilli
1786 4022 2083 4078 sententia

429 4125 542 4175 cat.
563 4122 690 4180 ‘a‘.n.
725 4121 812 4183 12,
847 4114 1510 4185 nihilaliudsit.praster
1531 4129 1764 4167 summa
1794 4112 2080 4167 doctrinas

425 4210 484 4264 in
507 4208 828 4278 Scripturis
851 4209 1145 4260 contentae
1161 4202 1390 4274 capita;
1415 4200 1560 4272 quid
1589 4201 1807 4256 mirum
1840 4201 1887 4257 si
1919 4200 1981 4256 in
2012 4217 2083 4257 ea

425 4297 704 4354 doctrina
732 4293 1086 4366 explicanda
1117 4291 1188 4348 ad
1213 4292 1371 4364 ipsas
1403 4291 1737 4362 Scripturas
1766 4308 2078 4347 recurren-

425 4387 567 4442 dum
591 4387 684 4442 sit.
709 4386 770 4440 in
798 4383 1016 4456 quibus
1043 4384 1192 4438 Deus
1218 4381 1362 4454 quid
1394 4386 1453 4436 et
1481 4387 1770 4452 quantum
1799 4381 1871 4436 de
1903 4381 2080 4436 rebus

426 4478 487 4533 in
513 4474 782 4546 symbolo
817 4473 1114 4530 contentis
1145 4470 1390 4527 credere
1435 4470 1761 4528 debeamus
1805 4473 2076 4544 aperuit;

423 4571 639 4623 caetera
660 4565 733 4621 ad
747 4563 1138 4620 exercendam
1159 4567 1426 4618 nostram
1446 4561 1628 4617 animi
1649 4563 2076 4618 demissionem

2196 1977 2280 2022 ra.
2306 1961 2378 2016 ad
2401 1963 2705 2018 veritatem
2722 1963 3022 2018 auditores
3035 1980 3172 2018 suos
3201 1969 3372 2018 certo
3389 1980 3453 2018 se
3472 1963 3550 2018 du
3560 1979 3688 2018 cere
3701 1959 3840 2015 nulla

2196 2049 2358 2105 dubii
2390 2051 2827 2121 signiﬁcatione
2877 2053 3270 2119 afﬁrmarent,
3335 2069 3407 2108 ac
3441 2051 3651 2108 multis
3687 2050 3838 2104 etiam

2196 2138 2642 2210 persuaderent.
2681 2141 2746 2195 lli
2780 2141 2838 2196 in
2873 2141 3192 2196 Palmstina
3239 2141 3460 2213 Cyrilli
3497 2137 3836 2211 temporibus

2196 2230 2453 2285 maxime
2484 2230 2922 2303 grassabantur.
2960 2233 3240 2287 Hinctam
3276 2231 3467 2286 creba
3489 2231 3645 2303 apud
3671 2230 3834 2301 ipsum

2195 2324 2253 2374 et
2284 2325 2402 2374 tam
2436 2320 2732 2376 inculcata
2761 2321 3009 2376 humani
3041 2321 3286 2376 rationii
3310 2319 3701 2392 contemptio.
3731 2316 3834 2388 ejus

2196 2425 2310 2480 que
2325 2409 2613 2481 imperata
2630 2409 3010 2465 audientibus
3031 2410 3401 2466 difﬁdentia.
3433 2414 3508 2465 At
3523 2407 3834 2464 traditiones

2195 2498 2660 2555 ecclessiasticas
2689 2499 2864 2555 verbo
2897 2500 3116 2555 violare
3149 2499 3266 2570 ipsi
3309 2499 3527 2572 religio
3566 2497 3775 2552 fuisset.

2268 2593 2388 2645 104.
2419 2592 2618 2661 Neque
2651 2608 2826 2663 porro
2867 2591 3053 2663 magis
3086 2590 3380 2646 Ecclesia:
3432 2587 3758 2646 deﬁnientis
3781 2587 3828 2639 et

2194 2680 2432 2750 prmscri
2445 2680 2640 2735 bentis
2655 2681 3068 2737 auctoritatem
3090 2681 3270 2736 unius
3285 2681 3588 2753 cujusque
3601 2689 3825 2733 censura

2195 2775 2253 2822 et
2281 2768 2526 2824 arbitrio
2558 2769 2832 2840 subjecit.
2881 2772 2985 2826 Cat
3039 2771 3125 2834 18,
3177 2786 3238 2824 ιι.
3275 2772 3379 2830 23.
3417 2768 3641 2832 scribit,
3670 2762 3818 2820 Eccle-

2194 2857 2343 2913 siam
2371 2875 2506 2913 cum
2547 2865 2789 2930 propter
2813 2859 2961 2915 alias
2989 2875 3199 2915 causas
3229 2859 3600 2923 catholicam,
3633 2857 3730 2911 hoc
3753 2853 3818 2906 est

2194 2951 2554 3004 uniuersalem
2568 2950 2738 3022 appel
2750 2949 3014 3018 lari,tum
3029 2955 3271 3022 propter
3301 2952 3478 3008 istam
3495 2968 3510 3006 :
3527 2974 3553 3001 α
3569 2947 3701 3015 Quia
3713 2941 3817 2999 uni-

2193 3055 2402 3094 «verse
2417 3045 2474 3094 et
2496 3039 2720 3110 absque
2735 3040 2969 3096 defectu
2993 3040 3165 3094 docet
3188 3041 3409 3098 omnia
3430 3057 3560 3113 quas
3576 3039 3632 3093 in
3653 3031 3816 3090 homi-

2193 3151 2222 3178 «
2237 3145 2381 3183 num
2395 3130 2667 3184 notitiam
2682 3130 2880 3185 venire
2894 3120 3812 3202 debentdogmata.sivedevisibi-

2193 3217 2392 3273 «libus
2416 3225 2473 3274 et
2493 3219 2916 3282 invisibilibus.
2945 3220 3064 3274 sive
3087 3219 3159 3274 de
3182 3221 3534 3277 caelestibus
3553 3223 3607 3274 et
3626 3221 3810 3269 terres-

2192 3308 2417 3364 «tribus
2437 3311 2637 3366 rebus.
2655 3333 2683 3360 ››
2698 3310 2852 3365 Nihil
2871 3310 3147 3365 Ecclesia
3169 3309 3469 3366 doctrinm
3489 3301 3802 3366 addendum,

2188 3399 2471 3470 quoniam
2494 3402 2760 3455 universa
2781 3400 3389 3474 doceatquzncunque
3418 3397 3573 3474 [CCL]
3589 3395 3642 3448 in
3666 3387 3802 3445 noti-

2187 3499 2330 3554 tiam
2343 3499 2870 3555 hominumvenire
2890 3499 3111 3555 debent
3127 3516 3138 3554 :
3157 3499 3320 3556 nihil
3336 3485 3806 3556 detrahendum,si

2186 3590 2378 3643 omnia
2391 3606 2524 3660 qua:
2540 3587 2733 3650 docet.
2750 3591 2808 3644 in
2825 3590 3088 3644 notitiam
3105 3589 3403 3646 hominum
3424 3580 3809 3645 veniredebent:

2187 3677 2339 3732 nihil
2354 3678 2844 3734 commutandum
2859 3684 2963 3734 aut
2983 3679 3462 3748 reformandum,
3496 3691 3620 3733 cum
3635 3671 3806 3736 absque

2186 3768 2402 3836 defectu
2415 3767 2605 3822 doceat
2616 3783 2745 3834 ,nec
2760 3768 2952 3839 major
2963 3785 3031 3823 ac
3041 3767 3279 3834 gravior
3293 3769 3355 3826 in
3372 3763 3630 3824 docendo
3650 3757 3808 3815 defec-

2188 3861 2282 3910 tus
2313 3871 2442 3910 esse
2493 3857 2682 3927 possit
2710 3873 2889 3928 quam
2937 3857 3156 3912 erroris
3189 3856 3559 3929 praedicatio.
3610 3849 3659 3906 Si
3684 3845 3807 3902 falsa

2186 3944 2428 4001 doceret
2457 3945 2741 4008 Ecclesia.
2796 3963 2918 4002 non
2951 3952 3108 4002 esset
3137 3946 3198 4001 in
3243 3949 3383 4021 ejus
3445 3947 3576 4002 sinu
3603 3948 3800 4014 perma-

2185 4035 2471 4100 nendum,
2506 4035 2609 4090 sed
2653 4035 2919 4106 magistri
2958 4036 3221 4091 veritatis
3271 4037 3612 4104 ubicunque
3640 4024 3806 4082 forent

2184 4123 2553 4195 requirendi.
2582 4126 2652 4178 At
2673 4123 2926 4195 Cyrillus
2942 4123 3001 4178 in
3019 4123 3287 4180 Ecclesia
3305 4142 3438 4196 quas
3455 4107 3805 4178 catholicadi-

2185 4214 2338 4269 citur
2359 4219 2704 4268 constanter
2717 4213 3055 4285 permaneri
3071 4212 3246 4285 jubet
3271 4230 3286 4268 :
3308 4215 3462 4269 hanc
3485 4208 3637 4266 enim
3655 4209 3804 4258 uuam

2185 4322 2314 4362 esse
2337 4305 2554 4361 Christi
2579 4321 2880 4378 sponsam,
2904 4322 3085 4361 unam
3111 4311 3363 4361 matrem
3397 4301 3657 4360 ﬁdelium
3681 4311 3692 4362 ;
3718 4300 3804 4346 nec

2183 4395 2435 4452 aliarum
2453 4401 2751 4451 sectarum
2777 4393 3074 4450 illecebris
3090 4411 3200 4450 nos
3217 4401 3445 4466 patitur
3459 4385 3684 4448 abduci:
3698 4390 3804 4451 qum

2183 4484 2453 4557 quamvis
2472 4483 2753 4540 Ecclesia:
2778 4499 2998 4540 nomen
3019 4489 3333 4555 usurpent,
3355 4499 3424 4539 eo
3440 4479 3564 4537 solo
3578 4468 3724 4547 quod
3736 4479 3804 4522 ca-

2184 4573 2420 4630 tholicaa
2448 4573 2690 4628 nomine
2713 4572 3134 4632 destituantur.
3160 4571 3441 4628 Ecclesia:
3466 4561 3711 4624 nominis
3731 4555 3804 4610 in-

427 4656 668 4714 silentio
701 4660 857 4712 tecta
877 4653 1109 4710 adorari
1124 4652 1328 4724 jussit,
1359 4651 1957 4724 prohibuitcuriosus
1983 4651 2073 4708 in-
2110 4651 2153 4716 Ι)
2179 4664 2340 4735 juste
2374 4663 2562 4718 invasi
2593 4679 2731 4732 rem,
2757 4668 2816 4719 et,
2846 4663 2976 4719 sola
3001 4663 3259 4721 Ecclesia;
3279 4655 3694 4732 malignantium
3719 4659 3806 4714 ap-

423 4745 672 4820 dagari‘?
701 4747 781 4802 Ea
809 4744 896 4800 vis
929 4742 1410 4799 testimoniorum
1441 4741 1644 4813 Cyrilli
1678 4741 2075 4814 objectorum,

423 4837 758 4911 praesertim
810 4840 862 4902 1,
893 4837 945 4892 2.
981 4835 1034 4902 3,
1066 4835 1119 4896 6.
1155 4835 1206 4896 7,
1242 4833 1292 4886 8.
1345 4831 1642 4904 Quidquid
1673 4838 1868 4888 autem
1900 4834 2077 4889 Chri-

426 4933 552 4984 stus
584 4927 658 4983 ad
701 4925 1140 4982 institutionem
1175 4927 1232 4976 et
1261 4920 1842 4979 administrationem
1873 4923 2081 4980 Eccle-

428 5017 530 5072 εἱσι
562 5015 895 5072 constituit.
921 5030 1038 5070 non
1076 5029 1252 5068 omne
1276 5011 1337 5066 in
1369 5011 1688 5082 Scripturis
1718 5015 2076 5086 consignari,

430 5105 534 5160 sed
564 5104 856 5159 nonnulla
886 5119 992 5174 per
1025 5101 1302 5157 Ecclesia:
1328 5099 1709 5156 traditionem
1741 5107 2079 5161 conservari

427 5192 635 5252 voluit.
667 5198 733 5246 ut
762 5198 820 5248 et
867 5191 1042 5246 dictis
1072 5197 1130 5246 et
1161 5189 1330 5245 factis
1361 5189 1657 5260 praecipue
1717 5191 1842 5246 suis
1873 5209 2081 5252 omnes

429 5285 636 5339 Patres
657 5281 892 5336 docent.
909 5280 1201 5348 Secundo,
1226 5297 1361 5335 cum
1383 5279 1638 5352 Cyrillus
1659 5280 1983 5353 quidquam
2007 5285 2082 5342 ad

431 5373 763 5442 Scripturas
785 5369 921 5426 addi
951 5375 1127 5435 vetat,
1161 5369 1314 5424 nihil
1345 5369 1506 5424 aliud
1532 5367 1794 5424 excludit
1823 5372 1940 5427 nisi
1972 5374 2080 5430 hu-

427 5477 623 5518 manae
653 5458 1008 5515 inventionis
1051 5457 1384 5521 ratiocinia,
1436 5457 1822 5530 sophismata.
1857 5461 2080 5536 ingenii

428 5553 493 5608 in
517 5549 802 5621 mysteria
823 5553 1026 5602 nostra
1042 5547 1549 5608 exercitationem.
1564 5554 1624 5604 et
1643 5553 1709 5602 ut
1729 5549 1854 5621 ipse
1876 5555 2078 5626 appel-

429 5639 535 5710 lat,
569 5631 1315 5711 ευρεσιΑογῖας,σοφίσματα,
1369 5635 1684 5712 σοφιστικὰς
1725 5644 2076 5719 κατασκευὰς,

432 5723 809 5806 ἀνθρωπίκους
856 5720 1180 5800 λογισμούς,
1232 5730 1344 5780 etc.
1393 5726 1459 5782 Id
1521 5726 1742 5784 diserte
1787 5737 1954 5803 patet
2007 5753 2079 5794 ex

2186 4753 2510 4826 pellatione
2543 4753 2735 4826 dignas
2773 4753 3229 4809 convincuntur.
3264 4776 3293 4806 ‹‹
3329 4748 3569 4822 Proprie
3617 4745 3671 4796 et
3693 4743 3806 4790 vere

2188 4865 2216 4894 «
2234 4844 2366 4915 quis
2381 4842 2616 4911 dixerit,
2635 4865 2661 4891 »ν
2677 4843 2892 4914 inquit.
2908 4849 3020 4900 cat.
3042 4843 3130 4911 18,
3146 4859 3206 4898 ιι.
3221 4846 3290 4898 62
3313 4860 3370 4898 :«
3388 4833 3692 4896 Ecclesiam
3706 4835 3806 4915 rna-

2189 4957 2215 4984 ‹‹
2233 4934 2589 5007 lignantium
2605 4950 2732 4989 esse
2748 4933 3163 4989 hasreticorum
3181 4941 3436 4990 castus...
3462 4931 3666 4982 Eorum
3687 4913 3806 4970 δὺο·

2192 5045 2220 5074 ‹‹
2235 5023 2519 5080 minanda
2532 5022 2782 5095 collegia
2793 5021 3126 5095 fugiens,ad
3136 5023 3362 5078 haereus
3378 5029 3606 5087 semper
3617 5004 3804 5063 sancta

2193 5135 2220 5164 «
2234 5113 2542 5169 catholica:-
2557 5111 2927 5170 Ecclesimin
2943 5130 3059 5184 qua
3074 5119 3134 5167 et
3146 5119 3387 5168 renatus
3413 5107 3567 5164 es.Et
3587 5099 3631 5155 si
3645 5103 3805 5184 (ιιιξιιη-

2196 5221 2218 5251 ι
2234 5203 2308 5258 do
2323 5203 2734 5275 peregrinatus
2747 5202 2929 5256 fueris
2947 5179 3006 5257 in
3022 5202 3126 5258 civi
3139 5202 3376 5267 tatibus,
3398 5214 3471 5253 ne
3492 5179 3805 5275 simplici-ter

2192 5315 2220 5345 «
2233 5267 2573 5364 requiras...
2591 5291 2694 5348 ubi
2711 5291 3079 5348 sitEcclesia:
3099 5293 3204 5348 sed
3217 5291 3314 5348 ubi
3337 5277 3696 5346 sitcatholica
3713 5267 3801 5364 ΕΟ·

2192 5403 2217 5438 ι
2233 5383 2430 5439 clesia.
2446 5383 2561 5438 Hoc
2580 5383 2738 5437 enim
2755 5382 3060 5455 proprium
3077 5399 3297 5438 nomen
3311 5373 3580 5445 esthujus
3593 5361 3800 5422 sancite.

2190 5503 2218 5532 «
2235 5472 2513 5528 etmatris
2526 5471 2793 5527 omnium
2809 5478 3103 5527 nosti-um.
3127 5473 3268 5554 Qua;
3283 5467 3515 5542 quidem
3538 5464 3588 5513 et
3615 5451 3799 5554 sppusf

2190 5583 2219 5613 ‹‹
2234 5567 2325 5616 est
2339 5563 2416 5616 Do
2426 5561 2570 5616 mini
2585 5561 2772 5616 nostri
2785 5561 2812 5616 Ι
2819 5577 2923 5617 esu
2937 5537 3176 5624 Christi.
3200 5583 3228 5610 »
3241 5537 3336 5616 Et}:
3363 5555 3445 5612 Ab
3459 5554 3563 5608 hac
3573 5537 3799 5600 Ecclesna

2180 5650 2355 5726 jubet
2375 5668 2484 5706 nos
2508 5650 2815 5722 requirere
2837 5666 3130 5706 canonem
3152 5635 3651 5723 Scripturarum,et

2187 5711 2394 5799 bolum
2425 5711 2711 5801 ﬁdet-De
2769 5740 2967 5814 priore
2999 5739 3083 5796 ait
3110 5745 3225 5797 cat.
3272 5711 3327 5809 ἱ,
3359 5752 3420 5792 n.
3452 5731 3514 5786 33
3537 5742 3550 5782 :
3576 5711 3796 5778 Studiose
