4024 6378
191 387 282 450 293
1550 400 1931 467 VETERUM
1974 401 2489 468 TESTIMONIA.
3604 412 3725 472 294

191 538 384 594 quoque,
419 532 489 581 et
554 529 653 584 ab
726 533 1044 590 Ecclesia
1090 534 1251 602 disce,
1301 532 1526 605 quinam
1574 537 1685 590 sint
1738 536 1947 590 Veteris
1982 551 2024 613 Α
2053 535 2157 608 jus
2181 553 2429 592 examen
2451 536 2522 593 ad
2549 537 2872 609 scripturas
2896 554 3045 609 quas
3073 537 3270 609 legere
3292 556 3412 595 non
3444 545 3725 611 poterant

198 614 514 671 Testamenti
542 618 754 682 libri.
792 627 925 693 qui
948 641 1085 680 vero
1109 626 1258 690 Novi,
1284 631 1340 679 et
1368 641 1534 680 num.
1563 627 1664 680 35:
1688 628 1793 681 Eos
1813 626 1953 681 solos
2063 626 2378 683 instituere
2402 646 2522 699 prae
2545 628 2881 700 ignorantia
2904 636 3007 684 aut
3027 630 3413 700 occupatione
3437 631 3724 701 impedie-

207 703 336 761 libros
358 706 646 764 studiose
685 712 1030 768 meditare
1059 720 1110 769 et
1154 730 1322 782 versa,
1353 730 1487 784 quos
1527 717 1693 770 etiam
1746 715 1805 770 in
1854 717 1953 770 Ec-
2061 714 2300 772 bantur.
2327 719 2649 773 Ecclesium
2684 719 2923 775 tandem
2955 719 3210 774 deﬁcere
3251 737 3371 774 non
3402 738 3575 794 posse
3611 721 3717 776 do-

215 795 347 851 clesic
370 813 486 851 cum
526 807 736 854 certa
776 802 1031 869 ﬁducia
1062 803 1305 872 legimus.
1345 805 1519 859 Multo
1561 805 1951 874 prudentiores
2059 813 2192 873 cet;
2228 824 2332 862 seu
2359 825 2493 862 cum
2526 814 2636 864 cat.
2674 810 2758 876 18,
2792 826 2852 863 n.
2886 812 2974 873 25,
3010 809 3081 863 de
3137 826 3207 864 ea
3263 810 3435 865 Petro
3494 811 3714 866 dixisse

224 885 637 956 elreligiosores
682 896 752 945 te
792 899 989 947 erant
1032 901 1233 948 veteres
1287 893 1529 964 episcopi
1585 894 1951 950 Ecclesiarum
2058 896 2422 952 Salvatorem
2444 898 2564 956 ait:
2594 899 2896 966 Ediﬁcabo
2933 900 3221 954 Ecclesiam
3241 916 3438 968 meam,
3471 908 3522 955 et
3537 916 3717 971 porta:

224 977 461 1047 prasivles,
500 981 625 1047 qui
689 996 809 1035 eos
887 982 1204 1037 tradidere.
1247 985 1323 1038 Tu
1355 1000 1483 1054 ergo
1508 985 1655 1052 filius
1698 984 1949 1039 Ecclesiae
2056 987 2226 1054 inferi
2284 1004 2394 1042 non
2430 987 2815 1057 praevalebunt
2862 991 3119 1043 adversus
3163 1006 3283 1043 eam
3313 988 3381 1051 4‘.
3418 1006 3523 1044 seu
3574 1007 3712 1045 cum

231 1069 432 1133 mmsis,
467 1083 547 1122 ne
583 1068 771 1139 leges
806 1074 1052 1141 positas
1100 1079 1350 1143 perverte
1430 1075 1556 1129 Non
1603 1073 1783 1145 igitur
1812 1089 1949 1144 per—
2057 1083 2191 1147 post
2220 1078 2301 1131 Pa
2328 1078 2469 1131 .lum
2503 1077 2813 1131 columnam
2843 1083 2893 1132 et
2931 1079 3361 1133 stabilimentum
3382 1081 3635 1135 veritatis
3669 1080 3716 1116 ⁴²

230 1154 473 1209 mittebat
492 1172 1084 1231 unumquemque
1108 1166 1301 1231 spreto
1334 1161 1856 1232 Ecclesiaajudicio
1880 1177 1950 1216 ex
2055 1166 2317 1238 appellat
2351 1183 2363 1220 :
2398 1183 2500 1222 seu
2533 1184 2668 1221 cum
2722 1168 2901 1223 etiam
2951 1168 3298 1222 Antichristi
3334 1170 3709 1240 temporibus

229 1245 422 1316 privato
444 1246 730 1317 spiritu,
769 1265 901 1303 seu
940 1249 1131 1321 magis
1156 1249 1420 1319 arbitrio,
1444 1250 1515 1305 de
1541 1249 1755 1305 divinis
1778 1250 1948 1305 libris
2055 1254 2308 1310 ﬁrmiter
2327 1273 2774 1327 permansurum
2795 1257 3056 1313 afﬁrmat
3077 1263 3185 1312 cat.
3217 1260 3295 1319 15,
3324 1276 3381 1314 n.
3409 1260 3494 1311 16-
3525 1262 3709 1329 Neque

226 1332 504 1401 judicium
534 1336 928 1394 instruere.
964 1339 1215 1395 Etnum.
1245 1340 1312 1393 36
1340 1356 1352 1393 :
1379 1342 1740 1410 Quoscumque
1769 1342 1828 1395 in
1858 1356 1946 1395 ec-
2054 1346 2220 1411 enim,
2243 1345 2458 1417 inquit,
2491 1349 2731 1401 roburct
2765 1363 2956 1401 nervos
2995 1348 3244 1401 Ecclesia:
3292 1348 3536 1418 despero.
3572 1348 3709 1404 Haec

226 1425 382 1481 clesiis
410 1442 536 1481 non
606 1426 951 1496 leguntur,
1005 1427 1105 1483 illa
1132 1445 1308 1499 neque
1357 1432 1626 1499 privatim
1658 1430 1824 1500 legas.
1868 1430 1946 1485 De
2053 1434 2565 1507 Cyrilliprincipia
2581 1435 2853 1490 meditari
2878 1436 3072 1507 potius
3092 1436 3402 1507 oportebat
3432 1438 3704 1494 Rivetum

220 1516 482 1589 symbolo
502 1533 663 1571 vero
708 1516 881 1571 ﬁdei
917 1522 1035 1572 cat-
1057 1520 1109 1585 5,
1144 1535 1205 1574 η.
1237 1522 1302 1574 12
1328 1536 1339 1574 :
1366 1521 1557 1574 Fidem
1590 1520 1746 1575 illam
1775 1521 1948 1576 solam
2055 1541 2231 1595 quam
2265 1530 2440 1579 sectas
2491 1543 2611 1580 suae
2662 1525 3079 1598 praejudicatas
3111 1527 3425 1597 opiniones
3484 1531 3709 1583 temere

226 1606 551 1677 amplectere
576 1613 637 1662 et
674 1622 868 1661 serva
903 1625 1033 1678 quae
1062 1624 1206 1663 nunc
1256 1609 1357 1663 tibi
1403 1610 1471 1663 ab
1504 1611 1738 1665 Ecclesia
1769 1611 1946 1665 trudi-
2055 1614 2307 1686 arreptis
2331 1615 2798 1670 sanctidoctoris
2812 1617 3126 1671 sententiis
3150 1622 3486 1672 sustentare
3508 1617 3712 1673 conari

225 1702 330 1764 tur,
363 1713 429 1751 ea:
460 1697 756 1752 omnibus
824 1697 1143 1767 Scripta-ris
1194 1698 1423 1753 vallata.
1458 1699 1735 1755 Ecclesia)
1768 1700 1949 1756 unius
2056 1719 2125 1758 ac
2157 1705 2437 1759 Romanae
2466 1705 2746 1759 Ecclesia:
2776 1704 2925 1760 falso
2957 1712 3307 1777 conceptam
3342 1707 3470 1777 ejus
3502 1707 3714 1762 decre-

223 1786 588 1842 auctoritate
625 1785 895 1857 suscipi
921 1793 985 1840 et
1010 1787 1446 1859 retinerijubet
1466 1788 1817 1856 doctrinam,
1843 1807 1946 1845 cu-
2058 1798 2253 1848 torum
2285 1811 2420 1849 cum
2453 1794 2792 1866 Cyrillianis
2826 1794 3288 1867 discrepantiam
3318 1795 3601 1867 objicere.

304 1964 345 2000 *³
384 1966 596 2022 Matth.
629 1983 764 2037 xvr,
811 1968 910 2021 18.
994 1966 1043 2001 ⁸³
1071 1968 1096 2022 Ι
1125 1966 1273 2023 Tim.
1308 1985 1389 2024 Ill.
1429 1972 1516 2026 15.

1264 2281 1891 2377 VETERUM
1957 2282 2747 2379 TESTIMONIA

1000 2467 1093 2523 DE
1126 2466 1178 2522 S.
1222 2466 1519 2523 CYRILLO
1578 2467 2246 2523 IlIEBOSOLYMlTANO
2303 2468 2607 2534 EJUSQUE
2664 2467 2996 2526 SCRIPTIS.

1951 2668 2022 2683 —

217 2831 673 2909 [CCLI-CCLII]
705 2838 766 2893 S.
800 2836 1070 2893 Basilius
1100 2836 1350 2893 homilia
1383 2838 1466 2906 13,
1525 2854 1655 2910 pag.
1716 2839 1841 2906 413,
1904 2838 2260 2894 sententiam
2295 2837 2493 2906 habet,
2528 2855 2660 2911 quas
2714 2838 2928 2895 iisdem
2983 2840 3226 2925 omnino
3259 2839 3455 2897 verbis
3517 2845 3711 2895 exsta-

1455 2936 1611 3008 apud
1641 2936 1929 3008 Cyrillum
1959 2939 2205 2995 Procat..
2238 2955 2407 2996 num.
2442 2941 2526 2992 16.

229 3060 561 3118 Concilium
592 3061 1289 3132 Constantinopolitanum
1333 3065 1724 3118 (acumenicum
1767 3079 1827 3131 ιι,
1878 3078 1972 3118 an.
2031 3065 2127 3118 381
2162 3064 2247 3119 vel
2277 3066 2401 3129 382,
2450 3066 2510 3119 in
2541 3065 2773 3135 epistola
2827 3066 2899 3120 ad
2930 3067 3220 3122 Damasum
3260 3072 3311 3121 et
3340 3065 3705 3122 occidentales

1243 3135 1396 3205 apud
1426 3135 1820 3189 Theodoretum
1862 3137 2001 3191 Hist.
2036 3136 2248 3191 eccles.
2302 3137 2397 3191 lib.
2443 3153 2494 3191 v.
2528 3154 2650 3208 cap.
2684 3141 2736 3194 9.

352 3235 472 3301 Τῆς
507 3232 533 3287 ἐ
566 3230 630 3286 δε
681 3231 898 3309 μητρὸς
954 3230 1174 3286 ἀπασῶν
1228 3235 1335 3285 τῶν
1370 3231 1713 3302 Ἑκκλησιῶν
1744 3239 1844 3301 τῆς
1876 3231 1929 3286 ἐν

2115 3236 2668 3308 Hierosolymitanae
2689 3242 2889 3292 autem
2920 3236 3218 3304 Ecclesiae,
3239 3254 3371 3307 qum
3394 3241 3585 3292 mater
3614 3239 3704 3290 est

218 3320 675 3395 Ἱεροσολύμοις
709 3366 725 3392 ,
796 3322 889 3377 τὸν
938 3319 1368 3394 αἱδεσιμώτατον
1421 3322 1514 3376 καὶ
1574 3316 1807 3399 seaculi:

2110 3326 2313 3380 nnium
2372 3325 2800 3391 Ecclesiarum,
2847 3326 3413 3381 reverendissimum
3464 3327 3699 3395 Deoque

215 3412 668 3487 tov_K-391A).ov
698 3411 995 3467 ἐπίσκοπον
1054 3418 1191 3467 εἶναι
1237 3412 1598 3488 γνωρίζομεν·
1633 3433 1804 3467 κανονι

2109 3414 2501 3471 lectissimum
2523 3415 2810 3488 Cyrillum
2834 3416 3182 3488 epi500pum
3214 3432 3344 3471 esse
3376 3420 3586 3470 notum
3618 3414 3698 3468 fa-

217 3522 289 3556 τε
330 3503 493 3575 παρὰ
550 3506 669 3557 τῶν
727 3510 828 3572 τῆς
884 3503 1153 3578 ἐπαρχίας
1212 3504 1674 3578 χειροτονηθέντα
1731 3506 1804 3558 πά

2110 3521 2272 3560 mus:
2321 3506 2423 3576 qui
2482 3511 2541 3560 et
2587 3505 2875 3560 canonice
2923 3506 2996 3561 ab
3055 3505 3351 3577 episcopis
3382 3503 3699 3577 provincias

214 3594 331 3646 καὶ
374 3590 622 3647 πλεῖστα
654 3592 794 3668 πρὸς
822 3591 950 3655 τοὺς
1001 3591 1310 3668 ’Λρειανοὺς
1342 3592 1394 3646 ὲν
1428 3589 1712 3671 διαφόροις
1739 3594 1800 3649 τό

2115 3597 2185 3650 im
2213 3596 2522 3651 ordinatus
2551 3595 2682 3665 fuit,
2716 3601 2776 3651 et
2804 3596 3066 3667 plurima
3085 3597 3261 3652 variis
3293 3596 3354 3651 in
3384 3596 3533 3652 locis
3564 3611 3704 3650 con-

219 3680 604 3753 ἀθλήσαντα.

2040 3690 2135 3741 tra
2166 3686 2416 3741 Arianos
2446 3687 2779 3741 certamina
2799 3685 2999 3741 subiit.

1500 3784 1555 3839 S.
1590 3783 1941 3854 Epiphanius
1971 3783 2164 3853 haeres,
2196 3787 2286 3853 66,
2318 3784 2347 3857 §
2378 3787 2467 3839 20.

332 3880 439 3932 Καέ
498 3879 609 3934 ἀπὸ
673 3879 815 3950 τότε,
875 3879 965 3935 καὶ
1022 3877 1128 3941 ἓως
1188 3876 1346 3954 δεῦρο
1396 3877 1561 3935 ἄλλοι
1619 3877 1921 3935 ἐπίσκοπον

2112 3885 2159 3938 Α
2190 3900 2306 3954 quo
2339 3888 2608 3955 tempore
2639 3882 2713 3938 ad
2744 3881 3096 3938 hodiernam
3136 3881 3295 3937 diem
3326 3882 3385 3937 hi
3429 3880 3696 3953 episc0pi

232 3968 458 4039 Βὶζας,
490 3972 753 4044 Ἕρμων,
814 3969 1058 4044 Μάκαρις
1117 3970 1254 4043 “eg.
1316 3972 1641 4044 blaxdptocl.
1680 3970 1814 4041 Μάξι

2105 3978 2464 4029 imerantur:
2494 3974 2691 4039 Bazas,
2724 3973 3004 4040 Hermon,
3041 3972 3350 4038 Macarius,
3384 3973 3694 4043 Maximus,

229 4059 604 4134 Κ-ἇριΛλος,
657 4057 953 4134 Ἐρέννιος,
1014 4057 1286 4134 Κύριλλος
1346 4056 1546 4127 ἄλλος,
1601 4057 1818 4136 Ιλαρίω·

2106 4064 2315 4133 rrillus,
2352 4062 2707 4129 Herennius,
2738 4062 2992 4136 Cyrillus
3034 4062 3208 4133 alter,
3249 4063 3590 4120 Hilarionus
3617 4067 3695 4138 (a)

223 4152 339 4203 νῦν
381 4151 653 4225 κατέχων
682 4151 780 4219 τὴν
842 4147 1192 4222 Ἐκκλησίαν,
1252 4147 1688 4224 προσεγκληθεὶς
1717 4153 1787 4224 τῇ

2107 4154 2139 4208 li
2172 4170 2331 4209 nunc
2360 4153 2639 4209 Ecclesiae
2672 4153 2971 4225 praesidet,
3011 4154 3115 4226 qui
3163 4170 3299 4209 cum
3332 4154 3566 4211 Arianis
3588 4157 3696 4213 ha-

226 4239 578 4315 Ἀρειανῶν
608 4240 888 4313 κοινωνίᾳ.

2035 4242 2237 4300 buisse
2269 4244 2759 4300 communionem
2789 4250 3102 4300 accusatus
3135 4250 3242 4301 est.

1641 4342 1792 4397 Idem
1823 4342 2014 4415 heres,
2044 4345 2133 4411 '75,
2167 4343 2197 4415 §
2226 4345 2316 4399 23.

234 4442 530 4502 Ἀκάκεος
588 4440 691 4517 γὰρ
767 4441 795 4494 ὁ
878 4440 1238 4502 Παλαιστινὸς
1298 4440 1325 4495 ὁ
1386 4438 1710 4514 Καισαρείας
1745 4483 1759 4507 ,
1810 4442 1823 4494 ἑ

2104 4444 2251 4500 Nam
2266 4443 2882 4501 AcaciusPalaastinus
2897 4446 3179 4501 Caesarea;
3202 4445 3536 4519 episcopus,
3557 4465 3693 4504 cum

232 4531 551 4604 κελητίῳ.
582 4531 675 4585 καὶ
731 4530 985 4607 Οὐρανίῳ
1038 4534 1116 4602 τῷ
1162 4528 1363 4606 Τυρίῳ,
1416 4529 1507 4584 καὶ
1554 4528 1817 4605 Εὐτυχίῳ

2100 4532 2289 4601 eletio,
2324 4539 2383 4589 et
2413 4533 2631 4590 Uranie
2663 4534 2855 4606 Tyrio,
2885 4541 2943 4590 et
3001 4536 3286 4605 Eutychio
3340 4536 3689 4593 Eleuthero-

238 4618 799 4696 ’Βλευθεροπολίτῃ,
849 4616 939 4674 διὰ
992 4620 1085 4674 τὸν
1142 4620 1280 4688 πρὸς
1327 4617 1605 4692 Κύριλλςν
1636 4619 1822 4677 τὸνἹε

2100 4622 2320 4689 ιΙίῐᾶηο,
2346 4639 2474 4694 pro,
2513 4639 2603 4687 eo,
2637 4640 2754 4694 quo
2793 4624 2855 4678 in
2886 4625 3173 4695 Cyrillum
3207 4625 3689 4697 Hierosolymita-

243 4707 574 4781 σολυμίτην
628 4708 795 4779 ζῆλόν
826 4730 884 4764 τε
913 4709 1002 4762 καὶ
1036 4714 1216 4783 μῖσος,
1275 4709 1560 4764 ἀνθίσνατο
1617 4715 1735 4772 τοῖς
1793 4731 1831 4764 π

2096 4729 2180 4766 1m
2212 4711 2348 4767 odio
2382 4717 2440 4767 et
2468 4712 2693 4767 invidia
2723 4713 3029 4786 ﬂagrabat,
3067 4714 3281 4770 Basilio
3327 4732 3395 4770 ac
3441 4717 3685 4788 Georgio

232 4798 577 4870 Βασίλειον,
626 4799 717 4854 καὶ
748 4800 1023 4875 Γεώργιον
1081 4800 1170 4854 τὸν
1234 4796 1521 4871 Λαοδικέα,
1553 4800 1641 4854 καὶ
1681 4797 1816 4854 Σιλο

2099 4804 2386 4873 Lodiceno,
2447 4804 2698 4876 Sylvano
2749 4806 3046 4872 Tarsensi,
3106 4806 3341 4861 Eleusio
3384 4807 3688 4878 Cyziceno,

230 4892 337 4946 τὸν
394 4892 493 4946 τὸν
528 4890 757 4964 Ταρσέα,
792 4888 1069 4945 Ἐλεόσιόν
1118 4909 1176 4944 τε
1225 4888 1317 4943 τὸν
1376 4887 1635 4958 Κυζίκου,
1671 4890 1819 4945 Μακε

2100 4893 2376 4949 acedonio
2431 4893 3111 4966 Constantinopolitano,
3165 4894 3470 4949 Eustathio
3512 4894 3689 4950 Seba-

234 5002 366 5035 νιον
419 4981 513 5035 τὸν
570 4977 1301 5047 Κωνσταντινουπολιτανὸν,
1362 4978 1666 5035 Εὐπάθιον
1698 4978 1792 5034 τὸν

2095 4999 2229 5051 eno,
2260 4990 2319 5039 et
2342 4984 2572 5040 Aniano
2609 4984 2979 5039 Antiocheno
3032 4984 3297 5055 seipsum
3356 4984 3640 5055 opposuit
3671 5005 3684 5054 ;

237 5065 554 5139 ϐας-τείας,
611 5069 703 5125 καὶ
757 5068 1007 5126 Ἀνιανὸν
1062 5067 1154 5123 τὸν
1219 5067 1532 5143 Ἀντιοχέα·
1587 5068 1713 5124 τότε
1763 5089 1826 5124 κα

2101 5075 2134 5129 ιὶ
2166 5080 2291 5130 tum
2325 5075 2630 5130 constituti
2664 5091 2801 5131 cum
2843 5080 3062 5135 essent,
3108 5090 3245 5128 suas
3294 5073 3357 5128 in
3406 5091 3507 5130 eos
3538 5074 3690 5130 vires

242 5161 586 5232 σταθέντων,
647 5160 768 5216 κατ’
827 5158 1005 5213 αὐτῶν
1065 5158 1249 5213 ἑαυτὸν
1307 5158 1636 5233 στρατεύσας
1694 5159 1722 5213 ὁ
1771 5159 1831 5215 αὐ

2100 5164 2277 5238 ιιιθείε
2301 5166 2570 5236 Aeacius,
2602 5181 2670 5221 ac
2702 5164 3011 5220 turbarum
3042 5163 3369 5235 plurimum
3415 5165 3689 5222 concivit.

246 5249 538 5324 Ἀχάκιος,
569 5249 800 5321 πολλὴν
828 5248 1020 5327 φοᾶρσιν
1046 5247 1358 5323 εἶ’ργάσατο.

1571 5351 1639 5404 Et
1663 5351 1837 5420 paulo
1864 5358 1987 5422 post
2022 5354 2080 5409 in
2120 5355 2306 5410 eodem
2335 5357 2381 5424 §.

320 5442 591 5522 Εὖτῦχιος
639 5443 745 5517 μὲν
805 5437 912 5515 γὰρ
944 5437 972 5492 ὁ
1020 5434 1566 5512 Ἐλευθεροπολὲτης,
1603 5437 1690 5491 οἶα
1720 5437 1786 5506 δὴ
1814 5439 1909 5495 ἀπὶ

2107 5446 2247 5499 Nam
2266 5444 2588 5517 Eutychius
2606 5442 3460 5518 Eleuther0politanus.utpote
3474 5463 3507 5501 a
3520 5446 3690 5501 beato

244 5538 336 5590 τοῦ
369 5510 654 5615 μαέαρίοο
693 5510 1011 5600 Μαξγιμξωνᾶ
1065 5532 1163 5583 τοῦ
1210 5510 1655 5598 Ἵεροσολυμίεου
1709 5528 1833 5601 ὁμο]

2103 5534 2289 5589 aximo
2330 5533 2869 5605 llierosolymitano
2903 5533 3180 5605 episcopo
3234 5552 3302 5590 ac
3351 5537 3692 5591 confessore

233 5635 407 5707 γητοῦ
461 5626 788 5688 ἐπισκόπου
851 5620 955 5688 τήν
1006 5617 1184 5673 πίστιν
1216 5616 1363 5693 ἔχων
1394 5620 1539 5692 σαφῆ
1592 5624 1691 5688 τῆς
1748 5620 1822 5692 ὁρι

2098 5623 2346 5680 ιὶὶιΟΙὶοεε
2380 5624 2519 5679 ﬁdei
2570 5623 2859 5679 institutis
2891 5623 3156 5690 edoctus,
3208 5632 3451 5698 propter
3489 5624 3687 5697 Cyrilli

284 5766 361 5841 (α)
395 5763 583 5823 Verbi
618 5753 861 5833 potest.
895 5748 1198 5807 Hilarionis
1228 5747 1397 5820 ﬁlius.
