4024 6380
474 387 594 450 295
1715 378 2096 441 VETERUM
2139 377 2649 441 TESTIMONIA.
3735 387 3829 452 296

477 520 666 575 olium
687 518 760 576 ad
793 517 1072 574 Acacium
1095 533 1224 572 sese
1243 516 1404 587 [non]
1431 514 1721 586 adjunxit.
1744 514 1852 578 Qui
1885 513 2062 585 quide

2241 508 2442 582 δοξίας,
2471 510 2562 567 διὰ
2587 513 2687 581 τὴν
2719 513 2858 588 πρὸς
2887 512 2980 569 τὸν
3033 509 3308 586 Κῦριλλον
3342 512 3580 590 ἐχθρίαν,
3624 516 3689 589 (a)
3715 516 3829 591 [οὐκ]

477 611 786 682 aliquanto
821 615 1087 679 tempore
1119 606 1470 662 catholicam
1505 605 1683 660 fidem
1731 603 2066 676 amplecten

2240 601 2403 676 ἐμίγη
2431 608 2549 665 τοῖς
2579 602 2706 678 περὶ
2767 606 3037 673 ’Δκάκιον,
3067 601 3374 677 ὁρθοόὀξως
3435 605 3525 676 μὲν
3571 603 3701 680 ἔχων
3729 604 3829 683 ἄχρι

477 701 782 774 dignitatis
816 716 938 756 suae
965 697 1294 754 retinendas
1323 696 1512 769 gratia
1540 694 1955 750 dissimulavit.

2239 696 2455 766 καιροῦ,
2491 692 2914 770 ὑποκρινόμενος
2947 691 3006 750 δὲ
3037 691 3126 748 διὰ
3153 693 3242 749 τὸν
3274 690 3415 748 ’ἴδιον
3449 693 3647 770 Θρόνον.

1789 823 1858 876 Et
1901 820 2142 890 ejusdem
2182 819 2368 875 haeres.
2413 823 2440 891 §
2480 823 2570 876 27.

548 945 692 999 Nam
719 959 854 998 cum
887 959 920 998 a
946 957 1007 998 se
1039 941 1293 996 invicem
1339 939 1620 1011 Opinione
1670 954 1792 992 non
1825 937 2128 1008 discrepa-

2308 937 2376 991 ’Ἃ
2403 936 2505 1010 γὰρ
2536 933 2756 998 ἕκαστος
2807 934 3048 1011 ἐφρόνει,
3104 939 3276 992 ταῦτα
3329 937 3420 992 καὶ
3448 937 3475 991 ὁ
3501 933 3670 1012 ἕτερος
3699 939 3829 1013 εἶχεν,

475 1039 631 1098 rent,
663 1032 1056 1088 nihilominus
1083 1037 1275 1086 certas
1307 1029 1369 1083 in
1399 1027 1686 1083 factiones
1723 1026 1934 1081 divulsi
1967 1042 2064 1081 sur

2240 1024 2314 1087 εἷς
2348 1023 2628 1100 σχίσματα
2679 1023 2736 1081 δὲ
2789 1023 3117 1101 διῃρέθησαν
3169 1025 3307 1102 πρὸς
3339 1023 3634 1097 ἀλλήλους,
3659 1027 3690 1096 ἢ
3720 1028 3829 1099 μίσει

475 1123 614 1177 dum
648 1123 904 1194 privatas
922 1122 1078 1176 inter
1100 1137 1161 1176 se
1181 1118 1514 1175 simultates
1533 1123 1814 1174 exercent
1837 1133 1850 1170 :
1872 1133 1940 1170 eo
1967 1133 2064 1188 qm

2237 1116 2340 1171 τινὶ
2373 1120 2452 1188 τῷ
2497 1116 2634 1190 πρὸς
2665 1113 2976 1187 ἀλλήλους,
3007 1113 3096 1171 διὰ
3122 1117 3184 1172 τὸ
3217 1115 3489 1189 Κύριλλον
3522 1117 3608 1171 τὸν
3637 1117 3826 1189 Ἱεραπο-

478 1211 734 1284 Cyrillus
785 1209 1380 1282 llierosolymitanus,
1413 1208 1664 1280 [CCLIII]
1698 1212 1757 1262 et
1805 1205 2067 1277 Eutychil

2239 1204 2474 1278 λυμίτην
2510 1206 2647 1279 πρὸς
2704 1203 2976 1282 Εὖτῦχιον
3009 1203 3157 1282 ἔχειν
3217 1211 3406 1279 μῆνιν,
3463 1205 3552 1261 καὶ
3604 1204 3821 1282 an-51m

478 1308 716 1357 mutuas
747 1301 1092 1356 inimicitias
1120 1299 1389 1355 foverent
1413 1315 1425 1353 :
1459 1298 1713 1370 Cyrillus
1736 1314 1871 1352 vero
1899 1312 1932 1351 a
1963 1297 2067 1351 Bas

2235 1295 2374 1365 πρὸς
2407 1291 2709 1368 Κύριλλονο
2758 1297 2894 1350 εἶναι
2945 1292 3002 1352 δὲ
3029 1295 3121 1350 τὸν
3155 1293 3436 1372 Κύριλλον
3468 1296 3579 1369 ἅμα
3607 1295 3821 1369 Βασιλείᾳ

483 1391 547 1446 1ἱί
581 1391 801 1447 Galatae
830 1396 888 1446 et
916 1390 1130 1446 Aniani
1163 1389 1263 1460 qui
1295 1387 1624 1444 Antiochiae
1656 1387 1970 1443 ordinatus
2001 1402 2072 1441 er;

2232 1388 2312 1456 τῷ
2367 1382 2606 1460 Γαλάτῃ,
2655 1383 2746 1440 καὶ
2798 1385 3028 1459 Ἀνιανῷ
3085 1389 3164 1458 τῷ
3221 1381 3602 1450 κατασταθέντι
3632 1383 3710 1440 ἐπὶ
3751 1391 3819 1455 τῆς

463 1480 804 1552 episcopus,
832 1496 900 1536 ac
931 1479 1160 1552 Georgii
1197 1477 1510 1534 Laodiceni
1541 1477 1814 1550 partibus
1845 1480 2048 1532 staret.

1899 1480 2048 1531 aret.
2237 1472 2598 1549 Ἀντιοχείας,
2629 1473 2720 1529 καὶ
2749 1473 3009 1551 Γεωργίῳ
3033 1477 3114 1547 τῷ
3148 1469 3488 1537 Λαοδικείας.

2035 1601 2119 1658 Et
2156 1601 2187 1676 §
2229 1605 2316 1658 37.

538 1734 620 1786 Ex
652 1732 764 1788 hoc
798 1730 959 1785 enim
991 1744 1165 1801 grege
1189 1726 1555 1782 Cesariensis
1603 1725 1853 1780 Euzoius
1904 1725 2127 1798 prodiit

2301 1724 2388 1796 Ἐξ
2436 1723 2613 1780 αὐτῶν
2672 1724 2774 1801 γὰρ
2829 1723 3075 1795 Εὖζώῖος
3106 1725 3136 1780 ὁ
3167 1724 3221 1780 ἐν
3275 1723 3567 1800 Καισαρείᾳ
3621 1725 3818 1797 μαθητὴς

461 1821 703 1876 illorum
733 1819 1085 1891 discipulus,
1121 1817 1222 1888 qui
1255 1822 1386 1888 post
1420 1815 1699 1870 Acacium
1732 1815 1784 1870 ei
1818 1814 1945 1869 sedi
1976 1832 2050 1887 pr.

2235 1812 2455 1870 ἐκείνων
2517 1814 2822 1890 ὑπάρχων,
2891 1813 2935 1869 εἰ
2984 1816 3076 1870 καὶ
3157 1815 3248 1870 τὸν
3304 1815 3553 1872 Ἀκάκιον
3605 1810 3816 1886 διεδέξατο

457 1909 590 1977 fuit,
627 1927 762 1964 cum
795 1915 932 1965 ante
965 1906 1410 1962 Philumenusa
1439 1904 1658 1978 Cyrillo
1694 1903 2046 1976 llierosolyn

2239 1905 2372 1979 μετᾶ
2401 1905 2726 1959 κατάστασιν
2773 1902 3124 1977 Φιλουμὲνου
3160 1909 3259 1960 τοῦ
3309 1905 3413 1960 ὑπὸ
3473 1901 3722 1980 Κυρίλλου
3751 1903 3817 1956 τοῦ

459 2005 599 2056 tano
631 2001 690 2055 in
725 2000 829 2054 illa
859 1997 1218 2054 constitutus
1249 1995 1460 2050 fuisset
1490 2011 1504 2048 :
1529 2011 1596 2049 ac
1618 1993 1832 2049 deinde
1863 1994 2046 2065 Cyrill

2231 1993 2680 2066 Ἰεροσολυμίτου
2733 1993 3156 2056 κατασταθὲντος
3235 1993 3326 2049 καὶ
3390 1993 3522 2068 μετᾶ
3553 1989 3814 2048 κατάστασιν

458 2088 658 2145 senior
687 2088 911 2143 ibidem
955 2087 1027 2143 ab
1085 2085 1372 2156 Eutychio
1423 2083 1750 2139 collocatus
1781 2100 1849 2138 ac
1876 2083 2047 2139 demu

2229 2082 2512 2158 Κυρξλλου
2562 2087 2661 2140 τοῦ
2687 2084 2965 2160 γέροντος,
2997 2088 3098 2139 τοῦ
3130 2084 3236 2139 ἅπό
3265 2087 3376 2140 τῶν
3433 2083 3554 2156 περὶ
3601 2079 3813 2155 Εὐτύχιον

457 2178 725 2234 Gelasius
753 2178 826 2233 ab
862 2175 1082 2249 Cyrillo
1104 2173 1668 2244 Hierosolymitano,
1692 2175 1864 2243 cujus
1896 2190 2046 2228 sorm

2226 2173 2644 2238 κατασταθέντος
2721 2172 2811 2229 καὶ
2892 2173 3028 2246 μετὰ
3083 2173 3408 2228 κατάστασιν
3463 2170 3704 2228 Γελασῖου
3746 2169 3813 2222 τοῦ

457 2275 586 2326 erat
616 2269 796 2338 ﬁlius,
826 2284 1034 2323 rursus
1075 2271 1234 2321 esset
1280 2265 1619 2336 impositus.
1671 2264 1817 2318 Cum
1863 2264 2022 2319 enim

2228 2263 2332 2318 ὑπὸ
2395 2261 2708 2337 Κυρίλλου,
2767 2260 2920 2328 αὖθις
2975 2266 3072 2318 τοῦ
3119 2260 3556 2340 Ἱεροσολυμίτου
3603 2277 3811 2315 καταστα-

457 2365 578 2414 tres
603 2359 729 2414 illic
764 2357 1019 2412 ordinati
1068 2355 1283 2421 forent,
1317 2360 1376 2409 et
1405 2353 1480 2408 ob
1512 2359 1750 2408 mutuas
1783 2353 2046 2409 simultat

2226 2352 2428 2416 θέντος·
2480 2353 2531 2424 ἐξ
2588 2350 2829 2432 ἀδελφῆς
2881 2354 2984 2429 γὰρ
3043 2351 3208 2408 αὐτοῦ
3267 2351 3550 2429 ἐτύγχανε.
3594 2353 3811 2407 Καταπα-

458 2447 743 2520 dignitate
777 2446 1119 2514 cessissent,
1144 2442 1528 2517 postmodum
1560 2441 1766 2497 Euzois
1805 2443 2009 2498 sedem
2039 2445 2047 2498 i

2224 2444 2423 2507 θέντων
2483 2441 2588 2518 γὰρ
2641 2446 2749 2498 τῶν
2807 2445 3000 2518 τριῶν,
3061 2441 3152 2497 καὶ
3214 2441 3563 2519 ἀργησάντων
3621 2435 3698 2494 διὰ
3739 2435 3808 2502 τήν

469 2537 590 2593 lam
621 2537 898 2594 obtinuit.

2222 2532 2360 2608 πρὸς
2390 2529 2678 2604 ἀλλήλους
2730 2527 2869 2608 ἔριν,
2901 2532 3052 2596 αὗθις
3111 2533 3140 2588 ὁ
3193 2531 3590 2610 προειρημένος
3620 2527 3809 2598 Εὖζώϊος

2224 2623 2524 2693 κατεστάθη
2537 2666 2549 2678 .

889 2757 1136 2825 Ruﬁnus,
1169 2754 1386 2809 Histor.
1428 2751 1780 2819 ecclesiast.,
1816 2751 1911 2807 lib.
1941 2768 1981 2820 ι,
2014 2769 2132 2824 cap.
2167 2751 2262 2821 23,
2294 2752 2426 2808 edit.
2461 2769 2554 2809 an.
2586 2751 2748 2818 1526,
2779 2753 2864 2808 vel
2893 2752 2964 2810 22
2993 2754 3124 2809 edit.
3158 2769 3254 2808 an.
3297 2755 3448 2809 1580.

529 2871 954 2944 Hierosolymis
984 2887 1120 2926 vero
1152 2869 1405 2941 Cyrillus
1437 2875 1572 2941 post
1603 2869 1940 2936 Maximum,
1977 2867 2306 2925 sacerdotio
2339 2868 2586 2924 confusa
2601 2868 2730 2941 jam
2787 2868 3166 2925 ordinatione
3221 2873 3519 2943 suscepto,
3549 2857 3796 2936 aliquando

457 2965 520 3020 in
552 2963 689 3031 ﬁde,
725 2963 944 3035 saepius
976 2961 1038 3017 in
1061 2961 1480 3016 communione
1511 2959 1790 3016 variabat.

1831 3077 2000 3133 Idem.
2035 3077 2132 3133 lib.
2181 3092 2220 3147 ι,
2260 3093 2381 3148 cap.
2417 3077 2506 3130 37.

531 3207 788 3280 Cyrillus
819 3211 954 3279 post
984 3205 1301 3261 Maximum
1325 3205 1728 3262 confessorem
1771 3205 2112 3279 Hierosoly-
2142 3209 2185 3276 C
2224 3206 2384 3279 genti
2413 3205 2894 3262 consideratione
2922 3206 3145 3271 habita,
3177 3207 3278 3264 vel
3302 3225 3372 3264 ex
3401 3207 3472 3263 iis
3500 3219 3614 3277 qua)
3638 3199 3688 3254 iu
3719 3196 3811 3250 Da-

459 3314 592 3354 mus
610 3295 940 3352 hahebatur
961 3295 1296 3366 eqiscopus.
1316 3295 1742 3368 Apertisigitur
1762 3296 2112 3352 fundamen-
2224 3295 2401 3351 nielis
2432 3297 2743 3367 prophetia
2764 3296 2837 3351 de
2861 3297 3230 3368 temporibus
3259 3298 3494 3371 legerat,
3521 3292 3594 3346 vel
3613 3283 3808 3359 quodin

459 3388 558 3453 tis,
591 3386 784 3442 calces
815 3385 1322 3456 fundamentaque
1353 3384 1639 3441 adhibita.
1671 3385 1826 3441 Nihil
1859 3385 2106 3442 omnino
2222 3387 2554 3460 Evangeliis
2586 3387 2875 3444 Dominus
2904 3388 3291 3460 praedixerat,
3325 3384 3646 3462 persisteret.
3672 3371 3806 3462 nullo

459 3477 664 3532 deerat
685 3475 829 3548 quin
854 3475 948 3530 die
969 3480 1224 3546 postera,
1258 3474 1557 3530 veteribus
1597 3474 1926 3530 deturbatis
1962 3491 2114 3532 nova
2223 3459 2403 3532 modo
2423 3477 2549 3532 fieri
2583 3493 2776 3548 posse,
2810 3484 2876 3532 ut
2905 3459 2986 3533 ibi
3019 3494 3054 3534 a
3079 3459 3486 3551 Iudaeis—lapis
3510 3483 3658 3542 super
3683 3459 3814 3532 ὶίὶΡί·

448 3565 724 3640 jacerent
747 3564 1161 3620 fundamenta.
1194 3565 1340 3620 Cum
1382 3569 1582 3620 tamen
1625 3564 1940 3636 episcopus
1972 3563 2110 3621 dili-
2223 3565 2358 3623 dem
2393 3571 2732 3638 poneretur.
2766 3568 2879 3625 Res
2910 3573 3038 3624 erat
3067 3568 3128 3624 in
3155 3565 3608 3643 exspectatione,
3635 3559 3727 3610 etc.

1851 3690 2023 3748 Idem.
2047 3689 2142 3746 lib.
2172 3709 2232 3759 ιι,
2265 3708 2387 3757 cap.
2421 3692 2484 3745 21

524 3818 696 3890 Apud
723 3815 1141 3874 Alexandriam
1175 3815 1460 3875 dnfuncto
1491 3816 1666 3870 Petro
1709 3814 2074 3885 Timotheus,
2107 3820 2166 3872 et
2193 3822 2328 3890 post
2356 3816 2517 3873 hunc
2545 3777 2927 3891 ‘Theophilus,
2963 3819 3026 3875 in
3059 3819 3489 3896 Hierosolymis
3516 3816 3687 3871 autem
3711 3801 3812 3878 post

454 3907 740 3980 Cyrillum
771 3909 1026 3962 Joannes
1057 3906 1416 3977 apostolicas
1446 3909 1727 3976 reparant
1750 3904 1940 3960 sedes.

525 4006 675 4061 Idem
705 4007 930 4075 Ruﬁnus
959 4007 1018 4059 in
1058 4020 1212 4060 suam
1244 4005 1629 4076 expssitionem
1654 4005 1891 4074 symboli
1919 4004 2094 4062 multa
2145 4021 2214 4062 ex
2243 4007 2440 4077 Cyrilli
2495 4006 2886 4078 catechesibus,
2936 4008 3256 4082 praesertim
3287 4010 3372 4078 13,
3399 4009 3462 4063 14
3491 4008 3544 4060 et
3572 4001 3648 4068 18,
3673 4008 3720 4051 eo
3743 3989 3809 4044 ἰη-

452 4095 734 4151 nominato
765 4093 1070 4151 transtulit.
1921 4127 1947 4144 ο
2649 4093 2654 4100 ’

1526 4194 1584 4250 8.
1617 4194 1983 4265 Hieronymus
2011 4197 2072 4252 in
2103 4197 2394 4255 Chronico
2425 4199 2500 4255 ad
2519 4215 2651 4255 ann.
2681 4201 2808 4255 349.

524 4291 1022 4366 Quadragesimus
1053 4291 1340 4347 Maximus
1375 4295 1511 4362 post
1549 4291 1868 4346 Macarium
1903 4293 2108 4350 Hiero—
2219 4297 2518 4370 episcopis
2577 4299 2818 4354 Arianis
2873 4299 3258 4372 episcopatus
3317 4270 3805 4371 permitteretur..5i

457 4383 823 4454 solymorum
853 4383 1169 4455 episc0pus
1199 4381 1469 4436 moritur.
1505 4381 1643 4436 Post
1673 4397 1852 4452 quem
1907 4384 2110 4440 Eccle-
2219 4385 2656 4443 ordinationem
2719 4387 2954 4443 Maximi
3015 4387 3417 4460 repudiasset,
3471 4382 3722 4438 diaconus
3761 4373 3804 4414 ιιι

461 4473 612 4527 siam
633 4471 835 4527 Ariani
868 4471 1174 4537 invadunt,
1207 4470 1266 4526 id
1299 4475 1407 4534 est,
1439 4469 1718 4541 Cyrillus,
1753 4472 2107 4545 Eutychius;
2221 4475 2487 4532 Ecclesia
2511 4475 2994 4533 administravit:
3032 4476 3106 4534 ob
3161 4494 3338 4550 quam
3369 4470 3704 4544 impietatem
3737 4465 3802 4507 εδ·

451 4577 694 4617 rursum
715 4561 991 4634 Cyrillus,
1011 4564 1309 4628 Irenaeus;
1335 4560 1510 4614 tertio
1529 4560 1806 4634 Cyrillus,
1830 4563 2109 4632 Hilarius;
2221 4565 2471 4620 cerdotii
2508 4565 2782 4622 mercede
2814 4572 3122 4638 pensatus,
3156 4564 3508 4628 Heraclium,
3540 4565 3696 4628 quem
3721 4553 3808 4636 mf"

451 4655 662 4723 quarto
691 4650 966 4722 Cyrillus.
1018 4651 1280 4716 Quorum
1326 4647 1583 4722 Cyrillus
1627 4666 1763 4705 cum
1794 4667 1830 4706 a
1860 4653 2110 4708 Maximo
2222 4653 2385 4710 riens
2411 4655 2698 4711 Maximus
2731 4656 2795 4712 in
2827 4673 3002 4712 suum
3035 4655 3235 4713 locum
3279 4645 3662 4712 substituerat,
3689 4639 3809 4687 Vana

447 4741 662 4798 fuisset
685 4741 994 4814 presbyter
1035 4740 1370 4806 ordinatus,
1424 4745 1483 4794 et
1511 4745 1646 4812 post
1695 4748 1948 4798 mortem
1981 4743 2112 4816 ejus
2144 4725 2188 4790 Ι)
2221 4741 2430 4799 fraude
2463 4744 2819 4802 sollicitatus
2851 4746 2924 4818 (b)
2957 4745 3028 4802 de
3061 4747 3338 4819 episcopo
3369 4743 3430 4798 in
3459 4728 3809 4812 presbyterum

450 4831 534 4888 ita
563 4833 616 4889 ei
650 4831 724 4888 ab
755 4832 968 4889 Acacio
1018 4831 1300 4905 episcopo
1353 4829 1702 4885 Caesariensi
1758 4837 1818 4886 et
1875 4833 2113 4890 caeteris
2224 4835 2590 4908 regradavit.

1374 4927 1547 4992 Idem,
1584 4929 1644 4983 in
1684 4929 1960 5005 Catalogo
2011 4932 2282 5004 scriptor.
2327 4934 2626 5004 ecclesiat,
2669 4951 2792 5006 cap.
2827 4937 2949 4991 112.
3749 4999 3760 5020 ,

517 5033 772 5104 Cyrillus
823 5031 1249 5104 Hierosolyma
1307 5035 1646 5108 episcopus,
1704 5050 1866 5106 smpe
1891 4999 2106 5104 pulsus

2287 5031 2574 5105 Κύριλλος
2613 4999 3037 5108 ,Ἱεροσολύμων
3086 5033 3410 5098 ἐπίσκοπος,
3459 4999 3807 5113 ﬁniam}?

445 5098 709 5176 Ecclesia
745 5125 804 5174 et
833 5098 1125 5192 receptus,
1159 5121 1232 5177 ad
1266 5098 1599 5180 extremum
1632 5098 1741 5179 sub
1777 5098 2034 5178 'l‘heodos

2217 5098 2382 5186 ωθείς
2394 5129 2496 5193 τῆς
2529 5098 2881 5195 Ἐκκλῇσίας,
2917 5098 3164 5196 ’ὔστερον
3225 5115 3508 5180 Θεοδοσίου
3541 5098 3804 5196 βασξλεῦοψ

445 5207 736 5279 principe,
769 5214 898 5264 octo
928 5211 1104 5265 annis
1129 5211 1556 5269 inconcussum
1581 5212 1994 5284 episcopatum
2029 5219 2034 5263 1

2219 5232 2331 5282 τος,
2363 5210 2450 5267 ἐπὶ
2503 5211 2784 5277 ἐνιαυτοὺς
2814 5211 2960 5268 ὀκτὼ
3017 5212 3310 5270 ἀσάλευτον
3341 5204 3465 5281 ἔσχε
3517 5199 3608 5264 τήν
3633 5191 3808 5246 έπ⁸⁶κ⁰’

444 5293 593 5350 nuit.
628 5297 875 5352 Exstant
895 5299 1026 5370 ejus
1053 5299 1416 5370 catecheses,
1441 5317 1590 5374 quas
1615 5299 1675 5356 in
1696 5300 2033 5358 adolescenl

2217 5303 2350 5372 πήν·
2385 5301 2608 5366 οὗτινός
2667 5302 2802 5358 εἰσιν
2838 5305 3204 5381 κατηχήσεις,
3236 5301 3300 5365 ’ὰς
3321 5300 3374 5356 ἐν
3401 5298 3467 5370 τῇ
3494 5285 3685 5353 νεότητι
3710 5285 3805 5324 συν⁸

451 5386 811 5458 composuit.

2220 5391 2398 5463 ἔταξεν
2410 5436 2421 5449 .

528 5567 608 5639 (α)
634 5563 1072 5653 ΟὖκοΡθιᾶνίιιε
1092 5571 1348 5653 ‘omnino
1380 5573 1834 5653 expungendam
1864 5582 2070 5653 censet
2107 5576 2365 5651 negandi
2419 5577 2774 5650 particulam
2806 5595 2822 5650 ;
2855 5577 3124 5652 alioquin
3155 5595 3284 5653 qua;
3331 5571 3422 5630 hic
3450 5559 3716 5622 dicuntur,
3740 5535 3808 5594 eis

459 5655 604 5784 qua
623 5641 1062 5770 ἓτοξέἷῗίὲίῗᾶιέεθ
1092 5641 1409 5715 habentur,
1438 5641 1616 5718 plane
1649 5649 1949 5706 contraria
1979 5655 2139 5708 sunt.
