4024 6380
447 373 569 434 303
1692 364 2073 429 VETERUM
2117 357 2635 424 TESTIMONIA.
3732 374 3827 436 304

448 505 552 576 qui
584 505 761 577 paulo
794 510 970 560 antea
1001 506 1175 559 Petro
1206 504 1371 559 fratri
1404 519 1510 559 suo
1540 519 1610 559 ex
1642 502 1751 558 hac
1797 500 1928 555 luce
1956 497 2037 554 sul

2233 492 2638 566 τετελευτηκότα
2676 492 2883 568 Ῑιὲτρον
2943 490 3179 559 ἀδελφὸν
3238 517 3373 552 οντα
3430 497 3585 554 αὐτοῦ
3614 497 3822 575 διαδεξά-

448 594 570 650 lato
603 595 663 648 in
698 595 1042 666 episcopatu
1091 600 1498 660 successerat;
1549 598 1773 647 etcum
1806 607 1876 646 eo
1928 587 2036 643 Mel

2236 604 2400 648 ιενος·
2459 583 2551 638 καὶ
2612 580 2877 645 Μελὲτιος
2931 584 2960 639 6
3022 583 3364 661 Ἀντιοχείας
3422 585 3717 662 ἐπίσκοπος,
3741 590 3825 665 ἤδη

454 685 573 740 tius
604 684 918 756 episcopus
947 684 1296 751 Antiochia),
1328 683 1429 754 qui
1472 699 1592 737 non
1640 682 1723 737 ita
1753 678 1980 736 dudum
2011 695 2043 732 o

2235 674 2411 751 τρώην
2466 672 2545 735 εἰς
2610 672 3189 729 Κωνσταντινούπολιν
3269 672 3362 730 διὰ
3422 677 3520 746 τὴν
3578 683 3824 757 Γρηγορίοι

452 774 777 829 dinationis
810 774 1070 845 Gregorii
1101 791 1280 830 causa
1317 768 1899 842 Constantinopolim
1929 766 2041 824 adv

2243 764 2537 819 ιατάστασιν
2594 759 2945 838 ἀφικόμενος·
3000 762 3092 819 καὶ
3147 762 3429 839 Κύριλλος
3486 768 3515 821 6
3572 770 3832 844 Ἱεροσολύ.

453 869 625 920 nerat
647 884 662 930 ;
688 869 744 918 et
767 864 1018 935 Cyrillus
1047 865 1362 936 episcopus
1393 860 1962 931 Hierosolymorum,
1984 872 2042 929 pc

2239 875 2361 926 ιων,
2396 850 2801 927 μεταμεληθεὶς
2851 852 2977 909 τότε
3029 851 3113 909 ὅτι
3145 852 3417 930 πρότερον
3444 855 3510 912 τὰ
3541 855 3828 916 Μακεδονία.)

459 953 712 1009 nitentia
744 958 869 1009 tum
901 952 1113 1010 ductus
1145 953 1305 1027 quod
1349 950 1619 1026 opinioni
1653 946 1980 1006 Macedonii
2011 962 2118 1002 an-
2227 942 2466 1022 ἑφρόνει.

458 1044 633 1101 tehac
676 1044 1048 1102 adhaesisset.

1835 1183 2005 1240 Idem,
2037 1178 2137 1230 lib.
2167 1191 2266 1237 vn,
2289 1191 2408 1241 cap.
2432 1177 2511 1228 14.

530 1314 646 1368 Nec
676 1311 870 1368 multo
900 1316 1055 1383 post.
1087 1309 1395 1366 Timotheo
1445 1311 1504 1363 et
1544 1303 1763 1379 Cyrillo
1793 1301 1914 1359 fato
1946 1300 2115 1356 func-

2298 1292 2379 1353 Οὐ
2408 1290 2609 1383 πολλῷ
2639 1290 2697 1349 δὲ
2743 1292 2964 1383 ὕστερον
2995 1296 3289 1383 ⁸Τιμοθέου
3337 1298 3430 1352 καὶ
3482 1296 3742 1373 Κυρίλλου
3762 1301 3828 1354 τὸν

458 1402 553 1469 tis,
610 1380 1350 1456 succedit—Alexandrina
1408 1395 1535 1453 sedi
1582 1391 1989 1465 Theophilus,

2235 1383 2349 1461 βίον
2411 1382 2931 1458 μεταλλαξαμίνων,
2989 1380 3302 1461 διαδὲχεται
3341 1386 3438 1441 τὸν
3491 1384 3824 1464 Ἀλεξανδρέων

458 1491 1012 1564 Hierosolymitanze
1041 1491 1322 1547 Joannes.

2229 1472 2419 1550 θρόνον
2452 1471 2745 1552 Θεόφιλος,
2774 1474 2866 1529 τὸν
2899 1470 2958 1530 δὶ
2988 1473 3391 1551 Ἰεροσολύμων
3436 1475 3702 1548 Ἰωάννης.

1464 1625 2066 1691 ΤΙιεοάοι-ειιιεᾘίειοτ.
2106 1619 2408 1672 ecclesiast.
2440 1621 2541 1672 lib.
2573 1635 2634 1672 ιι.
2665 1637 2784 1685 cap.
2805 1621 2887 1673 26.

536 1757 1084 1829 Hierosolymorum
1113 1771 1252 1811 vero
1302 1753 1723 1822 sacerdotium,
1755 1753 1892 1824 post
1920 1749 2110 1803 Maca-

2293 1744 2412 1796 Τῶν
2455 1738 2515 1797 δέ
2567 1762 2630 1818 γε
2685 1739 3114 1816 Ἰεροσολύμων,
3167 1741 3305 1817 μετά
3352 1741 3623 1829 Μακάριον
3669 1742 3824 1797 ἐκεῖνον

461 1848 620 1903 rium
652 1828 845 1912 illum,
879 1846 1050 1917 cujus
1081 1846 1209 1918 jam
1240 1850 1417 1900 antea
1445 1842 1811 1900 mentionem
1841 1839 2050 1895 fecimu

2232 1831 2288 1887 οὗ
2314 1830 2595 1918 πολλάκις
2623 1830 2928 1905 ἐμνήσθην,
2961 1832 3213 1905 Μάξιμος
3263 1828 3675 1918 τήνῗπροεδρίαν
3699 1832 3821 1906 παρί-

467 1937 751 1993 Maximus
786 1915 1068 2007 suscepit,
1083 1915 1186 1990 “vir
1214 1935 1314 2007 qui
1346 1951 1452 2007 pro
1483 1934 1722 2007 pietatis
1767 1930 2056 1987 defensio:

2236 1915 2391 1977 λαϐεν
2428 1965 2443 1992 ,
2503 1921 2641 1998 ἀνὴρ
2716 1920 2771 1977 ἰν
2828 1926 2947 1986 τοῖς
3023 1920 3157 1997 ὑπερ
3230 1917 3508 1985 εὐσεϐείας
3580 1918 3825 1995 διαπρέψας

466 2026 526 2081 ἱη
548 2026 1032 2098 persecutionum
1052 2025 1477 2081 certaminibus
1492 2024 1886 2088 inclaruerat;
1910 2036 2049 2075 nam

2235 2009 2421 2086 ἀγῶσιο
2476 2009 2568 2065 τόν
2627 2030 2685 2066 τε
2741 2010 2845 2087 γὰρ
2905 2007 3084 2098 δεξιὸν
3135 2006 3425 2085 ὄφθαλμον
3485 2010 3734 2086 ἀφῄρητο,
3758 2007 3824 2063 καὶ

466 2097 637 2171 oculo
668 2115 874 2171 dextro
925 2115 1187 2179 orbatus,
1221 2120 1280 2170 et
1307 2115 1513 2171 dextro
1546 2113 1727 2187 polite
1776 2111 2055 2167 debilitat

2231 2105 2325 2169 τῆς
2359 2100 2605 2177 ἀγκύλης
2632 2098 2889 2176 ἐστίρητο
2937 2106 3038 2171 τῆς
3070 2097 3271 2172 δεξιᾶς.
3303 2101 3517 2158 Τούτου
3568 2098 3622 2156 δί
3669 2120 3733 2161 εις
3755 2099 3820 2153 τὸν

464 2205 679 2262 fuerat.
714 2207 838 2271 Quo
887 2205 1103 2261 deinde
1152 2204 1227 2262 ad
1273 2186 1677 2260 immortalem
1718 2202 1897 2257 vitam
1930 2206 2053 2256 tran

2235 2188 2421 2263 ἀγήρω
2455 2189 2816 2262 μεταστάντος
2875 2188 3018 2264 βίον,
3077 2187 3365 2264 Κύριλλος
3393 2195 3493 2259 τῆς
3522 2186 3824 2254 ἕπισκοπικῆς

464 2297 604 2361 lato,
640 2296 895 2366 Cyrillus
926 2296 1269 2367 apostolica
1300 2294 1587 2349 doctrinm
1628 2292 1953 2347 acerrimus
1986 2306 2053 2363 pr

2235 2286 2460 2363 χάριτος
2489 2288 2725 2359 ἠξιώθη,
2755 2292 2865 2343 τῶν
2915 2285 3299 2344 ἀποπολικῶν
3362 2286 3641 2365 δογμάτων
3665 2282 3824 2362 προθύ-

468 2390 780 2457 pugnator,
814 2384 1209 2456 episcopalem
1244 2383 1495 2456 gratiam
1518 2382 1863 2453 promeruit.
1899 2381 1965 2435 Hi
1989 2396 2057 2435 cu

2237 2399 2353 2453 μως
2388 2379 2750 2456 ὑπερμαχῶν.
2774 2377 2940 2437 Οὗτοι
2961 2379 3099 2453 πρὸς
3130 2376 3425 2449 ἀλλήλους
3454 2378 3574 2454 περὶ
3603 2373 3826 2452 πρωτείων

470 2474 542 2528 de
566 2474 824 2544 primatu
848 2473 1005 2528 inter
1027 2490 1089 2527 se
1111 2472 1565 2539 contenderent,
1594 2469 1936 2542 reipublieaa
1958 2469 2059 2524 Chl

2239 2465 2666 2544 φιλονεικοῦντες
2716 2467 2986 2543 μεγίστων
3034 2470 3216 2522 κακῶν
3271 2472 3395 2531 τοῖς
3441 2466 3634 2528 κοινοὶς
3675 2462 3828 2539 ἐγένον-

474 2563 683 2617 stiana:
705 2561 1188 2634 gravissimorum
1212 2561 1505 2617 malorum
1528 2577 1765 2616 causam
1796 2558 2063 2632 prmbuer

2241 2579 2294 2613 το
2353 2557 2605 2629 πρόξενοι
2640 2604 2653 2617 .
2711 2558 2773 2615 Ὁ
2853 2557 2949 2631 μὲν
3007 2559 3113 2635 γὰρ
3179 2558 3443 2621 ’Δκάκιος
3499 2558 3678 2632 μικράς
3723 2570 3830 2612 τινες

471 2654 614 2706 Nam
644 2652 890 2706 Aeacius
923 2650 1163 2722 quidem
1198 2650 1307 2708 levi
1340 2650 1595 2723 quadam
1628 2649 1939 2706 occasione
1968 2663 2060 2703 arr

2236 2648 2407 2722 εὑρὼν
2441 2648 2714 2724 ἀφορμὰς,
2764 2647 2986 2703 καθεῖλε
3041 2648 3135 2703 τὸν
3193 2647 3512 2723 Κυριλλον,
3541 2643 3825 2702 καὶτῶνῚε·

470 2748 571 2815 pta
605 2741 892 2813 Cyrillum
925 2743 1301 2814 deposuerat,
1336 2748 1395 2798 et
1425 2740 1852 2814 Hierosolymis
1884 2738 2059 2811 expul

2236 2735 2495 2811 σολύμων
2544 2736 2827 2808 ἐξήλασεν.
2859 2737 2922 2795 Ὀ
2954 2733 3012 2791 δὲ
3069 2734 3362 2813 Κύριλλος
3418 2738 3516 2807 τὴν
3553 2736 3638 2809 μὲν
3668 2726 3824 2790 Ἀντιό-

470 2836 579 2887 rat.
619 2832 873 2903 Cyrillus
904 2848 1040 2886 vero
1071 2833 1444 2888 Antiochiam
1477 2830 1718 2904 quidem
1751 2836 2059 2903 prmtergre

2236 2846 2392 2902 χειαν
2452 2825 2805 2902 παρελήλυθε
2836 2870 2851 2897 ,
2919 2824 3185 2900 ποιμένος
3281 2827 3453 2896 αὐτὴν
3533 2819 3817 2900 ἐστερημένην

480 2939 580 2977 sus
613 2927 721 2990 est,
756 2938 891 2976 eum
922 2938 1053 2977 eam
1102 2928 1336 2994 pastore
1369 2922 1638 2978 orbatam
1685 2921 1949 2986 videret;
1990 2921 2069 2975 Ta

2237 2918 2431 2988 εὑρὼν,
2463 2917 2539 2980 είς
2573 2915 2631 2973 δὲ
2661 2918 2867 2993 Ταρσὸν
2896 2918 3230 2996 ἀφικόμενος
3288 2923 3371 2992 τῷ
3426 2915 3688 2992 θαυμασίῳ
3710 2914 3820 2975 συνῆν

474 3028 606 3066 sum
637 3017 837 3066 autem
870 3010 1170 3082 profectus
1217 3027 1353 3067 eum
1403 3010 1753 3067 admirando
1787 3010 2063 3066 Silvanm

2240 3002 2514 3079 Σιλϐανῷ·
2547 3006 2703 3068 οὗτος
2742 3007 2846 3083 γὰρ
2904 3008 3023 3062 κατ’
3083 3005 3301 3062 ἐκεῖνον
3332 3008 3424 3064 τὸν
3475 3005 3645 3080 καιρὸν
3671 2997 3827 3064 ἐκείνης

476 3100 563 3153 xit
592 3116 603 3155 :
637 3099 734 3154 hic
761 3099 921 3154 enim
950 3116 1018 3154 eo
1045 3104 1308 3171 tempore
1331 3099 1656 3156 Ecelesiam
1678 3099 1845 3155 illam
1875 3098 2065 3154 admin

2238 3098 2394 3165 ἠεῖτο
2449 3103 2551 3167 τῆς
2609 3094 2971 3168 Ἐκκλησίας.
3034 3100 3208 3151 Τοῦτο
3278 3098 3464 3171 μαθὼν
3514 3097 3541 3151 6
3594 3094 3827 3154 Ἀκάκιος,

476 3188 719 3243 strabat.
780 3189 947 3253 Quod
1017 3205 1151 3243 cum
1210 3188 1460 3244 Aeacius
1514 3189 1866 3255 rescivisset,
1902 3188 2065 3243 lilter

2241 3186 2518 3243 ἐπέστειλε
2543 3190 2625 3260 τῷ
2657 3181 2938 3260 Σιλϐανῷ,
2996 3186 3086 3241 καὶ
3143 3188 3254 3257 τήν
3312 3187 3601 3259 καθαίρεσιν
3642 3181 3827 3278 epidic-

475 3276 711 3347 scripsit
741 3276 814 3331 ad
864 3276 1190 3344 Silvanum,
1223 3278 1395 3348 eique
1446 3277 1874 3350 depositionem
1926 3277 2056 3349 Cyri

2241 3275 2440 3353 ρίλλου
2474 3280 2804 3352 μεμήνυκεν.
2836 3278 2899 3336 Ὀ
2943 3274 3001 3333 δὲ
3054 3277 3144 3334 καὶ
3201 3280 3299 3334 τὸν
3335 3277 3589 3352 Κύριλλον
3613 3266 3820 3353 αἰδούμε-

474 3366 789 3421 nuntiavit.
843 3370 916 3420 At
961 3366 1063 3421 ille
1095 3372 1154 3421 et
1182 3367 1469 3439 Cyrillum
1513 3368 1822 3431 reveritus,
1856 3372 1915 3421 et
1942 3382 2063 3438 pop‘

2235 3389 2347 3438 νος,
2380 3367 2469 3424 καὶ
2526 3368 2588 3424 τὸ
2619 3367 2836 3437 πλῆθος
2884 3368 3247 3447 ὑφορώμενος
3306 3367 3496 3440 ἥδιστα
3528 3364 3612 3440 γὰρ
3636 3366 3719 3428 τῆς
3739 3373 3819 3409 του

473 3452 595 3509 lum
642 3455 1063 3520 reformidans,
1098 3461 1306 3527 utpote
1339 3456 1441 3528 qui
1490 3456 1694 3529 Cyrilli
1743 3455 2056 3511 concionib

2239 3457 2517 3535 Κυρίλλου
2558 3456 2911 3521 διδασκαλίας
2967 3457 3259 3533 ἀπέλαυε),
3289 3466 3392 3530 τῆς
3446 3447 3826 3535 ἱκκλησιαστικῆς

474 3543 796 3600 admodum
828 3544 1248 3615 delectaretur,
1282 3562 1417 3601 eum
1465 3545 1536 3601 ab
1570 3544 1976 3602 eeelesiastico
2025 3562 2063 3602 η

2238 3530 2340 3604 οὐκ
2397 3547 2640 3605 ἰκώλυσε
2695 3545 3054 3625 λειτουργίας.
3111 3530 3344 3619 Ἐπειδή
3402 3547 3458 3605 δὲ
3498 3539 3725 3612 συνῆλθον
3768 3530 3827 3625 εἷς

473 3634 724 3691 nisterio
756 3635 1222 3707 haudquaquam
1271 3636 1592 3709 prohibuit.
1628 3638 1810 3692 Porro
1861 3653 1997 3692 eum
2029 3636 2062 3691 S

2236 3640 2333 3711 τήν
2366 3639 2712 3711 Σελεύκειαν,
2744 3619 3023 3695 ἰκοινιύνει
3080 3638 3176 3703 μὶν
3239 3645 3360 3703 τοῖς
3413 3637 3538 3715 ἀρφὶ
3579 3631 3658 3687 τὸν
3703 3619 3825 3715 Βασί-

472 3724 729 3780 leueiam
759 3725 1196 3795 convenissent,
1256 3726 1514 3799 Cyrillus
1553 3742 1690 3782 eum
1742 3726 1980 3793 Basilio,
2012 3727 2057 3781 E

2237 3728 2407 3798 λειον,
2439 3728 2530 3785 καὶ
2561 3729 2891 3799 Εύστάθιον,
2919 3726 3012 3783 καὶ
3062 3721 3359 3803 Σιλϐανὸν,
3392 3724 3479 3783 καί
3496 3713 3611 3784 τοῖς
3654 3713 3826 3803 λοιποῖς

476 3816 734 3886 stathio,
778 3814 1015 3872 Silvano
1066 3831 1133 3871 ac
1189 3798 1444 3887 reliquis
1493 3815 1901 3873 sacerdotibus
1950 3816 2063 3871 sim

2235 3817 2264 3871 6
2297 3814 2568 3892 Κύριλλος
2607 3818 2706 3871 τοῦ
2764 3798 3063 3891 συνεδρίου.
3097 3814 3159 3871 Ὁ
3190 3811 3254 3869 δέ
3283 3798 3356 3891 γε⁷
3401 3811 3634 3869 ’Λκάκιος
3673 3798 3822 3880 ἀφίκε-

470 3905 757 3960 eonsedit.
795 3905 1042 3960 Aeacius
1071 3921 1207 3961 vero
1232 3908 1288 3960 et
1320 3906 1447 3977 ipse
1478 3905 1723 3977 quidem
1754 3906 2009 3962 accessit
2052 3923 2059 3960 ε

2236 3926 2294 3961 το
2329 3906 2426 3979 μὲν
2457 3903 2547 3961 καὶ
2581 3903 2739 3968 αὐτὸς
2764 3905 2899 3981 πρὸς
2931 3902 3060 3967 τοὺς
3090 3900 3529 3976 συνεληλυθότας
3558 3892 3825 3981 ἐπισκόπους

471 3994 783 4065 episcopos
808 3994 930 4050 illic
956 4000 1363 4069 congregatos,
1390 3998 1491 4067 qui
1518 4001 1691 4052 erant
1710 4013 1959 4052 numero
1985 4012 2060 4053 ee:

2234 3972 2599 4067 (πεντήκοντα
2628 3989 2686 4047 δὲ
2715 3972 2874 4062 ἦσαν,
2907 3993 2998 4048 καὶ
3039 3972 3291 4066 ἑκατὸν),
3309 3986 3503 4070 ἔφασκε
3553 3985 3608 4042 δὲ
3634 3982 3700 4057 μή
3725 3972 3822 4075 “Pé.

466 4086 592 4136 tum
624 4083 1075 4155 quinquaginta.
1110 4084 1223 4139 Sed
1257 4099 1320 4138 se
1345 4100 1480 4139 cum
1512 4085 1633 4141 illis
1673 4086 1990 4142 consilium
2014 4086 2055 4142 i1

2232 4102 2385 4159 τερον
2443 4079 2631 4143 αὐτοῖς
2689 4083 3044 4153 κοινωνήσειν
3102 4084 3210 4137 τῶν
3289 4076 3821 4159 βουλευμιίτιιινε,πίδξν

463 4175 666 4226 turum
699 4172 951 4241 negavit.
985 4172 1101 4227 nisi
1132 4172 1388 4243 Cyrillus
1415 4188 1445 4228 e
1468 4174 1721 4229 consilio
1747 4175 2052 4230 submovet

2362 4172 2611 4249 γενέσθαῖ
2635 4176 2734 4226 τοῦ
2764 4170 3039 4247 συλλόγου
3067 4172 3159 4227 τὸν
3212 4156 3510 4246 Κύριλλον,
3563 4166 3647 4221 ἅτε
3672 4156 3726 4227 δὴ
3749 4157 3821 4249 τῇ(

462 4263 576 4325 tur,
605 4259 826 4331 qnippe
855 4261 956 4331 qui
989 4261 1334 4333 episcopatu
1360 4268 1570 4318 exutus
1601 4262 1831 4319 fuisset.
1866 4267 1948 4319 Ae
1980 4280 2051 4321 no

2233 4246 2649 4339 ἀρχιερωσύνης
2707 4246 3152 4337 γεγυμνωμένον.
3189 4260 3291 4316 Καὶ
3339 4280 3476 4321 τινες
3529 4256 3617 4331 μὶν
3640 4253 3731 4307 τῶν
3749 4246 3822 4339 Δξῆς

461 4348 611 4402 nulli
649 4348 892 4419 quidem
924 4365 1154 4418 eorum,
1188 4332 1289 4421 qui
1321 4352 1484 4421 pacis
1515 4353 1764 4409 studiosi
1799 4360 1988 4409 erant.
2022 4356 2050 4410 C

2233 4332 2453 4426 είρήνης
2504 4332 2983 4427 προμηθουμένων
3045 4352 3414 4428 ὑποχωρῆσαι
3463 4347 3551 4403 τὸν
3604 4332 3822 4428 Κύριλλον

458 4436 661 4492 rillum
691 4439 999 4511 rogabant,
1022 4446 1088 4494 ut
1114 4456 1146 4494 e
1177 4439 1434 4496 concilio
1464 4441 1820 4512 discederet,
1853 4449 1988 4515 post
2018 4443 2047 4499 d

2234 4441 2474 4497 ἱκέτευον
2509 4484 2525 4511 ,
2581 4440 3015 4516 ὑπισχνούμενοι
3077 4441 3214 4513 μετὰ
3276 4441 3375 4508 τήν
3432 4440 3538 4494 τῶν
3594 4423 3823 4505 δογμάτων

457 4526 664 4582 (ιιι-ἰηω
698 4528 836 4583 ﬁdei
863 4528 1299 4585 diseussionem
1323 4530 1452 4601 ejus
1480 4547 1721 4587 causam
1754 4532 2046 4589 examinat

2234 4529 2533 4606 διάκρισιν,
2585 4530 2677 4603 xui
2735 4532 2834 4599 τήν
2894 4533 3012 4586 κατ’
3068 4530 3232 4586 αύτὸν
3295 4528 3543 4592 ὑπόθεσιν
3594 4519 3823 4606 ἐξετείσειγ·

454 4633 553 4674 ros
581 4636 644 4674 se
674 4636 805 4676 esse
837 4619 1213 4692 pollicentes.
1247 4594 1372 4677 Sed
1391 4638 1527 4679 cum
1557 4624 1814 4697 Cyrillus
1843 4641 1966 4681 non
2009 4641 2043 4681 o

2236 4594 2450 4687 Ἐπειδή
2485 4594 2544 4673 δὲ
2585 4594 2685 4673 οὐκ
2742 4594 2866 4693 εἶξε,
2914 4618 3235 4676 καταλιπὼν
3289 4619 3391 4694 μὶν
3436 4611 3619 4676 αὐτοὺς
3647 4609 3673 4663 6
3700 4594 3825 4662 ’Διά-

449 4713 835 4782 temperaret,
868 4710 1119 4767 Aeacius
1148 4710 1376 4768 relictis
1408 4711 1529 4769 illis
1560 4713 1868 4771 abscessit.

1148 4710 1376 4768 relictis
1408 4711 1529 4769 illis
1560 4713 1868 4771 abscessit.
2223 4729 2342 4772 κιος
2376 4705 2721 4779 ἐξελήλυθεν.

1602 4856 1674 4907 Et
1691 4859 1868 4920 paulo
1888 4865 2017 4921 post
2050 4857 2238 4907 eodem
2268 4855 2369 4905 lib.
2402 4869 2462 4913 ιι,
2494 4868 2613 4917 cap,
2643 4852 2725 4904 27.

516 4974 630 5031 Sed
649 4976 946 5048 praecipue
969 4974 1351 5046 imperatoris
1372 4975 1643 5031 animum
1662 4981 2105 5033 commoverunt

2295 4972 2420 5048 Ούχ
2448 4971 2645 5042 ἥκιστα
2676 4967 2735 5026 δί
2764 4970 2926 5027 αὐτὸν
2959 4971 3388 5046 [Κωνστάντιον]
3429 4964 3715 5043 χαλεπῆναι
3744 4968 3820 5048 πξ·

447 5082 672 5136 ea,quae
696 5068 945 5123 Aeacius
966 5067 1251 5122 adversus
1272 5066 1560 5139 Cyrillum
1587 5074 1964 5124 commentus
1994 5085 2036 5124 e:

2227 5038 2698 5133 rcoinx'e‘v,vaxa'cd
2749 5065 2849 5118 τοῦ
2911 5038 3187 5138 Κύρίλλου
3248 5038 3562 5124 συντ-ἔρεικε.
3611 5048 3711 5117 Τὴν

448 5154 689 5209 Sacram
705 5158 863 5211 enim
886 5162 1327 5228 vestem,quam
1348 5156 1773 5213 Constantinus
1795 5159 1961 5214 omni
1983 5159 2037 5215 la

2229 5154 2364 5229 ,ερὰν
2419 5152 2645 5223 στολὴν,
2678 5152 2745 5223 ἢν
2796 5153 2825 5208 6
2874 5133 3231 5233 πανεύφημος
3278 5151 3663 5209 Κωνσταντῖνος
3691 5139 3715 5193 δ
3743 5133 3818 5233 pf"

444 5239 518 5296 de
552 5242 947 5300 celebrandas
993 5244 1067 5301 ad
1116 5220 1520 5302 eiornandam
1558 5247 2033 5319 Hierosolymoru

2226 5220 2421 5314 τιλεὺς,
2477 5220 2588 5315 τήν
2633 5220 3066 5320 ’Ἱεροσολύμωνι
3101 5220 3396 5317 ἐκκλησίαν
3443 5237 3708 5319 γεραίρων,
3748 5220 3815 5320 δξ⁸

444 5330 764 5387 ecclesiam
787 5334 1039 5388 Macario
1064 5334 1191 5407 ejus
1209 5334 1323 5390 loci
1347 5353 1625 5409 episcopo
1662 5336 2002 5407 donaverat,

2225 5333 2375 5390 io'nm
2408 5337 2487 5406 τῷ
2518 5314 2792 5410 Μακαρίῳ
2818 5341 2900 5410 τῷ
2920 5314 3030 5407 ’τῆς
3084 5314 3300 5399 πόλεως
3359 5314 3561 5401 ἐκείνης
3588 5314 3814 5410 ἀρχξερεῖν

439 5434 508 5474 ea
551 5419 795 5477 indutus
844 5422 1025 5477 divini
1065 5422 1350 5495 baptismi
1384 5407 1802 5482 lministerium
1850 5445 2028 5502 perag

2224 5428 2296 5479 ἶνα
2326 5421 2524 5495 ταύτην
2564 5407 3068 5500 περιϐαλλόμενος,
3112 5427 3213 5498 τὴν
3243 5430 3339 5481 τοῦ
3376 5422 3517 5479 θείου
3551 5407 3813 5493 [iambi-’3‘

433 5513 526 5562 ret
546 5508 639 5580 (ea
668 5511 846 5567 vestis
877 5510 1074 5567 aureis
1128 5511 1247 5568 ﬁlis
1299 5520 1575 5571 contexta
1630 5518 1774 5585 erat)
1807 5518 2022 5588 Cyrillu

2221 5534 2295 5577 τος
2346 5510 2571 5588 ἐπιτελῇ
2632 5511 2976 5594 λειτουργίαν
3038 5516 3121 5592 (ἐκ
3173 5520 3392 5592 χρυσῶν
3434 5512 3491 5567 δὲ
3532 5504 3653 5571 αὕτη
3684 5508 3810 5594 κριτι-

438 5596 778 5654 vendidisse
812 5600 979 5659 dixit.
1009 5616 1258 5671 eamque
1291 5610 1619 5662 mercatum
1668 5606 1989 5677 quemdam
2022 5630 2027 5658 ι

2216 5602 2463 5662 τκεύαστο
2517 5580 2834 5681 νημάτων),’
2869 5580 3229 5686 πεπρακέναι,
3269 5605 3359 5661 τὸν
3418 5594 3673 5677 Κύριλλον
3698 5580 3805 5686 ἔφη’

430 5686 511 5762 iis
542 5686 642 5756 qui
667 5688 729 5744 in
761 5690 990 5747 theatro
1024 5688 1241 5746 saltare
1274 5692 1488 5764 solent,
1521 5674 1790 5752 induisse
1822 5696 2019 5769 quidel

2217 5699 2283 5754 ιαὶ
2318 5696 2485 5766 αὐτὴν
2532 5674 2657 5752 τινὰ
2882 5674 3127 5768 ἐπὶ-τῆς
3174 5695 3417 5772 θυμέλης
3474 5674 3806 5764 λογιζομένων
