4024 6378
177 395 265 456 313
1506 401 1888 466 VETERUM
1933 404 2417 471 TES’l‘IMONlA
2432 457 2445 471 .
3576 407 3643 465 3i
3657 405 3694 464 ι

180 536 310 589 terra
335 528 417 587 ad
454 530 732 591 caelum
765 553 1001 611 usque
1062 537 1418 611 pertingens,
1452 540 1512 590 et
1548 534 1623 592 ad
1654 541 1917 593 montem
1950 540 1996 607 Α
2032 562 2060 591 ‹‹
2090 539 2222 597 luce
2254 563 2267 608 ;
2294 543 2465 616 cujus
2489 542 2775 617 splendor
2798 542 2944 600 solis
2966 540 3348 615 splendorem
3369 538 3693 612 ipsomeri-

188 622 460 681 Olivamtn
498 628 1085 700 protensa.cujus
1116 628 1265 683 lucis
1296 625 1612 699 splendore
1629 627 1924 685 occultata
2041 647 2064 676 ο
2089 630 2183 686 die
2202 638 2462 704 superat.
2495 656 2514 680 ι
2541 634 2895 705 Litterisque
2934 632 3060 687 suis
3083 631 3196 704 ipsi
3230 629 3437 693 suasit,
3470 644 3546 682 ne
3572 626 3693 681 Arii

204 710 767 771 estluxsolis.Eam
797 733 1041 773 omnes
1064 717 1242 789 quiin
1264 716 1409 771 urbe
1432 715 1922 789 Hierosolymita-
2034 717 2343 793 ipsiusque
2405 724 2751 793 sequacium
2805 722 3163 778 sententiam
3207 719 3691 791 amplecteretur,

218 803 558 865 naaderant.
590 808 742 859 tam
772 808 1004 879 magni
1033 823 1208 879 quam
1250 806 1409 878 parvi
1461 812 1921 878 conspexerunt,
2034 815 2238 882 utpote
2269 813 2370 884 qui
2401 830 2436 870 a
2463 830 2603 868 vero
2636 814 2940 869 deviantes
2971 812 3043 867 ad
3094 810 3511 867 infidelitatem
3552 824 3691 879 pro-

228 899 478 972 praesente
516 893 741 949 etiam
778 897 1028 968 Cyrillo
1062 897 1337 969 episcopo
1360 896 1920 967 Hierosolymitano.
2033 899 2184 972 lapsi
2209 907 2409 958 essent
2438 920 2450 957 :
2485 903 2702 974 quibus
2763 903 3157 959 maledixerat
3204 905 3607 955 trecentorum
3638 902 3698 951 et

237 987 318 1054 Qui
343 1001 469 1059 ergo
502 983 767 1040 litteris
849 987 1064 1041 statim
1112 985 1346 1057 scriptis
1391 985 1812 1057 imperatorem
1836 987 1921 1042 rei
2034 991 2361 1047 octodecim
2383 994 2799 1065 episcoporum
2816 989 3573 1059 conciliumomnibusque
3595 987 3697 1058 qui

237 1078 521 1136 certiorem
535 1074 808 1131 faciens
830 1076 1057 1132 dixitm
1068 1076 1183 1132 Sub
1198 1082 1362 1148 patre
1385 1081 1485 1132 tuo
1503 1075 1925 1133 beataamemo-
2032 1079 2190 1135 idem
2224 1098 2359 1137 cum
2391 1081 2537 1154 ipsis
2569 1083 3263 1153 assererent.lmperator
3279 1094 3415 1150 ergo
3434 1075 3693 1148 acceptis

232 1166 1921 1239 ariasimperatore.apparuitcruxDominiChrististellis
2031 1169 2235 1242 Cyrilli
2269 1171 2727 1242 litteris,magna
2757 1171 2831 1227 ob
2850 1172 2955 1227 illa
2971 1188 3103 1242 qua:
3131 1169 3415 1241 adipsum
3433 1167 3689 1238 scripse-

228 1257 573 1332 a[eftigiata]
607 1256 840 1313 medie
872 1256 1049 1313 diein
1073 1256 1217 1313 caelo
1251 1273 1264 1310 :
1289 1272 1357 1312 ac
1371 1255 1594 1327 jam,te
1612 1262 1920 1329 regnante,
2030 1265 2125 1315 rat
2151 1260 2361 1318 ltetitia
2390 1264 2638 1318 aﬂ‘ectus
2673 1267 2782 1331 est,
2803 1267 2862 1317 et
2892 1260 2966 1317 ad
2987 1276 3188 1316 verum
3211 1274 3484 1314 reversus
3504 1255 3691 1312 vetuit

220 1350 603 1422 «imperator
619 1346 1101 1419 felix,apparuit
1134 1361 1312 1418 super
1340 1344 1918 1419 Cranii[loco]cruxe
2034 1350 2269 1407 admitti
2303 1352 2425 1407 Arii
2455 1352 2837 1409 sententiam.

1733 1475 1907 1532 Idem,
1940 1490 2071 1539 pag.
2101 1476 2212 1527 483.

282 1570 457 1623 Anno
492 1566 772 1640 imperii
815 1566 951 1638 ejus
1004 1565 1241 1638 [Iuliani
1290 1565 1555 1620 nimirum
1611 1565 1921 1637 Apostatw]
2034 1582 2096 1622 se
2126 1566 2199 1622 ab
2230 1566 2376 1639 ipsis
2397 1568 2815 1641 proripuisset,
2847 1567 2935 1622 illi
2976 1565 3313 1622 Heraclium
3361 1562 3693 1633 Hierosoly-

217 1675 285 1714 ex
315 1658 543 1713 incolis
581 1656 1159 1727 Hierosolymorum
1190 1655 1291 1727 qui
1322 1654 1445 1709 Arii
1470 1659 1672 1728 partes
1708 1671 1921 1728 seque-
2034 1656 2148 1711 mis
2180 1657 2524 1729 episcOpum
2558 1658 2973 1731 praefecerunt.
2999 1655 3132 1710 Fuit
3185 1656 3233 1709 is
3268 1653 3537 1719 Arianus,
3570 1656 3691 1706 tres

209 1747 457 1815 bantur,
508 1746 838 1819 Cyrillum
902 1745 1245 1817 episcopum
1295 1743 1923 1818 Hierosolymitanum,
2036 1763 2228 1801 annos
2264 1746 2438 1816 sedit,
2471 1746 2609 1804 dein
2640 1752 2912 1803 mortuus
2934 1750 3043 1801 est.

212 1838 421 1911 ipsum
454 1834 839 1893 trucidandi
871 1834 1069 1890 animo
1093 1833 1283 1889 adorti
1309 1838 1465 1890 sunt.
1500 1834 1767 1900 Quicum
1792 1834 1927 1909 fuga

1736 1960 1911 2019 Idem,
1942 1966 2070 2024 pag.
2103 1961 2214 2012 488.

303 2061 473 2114 Anno
506 2053 780 2127 imperii
830 2052 1019 2125 ipsius
1054 2050 1245 2124 primo
1289 2051 1603 2123 [Valentem
1634 2052 1920 2124 intelligit,
1960 2054 2003 2120 Β
2034 2059 2269 2110 mortuo
2284 2053 2730 2127 rediitCyrillus
2757 2053 3073 2126 episcOpus
3096 2050 3695 2121 Hierosolymitanus,

239 2163 397 2218 quem
420 2146 732 2201 Valentem
762 2149 816 2198 et
847 2141 1159 2197 Valentiam
1178 2142 1370 2198 scribit
1390 2143 1680 2215 interpres]
1705 2143 1924 2199 consti-
2037 2144 2140 2216 qui
2170 2144 2243 2200 ab
2279 2144 2510 2199 Arianis
2541 2144 2792 2216 fugerat,
2826 2145 2887 2198 in
2909 2143 3109 2198 locum
3151 2158 3345 2208 suum,
3378 2140 3479 2196 ubi
3503 2156 3695 2195 annos

243 2241 407 2292 tutus
429 2241 518 2292 est
540 2234 728 2290 Arvis
765 2232 1081 2305 episcopus
1107 2230 1701 2304 Hierosolymitanus,
1736 2232 1837 2303 qui
1871 2237 1931 2288 et
2038 2234 2340 2291 sexdecim
2371 2233 2699 2303 sedit,dein
2727 2238 2993 2289 mortuus
3021 2238 3129 2288 est.
3157 2233 3365 2287 Totum
3399 2246 3535 2301 ergo
3561 2245 3692 2301 spa-

239 2327 614 2383 Manichaaus
649 2324 807 2384 fuit:
841 2328 1063 2378 etcum
1090 2339 1279 2378 annos
1332 2322 1599 2394 quinque
1654 2322 1925 2387 sedisset,
2039 2323 2187 2379 tium
2211 2341 2327 2395 quo
2347 2324 2695 2396 episcopatu
2725 2323 2965 2377 functus
2997 2328 3087 2377 est
3106 2320 3385 2392 Cyrillus,
3400 2334 3694 2374 annorum

248 2422 534 2473 mortuus
564 2420 867 2470 est.Anno
890 2412 1127 2483 imperii
1151 2411 1419 2485 ejusdem
1440 2412 1716 2484 septimo,
1740 2411 1930 2467 factus
2042 2419 2170 2470 erat
2211 2414 2450 2488 triginta
2480 2414 2684 2469 trium.
2718 2413 3108 2485 Episcopatus
3130 2410 3318 2483 ipsius
3349 2425 3507 2465 anno
3536 2408 3692 2464 vice-

260 2505 624 2562 estﬂilarius
636 2501 1929 2576 episcopusllierosolymitanus,quiArianus
2044 2503 2193 2560 simo
2213 2503 2464 2576 septimo
2494 2502 2606 2559 fuit
2625 2502 2947 2561 concilium
2969 2503 3076 2557 ΟΡ.
3111 2499 3463 2556 secundum.

276 2598 456 2662 erat;
482 2609 672 2650 annos
695 2597 955 2665 quatuor
985 2590 1157 2658 sedit,
1189 2591 1328 2647 dein
1386 2596 1660 2648 mortuus
1708 2597 1818 2647 est.
1852 2593 1932 2647 Eo

1734 2744 1910 2803 Idem,
1925 2758 2061 2808 pag.
2091 2744 2203 2795 508.

340 2834 707 2891 Theodosius
728 2851 853 2904 rex,
897 2832 1133 2906 scriptis
1162 2833 1236 2890 ad
1266 2833 1641 2889 Timotheum
1686 2835 1933 2907 patriar-
2040 2838 2184 2890 runt
2215 2851 2351 2909 ergo
2382 2834 2736 2907 patriarchae
2769 2849 2901 2889 cum
2938 2830 3232 2905 episcopis
3255 2829 3378 2887 suis
3408 2830 3698 2886 Constan-

266 2925 447 2981 cham
472 2924 964 2993 Alexandrinum,
980 2923 1279 2980 Meletium
1306 2924 1707 2996 patriarcham
1730 2924 1932 2980 Antio-
2041 2924 2504 2997 tin0polim,uno
2528 2929 2771 2995 excepto
2797 2922 3049 2978 Damaso
3079 2920 3415 2993 patriarcha
3434 2921 3699 2975 Romano

259 3015 547 3082 chenum,
599 3016 922 3072 Damasum
989 3015 1389 3086 patriarcham
1455 3015 1812 3080 Romanum,
1871 3019 1931 3071 et
2041 3016 2143 3088 qui
2178 3016 2307 3088 ipse
2338 3032 2460 3071 non
2491 3013 2978 3071 venit...Concilii
2998 3012 3283 3085 praesides
3307 3014 3478 3066 erant
3497 3009 3695 3064 Timo-

257 3105 557 3177 Cyrillum
602 3106 950 3177 episcopum
979 3103 1928 3176 Hierosolymitanumlitteris,ip-
2040 3106 2216 3161 theus
2246 3105 2585 3177 patriarcha
2619 3103 3349 3172 Alexandrinus,Meletius
3381 3099 3702 3155 Antioche-

258 3210 361 3250 sos
393 3211 521 3250 una
550 3211 689 3250 cum
713 3194 1008 3266 episc0pis
1026 3193 1148 3249 suis
1181 3193 1701 3265 Constantinopoli
1720 3192 1929 3250 adesse
2038 3212 2175 3265 nus,
2210 3201 2269 3252 et
2297 3195 2554 3267 Cyrillus
2585 3193 3164 3266 Hierosolymitanus
3192 3192 3528 3265 episcopus.

246 3282 541 3354 jussit,ut
564 3282 638 3338 de
666 3282 781 3339 ﬁde
808 3282 1144 3339 Christiana
1174 3281 1600 3353 disquirerent.
1622 3282 1929 3339 Convene-

1744 3407 1911 3468 Idcm,
1931 3424 2065 3468 pag.
2090 3409 2201 3460 536.

1744 3424 1911 3468 lacm,
1930 3424 2065 3474 pag.
2090 3424 2201 3460 aco.

328 3503 512 3557 Anno
545 3499 783 3572 imperii
816 3497 1418 3572 ejusdem[Theodosii
1444 3497 1698 3571 senioris]
1723 3504 1927 3555 octavo
2039 3506 2235 3570 tanus,
2263 3500 2363 3557 ubi
2416 3517 2609 3557 annos
2655 3498 2955 3556 sexdecim
3014 3497 3190 3565 sedit,
3243 3495 3383 3553 dein
3427 3499 3705 3552 mortuus

254 3591 636 3647 constitutus
679 3595 769 3644 est
815 3590 1076 3645 Joannes
1107 3587 1445 3660 patriarcha
1500 3587 1929 3660 Hierosolymi-
2041 3596 2160 3646 est.

692 3714 927 3781 [CCLXI]
956 3716 1205 3765 Joannes
1225 3715 1494 3765 Niccenus
1540 3715 1604 3764 in
1636 3715 1847 3778 scripto
1886 3730 1985 3767 per
2015 3715 2405 3781 Combeﬂsium
2436 3717 2582 3766 edito
2611 3713 2895 3765 Auctuarii
2928 3722 3057 3764 tam.
3088 3713 3152 3771 II,
3188 3712 3303 3763 302.

350 3802 740 3880 Ἔγραψέποτε
772 3801 1074 3877 Κύριλλὶις,
1106 3802 1253 3877 [οὐκ]
1283 3805 1311 3859 ὁ
1340 3801 1555 3879 γράψας
1583 3804 1683 3872 τήν
1716 3801 1936 3858 ἐπιστο-

2118 3807 2367 3878 Scripsit
2396 3805 2721 3877 aliquando
2752 3805 3031 3876 Cyrillus.
3084 3802 3253 3875 [non]
3315 3802 3365 3855 is
3415 3799 3516 3871 qui
3578 3799 3702 3869 epi-

282 3894 383 3964 λήν
419 3892 834 3968 Κωνσταντίνῳ,
866 3890 994 3949 ἀλλ’
1043 3894 1072 3949 ὁ
1128 3895 1246 3966 μετ’
1297 3892 1501 3949 ἐκεῖνον
1554 3890 1869 3966 διαδεξάμεν

2122 3895 2268 3952 )lam
2299 3895 2376 3952 ad
2406 3894 2866 3952 Constantinum
2893 3893 2972 3965 (a)
3004 3891 3188 3958 dedit,
3223 3889 3327 3945 sed
3359 3889 3409 3945 is
3441 3888 3543 3959 qui
3574 3890 3711 3959 post

266 3986 362 4042 τὸν
391 3985 595 4062 θρόνον
622 3982 809 4055 αὐτοῦ,
834 3983 975 4060 πρὸς
1003 3979 1237 4040 Ἰούλιον
1264 3990 1366 4054 τῆς
1421 3982 1643 4057 Ῥώμης
1698 3980 1855 4038 inlex

2119 4002 2247 4041 sum
2282 3986 2413 4057 ejus
2445 3985 2571 4041 sedi
2604 3983 2911 4052 successit,
2971 3981 3046 4038 ad
3102 3979 3325 4037 Julium
3372 3982 3708 4036 Romanum

263 4096 400 4144 πον,
436 4096 490 4132 κ.
512 4095 568 4133 τ.
602 4073 659 4131 λ.

2048 4073 2420 4147 episcopum,
2445 4081 2557 4133 etc.
2586 4092 2601 4142 ;
2633 4080 2700 4130 ut
2728 4073 2792 4129 in
2824 4071 3167 4145 suppositis.

256 4203 457 4253 Nicon
486 4199 795 4251 monachus
823 4200 886 4249 in
920 4197 1187 4249 Pandecte
1228 4199 1462 4257 inedita,
1516 4198 1845 4249 bibliotheca

2126 4200 2227 4249 :od.
2287 4200 2431 4259 1994,
2486 4201 2558 4250 ad
2617 4199 2763 4248 hanc
2807 4197 3176 4261 quaestionem
3204 4210 3222 4245 :
3252 4194 3380 4243 Δῐτῶ
3430 4210 3504 4251 σε,
3532 4194 3580 4243 τί
3604 4194 3715 4244 λοι-

328 4284 430 4332 πὺν
491 4281 699 4331 δύναται
750 4283 835 4339 τὰς
886 4282 986 4329 τῶν
1044 4279 1391 4329 τελευτώντων
1472 4281 1643 4346 ψυχὰς
1716 4282 1842 4343 μιτὰ
1911 4282 1917 4323 t

2117 4297 2123 4319 ι
2179 4280 2433 4345 ὡφιλὴσαι
2485 4297 2498 4343 ;
2550 4300 2577 4328 α
2608 4280 2807 4334 ραδενο
2881 4294 2918 4327 a
3002 4286 3067 4335 te,
3158 4277 3299 4341 quid
3343 4278 3476 4338 jam
3523 4285 3706 4339 potest

324 4364 711 4414 morientium
734 4363 959 4412 animas
978 4371 1107 4424 post
1136 4371 1369 4412 mortem
1401 4362 1646 4423 iuvare?
1674 4381 1700 4408 »
1728 4369 1857 4425 post
1885 4361 2036 4411 alias
2064 4362 2307 4412 Patrum
2337 4365 2702 4413 auctoritates
2734 4360 2943 4425 Cyrilli
2965 4359 3354 4409 testimonium
3384 4358 3615 4407 adducit
3649 4358 3713 4407 in

325 4446 454 4496 hac
485 4444 666 4501 verba,
699 4444 801 4506 fol.
833 4442 945 4492 328.

330 4538 444 4591 Τοῦ
470 4532 630 4609 ἁγίου
682 4529 960 4601 Κυρίλλου
1016 4529 1439 4606 Ἱεροσολύμων.
1499 4532 1919 4606 Μνημονεύομεπ

2125 4533 2322 4591 Sancti
2352 4534 2558 4607 Cyrilli
2619 4532 3191 4604 Hierosolymorum.
3235 4531 3559 4586 Memoriam
3587 4546 3711 4585 vere

271 4621 333 4679 δὶ
357 4625 453 4679 καὶ
488 4623 626 4696 ὖπὶρ
657 4626 767 4677 τῶν
799 4622 1210 4697 κεκοιμημένος
1233 4621 1422 4697 ἁγίων,
1456 4619 1710 4697 Πατέρων
1757 4642 1818 4678 τε
1846 4644 1860 4677 2

2122 4628 2284 4683 cimus
2326 4641 2435 4696 pro
2496 4626 2731 4679 mortuis
2786 4620 3014 4686 sanctis,
3075 4636 3199 4674 cum
3261 4619 3537 4683 Patribus,
3595 4624 3711 4672 tum

267 4713 619 4784 ἐπισκόπων,
657 4733 712 4770 κ.
736 4733 786 4770 τ.
820 4710 877 4770 λ.

2051 4717 2344 4789 episcopis,
2379 4720 2491 4770 etc.
2524 4718 2630 4780 ;ut
2660 4711 2886 4768 catech.
2920 4712 3011 4779 23,
3035 4725 3096 4763 n.
3130 4710 3181 4763 9.

1148 4841 1424 4904 Georgius
1477 4842 1779 4900 Cedrcnus,
1810 4841 2125 4909 Compendii
2156 4839 2508 4891 historiarum
2531 4853 2667 4901 pag.
2711 4837 2823 4887 301.

333 4933 455 4987 Τοῦ
486 4927 869 4986 Κωνσταντίου
925 4931 1008 5000 τῷ
1063 4928 1126 4982 ιϐ’
1181 4922 1312 4998 ἔτει,
1368 4927 1422 4983 ὲν
1474 4931 1542 5001 τῇ
1603 4928 1789 5004 ἡμέρᾳ
1838 4935 1922 4999 τῆς

2123 4934 2288 4986 Anno
2322 4927 2651 4984 Constantii
2671 4925 2859 4993 i9,die
2878 4918 3712 4991 Pentecostes,llierosolymis

251 5025 682 5091 Πεντηκοστῆς,
715 5016 767 5073 ἐν
797 5016 1208 5093 Ἱεροσολύμοις
1232 5016 1400 5096 ἐφάνη
1458 5017 1522 5073 τὸ
1580 5023 1812 5092 σημεῖον

2135 5019 2281 5075 οωιο
2330 5018 2604 5091 apparuit
2661 5017 2900 5089 signum
2954 5013 3198 5069 vivificaa
3246 5010 3440 5065 crucis
3512 5008 3712 5064 lucida

256 5112 557 5181 ζωοποιοῦ
586 5111 825 5182 σταυροῦ
878 5105 932 5161 ἐν
987 5108 1211 5181 οὖρανῷ
1270 5104 1584 5176 Φωτοειδὲς,
1642 5107 1845 5181 τεταμέ

2123 5109 2269 5172 ecie,
2290 5114 2640 5180 protensum
2677 5122 2711 5160 a
2737 5109 2941 5159 monte
2973 5100 3352 5173 Golgotha,in
3369 5116 3485 5170 quo
3519 5099 3707 5154 cruci-

258 5200 376 5256 ἀπὸ
406 5202 512 5254 τοῦ
547 5195 817 5271 Γηλγοθᾶ,
852 5192 977 5251 ἔνθα
1007 5194 1327 5268 ἐσταυρώθη
1363 5198 1391 5251 ὁ
1424 5197 1682 5271 Χριστὸς,
1711 5196 1847 5260 ἓως·

2120 5215 2202 5253 :us
2236 5204 2328 5253 est
2355 5197 2646 5253 Christus.
2679 5209 2870 5265 usque
2928 5191 3002 5247 ad
3060 5195 3327 5246 montem
3387 5189 3709 5253 Olivarum,

261 5286 438 5361 ὄρους
468 5292 581 5343 τῶν
643 5285 900 5353 Ἐλαιῶν,
933 5288 1050 5341 ὅθεν
1110 5285 1202 5340 καὶ
1262 5282 1572 5365 ἀνελήφθψ
1632 5286 1823 5360 κύκλῳ

2121 5288 2206 5343 ide
2231 5288 2291 5341 in
2316 5286 2531 5342 cmlum
2565 5288 2907 5353 assumptus
2940 5285 3049 5336 est.
3084 5278 3446 5352 Cingebatur
3480 5295 3588 5351 per
3616 5295 3710 5332 or-

260 5379 473 5433 τοῦτου
508 5376 797 5453 στέφανος,
826 5374 903 5436 ὡς
935 5373 1041 5447 ἶρις
1070 5372 1132 5428 τὸ
1191 5370 1335 5435 εἶδος
1388 5367 1558 5449 ἔχων.
1591 5378 1670 5449 Τῇ
1703 5375 1841 5450 αὐτῇ

2117 5393 2182 5431 :m
2210 5392 2434 5431 corona
2462 5388 2635 5429 arcus
2654 5370 2913 5426 cmlestis
2938 5368 3143 5423 simili.
3192 5368 3413 5423 Eadem
3444 5382 3579 5422 vero
3611 5365 3706 5421 die

258 5467 458 5539 ἡμέρᾳ
491 5460 857 5533 Κωνσταντίῳ
890 5460 1073 5539 ὤφθη,
1106 5458 1390 5536 Κυρίλλου
1445 5460 1571 5516 τότε
1624 5460 1847 5538 Ἰιροσοῖ

2119 5465 2389 5521 ιῐιεῐειῐιῐὶο
2417 5466 2808 5531 conspectum
2857 5464 2967 5530 est,
3000 5457 3223 5530 Cyrillo
3257 5456 3708 5527 Hierosolymo-

266 5576 392 5626 μων
428 5551 759 5607 ἰπισκόπου.

2042 5572 2177 5613 rum
2210 5560 2352 5610 tunc
2395 5552 2694 5623 episcopo.

337 5711 419 5769 (a)
446 5709 578 5773 ch.
611 5703 1003 5758 Constantium.
