4024 6362
432 364 554 426 319

1689 361 2061 426 VETERUM
2108 360 2582 426 TESTIMONIA
2603 412 2617 424 .

3710 377 3802 436 320

434 513 571 553 eum
590 497 891 553 animatus
910 497 1178 562 Acacius,
1203 497 1496 570 episcopis
1518 497 1849 554 Palmstinis
1882 496 1982 568 qui
2007 512 2095 551 se-

2215 513 2404 566 φρονες
2451 493 2599 568 αύτῷ
2645 496 2804 566 ἦσαν,
2837 497 3019 571 φθάνει
3067 497 3275 562 παύσας
3319 503 3507 555 τοῦτον
3551 507 3637 558 τοῦ
3677 505 3796 580 iapi-

428 601 563 640 cum
599 585 899 640 faciebant
927 587 1315 657 congregatis,
1342 587 1857 642 administratione
1883 601 2090 640 sacro-

429 692 562 730 rum
595 675 648 729 ei
685 675 1011 736 interdixit.
1063 676 1238 730 talem
1292 677 1536 747 insuper
1595 677 1848 731 maxime
1895 675 2089 745 profe-

425 781 565 819 rens
633 780 916 818 causam:
972 766 1178 818 Fames
1240 765 1618 820 Palaestinam
1678 764 1981 835 affligebat
2037 767 2097 818 et

446 854 615 924 plebs
647 854 707 907 in
741 870 934 908 rerum
967 855 1369 908 necessarium
1421 856 1622 926 inopia
1651 855 1725 908 ad
1751 854 2094 924 episcopum

447 943 836 1013 respectabat.
875 946 940 997 Et
970 961 1103 998 cum
1139 944 1224 997 illi
1263 951 1397 1015 post
1452 946 1734 1015 pecunias
1766 944 1942 997 etiam
1974 943 2094 997 fru-

448 1038 713 1085 mentum
749 1031 1078 1099 defecisset,
1108 1033 1358 1088 donaria
1380 1035 1610 1104 templi,
1635 1041 1692 1087 et
1722 1050 1889 1087 sacra
1911 1033 2100 1087 aulaaa

448 1120 731 1183 vendidit,
757 1127 814 1175 et
836 1121 1030 1192 quoad
1055 1123 1586 1194 potuit,penuriam
1611 1123 1810 1194 populi
1834 1129 1922 1177 est
1947 1123 2099 1177 sola-

451 1214 563 1264 tus.
600 1213 667 1263 Et
697 1211 938 1280 quidam
970 1211 1060 1264 vir
1089 1213 1405 1267 donarium
1455 1229 1628 1267 suum
1669 1212 1975 1282 agnovisse
2008 1211 2100 1265 di-

448 1300 620 1365 citur,
657 1305 874 1354 vestem
903 1301 1194 1367 videlicet,
1229 1319 1347 1372 qua
1377 1302 1600 1357 femina
1630 1320 1698 1356 ex
1732 1303 1982 1356 scenicis
2016 1306 2105 1356 at-

450 1406 563 1460 que
623 1389 962 1460 thymelicis
1020 1391 1294 1461 qua‘dam
1354 1393 1571 1447 amicta
1630 1398 1776 1446 erat.
1843 1391 1948 1446 Ubi
2008 1407 2103 1445 res

448 1478 736 1550 inquisita
789 1485 896 1545 est,
942 1487 1327 1535 amercatore
1386 1482 1645 1552 quodam
1698 1486 2102 1552 comparatam

449 1583 596 1634 esse,
629 1569 728 1638 qui
754 1569 824 1623 ab
847 1569 1125 1640 episcopo
1159 1586 1291 1624 eam
1319 1571 1480 1641 prius
1503 1571 1713 1625 emerit
1733 1575 2104 1640 compertum

452 1662 558 1711 est.
591 1657 775 1727 llujus
809 1663 1095 1728 praetextu
1143 1659 1228 1712 rei
1272 1660 1518 1713 Acacius
1559 1659 1845 1729 Cyrillum
1877 1659 2104 1729 episco-

2203 595 2346 647 σθαι,
2402 583 2577 640 αῗτίαν
2643 586 2883 658 μάλιστα
2937 583 3103 656 τήνδε
3163 583 3626 662 προϐεϐλημένος·
3667 595 3801 666 Λιμὸς

2204 671 2383 728 ἐπόνει
2439 675 2540 742 τήν
2601 675 2992 746 Παλαιστίνην,
3054 677 3114 732 τὸ
3171 674 3228 732 δὶ
3281 677 3491 748 πλῆθος
3543 678 3694 752 ἐνδείᾳ
3715 688 3798 738 τῶν

2204 762 2508 836 ἀναγκαίων
2542 764 2678 838 πρὸς
2714 766 2806 820 τὸν
2849 763 3144 821 ἐπισκοπον
3195 761 3446 826 ἔϐλεπεν.
3495 770 3630 825 Ἐπεὶ
3660 767 3708 824 δὲ
3730 773 3804 825 κά-

2205 857 2378 906 κιῖνον
2412 854 2548 928 πρὸς
2579 859 2697 916 τοῖς
2753 857 3001 929 χρήμασι
3046 856 3135 909 καὶ
3185 857 3252 910 τὰ
3303 862 3423 911 σῖτα
3469 856 3805 925 ἐπέλιπε,κει-

2212 941 2390 1015 μήλια
2420 944 2507 997 καὶ
2539 943 2658 1017 ἱερᾶ
2688 941 2895 1000 ἔπιπλα
2953 944 3320 1019 ἀποδόμενος,
3354 946 3428 1009 ὣς
3460 949 3508 1022 γ’
3538 947 3651 1016 ἐνῆν
3679 969 3806 1022 παρεο

2213 1034 2432 1103 μυθεῖτο
2485 1034 2582 1100 τήν
2633 1031 2860 1088 ἔνδειαν
2906 1034 2996 1090 καί
3046 1056 3166 1090 τινα
3213 1033 3381 1112 λόγος
3433 1037 3668 1108 ἀνάθημα
3707 1039 3806 1113 σφέ-

2208 1140 2361 1193 τερον
2417 1121 2706 1195 ἐπιγνῶναι
2765 1128 2872 1178 τῶν
2936 1123 3031 1178 οὐκ
3083 1125 3331 1197 ἆσέμνων
3384 1131 3604 1200 γυναῖκα
3645 1129 3804 1198 ἡμφιι·

2213 1213 2442 1285 σμένην.
2477 1213 2628 1268 Ἐπεὶ
2689 1211 2735 1268 δ’
2764 1212 2952 1289 ἐρεύνῃ
3011 1211 3194 1277 διδοὺς
3256 1214 3380 1270 ὅθεν
3419 1212 3560 1291 ἔχοι,
3592 1213 3728 1289 ἔγνω,
3752 1216 3804 1277 ὡς

2213 1296 2452 1375 ἔμπορός
2484 1323 2568 1364 τις
2602 1302 2732 1358 αὐτό
2768 1304 2820 1357 οἱ
2869 1301 3123 1372 ἀπέδοτο,
3172 1309 3255 1377 τῷ
3308 1301 3354 1359 δ’
3394 1305 3457 1358 αὗ
3490 1307 3516 1359 ὁ
3547 1303 3803 1366 ἐπίσκοπος·

2250 1391 2264 1429 τ
2309 1389 2322 1442 ί
2496 1389 2510 1410 '
2779 1387 2811 1446 6
2853 1389 2959 1446 λλό
3202 1394 3215 1412 ‘
3315 1395 3326 1415 ’
3434 1396 3442 1410 '
3771 1398 3785 1409 '

2214 1411 2300 1444 ατ
2328 1412 2384 1444 αν
2415 1411 2615 1460 ταυτην
2667 1411 2774 1464 προ
2816 1413 2848 1446 α
2969 1414 3130 1465 μενον
3161 1413 3256 1448 τον
3333 1401 3584 1463 Ακακιον,
3614 1392 3799 1456 καθιλιιν

2213 1477 2394 1535 αὐτόν.
2429 1479 2644 1550 Ταύτην
2678 1479 2853 1535 αἰτίαν
2883 1479 3161 1555 ἐπυθόμην
3214 1489 3318 1551 τῆς
3368 1484 3711 1557 καθαιρέσεως
3734 1487 3801 1535 Κυ-

2217 1565 2438 1642 ρίλλου,
2473 1569 2535 1622 ού
2589 1569 2970 1640 προσήκουσαν
3004 1591 3067 1644 γε
3120 1572 3227 1643 μήν
3290 1569 3428 1632 τὲως
3487 1568 3805 1643 ἐμοὲ,δτιλι-

2221 1660 2325 1729 μοῦ
2356 1655 2446 1710 καὶ
2477 1657 2657 1718 πενίας
2688 1659 2722 1727 ἡ
2756 1659 3026 1732 πρόφασις
3058 1661 3146 1728 ἦν.

452 1752 592 1817 patu
625 1745 788 1800 abire
815 1748 1025 1817 coegit.
1059 1747 1260 1802 Talem
1293 1749 1533 1818 quidem
1566 1749 1958 1805 abdicationis
2018 1748 2146 1820 ejus
2205 1764 2445 1803 causam
2495 1748 2680 1806 fuisse
2728 1749 2947 1816 audivi,
2981 1751 3084 1807 sed
3110 1769 3233 1809 non
3265 1753 3410 1808 satis
3439 1757 3590 1809 certe
3618 1755 3740 1820 tum,
3764 1755 3809 1803 ut

450 1834 598 1890 mihi
633 1834 884 1903 videtur,
919 1837 1376 1892 convenientem
1407 1854 1419 1891 :
1453 1839 1733 1909 quoniam
1765 1838 1952 1895 fames
1975 1843 2030 1892 et
2060 1837 2310 1909 penuria
2333 1837 2690 1894 venditionis
2722 1857 2902 1896 causa
2932 1840 3116 1896 fuere.

949 1965 1190 2013 Joannes
1233 1967 1651 2030 Cyparissiotus
1699 1969 1906 2018 Decade
1932 1983 2008 2024 γι,
2042 1981 2159 2028 cap.
2199 1968 2246 2024 4,
2281 1967 2346 2014 de
2386 1970 2845 2028 apparitionibus
2891 1971 3079 2020 divini
3107 1972 3374 2021 luminis.

522 2059 607 2113 Ad
633 2059 760 2114 haec
785 2060 1037 2130 Cyrillus
1063 2061 1636 2133 Hierosolymitanus
1669 2061 1726 2114 in
1760 2060 1991 2114 decima
2013 2074 2106 2113 ca-
2148 2058 2192 2122 Β
2223 2057 2636 2114 sifaciesfacta
2654 2060 2967 2131 splendida
2991 2079 3110 2117 non
3125 2068 3419 2133 quantum
3438 2064 3653 2133 poterat
3669 2058 3810 2113 facere

449 2149 668 2203 techesi
689 2165 702 2202 :
723 2173 741 2195 ι
767 2151 1260 2220 Quandoquidem
1286 2169 1461 2206 nemo
1479 2152 1690 2206 faciem
1708 2149 1808 2202 Dei
1828 2149 2025 2201 videre
2049 2153 2108 2201 et

442 2238 631 2292 vivere
657 2239 1194 2310 potuit,assumpsit
1220 2240 1431 2295 faciem
1454 2239 1862 2300 humanitatis,
1887 2243 1950 2290 nt
1967 2253 2103 2291 eum

445 2327 709 2382 videntes
748 2329 1052 2384 vivamus:
1089 2334 1147 2382 et
1205 2347 1339 2384 cum
1372 2330 1558 2383 voluit
1598 2344 1736 2382 eum
1789 2325 2105 2381 ostendere

442 2433 577 2471 cum
611 2417 845 2472 modica
875 2419 1184 2489 dignitate,
1218 2419 1458 2490 quando
1506 2418 1689 2474 facies
1740 2417 1870 2487 ejus
1903 2416 2105 2487 splen-

445 2505 574 2560 duit
595 2505 748 2560 sicut
769 2507 877 2572 sol,
894 2513 1036 2563 tunc
1060 2507 1338 2579 discipuli
1365 2509 1586 2563 territit
1607 2507 1911 2563 cadunt“.
1937 2505 2104 2570 Quod

2219 2151 2282 2199 ut
2303 2147 2665 2217 splenderet,
2690 2151 2791 2219 qui
2821 2151 3202 2222 splendorem
3238 2152 3300 2206 in
3329 2168 3396 2206 ea
3425 2153 3714 2210 creaverat,
3737 2143 3808 2199 sed

2217 2241 2509 2306 quantum
2538 2237 2817 2308 discipuli
2870 2239 3025 2295 ferre
3077 2247 3378 2312 poterant.
3422 2257 3520 2295 eos
3551 2237 3745 2292 terruit.
3770 2239 3810 2286 et

2217 2326 2336 2396 pati
2359 2342 2479 2380 non
2502 2330 3152 2400 potuerunt,quomodo
3176 2331 3238 2384 in
3273 2329 3590 2385 divinitatis
3619 2325 3810 2396 dignita-

2217 2419 2336 2468 tem
2370 2415 2590 2470 intueri
2631 2418 2731 2487 qui
2765 2418 3100 2490 potuisset?
3124 2438 3147 2470 ι
3199 2420 3449 2474 Habelur
3477 2423 3576 2473 cat.
3605 2418 3676 2480 10,
3702 2429 3746 2466 n.
3771 2413 3806 2472 ’ἵν

2209 2519 2348 2574 pag.
2384 2506 2470 2559 10.

1455 2633 1922 2698 Martyrologium
1969 2631 2287 2680 Romanum
2331 2631 2404 2680 ad
2438 2647 2594 2695 xvm,
2639 2634 2860 2684 Martii.

518 2723 943 2795 Hierosolymis
966 2727 1153 2780 sancti
1177 2725 1379 2797 Cyrilli
1413 2725 1675 2797 episcopi
1709 2721 1975 2795 [Natalis]
1998 2721 2099 2792 qui

444 2813 516 2869 ab
544 2814 778 2870 Arianis
806 2815 1022 2870 multas
1077 2815 1214 2870 ﬁdei
1248 2833 1427 2872 causa
1457 2829 1774 2887 perpessus
1824 2812 2096 2883 injurias,

445 2909 505 2960 et
526 2904 598 2961 ab
632 2906 893 2962 Ecclesia
926 2923 1032 2962 sua
1064 2923 1221 2978 saepe
1245 2907 1473 2978 pulsus,
1499 2905 1740 2961 tandem
1773 2901 2106 2960 sanctitatis

2212 2721 2401 2791 gloria
2431 2721 2626 2779 clarus
2655 2725 2715 2779 in
2748 2741 2892 2796 pace
2923 2727 3150 2798 quievit
3178 2744 3191 2795 ;
3227 2728 3400 2800 cujus
3430 2725 3733 2784 intemerato
3755 2717 3800 2770 ti-

2215 2809 2308 2865 dei
2345 2811 2606 2883 synodus
2639 2816 3007 2872 aacumenica
3038 2818 3294 2874 Damaso
3319 2816 3594 2881 scribens,
3617 2805 3790 2884 precla'

2217 2917 2350 2955 rum
2383 2902 2795 2960 testimonium
2830 2905 3011 2960 dedit.

1478 3049 1762 3097 Menoeum
1797 3049 2129 3095 Grecorum
2158 3058 2228 3107 ap
2259 3058 2396 3093 xvm
2436 3046 2583 3096 diem
2619 3049 2841 3099 Martii.

520 3138 772 3209 Cyrillus
796 3137 910 3210 piis
929 3142 1253 3210 prognatus
1275 3141 1403 3193 erat
1423 3137 1790 3209 parentibus,
1806 3137 1906 3208 qui
1927 3136 2106 3190 fidem

450 3227 841 3283 orthodoxam
867 3227 1207 3293 tuebantur,
1233 3227 1359 3298 ipse
1381 3233 1578 3283 autem
1603 3227 1809 3281 eadem
1839 3225 1955 3280 ﬁde
1979 3239 2107 3280 eru-

2289 3133 2463 3196 ()ῧτος
2520 3133 2617 3214 ἔφυ
2673 3136 2902 3212 γνονέων
2962 3159 3056 3212 μεν
3117 3134 3383 3209 εὐσεϐῶν,
3439 3137 3522 3193 καὶ
3550 3135 3632 3202 τήν
3674 3126 3801 3203 ὀρθὴν

2215 3218 2624 3297 πρεσϐευόντων
2653 3228 2856 3282 πίστιν·
2890 3227 2943 3284 ἐν
2995 3231 3215 3302 ὁμοίοις
3261 3227 3318 3285 δὶ
3365 3225 3681 3298 παιδεύμασιν
3723 3215 3802 3269 αὖ·

447 3316 738 3372 diebatur.
769 3316 888 3371 Sub
909 3333 1090 3389 regno
1112 3291 1749 3388 Constantii,epi500po
1774 3315 2104 3386 Hierosoly-

2215 3315 2306 3376 τὸς
2364 3313 2716 3389 ἐνετέθραπτο
2745 3361 2760 3386 ,
2819 3316 2907 3372 ἐπὶ
2964 3291 3064 3384 τῆς
3128 3318 3414 3394 βασιλείας
3474 3304 3793 3394 Κωνσταντίο-υ.

446 3421 681 3461 morum
705 3404 777 3460 ad
806 3405 1207 3460 immortalem
1230 3406 1406 3461 vitam
1427 3407 1732 3471 translato,
1758 3405 1966 3459 beatus
1991 3404 2100 3458 iste

448 3495 704 3568 Cyrillus
744 3495 819 3551 ad
851 3496 1251 3568 episcopalem
1301 3496 1649 3570 dignitatem
1681 3501 1916 3551 evectus
1967 3495 2098 3562 fuit,

449 3585 792 3657 apostolicae
823 3587 1111 3641 doctrinas
1132 3603 1254 3641 non
1287 3587 1482 3659 segnis
1506 3592 1930 3658 propugnator.
1955 3588 2098 3640 Aca-

448 3677 574 3732 cius
604 3682 802 3731 autem
827 3677 1108 3731 Caesarem
1130 3676 1191 3730 in
1224 3677 1539 3732 Palaestina
1561 3677 2102 3748 episcopus,quam-

447 3768 532 3822 vis
565 3767 791 3838 synodo
825 3767 1162 3823 Sardicensi
1210 3767 1525 3822 damnatus
1557 3766 1756 3832 fuerit,
1790 3765 1949 3836 quod
1995 3780 2100 3818 no-

448 3857 626 3913 luerit
645 3857 911 3928 profiteri
931 3856 1144 3910 Filium
1176 3858 1332 3912 Patri
1354 3855 1924 3913 consubstantialem
1950 3869 2101 3921 esse,

447 3947 806 4001 sententiam
856 3946 1262 4000 damnationis
1322 3947 1382 4000 in
1436 3962 1498 4000 se
1530 3962 1564 4000 a
1597 3943 1868 3999 l’atribus
1922 3944 2104 4000 latam

445 4035 646 4090 subire
677 4034 1035 4100 detrectans,
1062 4038 1120 4087 et
1139 4032 1332 4088 adhuc
1357 4034 1560 4088 sedem
1585 4033 1989 4105 episcopalem
2017 4050 2103 4087 re-

449 4123 650 4177 tinens
675 4139 687 4187 ;
721 4122 863 4192 quia
892 4121 1237 4193 imperatori
1259 4122 1637 4177 familiariter
1667 4127 1843 4176 notus
1863 4127 2008 4187 erat,
2034 4120 2105 4175 ab

452 4213 812 4284 imperatore
846 4216 1199 4282 potestatem
1229 4210 1500 4283 adeptus,
1533 4211 1772 4265 beatum
1820 4210 2107 4282 Cyrillum

455 4301 527 4356 ab
569 4301 913 4372 episcopatu
945 4300 1222 4372 deposuit
1284 4307 1342 4356 et
1374 4318 1442 4357 ex
1469 4299 1894 4370 Hierosolymis
1925 4317 2109 4370 expu-

455 4390 544 4445 lit.
580 4389 834 4461 Cyrillus
865 4396 1066 4445 autem
1116 4391 1358 4446 Tarsum
1400 4391 1774 4462 perveniens,
1807 4407 1942 4445 cum
1996 4390 2107 4445 ad-

458 4479 733 4536 mirando
767 4480 905 4534 vixit
955 4480 1226 4552 Sylvano.
1275 4481 1510 4552 Synodo
1570 4484 1769 4535 autem
1827 4479 2110 4535 Seleucia)

456 4574 810 4641 congregata
841 4575 1083 4641 propter
1113 4570 1395 4642 injuriam
1427 4569 1645 4643 Cyrillo
1691 4569 1938 4626 illatam.
1967 4572 2109 4625 Aca-

2207 3404 2359 3461 Ἐπεί
2417 3402 2475 3460 δὲ
2530 3410 2638 3460 τῶν
2716 3392 3136 3482 Ἰεροσολύμων
3176 3410 3205 3463 ὁ
3271 3409 3548 3466 ἐπίσκοπος
3606 3397 3668 3457 εἷς
3712 3392 3792 3458 τὴν

2207 3496 2400 3570 ἀγήρω
2436 3497 2580 3566 ζωήν
2606 3499 2857 3570 μετέστη,
2892 3500 2920 3553 ὁ
2957 3498 3221 3575 μακάριος
3273 3501 3430 3561 οὗτος
3464 3487 3696 3568 Κύριλλυς
3719 3486 3796 3575 fr]:

2205 3569 2564 3657 ὲτέισκοπιιιῆς
2611 3587 2839 3662 χάρίτος
2889 3569 3122 3661 ἠξιώθη.
3181 3594 3297 3644 τῶν
3358 3581 3697 3643 ἀποστολικῶν
3724 3569 3795 3662 δο-

2204 3677 2428 3748 γμάτων
2487 3656 2787 3750 προόύμως
2838 3656 3200 3752 ὑπερμαχῶν.
3251 3678 3501 3736 Ἀκακίου
3556 3670 3605 3725 δὲ
3643 3656 3794 3761 τὸν.ἐῖ

2207 3766 2504 3841 Καισαρείᾳ
2549 3774 2650 3836 τῆς
2704 3766 3070 3838 Παλαιστίνης
3123 3769 3318 3843 θρόνον
3362 3753 3797 3852 κατέχοντος,.ὗπξὶ

2209 3853 2265 3908 δὲ
2295 3861 2396 3923 τῆς
2426 3854 2476 3910 ἐν
2539 3853 2782 3931 Σαρδικῇ
2841 3855 3070 3912 συνόδου
3119 3842 3609 3932 ἀποκηρυχθέντοςν
3639 3842 3713 3932 δίγά
3749 3842 3794 3890 τὸ

2212 3945 2286 4016 μή
2323 3944 2609 4020 ἀνέχεσθαι
2647 3950 2726 4017 τῷ
2766 3948 2939 4020 Πατρὶ
2987 3947 3077 4001 τὸν
3136 3949 3259 4002 Υἱὸν
3313 3931 3592 4018 ὁμοούσιον
3638 3931 3796 4003 λέγειν,

2207 4033 2296 4088 καὶ
2329 4036 2427 4104 τὴν
2459 4034 2821 4109 ἐξενεχθεῖσαν
2878 4037 2969 4091 ὑπ’
3023 4036 3200 4091 αὐτῶν
3257 4030 3620 4108 καθαιρετικὴν
3657 4025 3798 4094 qvi?"

2213 4126 2290 4198 μή
2324 4121 2778 4198 καταδεξαμὲνου,
2830 4124 2956 4181 ἀλΛ³
2999 4120 3076 4180 ἔτι
3107 4127 3196 4181 τὸν
3231 4126 3416 4202 θρόνον
3472 4113 3800 4210 τυραννοῦντξκ

2211 4213 2350 4286 (ἐπεὶ
2399 4215 2675 4290 γνώριμος
2735 4219 2814 4287 τῷ
2875 4213 3091 4290 βασιλεῖ
3146 4217 3237 4284 ἧν,
3299 4214 3492 4276 ἐκεῖθεν
3521 4204 3800 4290 ἕλκων,τῇν

2211 4279 2638 4378 ἐξουσίαν),’τ“ὸν
2691 4279 2954 4378 μακάριον
3011 4310 3107 4360 τοῦ
3157 4279 3352 4379 ὀρόνου
3407 4295 3614 4384 καθεῖλε
3633 4279 3800 4384 ,Κύςρξλο

2214 4370 2335 4465 λδν,
2385 4370 2492 4448 καί⁷
2531 4400 2638 4449 τῶν
2671 4370 3071 4468 ’ίεροσολύμων
3132 4370 3372 4465 ἐξέωσεν.
3405 4391 3465 4447 Ὁ
3495 4385 3548 4440 δὲ
3576 4370 3803 4468 Κύρμιλλος

2217 4484 2291 4548 εἷς
2317 4463 2527 4559 Ταρσὸν
2562 4463 3026 4558 ἀφικόμενος,
3075 4463 3360 4557 θαυμασίῳ
3407 4482 3560 4544 συνῆν
3610 4463 3802 4559 Silo-0‘3-

2218 4545 2316 4649 Viut"
2367 4545 2458 4632 καὶ
2516 4573 2582 4646 δὴ
2611 4545 2744 4639 ἐἶς’
2782 4545 3101 4630 Σελεύκειαν
3163 4545 3606 4651 συγκροτηθείσης
3635 4545 3806 4651 ξτυνδδξλι

459 4659 586 4715 cius
619 4657 891 4714 celeriter
911 4658 1132 4715 indicio
1157 4677 1218 4715 se
1242 4661 1512 4732 proripit,
1539 4661 2104 4732 etConstantinopo-

2219 4663 2290 4722 δι’
2321 4666 2450 4721 αὐτὸ
2483 4663 2548 4734 δὴ
2591 4669 2774 4734 τοῦτο,
2836 4666 3087 4726 Ἀκάκιος
3146 4664 3522 4736 ἀπεσκίρτησε,
3577 4647 3656 4705 καίἱ
3702 4651 3809 4736 πΡξδς

457 4749 564 4804 lim
588 4749 1448 4820 perveniens,accusationibus
1471 4751 1849 4822 imperatoris
1873 4751 2021 4805 iram
2045 4767 2114 4804 eo

459 4856 648 4910 usque
672 4844 879 4894 contra
898 4840 1183 4912 Cyrillum
1206 4840 1587 4908 accendebat,
1621 4848 1687 4896 ut
1708 4841 1876 4895 illum
1905 4839 2113 4894 exsilio

459 4930 758 4985 multaret.
817 4931 1042 4985 Mortuo
1090 4936 1287 4985 autem
1336 4932 1681 4986 Constantio
1733 4930 1991 4986 succesit
2017 4931 2113 4984 Ju-

462 5017 682 5087 lianus,
712 5020 812 5090 qui
845 5037 979 5075 cum
1011 5020 1246 5075 animos
1285 5022 1497 5076 horum
1526 5021 1798 5076 omnium
1830 5019 1941 5075 sibi
1969 5036 2114 5076 con-

464 5107 669 5163 ciliare
720 5109 1004 5173 studeret,
1055 5111 1389 5183 episcopos,
1422 5111 1522 5181 qui
1571 5127 1605 5166 a
1657 5111 2003 5166 Constantio
2054 5111 2113 5165 in

464 5195 740 5252 exsilium
793 5199 1200 5266 mittebantur,
1253 5201 1325 5255 ad
1378 5200 1648 5271 proprias
1679 5201 1850 5254 sedes
1899 5200 2115 5254 reverti

455 5284 658 5355 jussit.
692 5285 948 5356 Cyrillns
998 5305 1135 5360 ergo
1169 5289 1349 5344 simul
1381 5305 1514 5343 cum
1563 5289 1792 5344 caeteris
1838 5288 2117 5344 omm'bus

465 5375 768 5446 propriam
833 5377 1032 5432 sedem
1091 5380 1388 5449 capessiit.
1440 5380 1692 5434 Pulchre
1743 5385 1964 5447 autem,
2010 5397 2116 5452 pro

465 5475 668 5516 amore
700 5478 804 5517 suo
839 5479 975 5535 erga
1025 5465 1230 5530 Deum,
1263 5481 1497 5537 gregem
1531 5465 1644 5520 sibi
1693 5464 2116 5521 demendatum

466 5566 739 5622 pascens,
775 5553 1079 5610 Catecheses
1110 5571 1241 5626 quae
1275 5555 1382 5610 sub
1415 5557 1544 5628 ejus
1591 5556 1835 5613 nomine
1893 5557 2117 5615 circum

534 5729 582 5766 ⁴⁶
611 5733 815 5792 Matth.
847 5750 988 5804 xvn,
1021 5734 1133 5793 1.6.

2219 4757 2319 4826 τὴν
2378 4754 2943 4812 Κωνσταντινούπολιν
2999 4752 3275 4830 ἐξέδραμε
3334 4750 3420 4806 καὶ
3478 4745 3550 4804 οἷς
3605 4736 3809 4837 diti“?

2221 4850 2318 4901 τοῦ
2349 4843 2616 4921 βασιλέως
2643 4845 2814 4917 ἀνῆψε
2851 4844 3022 4917 θυμὸν
3080 4845 3216 4898 κατὰ
3272 4833 3568 4910 Κυρίλλου,
3595 4828 3673 4931 καὶ

2223 4935 2352 5011 ορίᾳ
2379 4939 2570 4990 τοῦτον
2621 4931 2987 5002 καταδικάζει.
3049 4935 3160 4990 Τοῦ
3214 4931 3302 4987 οὖν
3356 4917 3695 5022 Κωνσταγτξου
3719 4917 3804 5022 ἓτθν

2261 4990 2271 5011 ι
2331 4990 2342 5006 ,
2898 4990 2917 5002 .

2228 5025 2344 5100 βίον
2389 5023 2782 5092 ἀπολιπόντος,
2831 5024 2919 5078 καὶ
2968 5020 3268 5078 Ἰουλιανοῦ
3315 5019 3410 5086 τήν
3442 5001 3691 5100 ﬂock?"
3719 4990 3808 5100 8w:-

2224 5113 2541 5188 δεξαμένου,
2575 5113 2649 5175 εἷς
2681 5112 2890 5168 εὔνοιαν
2924 5114 3162 5172 ἅπαντας
3201 5109 3422 5166 τούτους
3476 5090 3805 5192 ἐφελξόξξνοῗξ

2224 5205 2348 5268 τοὺς
2383 5206 2486 5260 ὑπὸ
2530 5204 2912 5262 Κωνσταντίου
2967 5208 3071 5258 τῶν
3133 5199 3464 5269 Ἐκκλησιῶν
3519 5179 3809 5269 ἐξελαθενῆτας

2224 5295 2552 5356 ἐπισκόπους
2611 5295 2687 5354 εἰς
2742 5293 2838 5354 τὰς
2899 5291 3101 5354 οἰκείας
3173 5283 3487 5356 Ἐκκλησίας
3547 5258 3803 5356 ὲπ²νελ,θ⁸ξν

2227 5339 2551 5356 -...-,.,...,,
2612 5339 2685 5354 -.,
2753 5339 2836 5354 ,η
2902 5339 3100 5354 -..--._,
3191 5339 3372 5356 ,
3477 5339 3483 5340 ,

2227 5384 2493 5441 ἐκέ).ευσε.
2529 5383 2680 5441 Μετᾶ
2709 5383 2924 5438 πάντων
2959 5382 3050 5436 οὖν
3091 5382 3178 5435 καὶ
3241 5375 3399 5434 αὐτὸς
3447 5367 3531 5422 τὸν
3559 5357 3678 5414 ἴδιον
3705 5339 3803 5444 θρί-

2360 5476 2374 5493 9
2462 5473 2499 5493 Α
2707 5475 2749 5493 π
2791 5472 2812 5493 ἡ
2837 5477 2862 5487 ~
2939 5469 2984 5493 0\
3051 5492 3056 5493 ,
3091 5492 3098 5493 ,
3119 5473 3133 5490 ς
3197 5462 3457 5493 λίμμὶλι-
3486 5453 3542 5493 φλ
3570 5442 3803 5493 πιστευθεν

3570 5457 3730 5502 πιστευ

2224 5496 2317 5531 νον
2351 5473 2673 5551 ἀπείληφεν.
2707 5472 2903 5534 Καλῶς
2935 5469 2993 5526 δὲ
3049 5473 3135 5526 καὶ
3197 5462 3457 5544 θεοφιλῶς
3486 5453 3542 5510 τὸ
3563 5457 3732 5551 ,πιστῗ

3557 5539 3659 5592 ἑνας
3684 5535 3803 5584 αθτῳ

2227 5563 2374 5638 αὐτῷ
2404 5563 2654 5638 ποιμνίον
2687 5562 2974 5637 ποιμάνας,
3024 5561 3115 5616 καὶ
3168 5559 3263 5622 τὰς
3323 5553 3556 5627 ἐμφερομ
