  <div class='ocr_page' id='page_1' title='image "/cluster/home/n/w/nwhite01/storage/ocr_20150623/33/coo.31924054869304/171.png"; bbox 0 0 4024 6382; ppageno 0'>
   <div class='ocr_carea' id='block_1_1' title="bbox 445 328 3806 408">
    <p class='ocr_par' dir='ltr' id='par_1_1' title="bbox 445 328 3806 408">
     <span class='ocr_line' id='line_1_1' title="bbox 445 328 3806 408; baseline -0.007 0"><span class='ocrx_word' id='word_1_1' title='bbox 445 348 561 408; x_wconf 78' lang='lat'><strong>327</strong></span> <span class='ocrx_word' id='word_1_2' title='bbox 1531 335 1923 400; x_wconf 89' lang='lat' dir='ltr'>MONITUM</span> <span class='ocrx_word' id='word_1_3' title='bbox 1968 332 2046 392; x_wconf 87' lang='lat' dir='ltr'>1N</span> <span class='ocrx_word' id='word_1_4' title='bbox 2090 328 2788 392; x_wconf 79' lang='lat' dir='ltr'>PROCATECHESIM.</span> <span class='ocrx_word' id='word_1_5' title='bbox 3711 338 3806 401; x_wconf 64' lang='grc' dir='ltr'>τηε</span> 
     </span>
    </p>
   </div>
   <div class='ocr_carea' id='block_1_2' title="bbox 438 458 2027 547">
    <p class='ocr_par' dir='ltr' id='par_1_2' title="bbox 438 468 2027 547">
     <span class='ocr_line' id='line_1_2' title="bbox 438 468 2027 547; baseline -0.009 -12"><span class='ocrx_word' id='word_1_6' title='bbox 438 479 668 536; x_wconf 85' lang='lat' dir='ltr'>divinas</span> <span class='ocrx_word' id='word_1_7' title='bbox 699 476 1032 547; x_wconf 83' lang='lat' dir='ltr'>Scripturas</span> <span class='ocrx_word' id='word_1_8' title='bbox 1055 473 1421 545; x_wconf 77' lang='lat' dir='ltr'>disputatum</span> <span class='ocrx_word' id='word_1_9' title='bbox 1454 471 1527 526; x_wconf 92' lang='lat' dir='ltr'>de</span> <span class='ocrx_word' id='word_1_10' title='bbox 1559 468 1842 525; x_wconf 87' lang='lat' dir='ltr'>omnibus</span> <span class='ocrx_word' id='word_1_11' title='bbox 1900 483 2027 522; x_wconf 64' lang='lat' dir='ltr'>necc</span> 
     </span>
    </p>
   </div>
   <div class='ocr_carea' id='block_1_3' title="bbox 2209 458 3798 547">
    <p class='ocr_par' dir='ltr' id='par_1_3' title="bbox 2215 458 3798 544">
     <span class='ocr_line' id='line_1_3' title="bbox 2215 458 3798 544; baseline 0.005 -30"><span class='ocrx_word' id='word_1_12' title='bbox 2215 459 2463 533; x_wconf 75' lang='grc' dir='ltr'>εὑρήσεις</span> <span class='ocrx_word' id='word_1_13' title='bbox 2496 458 2555 515; x_wconf 81' lang='grc' dir='ltr'>ἐκ</span> <span class='ocrx_word' id='word_1_14' title='bbox 2614 460 2831 535; x_wconf 65' lang='grc' dir='ltr'>μέρους,</span> <span class='ocrx_word' id='word_1_15' title='bbox 2892 464 3031 517; x_wconf 78' lang='grc' dir='ltr'>κατὰ</span> <span class='ocrx_word' id='word_1_16' title='bbox 3083 461 3178 526; x_wconf 75' lang='grc' dir='ltr'>τὰς</span> <span class='ocrx_word' id='word_1_17' title='bbox 3238 462 3382 525; x_wconf 76' lang='grc' dir='ltr'>θείας</span> <span class='ocrx_word' id='word_1_18' title='bbox 3436 464 3654 543; x_wconf 71' lang='grc' dir='ltr'>Γραφᾶις,</span> <span class='ocrx_word' id='word_1_19' title='bbox 3700 467 3798 544; x_wconf 80' lang='grc' dir='ltr'>περὶ</span> 
     </span>
    </p>
   </div>
   <div class='ocr_carea' id='block_1_4' title="bbox 443 550 2032 638">
    <p class='ocr_par' dir='ltr' id='par_1_4' title="bbox 443 558 2032 638">
     <span class='ocr_line' id='line_1_4' title="bbox 443 558 2032 638; baseline -0.008 -14"><span class='ocrx_word' id='word_1_20' title='bbox 443 568 617 625; x_wconf 83' lang='lat' dir='ltr'>sariis</span> <span class='ocrx_word' id='word_1_21' title='bbox 641 566 779 621; x_wconf 80' lang='lat' dir='ltr'>fidei</span> <span class='ocrx_word' id='word_1_22' title='bbox 812 564 1206 638; x_wconf 76' lang='lat' dir='ltr'>dogmatibus,</span> <span class='ocrx_word' id='word_1_23' title='bbox 1242 580 1373 634; x_wconf 71' lang='lat' dir='ltr'>quas</span> <span class='ocrx_word' id='word_1_24' title='bbox 1397 561 1471 617; x_wconf 85' lang='lat' dir='ltr'>ad</span> <span class='ocrx_word' id='word_1_25' title='bbox 1497 560 1803 616; x_wconf 81' lang='lat' dir='ltr'>hominum</span> <span class='ocrx_word' id='word_1_26' title='bbox 1826 558 2032 613; x_wconf 86' lang='lat' dir='ltr'>notitia</span> 
     </span>
    </p>
   </div>
   <div class='ocr_carea' id='block_1_5' title="bbox 2215 550 3804 638">
    <p class='ocr_par' dir='ltr' id='par_1_5' title="bbox 2215 550 3804 636">
     <span class='ocr_line' id='line_1_5' title="bbox 2215 550 3804 636; baseline 0.004 -31"><span class='ocrx_word' id='word_1_27' title='bbox 2215 552 2428 605; x_wconf 81' lang='grc' dir='ltr'>πάντων</span> <span class='ocrx_word' id='word_1_28' title='bbox 2462 550 2769 627; x_wconf 80' lang='grc' dir='ltr'>ἀναγκαίων</span> <span class='ocrx_word' id='word_1_29' title='bbox 2799 559 2899 623; x_wconf 82' lang='grc' dir='ltr'>τῆς</span> <span class='ocrx_word' id='word_1_30' title='bbox 2931 552 3166 615; x_wconf 80' lang='grc' dir='ltr'>πίστεως</span> <span class='ocrx_word' id='word_1_31' title='bbox 3216 552 3497 629; x_wconf 71' lang='grc' dir='ltr'>δογμάτων</span> <span class='ocrx_word' id='word_1_32' title='bbox 3538 560 3636 611; x_wconf 82' lang='grc' dir='ltr'>τῶν</span> <span class='ocrx_word' id='word_1_33' title='bbox 3684 556 3804 636; x_wconf 63' lang='lat' dir='ltr'>tiqu-</span> 
     </span>
    </p>
   </div>
   <div class='ocr_carea' id='block_1_6' title="bbox 439 638 2028 726">
    <p class='ocr_par' dir='ltr' id='par_1_6' title="bbox 439 651 2028 726">
     <span class='ocr_line' id='line_1_6' title="bbox 439 651 2028 726; baseline -0.006 -15"><span class='ocrx_word' id='word_1_34' title='bbox 439 658 643 713; x_wconf 82' lang='lat' dir='ltr'>venire</span> <span class='ocrx_word' id='word_1_35' title='bbox 675 655 897 711; x_wconf 88' lang='lat' dir='ltr'>debent</span> <span class='ocrx_word' id='word_1_36' title='bbox 929 672 942 722; x_wconf 91' lang='lat'><strong>;</strong></span> <span class='ocrx_word' id='word_1_37' title='bbox 978 661 1035 708; x_wconf 90' lang='lat' dir='ltr'>et</span> <span class='ocrx_word' id='word_1_38' title='bbox 1068 660 1400 726; x_wconf 83' lang='lat' dir='ltr'>opportuna</span> <span class='ocrx_word' id='word_1_39' title='bbox 1436 656 1644 707; x_wconf 82' lang='lat' dir='ltr'>contra</span> <span class='ocrx_word' id='word_1_40' title='bbox 1694 651 1949 715; x_wconf 77' lang='lat' dir='ltr'>Gl&#39;iBCOS,</span> <span class='ocrx_word' id='word_1_41' title='bbox 2002 664 2028 701; x_wconf 89' lang='lat' dir='ltr'>e</span> 
     </span>
    </p>
   </div>
   <div class='ocr_carea' id='block_1_7' title="bbox 2214 638 3803 726">
    <p class='ocr_par' dir='ltr' id='par_1_7' title="bbox 2216 638 3803 721">
     <span class='ocr_line' id='line_1_7' title="bbox 2216 638 3803 721; baseline 0.003 -25"><span class='ocrx_word' id='word_1_42' title='bbox 2216 638 2427 697; x_wconf 85' lang='grc' dir='ltr'>λόντων</span> <span class='ocrx_word' id='word_1_43' title='bbox 2458 640 2536 704; x_wconf 69' lang='grc' dir='ltr'>εἷς</span> <span class='ocrx_word' id='word_1_44' title='bbox 2570 646 2769 716; x_wconf 80' lang='grc' dir='ltr'>γνῶσιν</span> <span class='ocrx_word' id='word_1_45' title='bbox 2802 642 3104 718; x_wconf 81' lang='grc' dir='ltr'>ἀνθρώπων</span> <span class='ocrx_word' id='word_1_46' title='bbox 3133 642 3329 699; x_wconf 81' lang='grc' dir='ltr'>ἐλθεῖν·</span> <span class='ocrx_word' id='word_1_47' title='bbox 3362 648 3430 716; x_wconf 62' lang='grc'>(1,</span> <span class='ocrx_word' id='word_1_48' title='bbox 3478 646 3561 699; x_wconf 70' lang='grc' dir='ltr'>καὶ</span> <span class='ocrx_word' id='word_1_49' title='bbox 3605 647 3666 701; x_wconf 74' lang='grc' dir='ltr'>τὰ</span> <span class='ocrx_word' id='word_1_50' title='bbox 3696 645 3803 721; x_wconf 80' lang='grc' dir='ltr'>πρὸς</span> 
     </span>
    </p>
   </div>
   <div class='ocr_carea' id='block_1_8' title="bbox 446 728 2035 818">
    <p class='ocr_par' dir='ltr' id='par_1_8' title="bbox 446 742 2035 818">
     <span class='ocr_line' id='line_1_8' title="bbox 446 742 2035 818; baseline -0.007 -16"><span class='ocrx_word' id='word_1_51' title='bbox 446 747 547 818; x_wconf 88' lang='lat' dir='ltr'>qui</span> <span class='ocrx_word' id='word_1_52' title='bbox 581 763 650 801; x_wconf 81' lang='lat' dir='ltr'>ex</span> <span class='ocrx_word' id='word_1_53' title='bbox 682 745 1138 801; x_wconf 81' lang='lat' dir='ltr'>circumcisione</span> <span class='ocrx_word' id='word_1_54' title='bbox 1172 748 1331 809; x_wconf 90' lang='lat' dir='ltr'>sunt,</span> <span class='ocrx_word' id='word_1_55' title='bbox 1364 747 1423 796; x_wconf 89' lang='lat' dir='ltr'>et</span> <span class='ocrx_word' id='word_1_56' title='bbox 1453 742 1714 796; x_wconf 71' lang='lat' dir='ltr'>haereses</span> <span class='ocrx_word' id='word_1_57' title='bbox 1742 757 1755 807; x_wconf 88' lang='lat'><strong>;</strong></span> <span class='ocrx_word' id='word_1_58' title='bbox 1790 744 1849 793; x_wconf 89' lang='lat' dir='ltr'>et</span> <span class='ocrx_word' id='word_1_59' title='bbox 1906 753 2035 792; x_wconf 87' lang='lat' dir='ltr'>mor</span> 
     </span>
    </p>
   </div>
   <div class='ocr_carea' id='block_1_9' title="bbox 2221 728 3810 818">
    <p class='ocr_par' dir='ltr' id='par_1_9' title="bbox 2221 728 3810 811">
     <span class='ocr_line' id='line_1_9' title="bbox 2221 728 3810 811; baseline 0.005 -28"><span class='ocrx_word' id='word_1_60' title='bbox 2221 728 2517 802; x_wconf 71' lang='grc' dir='ltr'>Ἕλληνας,</span> <span class='ocrx_word' id='word_1_61' title='bbox 2544 731 2637 788; x_wconf 76' lang='grc' dir='ltr'>καὶ</span> <span class='ocrx_word' id='word_1_62' title='bbox 2669 731 2795 796; x_wconf 72' lang='grc' dir='ltr'>τοὺς</span> <span class='ocrx_word' id='word_1_63' title='bbox 2827 732 2887 789; x_wconf 79' lang='grc' dir='ltr'>ἐκ</span> <span class='ocrx_word' id='word_1_64' title='bbox 2920 736 3248 809; x_wconf 71' lang='grc' dir='ltr'>περιτομῆς,</span> <span class='ocrx_word' id='word_1_65' title='bbox 3280 733 3371 789; x_wconf 78' lang='grc' dir='ltr'>καὶ</span> <span class='ocrx_word' id='word_1_66' title='bbox 3401 735 3533 811; x_wconf 83' lang='grc' dir='ltr'>πρὸς</span> <span class='ocrx_word' id='word_1_67' title='bbox 3560 736 3647 799; x_wconf 81' lang='grc' dir='ltr'>τὰς</span> <span class='ocrx_word' id='word_1_68' title='bbox 3693 735 3810 811; x_wconf 69' lang='lat' dir='ltr'>alpi-</span> 
     </span>
    </p>
   </div>
   <div class='ocr_carea' id='block_1_10' title="bbox 443 821 2032 907">
    <p class='ocr_par' dir='ltr' id='par_1_10' title="bbox 443 829 2032 907">
     <span class='ocr_line' id='line_1_10' title="bbox 443 829 2032 907; baseline -0.004 -18"><span class='ocrx_word' id='word_1_69' title='bbox 443 834 525 890; x_wconf 89' lang='lat' dir='ltr'>lia</span> <span class='ocrx_word' id='word_1_70' title='bbox 555 835 749 890; x_wconf 85' lang='lat' dir='ltr'>omnis</span> <span class='ocrx_word' id='word_1_71' title='bbox 781 833 1015 907; x_wconf 79' lang='lat' dir='ltr'>generis</span> <span class='ocrx_word' id='word_1_72' title='bbox 1046 832 1119 889; x_wconf 82' lang='lat' dir='ltr'>ad</span> <span class='ocrx_word' id='word_1_73' title='bbox 1146 832 1518 888; x_wconf 86' lang='lat' dir='ltr'>Christianos</span> <span class='ocrx_word' id='word_1_74' title='bbox 1565 830 1946 896; x_wconf 80' lang='lat' dir='ltr'>documenta,</span> <span class='ocrx_word' id='word_1_75' title='bbox 1999 829 2032 882; x_wconf 87' lang='grc' dir='ltr'>Ι]</span> 
     </span>
    </p>
   </div>
   <div class='ocr_carea' id='block_1_11' title="bbox 2220 821 3809 907">
    <p class='ocr_par' dir='ltr' id='par_1_11' title="bbox 2220 821 3809 905">
     <span class='ocr_line' id='line_1_11' title="bbox 2220 821 3809 905; baseline 0.006 -31"><span class='ocrx_word' id='word_1_76' title='bbox 2220 839 2343 882; x_wconf 58' lang='lat' dir='ltr'>ssi:</span> <span class='ocrx_word' id='word_1_77' title='bbox 2375 821 2465 877; x_wconf 77' lang='grc' dir='ltr'>καὶ</span> <span class='ocrx_word' id='word_1_78' title='bbox 2523 824 2591 879; x_wconf 80' lang='grc' dir='ltr'>τὰ</span> <span class='ocrx_word' id='word_1_79' title='bbox 2647 824 2815 895; x_wconf 76' lang='grc' dir='ltr'>ἠθικὰ</span> <span class='ocrx_word' id='word_1_80' title='bbox 2873 830 3216 902; x_wconf 79' lang='grc' dir='ltr'>Χριστιανῶν</span> <span class='ocrx_word' id='word_1_81' title='bbox 3274 831 3498 882; x_wconf 78' lang='grc' dir='ltr'>παντοῖα</span> <span class='ocrx_word' id='word_1_82' title='bbox 3549 827 3809 905; x_wconf 72' lang='grc' dir='ltr'>παραγγέλ-</span> 
     </span>
    </p>
   </div>
   <div class='ocr_carea' id='block_1_12' title="bbox 444 914 2033 996">
    <p class='ocr_par' dir='ltr' id='par_1_12' title="bbox 444 923 654 996">
     <span class='ocr_line' id='line_1_12' title="bbox 444 923 654 996; baseline 0.01 -20"><span class='ocrx_word' id='word_1_83' title='bbox 444 923 654 996; x_wconf 80' lang='lat' dir='ltr'>gratia.</span> 
     </span>
    </p>
   </div>
   <div class='ocr_carea' id='block_1_13' title="bbox 1198 914 2787 996">
    <p class='ocr_par' dir='ltr' id='par_1_13' title="bbox 2217 914 2787 992">
     <span class='ocr_line' id='line_1_13' title="bbox 2217 914 2787 992; baseline 0.007 -23"><span class='ocrx_word' id='word_1_84' title='bbox 2217 934 2380 987; x_wconf 81' lang='grc' dir='ltr'>ματα,</span> <span class='ocrx_word' id='word_1_85' title='bbox 2411 919 2545 971; x_wconf 82' lang='grc' dir='ltr'>Θιοῦ</span> <span class='ocrx_word' id='word_1_86' title='bbox 2576 914 2764 992; x_wconf 84' lang='grc' dir='ltr'>χάριτι</span> <span class='ocrx_word' id='word_1_87' title='bbox 2776 960 2787 974; x_wconf 95' lang='grc'><strong>.</strong></span> 
     </span>
    </p>
   </div>
   <div class='ocr_carea' id='block_1_14' title="bbox 514 1098 2972 1178">
    <p class='ocr_par' dir='ltr' id='par_1_14' title="bbox 514 1098 2972 1178">
     <span class='ocr_line' id='line_1_14' title="bbox 514 1098 2972 1178; baseline -0 -18"><span class='ocrx_word' id='word_1_88' title='bbox 514 1107 530 1178; x_wconf 91' lang='grc'>(</span> <span class='ocrx_word' id='word_1_89' title='bbox 542 1109 591 1167; x_wconf 88' lang='grc'>1)</span> <span class='ocrx_word' id='word_1_90' title='bbox 621 1107 849 1162; x_wconf 80' lang='lat' dir='ltr'>Desunt</span> <span class='ocrx_word' id='word_1_91' title='bbox 875 1106 1003 1161; x_wconf 69' lang='lat' dir='ltr'>hinc</span> <span class='ocrx_word' id='word_1_92' title='bbox 1033 1108 1337 1177; x_wconf 82' lang='lat' dir='ltr'>postrema</span> <span class='ocrx_word' id='word_1_93' title='bbox 1366 1102 1545 1159; x_wconf 84' lang='lat' dir='ltr'>verba</span> <span class='ocrx_word' id='word_1_94' title='bbox 1574 1103 1637 1158; x_wconf 92' lang='lat' dir='ltr'>in</span> <span class='ocrx_word' id='word_1_95' title='bbox 1670 1099 1938 1158; x_wconf 87' lang='lat' dir='ltr'>Grodecii</span> <span class='ocrx_word' id='word_1_96' title='bbox 1965 1100 2484 1173; x_wconf 82' lang='lat' dir='ltr'>interpretatione,</span> <span class='ocrx_word' id='word_1_97' title='bbox 2518 1104 2577 1157; x_wconf 90' lang='lat' dir='ltr'>et</span> <span class='ocrx_word' id='word_1_98' title='bbox 2606 1100 2801 1158; x_wconf 87' lang='lat' dir='ltr'>Ottob.</span> <span class='ocrx_word' id='word_1_99' title='bbox 2835 1098 2972 1159; x_wconf 91' lang='lat' dir='ltr'>cod.</span> 
     </span>
    </p>
   </div>
   <div class='ocr_carea' id='block_1_15' title="bbox 1115 1424 2704 1524">
    <p class='ocr_par' dir='ltr' id='par_1_15' title="bbox 1115 1424 2704 1524">
     <span class='ocr_line' id='line_1_15' title="bbox 1115 1424 2704 1524; baseline 0.034 -58"><span class='ocrx_word' id='word_1_100' title='bbox 1115 1424 1384 1483; x_wconf 66' lang='lat' dir='ltr'>(ccum!)</span> <span class='ocrx_word' id='word_1_101' title='bbox 1430 1434 1989 1524; x_wconf 74' lang='lat' dir='ltr'>MQNITUM</span> <span class='ocrx_word' id='word_1_102' title='bbox 2037 1434 2153 1521; x_wconf 94' lang='lat' dir='ltr'>1N</span> <span class='ocrx_word' id='word_1_103' title='bbox 2200 1432 2704 1522; x_wconf 79' lang='lat' dir='ltr'>I’ROCATE</span> 
     </span>
    </p>
   </div>
   <div class='ocr_carea' id='block_1_16' title="bbox 1605 1424 3194 1524">
    <p class='ocr_par' dir='ltr' id='par_1_16' title="bbox 1605 1432 3194 1523">
     <span class='ocr_line' id='line_1_16' title="bbox 1605 1432 3194 1523; baseline -0.001 -3"><span class='ocrx_word' id='word_1_104' title='bbox 1605 1434 1989 1522; x_wconf 64' lang='lat' dir='ltr'>&#39;NITUM</span> <span class='ocrx_word' id='word_1_105' title='bbox 2037 1434 2153 1521; x_wconf 91' lang='grc' dir='ltr'>ΙΝ</span> <span class='ocrx_word' id='word_1_106' title='bbox 2200 1432 3194 1523; x_wconf 80' lang='lat' dir='ltr'>I’ROCATECHESIM.</span> 
     </span>
    </p>
   </div>
   <div class='ocr_carea' id='block_1_17' title="bbox 525 1790 3801 1875">
    <p class='ocr_par' dir='ltr' id='par_1_17' title="bbox 525 1790 3801 1875">
     <span class='ocr_line' id='line_1_17' title="bbox 525 1790 3801 1875; baseline -0.002 -17"><span class='ocrx_word' id='word_1_107' title='bbox 525 1800 572 1858; x_wconf 94' lang='grc' dir='ltr'>Ι.</span> <span class='ocrx_word' id='word_1_108' title='bbox 610 1795 892 1857; x_wconf 71' lang='lat' dir='ltr'>Praevius</span> <span class='ocrx_word' id='word_1_109' title='bbox 920 1792 1037 1867; x_wconf 89' lang='lat' dir='ltr'>hic,</span> <span class='ocrx_word' id='word_1_110' title='bbox 1086 1801 1262 1871; x_wconf 87' lang='lat' dir='ltr'>atque</span> <span class='ocrx_word' id='word_1_111' title='bbox 1290 1791 1381 1852; x_wconf 92' lang='lat' dir='ltr'>uti</span> <span class='ocrx_word' id='word_1_112' title='bbox 1398 1800 1574 1853; x_wconf 73' lang='lat' dir='ltr'>extra</span> <span class='ocrx_word' id='word_1_113' title='bbox 1592 1790 1960 1853; x_wconf 88' lang='lat' dir='ltr'>catecheseon</span> <span class='ocrx_word' id='word_1_114' title='bbox 1985 1790 2254 1854; x_wconf 83' lang='lat' dir='ltr'>ordinem</span> <span class='ocrx_word' id='word_1_115' title='bbox 2274 1801 2364 1853; x_wconf 90' lang='lat' dir='ltr'>est</span> <span class='ocrx_word' id='word_1_116' title='bbox 2386 1812 2581 1854; x_wconf 88' lang='lat' dir='ltr'>sermo</span> <span class='ocrx_word' id='word_1_117' title='bbox 2610 1813 2635 1870; x_wconf 87' lang='lat'><em>;</em></span> <span class='ocrx_word' id='word_1_118' title='bbox 2655 1792 2719 1853; x_wconf 92' lang='lat' dir='ltr'>in</span> <span class='ocrx_word' id='word_1_119' title='bbox 2740 1812 2854 1875; x_wconf 91' lang='lat' dir='ltr'>quo</span> <span class='ocrx_word' id='word_1_120' title='bbox 2879 1791 3184 1854; x_wconf 73' lang='lat' dir='ltr'>auditores</span> <span class='ocrx_word' id='word_1_121' title='bbox 3202 1812 3361 1867; x_wconf 83' lang='lat' dir='ltr'>suos,</span> <span class='ocrx_word' id='word_1_122' title='bbox 3387 1792 3543 1855; x_wconf 71' lang='lat' dir='ltr'>datis</span> <span class='ocrx_word' id='word_1_123' title='bbox 3562 1793 3636 1855; x_wconf 91' lang='lat' dir='ltr'>ad</span> <span class='ocrx_word' id='word_1_124' title='bbox 3658 1791 3801 1873; x_wconf 87' lang='lat' dir='ltr'>bapti-</span> 
     </span>
    </p>
   </div>
   <div class='ocr_carea' id='block_1_18' title="bbox 442 1889 3794 1973">
    <p class='ocr_par' dir='ltr' id='par_1_18' title="bbox 442 1889 3794 1973">
     <span class='ocr_line' id='line_1_18' title="bbox 442 1889 3794 1973; baseline -0.002 -15"><span class='ocrx_word' id='word_1_125' title='bbox 442 1916 629 1958; x_wconf 89' lang='lat' dir='ltr'>smum</span> <span class='ocrx_word' id='word_1_126' title='bbox 684 1892 1167 1972; x_wconf 64' lang='lat' dir='ltr'>Quadragesimw</span> <span class='ocrx_word' id='word_1_127' title='bbox 1198 1891 1372 1951; x_wconf 88' lang='lat' dir='ltr'>initio</span> <span class='ocrx_word' id='word_1_128' title='bbox 1402 1889 1752 1961; x_wconf 83' lang='lat' dir='ltr'>nominibus,</span> <span class='ocrx_word' id='word_1_129' title='bbox 1788 1889 1858 1952; x_wconf 89' lang='lat' dir='ltr'>de</span> <span class='ocrx_word' id='word_1_130' title='bbox 1886 1894 2031 1952; x_wconf 81' lang='lat' dir='ltr'>novi</span> <span class='ocrx_word' id='word_1_131' title='bbox 2055 1901 2243 1954; x_wconf 88' lang='lat' dir='ltr'>status</span> <span class='ocrx_word' id='word_1_132' title='bbox 2270 1892 2368 1952; x_wconf 91' lang='lat' dir='ltr'>sui</span> <span class='ocrx_word' id='word_1_133' title='bbox 2394 1891 2747 1953; x_wconf 67' lang='lat' dir='ltr'>excellentia</span> <span class='ocrx_word' id='word_1_134' title='bbox 2775 1901 2830 1952; x_wconf 84' lang='lat' dir='ltr'>et</span> <span class='ocrx_word' id='word_1_135' title='bbox 2856 1891 3076 1972; x_wconf 73' lang='lat' dir='ltr'>ofﬁciis</span> <span class='ocrx_word' id='word_1_136' title='bbox 3106 1891 3272 1953; x_wconf 83' lang='lat' dir='ltr'>docet</span> <span class='ocrx_word' id='word_1_137' title='bbox 3320 1891 3514 1973; x_wconf 88' lang='lat' dir='ltr'>(num.</span> <span class='ocrx_word' id='word_1_138' title='bbox 3551 1896 3605 1965; x_wconf 90' lang='lat'>1,</span> <span class='ocrx_word' id='word_1_139' title='bbox 3635 1896 3686 1970; x_wconf 87' lang='lat'>6,</span> <span class='ocrx_word' id='word_1_140' title='bbox 3715 1892 3794 1970; x_wconf 89' lang='lat'>8);</span> 
     </span>
    </p>
   </div>
   <div class='ocr_carea' id='block_1_19' title="bbox 443 1988 3804 2074">
    <p class='ocr_par' dir='ltr' id='par_1_19' title="bbox 443 1988 3804 2074">
     <span class='ocr_line' id='line_1_19' title="bbox 443 1988 3804 2074; baseline -0.001 -22"><span class='ocrx_word' id='word_1_141' title='bbox 443 2013 670 2074; x_wconf 86' lang='lat' dir='ltr'>quoque</span> <span class='ocrx_word' id='word_1_142' title='bbox 692 1993 862 2052; x_wconf 87' lang='lat' dir='ltr'>modo</span> <span class='ocrx_word' id='word_1_143' title='bbox 883 2011 1055 2051; x_wconf 87' lang='lat' dir='ltr'>suum</span> <span class='ocrx_word' id='word_1_144' title='bbox 1080 1988 1239 2050; x_wconf 85' lang='lat' dir='ltr'>illud</span> <span class='ocrx_word' id='word_1_145' title='bbox 1259 1988 1734 2053; x_wconf 67' lang='lat' dir='ltr'>Christianitatis</span> <span class='ocrx_word' id='word_1_146' title='bbox 1757 1989 2193 2062; x_wconf 86' lang='lat' dir='ltr'>tirocinium,se</span> <span class='ocrx_word' id='word_1_147' title='bbox 2213 1988 2295 2051; x_wconf 85' lang='lat' dir='ltr'>ad</span> <span class='ocrx_word' id='word_1_148' title='bbox 2315 1989 2672 2067; x_wconf 73' lang='lat' dir='ltr'>baptismum</span> <span class='ocrx_word' id='word_1_149' title='bbox 2696 1990 3024 2070; x_wconf 74' lang='lat' dir='ltr'>diligenter</span> <span class='ocrx_word' id='word_1_150' title='bbox 3043 2000 3101 2051; x_wconf 87' lang='lat' dir='ltr'>et</span> <span class='ocrx_word' id='word_1_151' title='bbox 3123 2010 3196 2052; x_wconf 69' lang='lat' dir='ltr'>ex</span> <span class='ocrx_word' id='word_1_152' title='bbox 3210 1996 3419 2052; x_wconf 87' lang='lat' dir='ltr'>animo</span> <span class='ocrx_word' id='word_1_153' title='bbox 3433 1989 3804 2073; x_wconf 61' lang='lat' dir='ltr'>praparando,</span> 
     </span>
    </p>
   </div>
   <div class='ocr_carea' id='block_1_20' title="bbox 441 2087 3803 2172">
    <p class='ocr_par' dir='ltr' id='par_1_20' title="bbox 441 2087 3803 2172">
     <span class='ocr_line' id='line_1_20' title="bbox 441 2087 3803 2172; baseline -0 -22"><span class='ocrx_word' id='word_1_154' title='bbox 441 2098 775 2172; x_wconf 76' lang='lat' dir='ltr'>transigere</span> <span class='ocrx_word' id='word_1_155' title='bbox 804 2089 1074 2151; x_wconf 84' lang='lat' dir='ltr'>debeant.</span> <span class='ocrx_word' id='word_1_156' title='bbox 1111 2088 1183 2151; x_wconf 89' lang='lat' dir='ltr'>In</span> <span class='ocrx_word' id='word_1_157' title='bbox 1206 2090 1425 2167; x_wconf 79' lang='lat' dir='ltr'>primis</span> <span class='ocrx_word' id='word_1_158' title='bbox 1454 2089 1746 2149; x_wconf 87' lang='lat' dir='ltr'>sincerum</span> <span class='ocrx_word' id='word_1_159' title='bbox 1773 2097 1829 2148; x_wconf 92' lang='lat' dir='ltr'>et</span> <span class='ocrx_word' id='word_1_160' title='bbox 1856 2087 2025 2150; x_wconf 92' lang='lat' dir='ltr'>nulla</span> <span class='ocrx_word' id='word_1_161' title='bbox 2051 2108 2248 2172; x_wconf 89' lang='lat' dir='ltr'>prava</span> <span class='ocrx_word' id='word_1_162' title='bbox 2266 2092 2593 2150; x_wconf 74' lang='lat' dir='ltr'>intentione</span> <span class='ocrx_word' id='word_1_163' title='bbox 2610 2091 2882 2168; x_wconf 81' lang='lat' dir='ltr'>fucatam</span> <span class='ocrx_word' id='word_1_164' title='bbox 2905 2088 3188 2171; x_wconf 79' lang='lat' dir='ltr'>baptismi</span> <span class='ocrx_word' id='word_1_165' title='bbox 3204 2091 3562 2152; x_wconf 77' lang='lat' dir='ltr'>desiderium</span> <span class='ocrx_word' id='word_1_166' title='bbox 3580 2089 3803 2170; x_wconf 56' lang='lat' dir='ltr'>requirit,</span> 
     </span>
    </p>
   </div>
   <div class='ocr_carea' id='block_1_21' title="bbox 442 2185 3805 2271">
    <p class='ocr_par' dir='ltr' id='par_1_21' title="bbox 442 2185 3805 2271">
     <span class='ocr_line' id='line_1_21' title="bbox 442 2185 3805 2271; baseline -0.002 -20"><span class='ocrx_word' id='word_1_167' title='bbox 442 2192 613 2271; x_wconf 79' lang='lat' dir='ltr'>cujus</span> <span class='ocrx_word' id='word_1_168' title='bbox 641 2189 873 2270; x_wconf 76' lang='lat' dir='ltr'>tle/ecta</span> <span class='ocrx_word' id='word_1_169' title='bbox 902 2208 1020 2248; x_wconf 86' lang='lat' dir='ltr'>non</span> <span class='ocrx_word' id='word_1_170' title='bbox 1040 2186 1226 2247; x_wconf 88' lang='lat' dir='ltr'>solum</span> <span class='ocrx_word' id='word_1_171' title='bbox 1260 2185 1509 2259; x_wconf 80' lang='lat' dir='ltr'>inutilis,</span> <span class='ocrx_word' id='word_1_172' title='bbox 1542 2188 1641 2247; x_wconf 82' lang='lat' dir='ltr'>sed</span> <span class='ocrx_word' id='word_1_173' title='bbox 1670 2196 1727 2246; x_wconf 92' lang='lat' dir='ltr'>et</span> <span class='ocrx_word' id='word_1_174' title='bbox 1752 2187 2099 2268; x_wconf 70' lang='lat' dir='ltr'>perniciosa</span> <span class='ocrx_word' id='word_1_175' title='bbox 2156 2187 2338 2267; x_wconf 83' lang='lat' dir='ltr'>hujus</span> <span class='ocrx_word' id='word_1_176' title='bbox 2370 2187 2519 2248; x_wconf 86' lang='lat' dir='ltr'>doni</span> <span class='ocrx_word' id='word_1_177' title='bbox 2550 2193 2836 2267; x_wconf 74' lang='lat' dir='ltr'>susceptio</span> <span class='ocrx_word' id='word_1_178' title='bbox 2865 2198 3085 2266; x_wconf 70' lang='lat' dir='ltr'>futura</span> <span class='ocrx_word' id='word_1_179' title='bbox 3113 2190 3211 2250; x_wconf 87' lang='lat' dir='ltr'>sit.</span> <span class='ocrx_word' id='word_1_180' title='bbox 3254 2189 3478 2266; x_wconf 76' lang='lat' dir='ltr'>Quanti</span> <span class='ocrx_word' id='word_1_181' title='bbox 3500 2188 3805 2271; x_wconf 80' lang='lat' dir='ltr'>periculisit</span> 
     </span>
    </p>
   </div>
   <div class='ocr_carea' id='block_1_22' title="bbox 442 2281 3806 2369">
    <p class='ocr_par' dir='ltr' id='par_1_22' title="bbox 442 2281 3806 2369">
     <span class='ocr_line' id='line_1_22' title="bbox 442 2281 3806 2369; baseline -0.002 -20"><span class='ocrx_word' id='word_1_182' title='bbox 442 2309 572 2349; x_wconf 89' lang='lat' dir='ltr'>rem</span> <span class='ocrx_word' id='word_1_183' title='bbox 600 2289 758 2349; x_wconf 85' lang='lat' dir='ltr'>male</span> <span class='ocrx_word' id='word_1_184' title='bbox 786 2287 911 2347; x_wconf 85' lang='lat' dir='ltr'>sine</span> <span class='ocrx_word' id='word_1_185' title='bbox 940 2292 1174 2347; x_wconf 89' lang='lat' dir='ltr'>sincera</span> <span class='ocrx_word' id='word_1_186' title='bbox 1195 2286 1393 2347; x_wconf 87' lang='lat' dir='ltr'>animi</span> <span class='ocrx_word' id='word_1_187' title='bbox 1421 2284 1755 2345; x_wconf 79' lang='lat' dir='ltr'>inductione</span> <span class='ocrx_word' id='word_1_188' title='bbox 1783 2288 2051 2367; x_wconf 74' lang='lat' dir='ltr'>experiri</span> <span class='ocrx_word' id='word_1_189' title='bbox 2075 2286 2327 2347; x_wconf 85' lang='lat' dir='ltr'>ostendit</span> <span class='ocrx_word' id='word_1_190' title='bbox 2355 2286 2446 2365; x_wconf 92' lang='lat' dir='ltr'>(n.</span> <span class='ocrx_word' id='word_1_191' title='bbox 2471 2286 2531 2358; x_wconf 91' lang='lat'>2,</span> <span class='ocrx_word' id='word_1_192' title='bbox 2555 2288 2614 2366; x_wconf 85' lang='lat'>3)</span> <span class='ocrx_word' id='word_1_193' title='bbox 2641 2285 2911 2348; x_wconf 81' lang='lat' dir='ltr'>adductis</span> <span class='ocrx_word' id='word_1_194' title='bbox 2932 2286 3199 2348; x_wconf 80' lang='lat' dir='ltr'>Simonis</span> <span class='ocrx_word' id='word_1_195' title='bbox 3216 2288 3414 2369; x_wconf 83' lang='lat' dir='ltr'>Magi,</span> <span class='ocrx_word' id='word_1_196' title='bbox 3439 2298 3495 2349; x_wconf 92' lang='lat' dir='ltr'>et</span> <span class='ocrx_word' id='word_1_197' title='bbox 3512 2287 3733 2349; x_wconf 68' lang='lat' dir='ltr'>conviva</span> <span class='ocrx_word' id='word_1_198' title='bbox 3747 2281 3806 2344; x_wconf 79' lang='lat' dir='ltr'>ad</span> 
     </span>
    </p>
   </div>
   <div class='ocr_carea' id='block_1_23' title="bbox 442 2384 3804 2468">
    <p class='ocr_par' dir='ltr' id='par_1_23' title="bbox 442 2384 3804 2468">
     <span class='ocr_line' id='line_1_23' title="bbox 442 2384 3804 2468; baseline -0.002 -19"><span class='ocrx_word' id='word_1_199' title='bbox 442 2388 688 2467; x_wconf 85' lang='lat' dir='ltr'>nuptias</span> <span class='ocrx_word' id='word_1_200' title='bbox 716 2388 843 2445; x_wconf 86' lang='lat' dir='ltr'>sine</span> <span class='ocrx_word' id='word_1_201' title='bbox 870 2385 1142 2446; x_wconf 85' lang='lat' dir='ltr'>candida</span> <span class='ocrx_word' id='word_1_202' title='bbox 1172 2393 1322 2444; x_wconf 85' lang='lat' dir='ltr'>veste</span> <span class='ocrx_word' id='word_1_203' title='bbox 1354 2385 1639 2444; x_wconf 79' lang='lat' dir='ltr'>venientis</span> <span class='ocrx_word' id='word_1_204' title='bbox 1667 2384 1951 2461; x_wconf 76' lang='lat' dir='ltr'>exemplis</span> <span class='ocrx_word' id='word_1_205' title='bbox 1982 2389 2027 2425; x_wconf 69' lang='grc'>⁸⁷</span> <span class='ocrx_word' id='word_1_206' title='bbox 2058 2403 2072 2445; x_wconf 92' lang='lat'>:</span> <span class='ocrx_word' id='word_1_207' title='bbox 2107 2396 2237 2447; x_wconf 90' lang='lat' dir='ltr'>tum</span> <span class='ocrx_word' id='word_1_208' title='bbox 2272 2385 2554 2446; x_wconf 83' lang='lat' dir='ltr'>hortatur</span> <span class='ocrx_word' id='word_1_209' title='bbox 2583 2385 2666 2463; x_wconf 81' lang='grc' dir='ltr'>(ιι.</span> <span class='ocrx_word' id='word_1_210' title='bbox 2700 2389 2761 2458; x_wconf 76' lang='grc'>4,</span> <span class='ocrx_word' id='word_1_211' title='bbox 2795 2386 2881 2467; x_wconf 83' lang='grc'>5),</span> <span class='ocrx_word' id='word_1_212' title='bbox 2915 2395 2982 2446; x_wconf 88' lang='lat' dir='ltr'>ut</span> <span class='ocrx_word' id='word_1_213' title='bbox 3009 2388 3223 2468; x_wconf 85' lang='lat' dir='ltr'>siquis</span> <span class='ocrx_word' id='word_1_214' title='bbox 3247 2408 3366 2448; x_wconf 86' lang='lat' dir='ltr'>non</span> <span class='ocrx_word' id='word_1_215' title='bbox 3389 2387 3534 2449; x_wconf 90' lang='lat' dir='ltr'>bona</span> <span class='ocrx_word' id='word_1_216' title='bbox 3553 2397 3719 2448; x_wconf 87' lang='lat' dir='ltr'>mente</span> <span class='ocrx_word' id='word_1_217' title='bbox 3735 2391 3804 2444; x_wconf 83' lang='lat' dir='ltr'>in-</span> 
     </span>
    </p>
   </div>
   <div class='ocr_carea' id='block_1_24' title="bbox 438 2480 3806 2568">
    <p class='ocr_par' dir='ltr' id='par_1_24' title="bbox 438 2480 3806 2568">
     <span class='ocr_line' id='line_1_24' title="bbox 438 2480 3806 2568; baseline -0.001 -24"><span class='ocrx_word' id='word_1_218' title='bbox 438 2505 670 2567; x_wconf 83' lang='lat' dir='ltr'>gressus</span> <span class='ocrx_word' id='word_1_219' title='bbox 697 2485 887 2561; x_wconf 78' lang='lat' dir='ltr'>fuerit</span> <span class='ocrx_word' id='word_1_220' title='bbox 898 2502 1171 2563; x_wconf 82' lang='lat' dir='ltr'>,pravam</span> <span class='ocrx_word' id='word_1_221' title='bbox 1193 2480 1631 2563; x_wconf 81' lang='lat' dir='ltr'>dispositionem</span> <span class='ocrx_word' id='word_1_222' title='bbox 1659 2481 1820 2543; x_wconf 68' lang='lat' dir='ltr'>illico</span> <span class='ocrx_word' id='word_1_223' title='bbox 1841 2481 2459 2563; x_wconf 79' lang='lat' dir='ltr'>abjiciens,meliorcm</span> <span class='ocrx_word' id='word_1_224' title='bbox 2479 2492 2715 2560; x_wconf 88' lang='lat' dir='ltr'>sumat;</span> <span class='ocrx_word' id='word_1_225' title='bbox 2736 2493 2916 2564; x_wconf 82' lang='lat' dir='ltr'>atque</span> <span class='ocrx_word' id='word_1_226' title='bbox 2933 2484 3015 2546; x_wconf 90' lang='lat' dir='ltr'>ad</span> <span class='ocrx_word' id='word_1_227' title='bbox 3039 2484 3101 2545; x_wconf 87' lang='lat' dir='ltr'>id</span> <span class='ocrx_word' id='word_1_228' title='bbox 3122 2495 3430 2568; x_wconf 90' lang='lat' dir='ltr'>conspecto</span> <span class='ocrx_word' id='word_1_229' title='bbox 3456 2483 3806 2548; x_wconf 84' lang='lat' dir='ltr'>ecclesiastico-</span> 
     </span>
    </p>
   </div>
   <div class='ocr_carea' id='block_1_25' title="bbox 439 2581 3799 2663">
    <p class='ocr_par' dir='ltr' id='par_1_25' title="bbox 439 2581 3799 2663">
     <span class='ocr_line' id='line_1_25' title="bbox 439 2581 3799 2663; baseline -0.001 -17"><span class='ocrx_word' id='word_1_230' title='bbox 439 2606 573 2647; x_wconf 71' lang='lat' dir='ltr'>rurn</span> <span class='ocrx_word' id='word_1_231' title='bbox 597 2594 980 2647; x_wconf 87' lang='lat' dir='ltr'>conventuum</span> <span class='ocrx_word' id='word_1_232' title='bbox 1001 2582 1212 2644; x_wconf 78' lang='lat' dir='ltr'>ordine</span> <span class='ocrx_word' id='word_1_233' title='bbox 1231 2592 1285 2643; x_wconf 89' lang='lat' dir='ltr'>et</span> <span class='ocrx_word' id='word_1_234' title='bbox 1310 2581 1624 2663; x_wconf 85' lang='lat' dir='ltr'>majestate</span> <span class='ocrx_word' id='word_1_235' title='bbox 1636 2600 1958 2661; x_wconf 84' lang='lat' dir='ltr'>permovea</span> <span class='ocrx_word' id='word_1_236' title='bbox 1970 2587 2310 2656; x_wconf 75' lang='lat' dir='ltr'>tur,multos</span> <span class='ocrx_word' id='word_1_237' title='bbox 2324 2603 2513 2663; x_wconf 76' lang='lat' dir='ltr'>praue</span> <span class='ocrx_word' id='word_1_238' title='bbox 2531 2584 2839 2645; x_wconf 83' lang='lat' dir='ltr'>accessisse</span> <span class='ocrx_word' id='word_1_239' title='bbox 2855 2594 2912 2645; x_wconf 91' lang='lat' dir='ltr'>et</span> <span class='ocrx_word' id='word_1_240' title='bbox 2925 2586 2990 2645; x_wconf 90' lang='lat' dir='ltr'>in</span> <span class='ocrx_word' id='word_1_241' title='bbox 3002 2584 3222 2645; x_wconf 84' lang='lat' dir='ltr'>melius</span> <span class='ocrx_word' id='word_1_242' title='bbox 3242 2597 3502 2648; x_wconf 88' lang='lat' dir='ltr'>mutatos</span> <span class='ocrx_word' id='word_1_243' title='bbox 3513 2600 3799 2647; x_wconf 80' lang='lat' dir='ltr'>memomns.</span> 
     </span>
    </p>
   </div>
   <div class='ocr_carea' id='block_1_26' title="bbox 448 2678 3799 2768">
    <p class='ocr_par' dir='ltr' id='par_1_26' title="bbox 448 2678 3799 2768">
     <span class='ocr_line' id='line_1_26' title="bbox 448 2678 3799 2768; baseline -0.002 -23"><span class='ocrx_word' id='word_1_244' title='bbox 448 2684 623 2761; x_wconf 76' lang='lat' dir='ltr'>Quod</span> <span class='ocrx_word' id='word_1_245' title='bbox 648 2679 1049 2745; x_wconf 70' lang='lat' dir='ltr'>cateciiumeui</span> <span class='ocrx_word' id='word_1_246' title='bbox 1076 2692 1132 2741; x_wconf 90' lang='lat' dir='ltr'>et</span> <span class='ocrx_word' id='word_1_247' title='bbox 1164 2678 1554 2741; x_wconf 69' lang='lat' dir='ltr'>illuminandi</span> <span class='ocrx_word' id='word_1_248' title='bbox 1580 2681 1903 2741; x_wconf 82' lang='lat' dir='ltr'>discrimen</span> <span class='ocrx_word' id='word_1_249' title='bbox 1934 2683 2013 2741; x_wconf 91' lang='lat' dir='ltr'>sit</span> <span class='ocrx_word' id='word_1_250' title='bbox 2040 2685 2230 2762; x_wconf 77' lang='lat' dir='ltr'>refert</span> <span class='ocrx_word' id='word_1_251' title='bbox 2257 2682 2346 2763; x_wconf 85' lang='grc' dir='ltr'>(η.</span> <span class='ocrx_word' id='word_1_252' title='bbox 2381 2684 2443 2762; x_wconf 88' lang='grc'>6)</span> <span class='ocrx_word' id='word_1_253' title='bbox 2469 2699 2482 2742; x_wconf 95' lang='lat'>:</span> <span class='ocrx_word' id='word_1_254' title='bbox 2521 2682 2673 2743; x_wconf 88' lang='lat' dir='ltr'>hunc</span> <span class='ocrx_word' id='word_1_255' title='bbox 2690 2684 2836 2762; x_wconf 85' lang='lat' dir='ltr'>jam</span> <span class='ocrx_word' id='word_1_256' title='bbox 2857 2683 3104 2745; x_wconf 80' lang='lat' dir='ltr'>ﬁdelem</span> <span class='ocrx_word' id='word_1_257' title='bbox 3130 2684 3274 2756; x_wconf 82' lang='lat' dir='ltr'>dici,</span> <span class='ocrx_word' id='word_1_258' title='bbox 3304 2706 3419 2768; x_wconf 87' lang='lat' dir='ltr'>quo</span> <span class='ocrx_word' id='word_1_259' title='bbox 3440 2690 3659 2747; x_wconf 82' lang='lat' dir='ltr'>nomine</span> <span class='ocrx_word' id='word_1_260' title='bbox 3671 2680 3799 2743; x_wconf 77' lang='lat' dir='ltr'>Deus</span> 
     </span>
    </p>
   </div>
   <div class='ocr_carea' id='block_1_27' title="bbox 443 2778 3788 2866">
    <p class='ocr_par' dir='ltr' id='par_1_27' title="bbox 443 2778 3788 2866">
     <span class='ocr_line' id='line_1_27' title="bbox 443 2778 3788 2866; baseline -0.003 -21"><span class='ocrx_word' id='word_1_261' title='bbox 443 2792 569 2866; x_wconf 84' lang='lat' dir='ltr'>ipse</span> <span class='ocrx_word' id='word_1_262' title='bbox 595 2782 899 2863; x_wconf 82' lang='lat' dir='ltr'>gaudeat;</span> <span class='ocrx_word' id='word_1_263' title='bbox 935 2779 1070 2840; x_wconf 88' lang='lat' dir='ltr'>bens</span> <span class='ocrx_word' id='word_1_264' title='bbox 1097 2778 1542 2861; x_wconf 80' lang='lat' dir='ltr'>suscipiendum</span> <span class='ocrx_word' id='word_1_265' title='bbox 1573 2780 1753 2839; x_wconf 87' lang='lat' dir='ltr'>semel</span> <span class='ocrx_word' id='word_1_266' title='bbox 1787 2779 2077 2860; x_wconf 80' lang='lat' dir='ltr'>baptisma</span> <span class='ocrx_word' id='word_1_267' title='bbox 2107 2811 2159 2852; x_wconf 77' lang='grc' dir='ltr'>-ι,</span> <span class='ocrx_word' id='word_1_268' title='bbox 2191 2788 2301 2863; x_wconf 83' lang='lat' dir='ltr'>qui</span> <span class='ocrx_word' id='word_1_269' title='bbox 2319 2802 2439 2843; x_wconf 90' lang='lat' dir='ltr'>non</span> <span class='ocrx_word' id='word_1_270' title='bbox 2470 2784 2723 2843; x_wconf 89' lang='lat' dir='ltr'>iteretur</span> <span class='ocrx_word' id='word_1_271' title='bbox 2740 2786 2797 2843; x_wconf 89' lang='lat' dir='ltr'>si</span> <span class='ocrx_word' id='word_1_272' title='bbox 2816 2780 2967 2844; x_wconf 84' lang='lat' dir='ltr'>male</span> <span class='ocrx_word' id='word_1_273' title='bbox 2985 2788 3333 2846; x_wconf 87' lang='lat' dir='ltr'>successerit</span> <span class='ocrx_word' id='word_1_274' title='bbox 3353 2806 3378 2862; x_wconf 86' lang='lat'><em>;</em></span> <span class='ocrx_word' id='word_1_275' title='bbox 3398 2805 3534 2847; x_wconf 90' lang='lat' dir='ltr'>nam</span> <span class='ocrx_word' id='word_1_276' title='bbox 3554 2780 3788 2846; x_wconf 53' lang='lat' dir='ltr'>hereticos</span> 
     </span>
    </p>
   </div>
   <div class='ocr_carea' id='block_1_28' title="bbox 443 2877 3779 2964">
    <p class='ocr_par' dir='ltr' id='par_1_28' title="bbox 443 2877 3779 2964">
     <span class='ocr_line' id='line_1_28' title="bbox 443 2877 3779 2964; baseline -0.001 -20"><span class='ocrx_word' id='word_1_277' title='bbox 443 2884 595 2944; x_wconf 89' lang='lat' dir='ltr'>solos</span> <span class='ocrx_word' id='word_1_278' title='bbox 623 2877 1012 2963; x_wconf 83' lang='lat' dir='ltr'>rebaptizari,</span> <span class='ocrx_word' id='word_1_279' title='bbox 1036 2880 1181 2960; x_wconf 85' lang='lat' dir='ltr'>quia</span> <span class='ocrx_word' id='word_1_280' title='bbox 1201 2897 1372 2958; x_wconf 87' lang='lat' dir='ltr'>quem</span> <span class='ocrx_word' id='word_1_281' title='bbox 1390 2879 1561 2955; x_wconf 88' lang='lat' dir='ltr'>prius</span> <span class='ocrx_word' id='word_1_282' title='bbox 1583 2889 1928 2957; x_wconf 87' lang='lat' dir='ltr'>receperant</span> <span class='ocrx_word' id='word_1_283' title='bbox 1950 2879 2150 2941; x_wconf 76' lang='lat' dir='ltr'>nullus</span> <span class='ocrx_word' id='word_1_284' title='bbox 2169 2888 2395 2957; x_wconf 83' lang='lat' dir='ltr'>fuerat.</span> <span class='ocrx_word' id='word_1_285' title='bbox 2430 2880 2674 2944; x_wconf 85' lang='lat' dir='ltr'>Omnem</span> <span class='ocrx_word' id='word_1_286' title='bbox 2696 2880 3015 2942; x_wconf 79' lang='lat' dir='ltr'>voluntatis</span> <span class='ocrx_word' id='word_1_287' title='bbox 3036 2881 3225 2955; x_wconf 75' lang='lat' dir='ltr'>bonas,</span> <span class='ocrx_word' id='word_1_288' title='bbox 3248 2894 3471 2964; x_wconf 66' lang='lat' dir='ltr'>praeter</span> <span class='ocrx_word' id='word_1_289' title='bbox 3490 2900 3647 2964; x_wconf 87' lang='lat' dir='ltr'>quam</span> <span class='ocrx_word' id='word_1_290' title='bbox 3673 2877 3779 2939; x_wconf 75' lang='lat' dir='ltr'>Deus</span> 
     </span>
    </p>
   </div>
   <div class='ocr_carea' id='block_1_29' title="bbox 445 2971 3795 3062">
    <p class='ocr_par' dir='ltr' id='par_1_29' title="bbox 445 2971 3795 3062">
     <span class='ocr_line' id='line_1_29' title="bbox 445 2971 3795 3062; baseline -0.002 -19"><span class='ocrx_word' id='word_1_291' title='bbox 445 2981 608 3043; x_wconf 84' lang='lat' dir='ltr'>nihil</span> <span class='ocrx_word' id='word_1_292' title='bbox 625 2981 898 3062; x_wconf 78' lang='lat' dir='ltr'>requirit,</span> <span class='ocrx_word' id='word_1_293' title='bbox 926 2977 1293 3057; x_wconf 85' lang='lat' dir='ltr'>ditiqentiam</span> <span class='ocrx_word' id='word_1_294' title='bbox 1316 2975 1585 3037; x_wconf 79' lang='lat' dir='ltr'>adhiberi</span> <span class='ocrx_word' id='word_1_295' title='bbox 1603 2977 1889 3057; x_wconf 67' lang='lat' dir='ltr'>praecipit</span> <span class='ocrx_word' id='word_1_296' title='bbox 1910 2978 1970 3057; x_wconf 90' lang='lat' dir='ltr'>(n</span> <span class='ocrx_word' id='word_1_297' title='bbox 1984 3024 1997 3037; x_wconf 92' lang='lat'>.</span> <span class='ocrx_word' id='word_1_298' title='bbox 2022 2980 2104 3058; x_wconf 87' lang='lat'>7).</span> <span class='ocrx_word' id='word_1_299' title='bbox 2124 2977 2512 3041; x_wconf 68' lang='lat' dir='ltr'>Erorcismos</span> <span class='ocrx_word' id='word_1_300' title='bbox 2531 2979 2790 3041; x_wconf 85' lang='lat' dir='ltr'>studiose</span> <span class='ocrx_word' id='word_1_301' title='bbox 2800 2981 3156 3060; x_wconf 85' lang='lat' dir='ltr'>suscipiant,</span> <span class='ocrx_word' id='word_1_302' title='bbox 3171 2983 3388 3061; x_wconf 82' lang='lat' dir='ltr'>quibus</span> <span class='ocrx_word' id='word_1_303' title='bbox 3399 2984 3590 3044; x_wconf 86' lang='lat' dir='ltr'>animo</span> <span class='ocrx_word' id='word_1_304' title='bbox 3608 2976 3730 3041; x_wconf 85' lang='lat' dir='ltr'>velut</span> <span class='ocrx_word' id='word_1_305' title='bbox 3748 2971 3795 3032; x_wconf 74' lang='lat' dir='ltr'>in</span> 
     </span>
    </p>
   </div>
   <div class='ocr_carea' id='block_1_30' title="bbox 446 3069 3798 3161">
    <p class='ocr_par' dir='ltr' id='par_1_30' title="bbox 446 3069 3798 3161">
     <span class='ocr_line' id='line_1_30' title="bbox 446 3069 3798 3161; baseline -0.002 -22"><span class='ocrx_word' id='word_1_306' title='bbox 446 3087 693 3160; x_wconf 76' lang='lat' dir='ltr'>fornace</span> <span class='ocrx_word' id='word_1_307' title='bbox 711 3098 823 3155; x_wconf 84' lang='lat' dir='ltr'>per</span> <span class='ocrx_word' id='word_1_308' title='bbox 843 3076 1145 3157; x_wconf 85' lang='lat' dir='ltr'>Spiritum</span> <span class='ocrx_word' id='word_1_309' title='bbox 1172 3085 1437 3136; x_wconf 89' lang='lat' dir='ltr'>sanctum</span> <span class='ocrx_word' id='word_1_310' title='bbox 1459 3093 1496 3134; x_wconf 82' lang='grc' dir='ltr'>τι</span> <span class='ocrx_word' id='word_1_311' title='bbox 1509 3077 1764 3155; x_wconf 89' lang='lat' dir='ltr'>peccatis</span> <span class='ocrx_word' id='word_1_312' title='bbox 1780 3075 2519 3161; x_wconf 84' lang='lat' dir='ltr'>purgatur,liberaturque</span> <span class='ocrx_word' id='word_1_313' title='bbox 2543 3097 2580 3139; x_wconf 91' lang='lat' dir='ltr'>a</span> <span class='ocrx_word' id='word_1_314' title='bbox 2602 3077 2962 3140; x_wconf 68' lang='lat' dir='ltr'>daemonibus</span> <span class='ocrx_word' id='word_1_315' title='bbox 2985 3078 3070 3159; x_wconf 92' lang='lat' dir='ltr'>(n.</span> <span class='ocrx_word' id='word_1_316' title='bbox 3097 3082 3157 3152; x_wconf 89' lang='lat'>8,</span> <span class='ocrx_word' id='word_1_317' title='bbox 3183 3080 3273 3160; x_wconf 92' lang='lat'>9).</span> <span class='ocrx_word' id='word_1_318' title='bbox 3303 3076 3677 3143; x_wconf 81' lang='lat' dir='ltr'>Catechesibus</span> <span class='ocrx_word' id='word_1_319' title='bbox 3689 3069 3798 3133; x_wconf 78' lang='lat' dir='ltr'>assi‘</span> 
     </span>
    </p>
   </div>
   <div class='ocr_carea' id='block_1_31' title="bbox 450 3168 3798 3257">
    <p class='ocr_par' dir='ltr' id='par_1_31' title="bbox 450 3168 3798 3257">
     <span class='ocr_line' id='line_1_31' title="bbox 450 3168 3798 3257; baseline -0.003 -19"><span class='ocrx_word' id='word_1_320' title='bbox 450 3177 560 3238; x_wconf 87' lang='lat' dir='ltr'>dui</span> <span class='ocrx_word' id='word_1_321' title='bbox 582 3176 785 3238; x_wconf 85' lang='lat' dir='ltr'>adsint</span> <span class='ocrx_word' id='word_1_322' title='bbox 814 3174 901 3255; x_wconf 81' lang='grc' dir='ltr'>(η.</span> <span class='ocrx_word' id='word_1_323' title='bbox 938 3176 1040 3252; x_wconf 89' lang='grc'>10)</span> <span class='ocrx_word' id='word_1_324' title='bbox 1068 3194 1081 3235; x_wconf 92' lang='lat'><strong>:</strong></span> <span class='ocrx_word' id='word_1_325' title='bbox 1117 3175 1178 3233; x_wconf 91' lang='lat' dir='ltr'>in</span> <span class='ocrx_word' id='word_1_326' title='bbox 1210 3173 1300 3232; x_wconf 86' lang='lat' dir='ltr'>his</span> <span class='ocrx_word' id='word_1_327' title='bbox 1329 3174 1483 3233; x_wconf 82' lang='lat' dir='ltr'>enim</span> <span class='ocrx_word' id='word_1_328' title='bbox 1514 3191 1685 3234; x_wconf 88' lang='lat' dir='ltr'>arma</span> <span class='ocrx_word' id='word_1_329' title='bbox 1713 3177 1996 3234; x_wconf 82' lang='lat' dir='ltr'>adversus</span> <span class='ocrx_word' id='word_1_330' title='bbox 2015 3173 2269 3248; x_wconf 63' lang='lat' dir='ltr'>Iudaeos,</span> <span class='ocrx_word' id='word_1_331' title='bbox 2306 3174 2678 3251; x_wconf 73' lang='lat' dir='ltr'>Sam/tritas,</span> <span class='ocrx_word' id='word_1_332' title='bbox 2709 3178 2961 3257; x_wconf 80' lang='lat' dir='ltr'>gentiles</span> <span class='ocrx_word' id='word_1_333' title='bbox 2982 3187 3038 3238; x_wconf 91' lang='lat' dir='ltr'>et</span> <span class='ocrx_word' id='word_1_334' title='bbox 3071 3176 3380 3240; x_wconf 72' lang='lat' dir='ltr'>haereticos</span> <span class='ocrx_word' id='word_1_335' title='bbox 3400 3178 3553 3240; x_wconf 88' lang='lat' dir='ltr'>sumi</span> <span class='ocrx_word' id='word_1_336' title='bbox 3586 3178 3661 3256; x_wconf 84' lang='grc' dir='ltr'>(η.</span> <span class='ocrx_word' id='word_1_337' title='bbox 3689 3168 3798 3245; x_wconf 84' lang='grc' dir='ltr'>Η);</span> 
     </span>
    </p>
   </div>
   <div class='ocr_carea' id='block_1_32' title="bbox 448 3265 3804 3356">
    <p class='ocr_par' dir='ltr' id='par_1_32' title="bbox 448 3265 3804 3356">
     <span class='ocr_line' id='line_1_32' title="bbox 448 3265 3804 3356; baseline -0.004 -19"><span class='ocrx_word' id='word_1_338' title='bbox 448 3274 791 3353; x_wconf 80' lang='lat' dir='ltr'>nullamque</span> <span class='ocrx_word' id='word_1_339' title='bbox 808 3280 933 3334; x_wconf 91' lang='lat' dir='ltr'>sine</span> <span class='ocrx_word' id='word_1_340' title='bbox 961 3279 1142 3332; x_wconf 87' lang='lat' dir='ltr'>totius</span> <span class='ocrx_word' id='word_1_341' title='bbox 1164 3271 1447 3333; x_wconf 74' lang='lat' dir='ltr'>doctrinas</span> <span class='ocrx_word' id='word_1_342' title='bbox 1475 3273 1534 3331; x_wconf 83' lang='lat' dir='ltr'>in</span> <span class='ocrx_word' id='word_1_343' title='bbox 1554 3273 1635 3332; x_wconf 87' lang='lat' dir='ltr'>eis</span> <span class='ocrx_word' id='word_1_344' title='bbox 1651 3291 1763 3352; x_wconf 78' lang='lat' dir='ltr'>per</span> <span class='ocrx_word' id='word_1_345' title='bbox 1790 3272 2061 3334; x_wconf 85' lang='lat' dir='ltr'>ordinem</span> <span class='ocrx_word' id='word_1_346' title='bbox 2083 3274 2323 3336; x_wconf 67' lang='lat' dir='ltr'>traditae</span> <span class='ocrx_word' id='word_1_347' title='bbox 2345 3274 2652 3356; x_wconf 84' lang='lat' dir='ltr'>dispendio</span> <span class='ocrx_word' id='word_1_348' title='bbox 2662 3276 2935 3351; x_wconf 89' lang='lat' dir='ltr'>permitti</span> <span class='ocrx_word' id='word_1_349' title='bbox 2960 3276 3049 3356; x_wconf 90' lang='lat' dir='ltr'>(n.</span> <span class='ocrx_word' id='word_1_350' title='bbox 3080 3278 3185 3355; x_wconf 70' lang='lat'>12)</span> <span class='ocrx_word' id='word_1_351' title='bbox 3213 3294 3229 3348; x_wconf 89' lang='lat'><strong>;</strong></span> <span class='ocrx_word' id='word_1_352' title='bbox 3254 3287 3524 3339; x_wconf 56' lang='lat' dir='ltr'>ceterum</span> <span class='ocrx_word' id='word_1_353' title='bbox 3545 3272 3615 3334; x_wconf 85' lang='lat' dir='ltr'>ibi</span> <span class='ocrx_word' id='word_1_354' title='bbox 3632 3265 3804 3329; x_wconf 86' lang='lat' dir='ltr'>audita</span> 
     </span>
    </p>
   </div>
   <div class='ocr_carea' id='block_1_33' title="bbox 448 3360 3801 3453">
    <p class='ocr_par' dir='ltr' id='par_1_33' title="bbox 448 3360 3801 3453">
     <span class='ocr_line' id='line_1_33' title="bbox 448 3360 3801 3453; baseline -0 -20"><span class='ocrx_word' id='word_1_355' title='bbox 448 3392 648 3434; x_wconf 86' lang='lat' dir='ltr'>coram</span> <span class='ocrx_word' id='word_1_356' title='bbox 673 3370 1314 3442; x_wconf 86' lang='lat' dir='ltr'>catechumenis,etiam</span> <span class='ocrx_word' id='word_1_357' title='bbox 1338 3371 1563 3430; x_wconf 85' lang='lat' dir='ltr'>curiose</span> <span class='ocrx_word' id='word_1_358' title='bbox 1576 3371 2096 3446; x_wconf 88' lang='lat' dir='ltr'>percunctantibus</span> <span class='ocrx_word' id='word_1_359' title='bbox 2120 3372 2320 3433; x_wconf 76' lang='lat' dir='ltr'>sedulo</span> <span class='ocrx_word' id='word_1_360' title='bbox 2344 3382 2571 3453; x_wconf 83' lang='lat' dir='ltr'>tegant.</span> <span class='ocrx_word' id='word_1_361' title='bbox 2600 3372 2764 3450; x_wconf 78' lang='lat' dir='ltr'>Quid</span> <span class='ocrx_word' id='word_1_362' title='bbox 2780 3383 2920 3435; x_wconf 90' lang='lat' dir='ltr'>ante</span> <span class='ocrx_word' id='word_1_363' title='bbox 2942 3373 3156 3436; x_wconf 89' lang='lat' dir='ltr'>horum</span> <span class='ocrx_word' id='word_1_364' title='bbox 3177 3378 3625 3438; x_wconf 62' lang='lat' dir='ltr'>exorcismorum</span> <span class='ocrx_word' id='word_1_365' title='bbox 3655 3360 3801 3426; x_wconf 71' lang='grc' dir='ltr'>θεοίε-</span> 
     </span>
    </p>
   </div>
   <div class='ocr_carea' id='block_1_34' title="bbox 445 3466 2034 3554">
    <p class='ocr_par' dir='ltr' id='par_1_34' title="bbox 445 3466 2034 3549">
     <span class='ocr_line' id='line_1_34' title="bbox 445 3466 2034 3549; baseline 0 -19"><span class='ocrx_word' id='word_1_366' title='bbox 445 3472 597 3532; x_wconf 89' lang='lat' dir='ltr'>siam</span> <span class='ocrx_word' id='word_1_367' title='bbox 621 3480 761 3531; x_wconf 85' lang='lat' dir='ltr'>ante</span> <span class='ocrx_word' id='word_1_368' title='bbox 780 3469 929 3529; x_wconf 87' lang='lat' dir='ltr'>alios</span> <span class='ocrx_word' id='word_1_369' title='bbox 951 3466 1404 3547; x_wconf 88' lang='lat' dir='ltr'>ingrcssis,quid</span> <span class='ocrx_word' id='word_1_370' title='bbox 1427 3468 1887 3528; x_wconf 73' lang='lat' dir='ltr'>exorcismorum</span> <span class='ocrx_word' id='word_1_371' title='bbox 1910 3477 2034 3549; x_wconf 64' lang='lat' dir='ltr'>tem)</span> 
     </span>
    </p>
   </div>
   <div class='ocr_carea' id='block_1_35' title="bbox 2219 3466 3808 3554">
    <p class='ocr_par' dir='ltr' id='par_1_35' title="bbox 2219 3471 3808 3554">
     <span class='ocr_line' id='line_1_35' title="bbox 2219 3471 3808 3554; baseline -0.007 -22"><span class='ocrx_word' id='word_1_372' title='bbox 2219 3472 2530 3532; x_wconf 59' lang='lat' dir='ltr'>acienzlum</span> <span class='ocrx_word' id='word_1_373' title='bbox 2549 3471 2990 3553; x_wconf 68' lang='lat' dir='ltr'>przscribitm.</span> <span class='ocrx_word' id='word_1_374' title='bbox 3020 3473 3116 3544; x_wconf 88' lang='lat'>13,</span> <span class='ocrx_word' id='word_1_375' title='bbox 3144 3475 3272 3554; x_wconf 69' lang='lat'>14).</span> <span class='ocrx_word' id='word_1_376' title='bbox 3303 3473 3808 3553; x_wconf 78' lang='lat' dir='ltr'>Deniquecommcn-</span> 
     </span>
    </p>
   </div>
   <div class='ocr_carea' id='block_1_36' title="bbox 449 3555 3811 3653">
    <p class='ocr_par' dir='ltr' id='par_1_36' title="bbox 449 3555 3811 3653">
     <span class='ocr_line' id='line_1_36' title="bbox 449 3555 3811 3653; baseline -0.002 -22"><span class='ocrx_word' id='word_1_377' title='bbox 449 3568 590 3631; x_wconf 89' lang='lat' dir='ltr'>data</span> <span class='ocrx_word' id='word_1_378' title='bbox 609 3566 799 3629; x_wconf 86' lang='lat' dir='ltr'>noctis</span> <span class='ocrx_word' id='word_1_379' title='bbox 815 3565 1140 3648; x_wconf 73' lang='lat' dir='ltr'>paschalis,</span> <span class='ocrx_word' id='word_1_380' title='bbox 1163 3585 1283 3646; x_wconf 88' lang='lat' dir='ltr'>qua</span> <span class='ocrx_word' id='word_1_381' title='bbox 1306 3564 1656 3647; x_wconf 80' lang='lat' dir='ltr'>baptizandi</span> <span class='ocrx_word' id='word_1_382' title='bbox 1677 3575 1867 3638; x_wconf 89' lang='lat' dir='ltr'>erant,</span> <span class='ocrx_word' id='word_1_383' title='bbox 1902 3567 2261 3643; x_wconf 88' lang='lat' dir='ltr'>celebritate,</span> <span class='ocrx_word' id='word_1_384' title='bbox 2289 3578 2344 3629; x_wconf 88' lang='lat' dir='ltr'>et</span> <span class='ocrx_word' id='word_1_385' title='bbox 2370 3580 2606 3632; x_wconf 76' lang='lat' dir='ltr'>ostensis</span> <span class='ocrx_word' id='word_1_386' title='bbox 2629 3569 2907 3649; x_wconf 84' lang='lat' dir='ltr'>baptismi</span> <span class='ocrx_word' id='word_1_387' title='bbox 2938 3570 3103 3633; x_wconf 89' lang='lat' dir='ltr'>bonis</span> <span class='ocrx_word' id='word_1_388' title='bbox 3134 3572 3222 3645; x_wconf 81' lang='grc' dir='ltr'>(η.</span> <span class='ocrx_word' id='word_1_389' title='bbox 3262 3575 3363 3653; x_wconf 80' lang='lat'>15,</span> <span class='ocrx_word' id='word_1_390' title='bbox 3423 3570 3538 3651; x_wconf 84' lang='lat'>16),</span> <span class='ocrx_word' id='word_1_391' title='bbox 3586 3555 3811 3641; x_wconf 66' lang='lat' dir='ltr'>diligenti</span> 
     </span>
    </p>
   </div>
   <div class='ocr_carea' id='block_1_37' title="bbox 449 3658 3748 3752">
    <p class='ocr_par' dir='ltr' id='par_1_37' title="bbox 449 3658 3748 3752">
     <span class='ocr_line' id='line_1_37' title="bbox 449 3658 3748 3752; baseline -0.003 -22"><span class='ocrx_word' id='word_1_392' title='bbox 449 3687 521 3731; x_wconf 90' lang='lat' dir='ltr'>ac</span> <span class='ocrx_word' id='word_1_393' title='bbox 548 3667 752 3729; x_wconf 89' lang='lat' dir='ltr'>sedula</span> <span class='ocrx_word' id='word_1_394' title='bbox 776 3665 860 3729; x_wconf 90' lang='lat' dir='ltr'>ad</span> <span class='ocrx_word' id='word_1_395' title='bbox 885 3666 1145 3727; x_wconf 87' lang='lat' dir='ltr'>omnium</span> <span class='ocrx_word' id='word_1_396' title='bbox 1179 3664 1463 3726; x_wconf 84' lang='lat' dir='ltr'>bonorum</span> <span class='ocrx_word' id='word_1_397' title='bbox 1493 3684 1736 3745; x_wconf 84' lang='lat' dir='ltr'>aperum</span> <span class='ocrx_word' id='word_1_398' title='bbox 1766 3665 2248 3730; x_wconf 77' lang='lat' dir='ltr'>exercitationem</span> <span class='ocrx_word' id='word_1_399' title='bbox 2276 3670 2698 3731; x_wconf 74' lang='lat' dir='ltr'>exhortatione</span> <span class='ocrx_word' id='word_1_400' title='bbox 2725 3689 3049 3731; x_wconf 85' lang='lat' dir='ltr'>sermonem</span> <span class='ocrx_word' id='word_1_401' title='bbox 3079 3672 3389 3733; x_wconf 85' lang='lat' dir='ltr'>concludit</span> <span class='ocrx_word' id='word_1_402' title='bbox 3416 3671 3500 3752; x_wconf 86' lang='grc' dir='ltr'>(η.</span> <span class='ocrx_word' id='word_1_403' title='bbox 3533 3669 3617 3737; x_wconf 83' lang='lat'>1&#39;1,</span> <span class='ocrx_word' id='word_1_404' title='bbox 3649 3658 3748 3740; x_wconf 88' lang='grc'>18).</span> 
     </span>
    </p>
   </div>
   <div class='ocr_carea' id='block_1_38' title="bbox 532 3761 3806 3848">
    <p class='ocr_par' dir='ltr' id='par_1_38' title="bbox 532 3761 3806 3848">
     <span class='ocr_line' id='line_1_38' title="bbox 532 3761 3806 3848; baseline -0.002 -20"><span class='ocrx_word' id='word_1_405' title='bbox 532 3765 902 3828; x_wconf 78' lang='lat' dir='ltr'>ILPlurima</span> <span class='ocrx_word' id='word_1_406' title='bbox 923 3773 1060 3824; x_wconf 89' lang='lat' dir='ltr'>sunt</span> <span class='ocrx_word' id='word_1_407' title='bbox 1081 3764 1146 3823; x_wconf 88' lang='lat' dir='ltr'>in</span> <span class='ocrx_word' id='word_1_408' title='bbox 1169 3761 1279 3823; x_wconf 87' lang='lat' dir='ltr'>hac</span> <span class='ocrx_word' id='word_1_409' title='bbox 1303 3764 1572 3824; x_wconf 87' lang='lat' dir='ltr'>aratione</span> <span class='ocrx_word' id='word_1_410' title='bbox 1592 3764 1963 3825; x_wconf 87' lang='lat' dir='ltr'>eruditorum</span> <span class='ocrx_word' id='word_1_411' title='bbox 2002 3766 2513 3831; x_wconf 79' lang='lat' dir='ltr'>animadversione</span> <span class='ocrx_word' id='word_1_412' title='bbox 2531 3766 2741 3848; x_wconf 87' lang='lat' dir='ltr'>digna.</span> <span class='ocrx_word' id='word_1_413' title='bbox 2755 3766 3136 3831; x_wconf 84' lang='lat' dir='ltr'>Consuetudo</span> <span class='ocrx_word' id='word_1_414' title='bbox 3153 3788 3398 3831; x_wconf 86' lang='lat' dir='ltr'>nomma</span> <span class='ocrx_word' id='word_1_415' title='bbox 3415 3767 3492 3830; x_wconf 90' lang='lat' dir='ltr'>ad</span> <span class='ocrx_word' id='word_1_416' title='bbox 3511 3766 3806 3845; x_wconf 63' lang='lat' dir='ltr'>baptismum</span> 
     </span>
    </p>
   </div>
   <div class='ocr_carea' id='block_1_39' title="bbox 448 3851 3805 3949">
    <p class='ocr_par' dir='ltr' id='par_1_39' title="bbox 448 3851 3805 3949">
     <span class='ocr_line' id='line_1_39' title="bbox 448 3851 3805 3949; baseline -0.003 -24"><span class='ocrx_word' id='word_1_417' title='bbox 448 3865 628 3926; x_wconf 88' lang='lat' dir='ltr'>initio</span> <span class='ocrx_word' id='word_1_418' title='bbox 668 3862 1159 3943; x_wconf 76' lang='lat' dir='ltr'>Quadragesimce</span> <span class='ocrx_word' id='word_1_419' title='bbox 1191 3860 1388 3922; x_wconf 85' lang='lat' dir='ltr'>dandi</span> <span class='ocrx_word' id='word_1_420' title='bbox 1405 3860 1496 3942; x_wconf 91' lang='lat' dir='ltr'>(n.</span> <span class='ocrx_word' id='word_1_421' title='bbox 1524 3864 1550 3921; x_wconf 86' lang='lat'>1</span> <span class='ocrx_word' id='word_1_422' title='bbox 1582 3867 1643 3922; x_wconf 88' lang='lat' dir='ltr'>et</span> <span class='ocrx_word' id='word_1_423' title='bbox 1664 3862 1765 3943; x_wconf 66' lang='lat'>4):</span> <span class='ocrx_word' id='word_1_424' title='bbox 1793 3861 2399 3927; x_wconf 78' lang='lat' dir='ltr'>zbicatechumenatus</span> <span class='ocrx_word' id='word_1_425' title='bbox 2419 3865 2563 3947; x_wconf 83' lang='lat' dir='ltr'>ﬁnis</span> <span class='ocrx_word' id='word_1_426' title='bbox 2580 3875 2636 3927; x_wconf 92' lang='lat' dir='ltr'>et</span> <span class='ocrx_word' id='word_1_427' title='bbox 2653 3876 2891 3948; x_wconf 84' lang='lat' dir='ltr'>sumpta</span> <span class='ocrx_word' id='word_1_428' title='bbox 2914 3865 3186 3949; x_wconf 81' lang='lat' dir='ltr'>ﬁdelium</span> <span class='ocrx_word' id='word_1_429' title='bbox 3205 3866 3529 3949; x_wconf 87' lang='lat' dir='ltr'>appellatio</span> <span class='ocrx_word' id='word_1_430' title='bbox 3552 3864 3628 3942; x_wconf 89' lang='lat' dir='ltr'>(u.</span> <span class='ocrx_word' id='word_1_431' title='bbox 3644 3864 3697 3919; x_wconf 88' lang='lat' dir='ltr'>et</span> <span class='ocrx_word' id='word_1_432' title='bbox 3714 3851 3805 3930; x_wconf 71' lang='lat'>12):</span> 
     </span>
    </p>
   </div>
   <div class='ocr_carea' id='block_1_40' title="bbox 447 3952 3808 4047">
    <p class='ocr_par' dir='ltr' id='par_1_40' title="bbox 447 3952 3808 4047">
     <span class='ocr_line' id='line_1_40' title="bbox 447 3952 3808 4047; baseline -0.003 -22"><span class='ocrx_word' id='word_1_433' title='bbox 447 3983 583 4043; x_wconf 64' lang='lat' dir='ltr'>qua</span> <span class='ocrx_word' id='word_1_434' title='bbox 606 3962 893 4025; x_wconf 55' lang='lat' dir='ltr'>Ecclesia</span> <span class='ocrx_word' id='word_1_435' title='bbox 918 3958 1491 4041; x_wconf 64' lang='lat' dir='ltr'>Hierosolymitanz</span> <span class='ocrx_word' id='word_1_436' title='bbox 1509 3971 1635 4039; x_wconf 76' lang='lat' dir='ltr'>fere</span> <span class='ocrx_word' id='word_1_437' title='bbox 1650 3961 1942 4041; x_wconf 84' lang='lat' dir='ltr'>propria:</span> <span class='ocrx_word' id='word_1_438' title='bbox 1966 3963 2050 4023; x_wconf 73' lang='lat' dir='ltr'>vis</span> <span class='ocrx_word' id='word_1_439' title='bbox 2063 3969 2527 4024; x_wconf 70' lang='lat' dir='ltr'>exorcismorum</span> <span class='ocrx_word' id='word_1_440' title='bbox 2554 3963 2645 4044; x_wconf 83' lang='grc' dir='ltr'>(η.</span> <span class='ocrx_word' id='word_1_441' title='bbox 2668 3963 2757 4045; x_wconf 84' lang='grc'>9),</span> <span class='ocrx_word' id='word_1_442' title='bbox 2784 3965 3070 4047; x_wconf 86' lang='lat' dir='ltr'>baptismi</span> <span class='ocrx_word' id='word_1_443' title='bbox 3084 3964 3157 4027; x_wconf 89' lang='lat' dir='ltr'>ab</span> <span class='ocrx_word' id='word_1_444' title='bbox 3176 3963 3470 4028; x_wconf 63' lang='lat' dir='ltr'>hareticis</span> <span class='ocrx_word' id='word_1_445' title='bbox 3485 3962 3602 4022; x_wconf 89' lang='lat' dir='ltr'>dati</span> <span class='ocrx_word' id='word_1_446' title='bbox 3618 3952 3808 4017; x_wconf 67' lang='lat' dir='ltr'>nullita!</span> 
     </span>
    </p>
   </div>
   <div class='ocr_carea' id='block_1_41' title="bbox 444 4048 3808 4144">
    <p class='ocr_par' dir='ltr' id='par_1_41' title="bbox 444 4048 3808 4144">
     <span class='ocr_line' id='line_1_41' title="bbox 444 4048 3808 4144; baseline -0 -24"><span class='ocrx_word' id='word_1_447' title='bbox 444 4061 534 4142; x_wconf 84' lang='grc' dir='ltr'>(η.</span> <span class='ocrx_word' id='word_1_448' title='bbox 566 4062 650 4140; x_wconf 90' lang='lat'>7),</span> <span class='ocrx_word' id='word_1_449' title='bbox 675 4058 975 4120; x_wconf 81' lang='lat' dir='ltr'>silentium</span> <span class='ocrx_word' id='word_1_450' title='bbox 995 4059 1422 4137; x_wconf 79' lang='lat' dir='ltr'>mysteriorum</span> <span class='ocrx_word' id='word_1_451' title='bbox 1444 4077 1650 4119; x_wconf 85' lang='lat' dir='ltr'>coram</span> <span class='ocrx_word' id='word_1_452' title='bbox 1672 4061 2109 4121; x_wconf 82' lang='lat' dir='ltr'>catechumenis</span> <span class='ocrx_word' id='word_1_453' title='bbox 2131 4064 2215 4137; x_wconf 85' lang='grc' dir='ltr'>(η.</span> <span class='ocrx_word' id='word_1_454' title='bbox 2244 4063 2367 4142; x_wconf 71' lang='lat'>12),</span> <span class='ocrx_word' id='word_1_455' title='bbox 2391 4060 2548 4124; x_wconf 88' lang='lat' dir='ltr'>dura</span> <span class='ocrx_word' id='word_1_456' title='bbox 2568 4071 2625 4124; x_wconf 86' lang='lat' dir='ltr'>et</span> <span class='ocrx_word' id='word_1_457' title='bbox 2647 4061 2944 4124; x_wconf 76' lang='lat' dir='ltr'>laboriosa</span> <span class='ocrx_word' id='word_1_458' title='bbox 2968 4063 3464 4143; x_wconf 79' lang='lat' dir='ltr'>baptizandorum</span> <span class='ocrx_word' id='word_1_459' title='bbox 3480 4078 3590 4144; x_wconf 86' lang='lat' dir='ltr'>per</span> <span class='ocrx_word' id='word_1_460' title='bbox 3601 4048 3808 4139; x_wconf 74' lang='grc' dir='ltr'>ᾳυαάνα·</span> 
     </span>
    </p>
   </div>
   <div class='ocr_carea' id='block_1_42' title="bbox 449 4156 3521 4243">
    <p class='ocr_par' dir='ltr' id='par_1_42' title="bbox 449 4156 3521 4243">
     <span class='ocr_line' id='line_1_42' title="bbox 449 4156 3521 4243; baseline 0 -22"><span class='ocrx_word' id='word_1_461' title='bbox 449 4160 626 4243; x_wconf 84' lang='lat' dir='ltr'>ginta</span> <span class='ocrx_word' id='word_1_462' title='bbox 655 4158 779 4217; x_wconf 85' lang='lat' dir='ltr'>dies</span> <span class='ocrx_word' id='word_1_463' title='bbox 811 4157 1161 4218; x_wconf 68' lang='lat' dir='ltr'>exercitatio</span> <span class='ocrx_word' id='word_1_464' title='bbox 1193 4156 1282 4235; x_wconf 82' lang='grc' dir='ltr'>(η.</span> <span class='ocrx_word' id='word_1_465' title='bbox 1309 4161 1368 4228; x_wconf 76' lang='grc'>4,</span> <span class='ocrx_word' id='word_1_466' title='bbox 1395 4157 1490 4227; x_wconf 89' lang='lat'>13,</span> <span class='ocrx_word' id='word_1_467' title='bbox 1520 4159 1618 4225; x_wconf 80' lang='grc'>15,</span> <span class='ocrx_word' id='word_1_468' title='bbox 1654 4158 1776 4238; x_wconf 87' lang='grc'>16).</span> <span class='ocrx_word' id='word_1_469' title='bbox 1805 4159 2170 4222; x_wconf 85' lang='lat' dir='ltr'>Clericorum</span> <span class='ocrx_word' id='word_1_470' title='bbox 2202 4160 2486 4222; x_wconf 80' lang='lat' dir='ltr'>adversus</span> <span class='ocrx_word' id='word_1_471' title='bbox 2514 4180 2608 4222; x_wconf 90' lang='lat' dir='ltr'>eos</span> <span class='ocrx_word' id='word_1_472' title='bbox 2638 4160 2975 4241; x_wconf 79' lang='lat' dir='ltr'>vigilantia</span> <span class='ocrx_word' id='word_1_473' title='bbox 3003 4171 3059 4224; x_wconf 91' lang='lat' dir='ltr'>et</span> <span class='ocrx_word' id='word_1_474' title='bbox 3086 4162 3382 4234; x_wconf 80' lang='lat' dir='ltr'>studium,</span> <span class='ocrx_word' id='word_1_475' title='bbox 3415 4171 3521 4222; x_wconf 88' lang='lat' dir='ltr'>ctc.</span> 
     </span>
    </p>
   </div>
   <div class='ocr_carea' id='block_1_43' title="bbox 536 4250 3808 4340">
    <p class='ocr_par' dir='ltr' id='par_1_43' title="bbox 536 4250 3808 4340">
     <span class='ocr_line' id='line_1_43' title="bbox 536 4250 3808 4340; baseline -0.001 -21"><span class='ocrx_word' id='word_1_476' title='bbox 536 4262 584 4319; x_wconf 89' lang='lat' dir='ltr'>Il</span> <span class='ocrx_word' id='word_1_477' title='bbox 598 4255 884 4318; x_wconf 84' lang='lat' dir='ltr'>I.Habita</span> <span class='ocrx_word' id='word_1_478' title='bbox 907 4265 990 4316; x_wconf 87' lang='lat' dir='ltr'>est</span> <span class='ocrx_word' id='word_1_479' title='bbox 1006 4255 1125 4316; x_wconf 76' lang='lat' dir='ltr'>haec</span> <span class='ocrx_word' id='word_1_480' title='bbox 1139 4258 1334 4316; x_wconf 86' lang='lat' dir='ltr'>oratio</span> <span class='ocrx_word' id='word_1_481' title='bbox 1354 4254 1532 4316; x_wconf 81' lang='lat' dir='ltr'>initio</span> <span class='ocrx_word' id='word_1_482' title='bbox 1557 4255 2140 4336; x_wconf 62' lang='lat' dir='ltr'>Quadragesimzm:</span> <span class='ocrx_word' id='word_1_483' title='bbox 2159 4258 2252 4321; x_wconf 88' lang='lat' dir='ltr'>his</span> <span class='ocrx_word' id='word_1_484' title='bbox 2273 4259 2467 4321; x_wconf 88' lang='lat' dir='ltr'>verbis</span> <span class='ocrx_word' id='word_1_485' title='bbox 2488 4264 2695 4321; x_wconf 76' lang='lat' dir='ltr'>num.4</span> <span class='ocrx_word' id='word_1_486' title='bbox 2715 4262 2873 4321; x_wconf 85' lang='lat' dir='ltr'>:Non</span> <span class='ocrx_word' id='word_1_487' title='bbox 2891 4279 3150 4340; x_wconf 81' lang='lat' dir='ltr'>parvam</span> <span class='ocrx_word' id='word_1_488' title='bbox 3175 4261 3373 4321; x_wconf 82' lang='lat' dir='ltr'>habes</span> <span class='ocrx_word' id='word_1_489' title='bbox 3389 4250 3808 4336; x_wconf 63' lang='lat' dir='ltr'>temporist&#39;ﬂlﬂ&quot;</span> 
     </span>
    </p>
   </div>
   <div class='ocr_carea' id='block_1_44' title="bbox 453 4353 3809 4439">
    <p class='ocr_par' dir='ltr' id='par_1_44' title="bbox 453 4353 3809 4439">
     <span class='ocr_line' id='line_1_44' title="bbox 453 4353 3809 4439; baseline -0.003 -22"><span class='ocrx_word' id='word_1_490' title='bbox 453 4354 797 4438; x_wconf 84' lang='lat' dir='ltr'>capedinem</span> <span class='ocrx_word' id='word_1_491' title='bbox 818 4374 841 4416; x_wconf 94' lang='grc'>.·</span> <span class='ocrx_word' id='word_1_492' title='bbox 867 4354 1215 4434; x_wconf 58' lang='lat' dir='ltr'>paenitentia</span> <span class='ocrx_word' id='word_1_493' title='bbox 1239 4354 1661 4433; x_wconf 73' lang='lat' dir='ltr'>quadraginta</span> <span class='ocrx_word' id='word_1_494' title='bbox 1681 4355 1920 4416; x_wconf 87' lang='lat' dir='ltr'>dierum</span> <span class='ocrx_word' id='word_1_495' title='bbox 1943 4356 2055 4417; x_wconf 83' lang='lat' dir='ltr'>tibi</span> <span class='ocrx_word' id='word_1_496' title='bbox 2077 4357 2285 4419; x_wconf 83' lang='lat' dir='ltr'>datur.</span> <span class='ocrx_word' id='word_1_497' title='bbox 2311 4358 2451 4438; x_wconf 81' lang='lat' dir='ltr'>Ipsa</span> <span class='ocrx_word' id='word_1_498' title='bbox 2469 4364 2674 4438; x_wconf 87' lang='lat' dir='ltr'>prima</span> <span class='ocrx_word' id='word_1_499' title='bbox 2689 4357 3168 4439; x_wconf 65' lang='lat' dir='ltr'>Quadragesimz</span> <span class='ocrx_word' id='word_1_500' title='bbox 3193 4362 3513 4419; x_wconf 87' lang='lat' dir='ltr'>Dominica</span> <span class='ocrx_word' id='word_1_501' title='bbox 3531 4353 3809 4434; x_wconf 74' lang='lat' dir='ltr'>peroralam</span> 
     </span>
    </p>
   </div>
   <div class='ocr_carea' id='block_1_45' title="bbox 456 4439 3811 4538">
    <p class='ocr_par' dir='ltr' id='par_1_45' title="bbox 456 4439 3811 4538">
     <span class='ocr_line' id='line_1_45' title="bbox 456 4439 3811 4538; baseline -0.002 -21"><span class='ocrx_word' id='word_1_502' title='bbox 456 4474 572 4517; x_wconf 90' lang='lat' dir='ltr'>esse</span> <span class='ocrx_word' id='word_1_503' title='bbox 592 4474 666 4515; x_wconf 73' lang='lat' dir='ltr'>ex</span> <span class='ocrx_word' id='word_1_504' title='bbox 687 4452 778 4513; x_wconf 84' lang='lat' dir='ltr'>his</span> <span class='ocrx_word' id='word_1_505' title='bbox 794 4454 983 4514; x_wconf 88' lang='lat' dir='ltr'>causis</span> <span class='ocrx_word' id='word_1_506' title='bbox 1003 4453 1289 4533; x_wconf 56' lang='lat' dir='ltr'>coatjicio:</span> <span class='ocrx_word' id='word_1_507' title='bbox 1325 4456 1382 4513; x_wconf 84' lang='lat'>1°</span> <span class='ocrx_word' id='word_1_508' title='bbox 1404 4453 1565 4535; x_wconf 87' lang='lat' dir='ltr'>quod</span> <span class='ocrx_word' id='word_1_509' title='bbox 1579 4463 1874 4534; x_wconf 86' lang='lat' dir='ltr'>sequentes</span> <span class='ocrx_word' id='word_1_510' title='bbox 1904 4466 2165 4536; x_wconf 88' lang='lat' dir='ltr'>quatuor</span> <span class='ocrx_word' id='word_1_511' title='bbox 2184 4456 2501 4517; x_wconf 87' lang='lat' dir='ltr'>catecheses</span> <span class='ocrx_word' id='word_1_512' title='bbox 2531 4454 2624 4517; x_wconf 85' lang='lat' dir='ltr'>ini</span> <span class='ocrx_word' id='word_1_513' title='bbox 2630 4458 2714 4516; x_wconf 86' lang='lat' dir='ltr'>tio</span> <span class='ocrx_word' id='word_1_514' title='bbox 2750 4458 3238 4537; x_wconf 76' lang='lat' dir='ltr'>Quadragesimae</span> <span class='ocrx_word' id='word_1_515' title='bbox 3258 4473 3499 4538; x_wconf 89' lang='lat' dir='ltr'>cumque</span> <span class='ocrx_word' id='word_1_516' title='bbox 3525 4460 3639 4513; x_wconf 87' lang='lat' dir='ltr'>tota</span> <span class='ocrx_word' id='word_1_517' title='bbox 3663 4439 3811 4507; x_wconf 63' lang='lat' dir='ltr'>adhuc</span> 
     </span>
    </p>
   </div>
   <div class='ocr_carea' id='block_1_46' title="bbox 456 4539 3814 4635">
    <p class='ocr_par' dir='ltr' id='par_1_46' title="bbox 456 4539 3814 4635">
     <span class='ocr_line' id='line_1_46' title="bbox 456 4539 3814 4635; baseline -0.002 -20"><span class='ocrx_word' id='word_1_518' title='bbox 456 4552 828 4615; x_wconf 85' lang='lat' dir='ltr'>decurrendo</span> <span class='ocrx_word' id='word_1_519' title='bbox 862 4553 1150 4625; x_wconf 87' lang='lat' dir='ltr'>esset,sint</span> <span class='ocrx_word' id='word_1_520' title='bbox 1177 4552 1377 4625; x_wconf 63' lang='lat' dir='ltr'>dictae;</span> <span class='ocrx_word' id='word_1_521' title='bbox 1404 4570 1480 4613; x_wconf 81' lang='lat' dir='ltr'>ea:</span> <span class='ocrx_word' id='word_1_522' title='bbox 1506 4561 1624 4613; x_wconf 88' lang='lat' dir='ltr'>cat.</span> <span class='ocrx_word' id='word_1_523' title='bbox 1649 4570 1730 4626; x_wconf 84' lang='lat' dir='ltr'>IV,</span> <span class='ocrx_word' id='word_1_524' title='bbox 1766 4572 1827 4613; x_wconf 85' lang='grc' dir='ltr'>η.</span> <span class='ocrx_word' id='word_1_525' title='bbox 1852 4556 1922 4627; x_wconf 87' lang='grc'>3;</span> <span class='ocrx_word' id='word_1_526' title='bbox 1949 4554 2012 4613; x_wconf 77' lang='lat'>2°</span> <span class='ocrx_word' id='word_1_527' title='bbox 2044 4553 2206 4635; x_wconf 80' lang='lat' dir='ltr'>quod</span> <span class='ocrx_word' id='word_1_528' title='bbox 2224 4573 2423 4615; x_wconf 89' lang='lat' dir='ltr'>coram</span> <span class='ocrx_word' id='word_1_529' title='bbox 2453 4556 2726 4616; x_wconf 89' lang='lat' dir='ltr'>universo</span> <span class='ocrx_word' id='word_1_530' title='bbox 2748 4554 3028 4616; x_wconf 72' lang='lat' dir='ltr'>Ecclesiae</span> <span class='ocrx_word' id='word_1_531' title='bbox 3056 4564 3205 4616; x_wconf 77' lang='lat' dir='ltr'>caetu</span> <span class='ocrx_word' id='word_1_532' title='bbox 3234 4564 3293 4616; x_wconf 90' lang='lat' dir='ltr'>et</span> <span class='ocrx_word' id='word_1_533' title='bbox 3317 4554 3448 4635; x_wconf 89' lang='lat' dir='ltr'>ipsa</span> <span class='ocrx_word' id='word_1_534' title='bbox 3471 4552 3530 4611; x_wconf 82' lang='lat' dir='ltr'>in</span> <span class='ocrx_word' id='word_1_535' title='bbox 3550 4539 3814 4630; x_wconf 59' lang='lat' dir='ltr'>syria-ti.“</span> 
     </span>
    </p>
   </div>
   <div class='ocr_carea' id='block_1_47' title="bbox 455 4637 3815 4732">
    <p class='ocr_par' dir='ltr' id='par_1_47' title="bbox 455 4637 3815 4732">
     <span class='ocr_line' id='line_1_47' title="bbox 455 4637 3815 4732; baseline -0.004 -18"><span class='ocrx_word' id='word_1_536' title='bbox 455 4649 652 4731; x_wconf 89' lang='lat' dir='ltr'>credo,</span> <span class='ocrx_word' id='word_1_537' title='bbox 674 4655 1071 4732; x_wconf 85' lang='lat' dir='ltr'>pronuntiata</span> <span class='ocrx_word' id='word_1_538' title='bbox 1090 4649 1172 4710; x_wconf 87' lang='lat' dir='ltr'>sit</span> <span class='ocrx_word' id='word_1_539' title='bbox 1195 4670 1209 4721; x_wconf 92' lang='lat'><strong>;</strong></span> <span class='ocrx_word' id='word_1_540' title='bbox 1239 4649 1328 4711; x_wconf 87' lang='lat' dir='ltr'>his</span> <span class='ocrx_word' id='word_1_541' title='bbox 1352 4650 1505 4710; x_wconf 87' lang='lat' dir='ltr'>enim</span> <span class='ocrx_word' id='word_1_542' title='bbox 1527 4648 1719 4711; x_wconf 85' lang='lat' dir='ltr'>verbis</span> <span class='ocrx_word' id='word_1_543' title='bbox 1738 4650 2058 4731; x_wconf 88' lang='lat' dir='ltr'>compellat</span> <span class='ocrx_word' id='word_1_544' title='bbox 2074 4670 2204 4712; x_wconf 89' lang='lat' dir='ltr'>eum</span> <span class='ocrx_word' id='word_1_545' title='bbox 2226 4652 2337 4730; x_wconf 83' lang='lat' dir='ltr'>qui</span> <span class='ocrx_word' id='word_1_546' title='bbox 2350 4651 2511 4713; x_wconf 88' lang='lat' dir='ltr'>mala</span> <span class='ocrx_word' id='word_1_547' title='bbox 2532 4662 2722 4714; x_wconf 90' lang='lat' dir='ltr'>mente</span> <span class='ocrx_word' id='word_1_548' title='bbox 2744 4651 3099 4725; x_wconf 85' lang='lat' dir='ltr'>accessisset,</span> <span class='ocrx_word' id='word_1_549' title='bbox 3119 4652 3449 4715; x_wconf 69' lang='lat' dir='ltr'>n.1.Vides</span> <span class='ocrx_word' id='word_1_550' title='bbox 3459 4637 3815 4710; x_wconf 71' lang='lat' dir='ltr'>venerandam</span> 
     </span>
    </p>
   </div>
   <div class='ocr_carea' id='block_1_48' title="bbox 456 4746 3813 4830">
    <p class='ocr_par' dir='ltr' id='par_1_48' title="bbox 456 4746 3813 4830">
     <span class='ocr_line' id='line_1_48' title="bbox 456 4746 3813 4830; baseline -0.003 -19"><span class='ocrx_word' id='word_1_551' title='bbox 456 4749 621 4813; x_wconf 84' lang='lat' dir='ltr'>hanc</span> <span class='ocrx_word' id='word_1_552' title='bbox 644 4748 938 4812; x_wconf 80' lang='lat' dir='ltr'>Ecclesiae</span> <span class='ocrx_word' id='word_1_553' title='bbox 959 4747 1231 4827; x_wconf 87' lang='lat' dir='ltr'>speciem</span> <span class='ocrx_word' id='word_1_554' title='bbox 1248 4751 1277 4808; x_wconf 77' lang='lat'>7</span> <span class='ocrx_word' id='word_1_555' title='bbox 1303 4747 1474 4811; x_wconf 88' lang='lat' dir='ltr'>vides</span> <span class='ocrx_word' id='word_1_556' title='bbox 1522 4749 1807 4809; x_wconf 87' lang='lat' dir='ltr'>ordinem</span> <span class='ocrx_word' id='word_1_557' title='bbox 1825 4767 1899 4811; x_wconf 82' lang='lat' dir='ltr'>ac</span> <span class='ocrx_word' id='word_1_558' title='bbox 1924 4748 2343 4827; x_wconf 77' lang='lat' dir='ltr'>disciplinam,</span> <span class='ocrx_word' id='word_1_559' title='bbox 2371 4750 2837 4830; x_wconf 77' lang='lat' dir='ltr'>Scripturarum</span> <span class='ocrx_word' id='word_1_560' title='bbox 2868 4750 3222 4825; x_wconf 87' lang='lat' dir='ltr'>lectionem,</span> <span class='ocrx_word' id='word_1_561' title='bbox 3267 4749 3686 4812; x_wconf 77' lang='lat' dir='ltr'>canonicarum</span> <span class='ocrx_word' id='word_1_562' title='bbox 3704 4746 3813 4813; x_wconf 63' lang='lat' dir='ltr'>pet“</span> 
     </span>
    </p>
   </div>
   <div class='ocr_carea' id='block_1_49' title="bbox 454 4830 3815 4929">
    <p class='ocr_par' dir='ltr' id='par_1_49' title="bbox 454 4830 3815 4929">
     <span class='ocr_line' id='line_1_49' title="bbox 454 4830 3815 4929; baseline -0.005 -19"><span class='ocrx_word' id='word_1_563' title='bbox 454 4867 751 4912; x_wconf 83' lang='lat' dir='ltr'>sonarum</span> <span class='ocrx_word' id='word_1_564' title='bbox 784 4844 1206 4927; x_wconf 69' lang='lat' dir='ltr'>praesentiam,</span> <span class='ocrx_word' id='word_1_565' title='bbox 1270 4846 1536 4908; x_wconf 88' lang='lat' dir='ltr'>docendi</span> <span class='ocrx_word' id='word_1_566' title='bbox 1573 4845 1859 4907; x_wconf 87' lang='lat' dir='ltr'>ordinem</span> <span class='ocrx_word' id='word_1_567' title='bbox 1892 4864 1965 4908; x_wconf 80' lang='lat' dir='ltr'>ac</span> <span class='ocrx_word' id='word_1_568' title='bbox 1995 4845 2218 4908; x_wconf 87' lang='lat' dir='ltr'>seriem</span> <span class='ocrx_word' id='word_1_569' title='bbox 2239 4847 2268 4906; x_wconf 67' lang='grc' dir='ltr'>*ἲ</span> <span class='ocrx_word' id='word_1_570' title='bbox 2305 4845 2470 4928; x_wconf 89' lang='lat' dir='ltr'>dum,</span> <span class='ocrx_word' id='word_1_571' title='bbox 2502 4857 2568 4908; x_wconf 90' lang='lat' dir='ltr'>ut</span> <span class='ocrx_word' id='word_1_572' title='bbox 2587 4867 2694 4929; x_wconf 89' lang='lat' dir='ltr'>ego</span> <span class='ocrx_word' id='word_1_573' title='bbox 2727 4851 3115 4929; x_wconf 89' lang='lat' dir='ltr'>interpretor,</span> <span class='ocrx_word' id='word_1_574' title='bbox 3156 4849 3371 4929; x_wconf 85' lang='lat' dir='ltr'>plures</span> <span class='ocrx_word' id='word_1_575' title='bbox 3409 4833 3731 4928; x_wconf 76' lang='lat' dir='ltr'>presbyteri,</span> <span class='ocrx_word' id='word_1_576' title='bbox 3770 4830 3815 4887; x_wconf 67' lang='lat' dir='ltr'>tl</span> 
     </span>
    </p>
   </div>
   <div class='ocr_carea' id='block_1_50' title="bbox 450 4933 3813 5029">
    <p class='ocr_par' dir='ltr' id='par_1_50' title="bbox 450 4933 3813 5029">
     <span class='ocr_line' id='line_1_50' title="bbox 450 4933 3813 5029; baseline -0.003 -22"><span class='ocrx_word' id='word_1_577' title='bbox 450 4958 746 5029; x_wconf 88' lang='lat' dir='ltr'>postremo</span> <span class='ocrx_word' id='word_1_578' title='bbox 779 4948 902 5009; x_wconf 90' lang='lat' dir='ltr'>loco</span> <span class='ocrx_word' id='word_1_579' title='bbox 931 4945 1239 5028; x_wconf 88' lang='lat' dir='ltr'>episcopus</span> <span class='ocrx_word' id='word_1_580' title='bbox 1265 4944 1734 5005; x_wconf 88' lang='lat' dir='ltr'>concionaretur.</span> <span class='ocrx_word' id='word_1_581' title='bbox 1768 4941 2098 5017; x_wconf 69' lang='lat' dir='ltr'>Praeterea,</span> <span class='ocrx_word' id='word_1_582' title='bbox 2130 4954 2290 5006; x_wconf 91' lang='lat' dir='ltr'>caret</span> <span class='ocrx_word' id='word_1_583' title='bbox 2323 4944 2445 5007; x_wconf 69' lang='lat' dir='ltr'>haec</span> <span class='ocrx_word' id='word_1_584' title='bbox 2469 4948 2667 5008; x_wconf 90' lang='lat' dir='ltr'>oratio</span> <span class='ocrx_word' id='word_1_585' title='bbox 2700 4948 2943 5008; x_wconf 83' lang='lat' dir='ltr'>lectione</span> <span class='ocrx_word' id='word_1_586' title='bbox 2968 4949 3314 5028; x_wconf 65' lang='lat' dir='ltr'>Scriptura:</span> <span class='ocrx_word' id='word_1_587' title='bbox 3351 4954 3670 5006; x_wconf 59' lang='lat' dir='ltr'>exterarum</span> <span class='ocrx_word' id='word_1_588' title='bbox 3693 4933 3813 4990; x_wconf 70' lang='lat' dir='ltr'>Ml“</span> 
     </span>
    </p>
   </div>
   <div class='ocr_carea' id='block_1_51' title="bbox 457 5032 3817 5125">
    <p class='ocr_par' dir='ltr' id='par_1_51' title="bbox 457 5032 3817 5125">
     <span class='ocr_line' id='line_1_51' title="bbox 457 5032 3817 5125; baseline -0.003 -22"><span class='ocrx_word' id='word_1_589' title='bbox 457 5045 693 5105; x_wconf 87' lang='lat' dir='ltr'>cheseon</span> <span class='ocrx_word' id='word_1_590' title='bbox 724 5046 896 5105; x_wconf 89' lang='lat' dir='ltr'>initio</span> <span class='ocrx_word' id='word_1_591' title='bbox 922 5044 1227 5125; x_wconf 68' lang='lat' dir='ltr'>praeﬁxa:</span> <span class='ocrx_word' id='word_1_592' title='bbox 1260 5041 1431 5123; x_wconf 86' lang='lat' dir='ltr'>cujus</span> <span class='ocrx_word' id='word_1_593' title='bbox 1463 5043 1554 5101; x_wconf 91' lang='lat' dir='ltr'>rei</span> <span class='ocrx_word' id='word_1_594' title='bbox 1579 5040 1806 5101; x_wconf 88' lang='lat' dir='ltr'>nullam</span> <span class='ocrx_word' id='word_1_595' title='bbox 1837 5039 2023 5101; x_wconf 90' lang='lat' dir='ltr'>aliam</span> <span class='ocrx_word' id='word_1_596' title='bbox 2052 5060 2293 5102; x_wconf 89' lang='lat' dir='ltr'>causam</span> <span class='ocrx_word' id='word_1_597' title='bbox 2325 5044 2584 5125; x_wconf 90' lang='lat' dir='ltr'>reperio,</span> <span class='ocrx_word' id='word_1_598' title='bbox 2616 5044 2740 5105; x_wconf 88' lang='lat' dir='ltr'>nisi</span> <span class='ocrx_word' id='word_1_599' title='bbox 2789 5042 2953 5125; x_wconf 91' lang='lat' dir='ltr'>quod</span> <span class='ocrx_word' id='word_1_600' title='bbox 3008 5054 3234 5106; x_wconf 66' lang='lat' dir='ltr'>caeteras</span> <span class='ocrx_word' id='word_1_601' title='bbox 3281 5040 3586 5104; x_wconf 86' lang='lat' dir='ltr'>catecheses</span> <span class='ocrx_word' id='word_1_602' title='bbox 3628 5032 3682 5093; x_wconf 86' lang='lat' dir='ltr'>in</span> <span class='ocrx_word' id='word_1_603' title='bbox 3717 5037 3817 5084; x_wconf 77' lang='grc' dir='ltr'>εοη⁶</span> 
     </span>
    </p>
   </div>
   <div class='ocr_carea' id='block_1_52' title="bbox 454 5128 3811 5220">
    <p class='ocr_par' dir='ltr' id='par_1_52' title="bbox 454 5128 3811 5220">
     <span class='ocr_line' id='line_1_52' title="bbox 454 5128 3811 5220; baseline -0.006 -18"><span class='ocrx_word' id='word_1_604' title='bbox 454 5150 627 5202; x_wconf 86' lang='lat' dir='ltr'>ventu</span> <span class='ocrx_word' id='word_1_605' title='bbox 662 5143 911 5220; x_wconf 78' lang='lat' dir='ltr'>proprio</span> <span class='ocrx_word' id='word_1_606' title='bbox 940 5152 995 5201; x_wconf 91' lang='lat' dir='ltr'>et</span> <span class='ocrx_word' id='word_1_607' title='bbox 1022 5140 1104 5202; x_wconf 90' lang='lat' dir='ltr'>ad</span> <span class='ocrx_word' id='word_1_608' title='bbox 1129 5160 1256 5201; x_wconf 90' lang='lat' dir='ltr'>eam</span> <span class='ocrx_word' id='word_1_609' title='bbox 1288 5160 1409 5200; x_wconf 89' lang='lat' dir='ltr'>rem</span> <span class='ocrx_word' id='word_1_610' title='bbox 1438 5138 1805 5199; x_wconf 85' lang='lat' dir='ltr'>solummodo</span> <span class='ocrx_word' id='word_1_611' title='bbox 1836 5139 2113 5213; x_wconf 86' lang='lat' dir='ltr'>deputata</span> <span class='ocrx_word' id='word_1_612' title='bbox 2144 5140 2357 5203; x_wconf 67' lang='lat' dir='ltr'>habitae</span> <span class='ocrx_word' id='word_1_613' title='bbox 2394 5142 2516 5203; x_wconf 84' lang='lat' dir='ltr'>sint</span> <span class='ocrx_word' id='word_1_614' title='bbox 2544 5163 2558 5213; x_wconf 90' lang='lat'><strong>;</strong></span> <span class='ocrx_word' id='word_1_615' title='bbox 2618 5141 2740 5204; x_wconf 75' lang='lat' dir='ltr'>haec</span> <span class='ocrx_word' id='word_1_616' title='bbox 2796 5145 2857 5204; x_wconf 92' lang='lat' dir='ltr'>in</span> <span class='ocrx_word' id='word_1_617' title='bbox 2908 5141 3253 5204; x_wconf 86' lang='lat' dir='ltr'>dimissione</span> <span class='ocrx_word' id='word_1_618' title='bbox 3309 5128 3811 5201; x_wconf 74' lang='lat' dir='ltr'>illuminandoruM.</span> 
     </span>
    </p>
   </div>
   <div class='ocr_carea' id='block_1_53' title="bbox 459 5216 3811 5317">
    <p class='ocr_par' dir='ltr' id='par_1_53' title="bbox 459 5216 3811 5317">
     <span class='ocr_line' id='line_1_53' title="bbox 459 5216 3811 5317; baseline -0.003 -21"><span class='ocrx_word' id='word_1_619' title='bbox 459 5216 784 5315; x_wconf 80' lang='lat' dir='ltr'>antequam</span> <span class='ocrx_word' id='word_1_620' title='bbox 807 5237 1073 5317; x_wconf 82' lang='lat' dir='ltr'>ﬁdelium</span> <span class='ocrx_word' id='word_1_621' title='bbox 1106 5239 1281 5297; x_wconf 73' lang='lat' dir='ltr'>missa</span> <span class='ocrx_word' id='word_1_622' title='bbox 1316 5234 1723 5296; x_wconf 85' lang='lat' dir='ltr'>inchoaretur.</span> <span class='ocrx_word' id='word_1_623' title='bbox 1764 5236 1985 5299; x_wconf 87' lang='lat' dir='ltr'>Clausa</span> <span class='ocrx_word' id='word_1_624' title='bbox 2012 5247 2142 5298; x_wconf 89' lang='lat' dir='ltr'>erat</span> <span class='ocrx_word' id='word_1_625' title='bbox 2166 5238 2407 5301; x_wconf 85' lang='lat' dir='ltr'>ecclesia</span> <span class='ocrx_word' id='word_1_626' title='bbox 2445 5260 2507 5301; x_wconf 84' lang='grc' dir='ltr'>η.</span> <span class='ocrx_word' id='word_1_627' title='bbox 2570 5243 2671 5311; x_wconf 77' lang='grc'>14,</span> <span class='ocrx_word' id='word_1_628' title='bbox 2703 5250 2759 5302; x_wconf 86' lang='lat' dir='ltr'>et</span> <span class='ocrx_word' id='word_1_629' title='bbox 2806 5240 3038 5301; x_wconf 70' lang='lat' dir='ltr'>exclusi</span> <span class='ocrx_word' id='word_1_630' title='bbox 3083 5233 3562 5302; x_wconf 80' lang='lat' dir='ltr'>catechumenin.</span> <span class='ocrx_word' id='word_1_631' title='bbox 3598 5216 3811 5317; x_wconf 49' lang='lat'>12.101&quot;</span> 
     </span>
    </p>
   </div>
   <div class='ocr_carea' id='block_1_54' title="bbox 457 5312 3807 5420">
    <p class='ocr_par' dir='ltr' id='par_1_54' title="bbox 457 5312 3807 5420">
     <span class='ocr_line' id='line_1_54' title="bbox 457 5312 3807 5420; baseline -0.007 -26"><span class='ocrx_word' id='word_1_632' title='bbox 457 5312 702 5395; x_wconf 75' lang='lat' dir='ltr'>nomina</span> <span class='ocrx_word' id='word_1_633' title='bbox 730 5312 1017 5395; x_wconf 81' lang='lat' dir='ltr'>dederant</span> <span class='ocrx_word' id='word_1_634' title='bbox 1043 5335 1125 5397; x_wconf 87' lang='lat' dir='ltr'>ad</span> <span class='ocrx_word' id='word_1_635' title='bbox 1153 5335 1504 5417; x_wconf 84' lang='lat' dir='ltr'>baptismum</span> <span class='ocrx_word' id='word_1_636' title='bbox 1535 5334 1951 5408; x_wconf 86' lang='lat' dir='ltr'>Illuminandi,</span> <span class='ocrx_word' id='word_1_637' title='bbox 1983 5355 2183 5398; x_wconf 90' lang='lat' dir='ltr'>omnes</span> <span class='ocrx_word' id='word_1_638' title='bbox 2209 5336 2407 5410; x_wconf 90' lang='lat' dir='ltr'>simul,</span> <span class='ocrx_word' id='word_1_639' title='bbox 2443 5346 2622 5420; x_wconf 91' lang='lat' dir='ltr'>atque</span> <span class='ocrx_word' id='word_1_640' title='bbox 2652 5338 2782 5420; x_wconf 84' lang='lat' dir='ltr'>ipsa</span> <span class='ocrx_word' id='word_1_641' title='bbox 2829 5339 3106 5415; x_wconf 76' lang='lat' dir='ltr'>fortassis</span> <span class='ocrx_word' id='word_1_642' title='bbox 3135 5338 3251 5409; x_wconf 89' lang='lat' dir='ltr'>die,</span> <span class='ocrx_word' id='word_1_643' title='bbox 3283 5345 3351 5396; x_wconf 90' lang='lat' dir='ltr'>ut</span> <span class='ocrx_word' id='word_1_644' title='bbox 3376 5352 3447 5394; x_wconf 69' lang='lat' dir='ltr'>es:</span> <span class='ocrx_word' id='word_1_645' title='bbox 3492 5327 3644 5390; x_wconf 85' lang='lat' dir='ltr'>dictis</span> <span class='ocrx_word' id='word_1_646' title='bbox 3686 5337 3736 5377; x_wconf 85' lang='grc' dir='ltr'><strong><em>η.</em></strong></span> <span class='ocrx_word' id='word_1_647' title='bbox 3766 5312 3807 5378; x_wconf 85' lang='grc'>1,</span> 
     </span>
    </p>
   </div>
   <div class='ocr_carea' id='block_1_55' title="bbox 466 5427 3653 5518">
    <p class='ocr_par' dir='ltr' id='par_1_55' title="bbox 466 5427 3653 5518">
     <span class='ocr_line' id='line_1_55' title="bbox 466 5427 3653 5518; baseline -0.001 -26"><span class='ocrx_word' id='word_1_648' title='bbox 466 5434 524 5507; x_wconf 89' lang='lat'>3,</span> <span class='ocrx_word' id='word_1_649' title='bbox 557 5438 619 5492; x_wconf 90' lang='lat' dir='ltr'>et</span> <span class='ocrx_word' id='word_1_650' title='bbox 641 5436 679 5494; x_wconf 82' lang='grc'>5</span> <span class='ocrx_word' id='word_1_651' title='bbox 712 5431 989 5513; x_wconf 84' lang='lat' dir='ltr'>conjicio.</span> <span class='ocrx_word' id='word_1_652' title='bbox 1022 5432 1159 5494; x_wconf 89' lang='lat' dir='ltr'>Jam</span> <span class='ocrx_word' id='word_1_653' title='bbox 1191 5430 1455 5514; x_wconf 74' lang='lat' dir='ltr'>primum</span> <span class='ocrx_word' id='word_1_654' title='bbox 1484 5431 1689 5493; x_wconf 84' lang='lat' dir='ltr'>saltem</span> <span class='ocrx_word' id='word_1_655' title='bbox 1715 5434 2108 5495; x_wconf 71' lang='lat' dir='ltr'>exorcismum</span> <span class='ocrx_word' id='word_1_656' title='bbox 2127 5446 2519 5518; x_wconf 87' lang='lat' dir='ltr'>susceperant,</span> <span class='ocrx_word' id='word_1_657' title='bbox 2571 5439 2744 5516; x_wconf 81' lang='lat' dir='ltr'>cujus</span> <span class='ocrx_word' id='word_1_658' title='bbox 2774 5438 2867 5497; x_wconf 87' lang='lat' dir='ltr'>rei</span> <span class='ocrx_word' id='word_1_659' title='bbox 2894 5435 3082 5498; x_wconf 86' lang='lat' dir='ltr'>ritum</span> <span class='ocrx_word' id='word_1_660' title='bbox 3112 5432 3388 5497; x_wconf 88' lang='lat' dir='ltr'>describit</span> <span class='ocrx_word' id='word_1_661' title='bbox 3416 5447 3570 5490; x_wconf 88' lang='lat' dir='ltr'>num.</span> <span class='ocrx_word' id='word_1_662' title='bbox 3599 5427 3653 5483; x_wconf 82' lang='lat'>9-</span> 
     </span>
    </p>
   </div>
   <div class='ocr_carea' id='block_1_56' title="bbox 538 5621 1745 5696">
    <p class='ocr_par' dir='ltr' id='par_1_56' title="bbox 538 5621 1745 5696">
     <span class='ocr_line' id='line_1_56' title="bbox 538 5621 1745 5696; baseline 0.002 -17"><span class='ocrx_word' id='word_1_663' title='bbox 538 5621 584 5658; x_wconf 73' lang='lat'>‘7</span> <span class='ocrx_word' id='word_1_664' title='bbox 616 5627 745 5682; x_wconf 82' lang='lat' dir='ltr'>Act.</span> <span class='ocrx_word' id='word_1_665' title='bbox 778 5642 872 5696; x_wconf 82' lang='lat' dir='ltr'>vn,</span> <span class='ocrx_word' id='word_1_666' title='bbox 907 5627 1114 5692; x_wconf 68' lang='lat'>18-24;</span> <span class='ocrx_word' id='word_1_667' title='bbox 1148 5624 1348 5680; x_wconf 85' lang='lat' dir='ltr'>Matth.</span> <span class='ocrx_word' id='word_1_668' title='bbox 1383 5641 1518 5693; x_wconf 80' lang='lat' dir='ltr'>xxn,</span> <span class='ocrx_word' id='word_1_669' title='bbox 1555 5626 1745 5682; x_wconf 86' lang='lat'>11-13.</span> 
     </span>
    </p>
   </div>
  </div>
