4024 6372
173 327 297 389 329
1322 322 1689 386 MONITUM
1733 323 1808 384 IN
1856 325 2516 392 PROCATEGHESIM
2529 376 2544 393 .
3514 345 3635 407 330

253 461 367 524 IV.
400 457 880 520 Procatecheeis
908 457 1160 538 dicitur,
1190 458 1371 540 quasi
1393 463 1538 520 ante
1567 458 1926 520 catecheses
1955 458 2142 536 dicta,
2173 471 2228 523 et
2256 462 2461 525 iisdem
2483 465 2798 529 audiendis
2812 482 3266 554 praeparatum.
3293 474 3532 539 Similis
3547 488 3637 542 est

166 557 529 643 argumenti
558 577 696 620 cum
719 564 926 639 primo
959 555 1073 618 illo
1099 577 1132 618 e
1155 576 1261 619 sea:
1285 557 1763 620 Inetitutionum
1799 559 2000 627 lib-ris.
2036 581 2181 641 quos
2210 581 2248 623 a
2279 562 2468 626 Nicea
2498 566 2684 645 (forte
2719 569 2990 651 Anicato)
3041 571 3328 635 Romana
3365 575 3632 639 civitatis

168 661 472 743 episcopo,
512 655 616 718 vel
633 663 847 739 potius
877 655 953 718 ab
983 657 1432 739 aliquosimilis
1452 658 1710 718 nominis
1730 659 1866 740 ejus
1886 658 2168 722 Ecclesiae
2182 663 2535 746 presbytero
2563 673 2816 750 scriptos
2836 669 2990 731 dicit
3015 673 3313 749 Gennad.,
3339 675 3627 757 Catalog.

185 780 332 840 cap.
365 760 456 830 23,
485 775 747 837 quorum
771 761 1010 838 primus
1038 756 1404 830 continebat,
1439 757 1712 836 qualiter
1740 777 1804 818 se
1838 758 2114 820 debeant
2142 779 2330 840 agere
2370 773 2819 844 competentes,
2856 769 3007 850 quia
3036 772 3116 832 ad
3148 772 3450 852 baptismi
3480 795 3628 854 gra-

189 859 353 920 tiam
383 856 640 935 cupiunt
674 855 1024 935 pervenire.
1060 853 1295 916 Similis
1323 864 1408 916 est
1432 861 1616 917 etiam
1663 860 2126 938 Augustiniano
2185 867 2454 924 sermoni
2476 865 2616 936 216,
2651 865 2732 926 ad
2765 869 3173 950 Competentes
3223 871 3408 935 dicto.
3476 853 3632 938 Cum

192 955 505 1037 singulare
537 965 722 1037 atque
749 959 992 1016 unicum
1013 960 1092 1014 sit
1115 953 1223 1015 hoc
1247 952 1654 1034 Cyrillianum
1688 958 2114 1020 Catecheseon
2145 980 2315 1040 opus,
2347 961 2577 1024 nullibi
2596 965 2754 1027 alias
2773 970 2978 1048 reperi
2994 989 3198 1030 vocem
3217 973 3628 1036 Procateche-

191 1058 272 1117 sis
298 1054 511 1117 eodem
536 1073 654 1136 quo
683 1051 782 1115 hic
808 1073 986 1114 sensu
1015 1061 1366 1135 usurpatam
1391 1074 1414 1121 ;
1443 1054 1575 1136 ipsa
1603 1062 1792 1118 etiam
1820 1076 2108 1120 vouraro
2137 1061 2200 1120 in
2228 1062 2622 1143 scriptoribus
2647 1065 3061 1130 ecclesiasticis
3093 1072 3384 1134 occurrit.
3423 1071 3624 1136 Unum

180 1160 430 1219 memini
460 1175 556 1217 me
578 1155 780 1234 legere
811 1157 1000 1214 locum
1030 1154 1196 1253 apud
1225 1153 1538 1233 Cyrillum
1567 1157 2055 1219 Alexandrinum
2085 1160 2466 1240 [CCLXVIII]
2494 1163 2602 1225 lib.
2631 1183 2698 1239 II,
2734 1165 2799 1226 in
2825 1167 3034 1248 Joan.,
3066 1169 3148 1232 ad
3170 1190 3304 1253 cap.
3339 1189 3433 1246 III,
3464 1193 3622 1236 vers.

175 1261 273 1330 22,
303 1275 465 1338 pag.
504 1258 622 1317 157
649 1253 874 1328 A,dum
905 1254 992 1314 ait
1023 1251 1204 1334 legem
1227 1253 1550 1317 Mosaicam
1578 1263 1764 1336 fuisse
1779 1261 2396 1337 praeexercitationem
2419 1262 2742 1344 quamdam
2773 1285 2846 1326 ac
2863 1274 3157 1348 praevium
3188 1251 3620 1334 institutionem

172 1356 255 1418 ad
284 1355 528 1417 cultum
561 1351 941 1435 spiritualem
982 1373 1149 1414 novae
1180 1353 1354 1432 legis,
1377 1356 1761 1436 προγύμνασμε

1682 1355 1786 1429 sui
1813 1375 1865 1410 τι
1895 1355 1985 1410 καὶ
2017 1358 2444 1433 προκατήχησις
2471 1367 2573 1430 τῆς
2602 1358 2654 1415 ἐν
2686 1361 2952 1438 πνεύματι
2986 1363 3271 1440 λατραῖατ.

254 1458 336 1516 ν.
378 1454 536 1518 Cum
566 1462 780 1516 cetera
809 1452 1128 1515 catecheses
1155 1458 1454 1534 praevium
1499 1447 1800 1533 quoddam
1832 1449 1900 1508 in
1927 1450 2322 1530 inscriptione
2379 1451 2631 1514 habeant
2685 1467 3138 1536 argumentum,
3197 1454 3360 1540 quod
3405 1480 3530 1523 rem
3563 1461 3628 1522 in

183 1573 549 1638 unaquaque
580 1561 909 1614 tractatam
940 1552 1181 1627 indicet,
1214 1550 1446 1612 nullum
1477 1557 1541 1610 in
1586 1548 2010 1630 manuscriptis
2040 1557 2099 1609 et
2125 1548 2294 1611 editis
2323 1550 2633 1613 codicibus
2690 1556 3133 1618 Procatecbeei
3162 1561 3518 1622 ascribitur.
3553 1561 3630 1623 In

184 1659 227 1717 A
240 1664 550 1736 ugustano
569 1661 771 1714 tamen
794 1649 1080 1725 indiculo,
1106 1670 1287 1734 quem
1303 1649 1574 1730 superius
1593 1647 1766 1723 editi,

2036 1669 2089 1708 ιν
2109 1648 2304 1710 istud:
2341 1648 2472 1723 Περὶ
2499 1654 2599 1704 τοῦ
2629 1652 2706 1724 μὴ
2739 1657 3014 1729 πειρᾶσαι·
3042 1659 3130 1717 De
3149 1676 3274 1719 non
3298 1661 3625 1736 tentando;

179 1775 282 1818 nec
308 1765 556 1826 temere,
590 1771 725 1813 cum
755 1761 881 1812 tota
909 1757 1039 1828 fere
1070 1751 1136 1811 in
1162 1750 1266 1812 hoc
1299 1758 1564 1812 versetur
1591 1749 1813 1818 oratio,
1867 1767 1941 1808 ne
1980 1767 2178 1830 prava
2226 1747 2624 1828 dispositione
2653 1761 2710 1812 et
2751 1755 3084 1834 imperatus
3126 1767 3236 1818 aut
3280 1758 3526 1820 auditor
3548 1761 3636 1822 ad

182 1858 534 1939 baptismum
565 1852 835 1924 accedat,
870 1853 1055 1934 quasi
1076 1850 1417 1934 periculum
1447 1850 1538 1912 rei
1564 1851 1832 1933 propriae
1849 1848 2060 1910 salutis
2081 1849 2403 1930 dispendio
2424 1858 2724 1929 facturus.
2753 1861 2884 1920 Cur
2912 1857 3085 1920 nulla
3103 1860 3380 1939 specialis
3411 1861 3628 1944 Scrip-

192 1969 330 2019 tura:
360 1955 565 2029 lectio,
599 1953 759 2014 sicut
782 1959 844 2012 in
872 1951 1248 2034 sequentibus
1275 1949 1642 2013 sermonibus
1671 1956 1926 2027 factum,
1961 1950 2144 2010 istum
2169 1949 2496 2029 praecedat,
2541 1953 2950 2031 conjecturam
2983 1977 3173 2020 meam
3227 1963 3545 2042 assignavi
3565 1983 3628 2024 η.

189 2058 251 2126 3,
280 2059 338 2127 4,
373 2055 711 2135 lectumque
736 2053 922 2133 fuisse
952 2050 1185 2112 videtur
1218 2051 1531 2132 speciatim
1562 2055 1897 2126 capitulum
1927 2067 2002 2109 exc
2030 2049 2242 2129 Epist.
2275 2048 2533 2110 Boman.
2566 2069 2698 2131 cap.
2751 2071 2850 2122 v1;
2895 2054 3124 2117 dicitur
3153 2064 3314 2120 enim
3343 2079 3514 2123 num.
3549 2065 3585 2122 5
3612 2079 3628 2124 :

191 2154 435 2215 Audisti
463 2151 848 2232 Apostolum
883 2150 1194 2212 dicentem
1232 2197 1246 2211 .
1282 2150 1331 2184 ⁴⁸
1369 2167 1386 2224 ;
1433 2149 1662 2212 Mortui
1694 2148 1948 2227 quidem
1983 2152 2246 2228 peccato
2276 2146 2558 2210 viventes
2587 2158 2799 2211 autem
2827 2152 3094 2231 justitim
3123 2175 3162 2214 »

268 2255 369 2314 VI.
401 2251 477 2314 In
509 2250 715 2312 codice
749 2247 1038 2311 Grodecii
1068 2259 1121 2311 et
1147 2250 1592 2330 Prevotii,post
1620 2246 1802 2308 verba
1837 2245 2341 2314 tituli,habentur
2373 2246 2490 2308 ista
2526 2265 2541 2309 :
2576 2245 2759 2323 Κύριε,
2796 2247 3115 2323 εὐλόγησον,
3137 2253 3401 2317 Domine
3429 2256 3630 2319 bene-

171 2353 295 2427 dic,
330 2370 466 2433 quas
495 2369 606 2410 nec
642 2349 702 2410 in
732 2357 937 2409 nostro
968 2348 1116 2428 Reg.
1143 2347 1341 2409 codice
1368 2355 1623 2419 exstant,
1656 2364 1760 2406 nec
1781 2347 1846 2406 in
1876 2345 2232 2424 Anglicanis
2261 2345 2559 2408 exstitisse
2593 2346 2889 2409 videntur.
2923 2349 3273 2414 Librariine
3299 2373 3377 2416 an
3407 2365 3618 2418 aucto-

166 2453 257 2512 ris
291 2451 422 2511 ista
452 2448 537 2509 sit
564 2445 987 2509 benedictionis
1037 2447 1390 2527 postulatio,
1423 2454 1647 2506 certum
1672 2463 1788 2504 non
1809 2450 1953 2505 scio.
1991 2442 2348 2523 Presbyteri
2372 2450 2478 2525 qui
2508 2464 2708 2506 coram
2757 2448 3028 2529 episcOpo
3081 2453 3618 2532 concionabantur,

175 2549 390 2632 qualis
422 2557 545 2607 tum
572 2546 775 2626 agebat
805 2543 1090 2626 Cyrillus,
1116 2544 1313 2606 dicere
1340 2543 1500 2605 soliti
1519 2553 1718 2620 erant,
1755 2537 2099 2616 Εὐλόγησον,
2126 2541 2298 2617 Πάτερ
2322 2545 2612 2619 Benedic,
2650 2549 2860 2620 Pater,
2895 2556 2962 2607 ut
2989 2556 3148 2625 facit
3171 2549 3621 2634 Chrysoslomus

176 2653 479 2730 praesente
502 2643 808 2719 Flaviano,
839 2644 1021 2704 initio
1056 2642 1312 2705 homiliae
1341 2646 1443 2721 25,
1479 2651 1594 2702 tom
1626 2639 1678 2702 Ι.
1717 2641 1987 2702 Lectores
2026 2660 2262 2723 quoque
2303 2645 2367 2704 in
2396 2641 2660 2716 ecclesia,
2717 2650 3078 2726 priusquam
3110 2651 3205 2710 vel
3233 2649 3622 2733 Scripturam

201 2747 300 2808 vel
327 2743 633 2806 homzliam
659 2743 932 2826 aliquam
964 2741 1244 2824 lcgerent,
1281 2741 1739 2803 benedic'ionem
1768 2761 1804 2802 a
1831 2742 2099 2823 praeside
2120 2742 2540 2823 postulabant.
2572 2741 2744 2806 [Inde
2770 2748 3048 2822 fortassis
3075 2755 3332 2825 factum,
3363 2762 3433 2813 ut
3461 2755 3618 2814 mul-

181 2852 264 2906 tis
301 2850 654 2910 Graecorum
687 2843 943 2905 Patrum
967 2841 1348 2904 orationibus
1373 2841 1632 2923 praefixa
1662 2843 2014 2922 reperiatur
2043 2840 2311 2917 formula
2369 2838 2716 2915 Εὐλόγησον,
2753 2841 2936 2918 Κύριε,
2979 2847 3271 2928 Benedic,
3308 2853 3573 2914 Domine
3600 2877 3615 2932 ;

175 2945 321 3016 nisi,
358 2943 523 3026 quod
540 2942 908 3024 probabilius
935 2943 1236 3016 existimo,
1275 2941 1522 3002 librarii
1547 2947 1632 3000 sit
1663 2941 1909 3019 inctepti
1931 2943 2126 3021 operis
2158 2939 2616 3001 benedictionem
2647 2959 2684 3002 a
2717 2940 2844 3002 Deo
2869 2945 3223 3024 postulantis
3247 2949 3542 3026 formula.

259 3045 394 3105 VII.
427 3042 894 3123 Recognovimus
926 3040 1074 3103 hanc
1104 3041 1429 3102 orationem
1461 3039 1544 3101 ad
1559 3039 1845 3101 Latinam
1877 3038 2160 3105 Grodecii
2193 3040 2540 3113 versionem,
2572 3048 2628 3100 et
2655 3044 2896 3104 Graecas
2937 3044 3220 3110 editiones
3261 3048 3534 3111 Prevotii
3567 3062 3627 3114 et

174 3141 457 3212 Millesii,
494 3150 551 3202 et
580 3141 669 3202 ad
685 3139 910 3201 codices
939 3140 1329 3220 Anglicanas,
1363 3159 1620 3222 quorum
1654 3144 1974 3202 varietates
1995 3156 2032 3200 a
2070 3138 2346 3199 Millesio
2376 3149 2654 3200 accurate
2683 3139 3042 3204 exhibentur
3075 3163 3090 3219 ;
3151 3153 3518 3231 imupequue
3546 3150 3628 3212 ad

175 3243 440 3304 codicem
474 3239 935 3302 Ottobonianum
965 3258 1146 3300 unum
1173 3240 1578 3309 recentiorem,
1612 3239 1783 3320 cujus
1810 3236 2012 3299 varias
2043 3237 2308 3298 lectiones
2360 3239 2442 3300 ad
2466 3259 2556 3300 me
2583 3243 2912 3303 transmisit
2943 3247 3022 3304 R.
3058 3245 3133 3306 P.
3165 3245 3247 3306 Β.
3296 3246 3624 3330 Philippus

172 3340 448 3420 Ita/fier,
473 3338 955 3419 congregationis
982 3349 1198 3399 nostra
1229 3338 1292 3398 in
1321 3337 1491 3399 curia
1520 3337 1792 3399 Romana
1822 3346 1944 3396 tum
1967 3346 2338 3418 procurator
2367 3336 2693 3418 generalis,
2723 3339 2795 3400 In
2826 3341 2945 3402 alio
2975 3352 3172 3404 autem
3218 3352 3402 3406 veteri
3452 3345 3623 3407 Otto-

174 3438 436 3500 boniano
472 3437 690 3511 codice,
727 3448 784 3498 et
812 3437 1302 3510 Procatechesie,
1335 3447 1392 3498 et
1439 3438 1653 3519 primaD
1709 3435 2026 3498 catechesis
2055 3437 2252 3507 initia,
2281 3456 2410 3516 prae
2439 3446 2728 3499 vetustate
2757 3441 2840 3502 ita
2867 3450 3007 3502 sunt
3036 3440 3236 3506 lacera
3267 3455 3322 3505 et
3352 3460 3622 3523 con/usa,

165 3547 236 3600 ut
259 3557 340 3599 ea:
371 3538 519 3619 ipsis
550 3535 706 3596 nihil
728 3533 981 3617 exculpi
1000 3535 1290 3618 potuerit.
1322 3535 1624 3598 Praeterea
1671 3535 1858 3616 Regio
1908 3533 2109 3596 codice
2159 3555 2297 3595 usus
2323 3555 2472 3606 sum,
2509 3536 2653 3597 olim
2684 3540 2824 3612 260,
2857 3560 3016 3602 nunc
3067 3545 3248 3618 1284,
3305 3563 3449 3625 pag.
3483 3548 3624 3626 254,

171 3639 283 3718 qui
312 3634 663 3697 duodecimi
684 3636 927 3697 circiter
953 3645 1040 3696 est
1065 3635 1289 3709 seculi,
1326 3638 1393 3695 in
1423 3655 1540 3718 quo
1568 3634 1821 3696 habetur
1847 3633 2243 3695 Protachesis
2273 3632 2396 3695 haec
2449 3635 2557 3696 sub
2588 3643 2828 3698 nomine
2854 3645 2927 3703 S.
2963 3640 3206 3714 Basilii,
3238 3661 3372 3704 cum
3418 3644 3620 3705 multis

177 3737 595 3809 varietatibus,
629 3754 777 3816 quas
806 3733 889 3796 ad
916 3737 1248 3816 marginem
1289 3735 1350 3795 in
1402 3735 1568 3796 novis
1617 3733 1926 3808 indicaui;
1976 3742 2030 3793 et
2079 3732 2332 3813 grandis
2382 3731 2596 3797 lacuna
2637 3756 2767 3817 quae
2815 3738 3031 3818 incipit
3060 3758 3097 3801 a
3129 3741 3301 3802 verbo
3356 3737 3628 3816 λεγόμενα

184 3853 355 3904 num,
391 3838 481 3907 11,
508 3833 658 3917 poh.
691 3836 729 3894 9
761 3853 941 3915 usque
969 3832 1050 3895 ad
1075 3853 1240 3895 voces
1270 3830 1314 3887 εἶ
1346 3832 1438 3886 καὶ
1468 3829 1773 3908 κέκλισται,

2036 3851 2180 3914 pag.
2219 3833 2320 3893 10.
2354 3830 2521 3895 Inter
2544 3834 2672 3896 alia
2697 3841 2768 3899 S.
2805 3835 3036 3898 Basilii
3066 3858 3251 3920 opera
3277 3861 3342 3903 eo
3372 3849 3436 3904 in
3469 3842 3625 3905 libro

183 3944 453 3996 contenta
479 3943 686 3996 nostra
736 3932 856 3994 haec
903 3933 1386 3995 Procatecheeis
1429 3953 1560 3994 cum
1617 3938 1850 3994 caeteris
1895 3938 2243 3993 continuate
2271 3930 2664 4007 describitur,
2715 3953 2848 3995 cum
2906 3935 3020 3997 hac
3051 3937 3440 4021 inscriptione
3467 3963 3482 4006 :
3514 3943 3628 4000 Τοῦ

181 4031 348 4087 αὐτοῦ
383 4027 588 4105 ὁμιλία
617 4031 740 4106 περὶ
773 4028 1140 4107 φωτίσματος·
1178 4030 1468 4111 Ejusdem
1500 4030 1766 4094 homilia

2036 4029 2388 4098 ninatione,
2437 4035 2560 4091 sive
2603 4030 2917 4113 baptismo.
2945 4040 3032 4098 At
3081 4036 3302 4100 ibidem
3331 4040 3412 4102 ad
3456 4063 3625 4106 mar-

175 4139 382 4211 ginem
439 4131 570 4194 alia
617 4151 798 4192 manu
825 4137 1130 4212 appictum
1160 4138 1243 4191 est
1285 4128 1555 4191 scholion
1603 4127 1764 4190 istud

2042 4147 2054 4188 ;
2085 4127 2221 4200 ἠμῖν
2255 4123 2485 4181 δεικνύει
2516 4127 2543 4182 ὁ
2577 4131 2862 4205 χαρακτὴρ
2902 4135 3000 4187 τοῦ
3029 4137 3398 4210 προκειμένου
3429 4136 3631 4227 λόγου,

192 4228 274 4285 ὅτι
309 4228 418 4286 οὐκ
445 4226 560 4284 ἔστι
588 4233 688 4284 τοῦ
716 4227 877 4305 ἁγίου
910 4225 1222 4286 Βασιλειου.
1257 4229 1781 4292 Evidenternobis

2036 4233 2194 4288 strat
2225 4227 2567 4306 prepositte
2599 4230 2905 4292 orationis
2944 4234 3279 4298 character
3299 4257 3370 4299 ac
3393 4225 3621 4319 ﬁgura,

181 4347 322 4393 eam
354 4334 424 4392 S.
455 4330 674 4392 Basilii
702 4349 828 4393 non
859 4348 1015 4392 esse.
1048 4327 1134 4390 Et
1166 4328 1236 4389 id
1256 4327 1493 4409 quidem
1522 4335 1742 4402 optime
1770 4349 1793 4404 ;
1823 4347 1962 4388 nam
1989 4337 2393 4408 praeterquam
2423 4326 2604 4408 quod,
2637 4347 2753 4401 res,
2785 4339 3114 4408 sententiae,
3147 4335 3352 4408 verba,
3404 4347 3630 4402 oratio-

180 4439 272 4492 nis
299 4428 552 4501 modus,
567 4428 746 4512 plane
778 4428 1133 4511 Cyrilliana
1152 4436 1310 4501 sunt,
1345 4426 1558 4489 iisdem
1585 4426 1896 4490 sententiis
1925 4425 2008 4488 ad
2037 4426 2279 4487 verbum
2311 4432 2376 4486 in
2429 4425 2576 4488 aliis
2627 4428 3038 4498 catechesibus.
3072 4453 3142 4495 ac
3169 4445 3512 4515 presertim
3560 4446 3628 4501 in

178 4537 392 4611 prima
422 4535 732 4611 repetitis;
761 4530 1281 4590 catechumenatus
1309 4527 1453 4608 finis
1483 4534 1548 4588 in
1575 4533 1881 4588 nominum
1913 4527 2336 4607 inscriptione,
2365 4524 2568 4606 fidelis
2597 4528 2928 4609 appellatio
2980 4531 3057 4592 ab
3089 4533 3168 4594 iis
3213 4542 3327 4616 qui
3383 4544 3626 4602 nomina

190 4626 476 4689 dederunt
500 4637 762 4711 sumpta,
789 4633 1156 4689 continuata
1182 4646 1296 4706 per
1327 4624 1860 4706 Quadragesimam
1892 4633 2075 4685 totam
2108 4622 2605 4704 baptizandorum
2627 4629 2974 4704 catecheses,
3006 4630 3484 4715 Quadragesima
3513 4637 3631 4699 die-

199 4725 299 4786 bus
323 4725 738 4809 quadraginta
769 4723 1044 4809 deﬁnita,
1071 4724 1484 4786 haereticorum
1513 4723 1774 4785 solorum
1807 4723 2229 4804 rebaptizatio,
2261 4732 2399 4796 etc.,
2433 4743 2524 4784 res
2547 4735 2688 4786 sunt
2709 4734 2945 4807 partim
3005 4728 3294 4794 Ecclesiae
3340 4733 3631 4795 Hie-roso-

194 4826 498 4907 lymitanz
520 4829 822 4910 propriae,
852 4830 1078 4905 partim
1109 4842 1148 4884 a
1176 4825 1411 4884 Basilio
1440 4833 1494 4884 et
1517 4821 1993 4904 Cappadociensi
2019 4821 2297 4884 Ecclesia
2326 4821 2560 4886 alienae.
2592 4829 2686 4887 Ac
2711 4845 2943 4900 revera,
2987 4835 3261 4910 quamvis
3307 4851 3421 4891 non
3470 4833 3632 4893 indi-

192 4947 308 5007 gna
338 4932 419 4988 sit
441 4933 638 4989 oratio
669 4943 806 5009 qua
837 4923 1078 4986 Basilio
1105 4929 1349 5005 parenti
1374 4931 1772 5005 supponatur,
1807 4920 2113 5001 fatendum
2144 4931 2340 4982 tamen
2370 4921 2562 4984 aliam
2608 4941 2724 4985 esse
2768 4923 3232 4990 Basilianarum
3281 4936 3630 4993 orationum

193 5026 326 5101 vim,
359 5025 719 5110 elegantiam
749 5032 811 5086 et
835 5023 1210 5103 maiestatem
1234 5021 1557 5104 quamdam
1585 5021 1893 5096 sermonis,
1924 5041 2054 5084 cum
2080 5023 2375 5106 puritate,
2407 5021 2636 5087 delectu
2657 5033 2714 5086 et
2732 5030 3110 5107 proprietate
3140 5026 3452 5092 verborum
3482 5049 3630 5094 con-

184 5123 468 5203 junctam.

248 5281 286 5320 ⁴¹
309 5285 475 5344 Rom.
510 5297 593 5351 vx,
632 5279 734 5347 II,
775 5273 866 5341 14,
901 5271 1010 5328 vel.
1042 5272 1068 5328 Ι
1097 5273 1256 5329 Petr.
1286 5288 1344 5343 ιι,
1376 5273 1466 5327 24.

542 5848 832 5908 Panos.
879 5839 990 5906 Gs.
1034 5839 1302 5905 XXXIII.

3239 5861 3309 5918 11
