4024 6362
173 348 294 412 333

1577 343 2242 408 PROCATECHESIS.

3521 358 3644 421 334

184 488 289 540 τῶν
329 476 628 558 βασιλείων
663 480 954 556 γεγόνατε·
1008 479 1214 557 γένοιτο
1247 477 1303 534 δὲ
1327 477 1422 533 ’ἶνα
1470 479 1559 532 καὶ
1610 477 1714 532 ὐπὸ
1763 481 1859 530 τοῦ

1975 480 2083 551 gite
2105 483 2174 551 (3)
2193 483 2545 538 constitistis
2568 501 2579 538 :
2597 483 2827 540 utinam
2841 501 2976 541 vero
2994 487 3174 543 etiam
3198 487 3270 544 ab
3286 491 3441 564 Rege
3464 489 3648 548 intro-

194 570 464 652 βασιλέως
523 569 835 646 εἰσαχῆῆτε
1026 571 1191 641 Ἀνθη
1220 568 1323 644 γὰρ
1383 573 1474 623 νῦν
1533 565 1701 646 ἐφάνη
1759 570 1866 622 τῶν

196 661 432 738 δένδρον·
465 661 690 737 γένοιτο
737 659 914 716 δὶτὶνα
969 660 1057 717 καὶ
1117 661 1144 715 ὁ
1196 659 1402 735 καρπὸς
1459 656 1670 720 τὲλειος
1701 657 1738 732 ᾖ
1769 661 1862 726 (2).

197 753 680 832 ¹ῢωματογραφία
737 754 880 818 τὲως
937 753 1062 826 ὑμῖν
1121 753 1305 828 γέγονε
1338 795 1353 820 ,
1437 749 1527 805 καὶ
1587 748 1866 824 στρατείας

205 847 423 916 κλῆσις·
478 844 570 899 καὶ
627 842 1023 922 νυμφαγωγίας
1081 837 1405 914 λαμπάδες,
1463 840 1553 894 καὶ
1613 838 1866 911 οὐρανίου

214 936 486 999 πολιτείας
542 933 848 1008 ἐπιθυμία,
903 933 991 988 καὶ
1045 933 1299 1007 πρόθεσις
1329 929 1651 1006 ἀγαθὴ,καὶ
1710 928 1867 991 ἐλπὶς

213 1023 683 1089 ἐπακολουθοῦσα·
741 1020 981 1098 ἀψευδής
1030 1021 1130 1098 γὰρ
1191 1022 1219 1076 ὁ
1286 1019 1452 1076 εἱπών
1490 1038 1505 1054 ·
1571 1022 1694 1077 ’Ότι
1753 1023 1871 1080 τοῖς

204 1117 457 1192 ἆγκπῶσι
523 1114 618 1170 τὸν
681 1114 809 1169 Θεὸν
871 1114 1043 1168 πάντα
1101 1116 1343 1188 συνεργεῖ
1399 1111 1473 1173 εἷς
1527 1111 1588 1166 τὸ
1645 1110 1867 1185 ἀγαθόν.

195 1207 252 1260 Ὀ
287 1207 392 1280 μὲν
421 1205 532 1281 γὰρ
565 1204 698 1266 Θεὸς
729 1200 967 1276 δαψιλής
1019 1201 1160 1258 ἔστιν
1219 1221 1295 1262 εις
1353 1199 1680 1276 εὐεργεσίαν
1715 1220 1869 1275 περι-

194 1298 352 1369 μένει
388 1293 450 1350 δὲ
483 1293 712 1350 ἑκάστου
767 1303 865 1362 τήν
921 1290 1144 1369 γνησίαν
1193 1291 1529 1367 προαίρεσιν·
1566 1287 1655 1345 διά
1709 1293 1870 1346 τοῦτο

191 1384 480 1460 ἰπήναγεν
533 1382 562 1437 ὁ
620 1379 953 1444 Ἀπόστολος
997 1379 1173 1457 λέγων
1234 1385 1365 1445 Τοῖς
1421 1379 1556 1436 κατὰ
1613 1379 1868 1454 πρόθεσιν

268 1515 319 1552 ⁵³
353 1517 530 1571 Rom.
563 1529 684 1583 vm,
717 1514 804 1567 28.

275 1643 359 1713 (1)
395 1635 736 1712 Γεγόνατε...
798 1634 1105 1713 εἶσαχθῆτε.
1139 1637 1204 1692 In
1236 1638 1375 1713 Beg.
1437 1636 1566 1713 cod.
1600 1635 1866 1713 _legitur,

199 1707 532 1787 γεγὸέημεὶδ,
561 1707 992 1787 accessimus,_'et
1034 1707 1391 1787 elaaxeainév
1425 1707 1864 1787 introducamar.

198 1781 419 1842 Melior
471 1791 828 1839 cterorum
901 1781 1190 1836 librorum
1257 1781 1433 1837 lectio
1467 1822 1482 1850 ,
1542 1787 1600 1836 et
1647 1781 1866 1852 Cyrillo

1977 569 2281 627 ducamini
2308 573 2320 627 !
2346 572 2546 629 Flores
2588 575 2748 630 enim
2772 592 2933 632 nunc
2956 577 3238 634 arborum
3262 597 3590 653 apparuere
3625 598 3641 638 :

1976 660 2202 716 fructus
2235 680 2469 735 quoque
2501 665 2731 721 utinam
2766 667 3064 738 perfectus
3088 670 3320 725 existat.
3350 671 3647 728 Hactenus

1976 753 2224 806 nomina
2273 752 2520 808 dedistis
2551 755 2649 825 (4).
2700 757 2830 810 Haec
2857 757 3020 812 vobis
3052 757 3125 813 ad
3158 759 3438 817 militiam
3470 779 3640 818 voca-

1979 839 2059 895 tio
2087 844 2184 908 (5).
2221 841 2370 912 [Prae
2402 843 2702 916 manibus]
2761 845 3068 918 lampades
3099 852 3177 918 (6)
3208 850 3282 904 ad
3335 850 3644 907 deductio-

1980 947 2120 985 nem
2147 950 2381 1004 sponsae
2417 951 2429 988 :
2455 935 2942 1010 ccelestis[adest]
2976 938 3228 995 civitatis
3254 940 3643 1011 desiderium,

1981 1025 2040 1074 et
2070 1023 2440 1094 propositum
2487 1023 2731 1090 bonum,
2786 1032 2843 1080 et
2893 1043 3026 1099 spes
3082 1045 3482 1102 consequens.
3537 1035 3644 1089 νο-

1981 1127 2085 1169 rax
2140 1117 2228 1167 est
2286 1113 2444 1167 enim
2496 1114 2596 1186 qui
2682 1113 2867 1170 dixit:
2944 1119 3216 1182 Quoniam
3285 1120 3646 1191 diligentibus

1980 1203 2151 1258 Deum
2201 1208 2387 1258 omnia
2444 1213 2810 1276 cooperantur
2876 1210 2935 1263 in
2998 1211 3196 1265 bonum
3225 1209 3294 1267 ⁵ο.
3357 1211 3644 1269 Liberalis

1982 1308 2240 1365 namque
2258 1299 2348 1350 est
2373 1297 2524 1350 Deus
2547 1295 2623 1352 ad
2654 1297 3192 1370 benefaciendum;
3229 1306 3510 1358 caeterum
3545 1319 3641 1358 ex-

1983 1388 2212 1456 spectat
2241 1384 2530 1459 cujusque
2572 1386 2868 1445 sinceram
2921 1389 3286 1448 voluntatem
3317 1392 3392 1468 (7)
3428 1408 3444 1448 :
3503 1409 3643 1467 pro-

1978 1641 2050 1696 iis
2083 1642 2228 1696 solis
2257 1642 2556 1714 baptisma
2586 1644 2734 1712 dari,
2781 1647 2880 1715 qui
2933 1652 3062 1701 ante
3101 1647 3215 1701 dies
3262 1647 3642 1718 quadraginta

1975 1730 2076 1770 VEL
2101 1730 2174 1790 βο
2198 1732 2444 1790 _AMPLIUS
2483 1733 2682 1790 nomen
2713 1718 2985 1773 dederint.
3022 1718 3362 1790 Baptizandi
3395 1720 3643 1775 nomina

1977 1786 2427 1862 proﬁtebantur;
2494 1789 2663 1859 vulgo
2723 1790 2879 1860 apud
2939 1786 3306 1862 episcopum.
3344 1791 3435 1846 Sic
3468 1793 3634 1862 Greg.

199 1856 596 1934 baptizandos
631 1856 700 1934 in.
723 1854 984 1934 secunda
1013 1869 1267 1925 persona
1297 1853 1418 1908 fere
1451 1869 1686 1926 semper
1717 1852 1867 1908 allo-
1897 1854 1944 1920 B
1975 1852 2381 1934 Nyss.,liomil.
2416 1860 2478 1914 in
2513 1852 2624 1914 eos'
2645 1852 3048 1931 quidifl‘eruht
3081 1852 3465 1934 baptismum,
3493 1852 3635 1919 toni.

207 1927 417 2002 qu'enti
450 1927 924 2002 convenientior.

276 2006 356 2072 ('2)
389 2000 494 2056 Καὶ
541 2000 640 2052 ’ἱνα
671 1998 698 2052 ὁ
728 1997 933 2072 καρτιὸς
977 1994 1188 2072 τεμλειος
1331 1999 1397 2072 in
1445 1996 1633 2072 codd:
1664 1999 1782 2052 Roe
1814 2003 1872 2052 et

211 2066 456 2130 Ca'saub.
483 2072 708 2128 desunt
751 2066 926 2126 verba
968 2066 1179 2129 τὲλειος
1221 2068 1276 2139 ᾖ.
1333 2070 1570 2124 Brevius
1619 2069 1682 2124 in
1727 2072 1864 2140 Reg.

212 2146 444 2203 sublato
475 2145 660 2200 etiam
715 2142 826 2212 ἳνα,
867 2144 959 2196 καί
990 2141 1018 2195 ὁ
1045 2140 1272 2214 καρπός,
1307 2141 1483 2196 modo
1517 2147 1738 2196 ntrov1s
1770 2141 1864 2197 le-

204 2225 399 2292 gatur,
431 2223 669 2292 constat
697 2215 864 2292 idem
887 2231 1115 2270 sensus.

272 2293 350 2360 (3)
384 2282 574 2360 :Circa
633 2287 956 2360 vestibulum
1014 2287 1214 2360 regalis
1265 2285 1518 2360 palatii,
1581 2282 1704 2360 περὶ
1763 2285 1863 2360 τὴν

191 2355 474 2434 aedi-slva
533 2364 643 2414 τῶν
694 2355 1020 2434 βασιλείων.
1078 2355 1559 2434 Βθεὶειίιιιδτηθξιι
1617 2355 1866 2434 interior

195 2429 367 2490 mdes
395 2429 750 2505 baptisterii,
783 2436 850 2486 ut
896 2436 1142 2505 apparet
1172 2429 1243 2485 ex
1287 2429 1634 2505 simili_loco
1667 2435 1778 2505 cat.
1809 2432 1862 2497 3,

199 2524 270 2562 n.
298 2508 342 2560 2
374 2512 436 2560 et
462 2500 520 2564 3.
549 2500 742 2574 eaque
774 2500 1016 2558 vocatur
1063 2501 1134 2557 ab
1184 2518 1254 2556 eo
1305 2500 1608 2574 interdum
1658 2501 1866 2556 Sancta

208 2584 560 2644 sanctorum,
592 2573 664 2630 uti
693 2582 806 2632 cat.
844 2577 930 2642 19,
981 2591 1124 2630 num
1178 2577 1263 2628 11.
1299 2573 1670 2628 Vestibulum
1704 2589 1861 2640 vero,

215 2645 782 2721 πρὸαυλεςμὶιιιθιιίεἱ
831 2652 1026 2721 potest
1073 2645 1328 2721 exterior
1378 2645 1542 2721 aedes
1591 2645 1862 2721 ejusdem

216 2716 562 2792 baptisterii,
593 2721 650 2774 in
672 2716 788 2792 qua
817 2716 1370 2792 abrenuntiationes
1389 2723 1448 2771 et
1468 2716 1604 2771 ﬁdei
1636 2717 1862 2792 profes-

211 2788 309 2848 sio'
332 2792 527 2851 ﬁebat.
550 2798 614 2848 ut
643 2788 898 2864 eipﬁlicat
932 2790 1157 2864 catech.
1195 2792 1612 2864 10,_quamque
1658 2788 1860 2864 appei-

203 2865 288 2920 lat
318 2864 398 2919 ibi
431 2880 596 2918 num.
629 2867 679 2918 2.
709 2857 798 2916 ’ξὸν
855 2860 1156 2932 προαύλιον
1215 2857 1312 2914 του
1333 2857 1754 2933 βαπτιστῃρίου
1778 2861 1863 2912 οἴ-

199 2956 317 2992 κον.
356 2942 418 2990 ιιι
451 2953 521 2991 ea
550 2936 819 2991 fortassis
849 2934 975 2990 sede
1008 2935 1162 2990 facta
1189 2933 1384 2988 fuerat
1412 2933 1484 2988 ab
1518 2933 1863 2988 illuminan-

203 3008 292 3064 dis
321 3009 641 3064 nominum
671 3006 960 3080 professio
990 3023 1167 3062 :nam
1198 3005 1455 3077 Cyrillus
1487 3011 1597 3080 cat.
1634 3007 1686 3080 3,
1721 3022 1778 3060 ιι.
1805 3008 1856 3069 2,

202 3087 360 3137 extra
391 3077 726 3152 baptisterii
745 3080 1016 3152 januam,
1035 3094 1356 3152 quousque
1377 3077 1624 3152 nomina
1648 3077 1862 3152 darent

196 3154 450 3217 stetisse,
471 3149 557 3207 'ac
590 3149 838 3224 proinde
870 3152 998 3224 jam
1029 3149 1090 3205 in
1123 3166 1254 3224 eam
1288 3149 1582 3224 admissos
1629 3149 1856 3224 signiﬁ-

1976 1931 2047 1997 ΙΙ,
2077 1947 2210 2005 pag.
2263 1934 2366 1984 216
2389 1946 2416 2005 γε
2465 1935 2604 2005 Date
2632 1934 2771 2005 mihi
2801 1936 3046 2000 nomina,
3081 1931 3269 2004 tit—ego
3318 1937 3637 2005 imprimam

1974 2019 2038 2076 ea
2071 2003 2224 2076 libris
2252 2003 2619 2076 sensibilibus.
2644 2004 2984 2076 iDiaconum
3007 2003 3330 2076 aliquando
3361 2003 3500 2061 huic
3527 2007 3635 2060 mi-

1973 2074 2220 2148 nisterio
2253 2073 2602 2144 deputatum
2643 2075 2933 2148 legimus;
2985 2077 3070 2132 ita
3110 2073 3543 2133 observabatur
3569 2078 3631 2133 in

1971 2145 2236 2201 Ecclesia
2264 2147 2628 2219 Apameana.
2663 2145 2834 2218 cujus
2866 2147 2927 2202 in
2961 2148 3396 2219 supplicatione
3428 2154 3637 2204 contra

1971 2220 2213 2300 Petrum
2243 2219 2371 2300 ejus
2431 2218 2684 2300 civitatis
2717 2218 3277 2300 episcopumflecta
3306 2221 3635 2300 in_con_cil.

1971 2291 2077 2364 CP.
2109 2306 2204 2344 an.
2241 2292 2366 2364 336,
2414 2289 2524 2344 sub
2564 2289 2796 2364 ΔΜςιιιει,
2825 2289 3066 2364 factione
3103 2295 3312 2364 5,7pag.
3348 2295 3474 2359 221,
3509 2293 3638 2348 Ste-

1970 2363 2205 2435 phanus
2235 2360 2771 2435 diaconusdicitur
2786 2363 2842 2416 id
2875 2363 3054 2418 ofﬁcii
3081 2360 3386 2419 habuisse.
3411 2364 3631 2435 Cyrillo

1970 2433 2083 2508 ipsi
2117 2435 2243 2508 hinc
2275 2433 2703 2508 Hierosolymis
2742 2434 3103 2508 demandata
3132 2435 3364 2491 videtur
3392 2433 3636 2508 provin-

1969 2506 2097 2578 cia:
2131 2505 2216 2578 ait
2245 2506 2404 2578 enim
2437 2523 2602 2561 num.
2638 2509 2692 2567 4,
2725 2524 2786 2561 se
2818 2507 2890 2562 ad
2939 2507 3344 2563 admittendos
3375 2505 3474 2578 qui
3507 2507 3631 2562 vel-

1967 2577 2096 2632 lent
2146 2577 2376 2649 ingredi
2409 2578 2567 2632 velut
2598 2578 2823 2632 ostiarii
2875 2579 2996 2634 vice
3027 2579 3211 2649 fungi,
3248 2586 3305 2635 et
3337 2577 3504 2634 num.
3541 2581 3630 2649 15,

1970 2667 2030 2722 se
2063 2649 2392 2704 distinctim
2424 2649 2900 2722 uniuscujusque
2933 2649 3258 2722 cujuslibet
3298 2667 3470 2705 sexus
3503 2658 3632 2705 stu-

1968 2721 2133 2777 dium
2167 2738 2234 2776 ac
2266 2722 2549 2794 pietatem
2592 2721 3040 2793 exploraturum
3074 2739 3223 2778 esse.
3277 2723 3380 2778 Cui
3414 2723 3472 2777 id
3504 2739 3632 2778 ma-

1966 2794 2054 2866 gis
2082 2794 2425 2848 conveniret
2455 2811 2632 2864 quam
2667 2795 2719 2849 ei
2761 2795 2862 2865 qui
2921 2796 3168 2850 nomina
3195 2795 3323 2866 ipsa
3352 2795 3628 2866 scripsis-

1968 2872 2058 2920 set
2092 2872 2148 2921 et
2181 2866 2241 2920 in
2278 2866 2493 2920 tabulis
2525 2866 2829 2921 haberet?

2037 2939 2108 3007 (ὅ)
2168 2939 2286 2993 Haec
2339 2938 2413 2992 ad
2464 2939 2722 2993 militiam
2771 2941 3009 3004 vacatio,
3063 2936 3348 3010 στρατείας
3406 2935 3625 3003 κλῆσις.

1964 3012 2095 3082 Non
2125 3010 2371 3082 militiai
2411 3011 2703 3080 professio
2737 3017 2794 3064 et
2825 3011 3146 3082 susceptio,
3180 3026 3359 3081 quam
3395 3027 3627 3082 στρατο-

1965 3076 2160 3154 λογίαν
2182 3076 2460 3153 appellat.
2479 3083 2612 3137 Haec
2632 3083 2792 3137 enim
2808 3076 3088 3138 solum'in
3110 3076 3405 3153 baptismo
3425 3076 3626 3154 ﬁebat,

1964 3159 2030 3207 ut
2053 3153 2217 3224 patet
2247 3170 2316 3207 ex
2347 3159 2458 3208 cat.
2490 3156 2542 3218 3,
2577 3171 2636 3208 ιι.
2672 3155 2723 3216 3,
2760 3159 2818 3209 et
2864 3161 2976 3210 cat.
3043 3159 3126 3217 17,
3181 3171 3242 3208 ιι.
3273 3155 3368 3218 26,
3393 3153 3492 3208 ubi
3523 3153 3625 3208 ho-

194 3243 322 3297 care
354 3217 608 3280 videtur'
623 3225 713 3279 his
744 3217 956 3297 verbis,
988 3225 1080 3297 νῦν
1109 3222 1212 3297 γ-ὰρ
1241 3217 1378 3297 τέως
1412 3217 1513 3297 ἔξω
1549 3225 1652 3297 ίςῇς
1684 3217 1850 3297 θύρας

1975 3217 2091 3280 ram
2127 3225 2403 3296 baptismi
2425 3217 2687 3297 appellat
2703 3226 2910 3282 horam
2945 3225 3238 3281 tremendi
3261 3217 3528 3280 delectus
3552 3225 3626 3280 ad

192 3294 444 3363 ἕστηκας.
479 3297 651 3350 Certe
685 3293 1019 3368 symbolum
1047 3293 1504 3368 inibaptisteriis
1526 3293 1847 3363 aliquando

191 3368 670 3442 competentibus
718 3364 1001 3423 traditum
1050 3365 1230 3442 fuisse
1274 3364 1545 3436 exemplo
1578 3371 1669 3442 est
1699 3369 1846 3419 Am-

193 3436 424 3522 brosius
458 3458 533 3522 ep
577 3442 842 3522 20,_n._i.,_
863 3445 1040 3522 atque
1066 3438 1313 3492 ubinam
1336 3436 1712 3522 commodius
1739 3454 1848 3491 no-

195 3515 354 3569 mina
377 3508 734 3568 dedissent?
757 3508 1157 3566 Nihilominus
1183 3525 1317 3564 cum
1343 3515 1499 3564 totus
1526 3508 1593 3581 in
1631 3509 1851 3581 allego-

189 3586 289 3640 riis
324 3590 596 3640 versetur
625 3583 734 3639 hoc
778 3583 906 3638 loco
958 3582 1232 3654 Cyrillus,
1260 3581 1437 3654 hnihii
1485 3579 1647 3654 aliud
1697 3579 1848 3654 forte

187 3657 481 3728 signiﬁcat
513 3655 630 3728 nisi
661 3652 1018 3727 praeceptam
1050 3654 1124 3728 ab
1163 3652 1534 3728 auditoribus
1565 3652 1848 3728 baptismi

191 3722 395 3800 spem;
425 3722 685 3800 maxime
707 3722 1016 3800 (cum—non
1037 3725 1197 3800 dicat
1227 3741 1329 3780 eos
1360 3725 1422 3800 in
1451 3724 1765 3800 vestibulo,
1800 3722 1852 3775 ἐν

190 3793 503 3870 πῖεοαΰλιὸι,
541 3799 644 3854 sed
666 3799 822 3854 circa
853 3798 1231 3853 vestibulum.
1264 3795 1390 3864 περί
1421 3796 1522 3862 τήν
1556 3793 1851 3870 πρόαυλιν,

197 3869 555 3951 constitisse.
589 3871 681 3926 Sic
711 3873 866 3938 Naz.,
887 3872 1237 3951 _Greg._or_at.
1275 3871 1586 3951 40,‘p._647
1613 3869 1853 3951 :‘Quan-

196 3944 289 4000 diu
319 3944 740 3999 catechumenus
762 3936 932 4012 _es,'in
957 3936 1192 4012 pietatis
1237 3936 1504 3996 vestibulo
1530 3957 1582 3994 es
1628 3936 1682 3992 ἐν
1714 3958 1850 3992 ποο-

196 4014 379 4088 Θῦροις
414 4016 464 4067 εἷ
490 4019 593 4082 τῆς
626 4007 921 4088 εὐσεϐείας,

259 4084 334 4156 (ι)
366 4089 606 4142 Nomina
627 4086 873 4143 dedistis.
923 4085 1081 4141 Nihil
1132 4085 1332 4140 notius
1382 4084 1493 4139 hac
1541 4084 1854 4139 nominum

194 4157 596 4231 descriptione
629 4174 662 4231 a
690 4157 1058 4231 baptizandis
1083 4156 1252 4219 facta,
1286 4156 1458 4227 cujus
1476 4156 1666 4231 etiam
1686 4172 1853 4231 meno

193 4228 420 4288 tionem
451 4230 870 4301 facitCyrillus
900 4247 957 4284 ιι.
992 4232 1025 4284 4
1047 4234 1105 4285 et
1128 4231 1305 4301 13,7et
1325 4233 1439 4301 cat.
1471 4228 1524 4301 3,
1558 4244 1614 4282 ιι.
1648 4230 1699 4280 2.
1727 4230 1854 4283 Non

188 4305 347 4360 idem
373 4303 439 4357 in
467 4299 746 4356 omnibus
767 4301 1047 4356 Ecclesiis
1075 4299 1257 4356 dandi
1283 4299 1546 4354 nominis
1581 4304 1815 4371 tempus
1841 4316 1854 4365 ;

191 4377 334 4432 alibi
371 4375 539 4429 enim
569 4373 725 4428 circa
773 4372 1036 4428 medium
1075 4371 1572 4444 Quadragesimaa,
1597 4371 1737 4444 alibi
1763 4372 1861 4426 tri-

225 4450 355 4503 inta
386 4451 532 4502 ante
565 4444 927 4516 baptismum
977 4444 1103 4499 dies
1135 4443 1448 4498 dabantur.
1483 4444 1547 4516 In
1581 4443 1861 4516 Ecclesia

241 4515 759 4590 ierosolymitana,
789 4516 1078 4590 quze_sola
1108 4516 1180 4570 ad
1222 4532 1332 4569 nos
1352 4515 1639 4590 _r_espic_it_,
1686 4515 1856 4570 initio

1963 3298 2241 3352 militiam
2273 3297 2508 3351 Christi.
2552 3299 2922 3370 Quapropter
2953 3299 3133 3369 hujus
3165 3304 3408 3370 oratrn.
3447 3301 3534 3363 17,
3569 3302 3629 3351 et

1957 3376 2068 3424 cat.
2105 3372 2160 3429 4.
2195 3386 2256 3423 ιι.
2286 3371 2374 3433 37,
2408 3377 2604 3423 votum
2639 3386 2810 3424 suum
2836 3387 2941 3441 pro
2965 3370 3306 3425 auditorum
3328 3369 3624 3440 baptismo

1959 3441 2318 3512 exprimens.
2352 3447 2516 3513 optat
2545 3449 2610 3495 ut
2640 3457 2740 3496 eos
2771 3443 3039 3497 Christus
3073 3442 3184 3497 sibi
3227 3441 3454 3513 milites
3481 3457 3625 3496 con-

1959 3513 2208 3586 scribat.
2244 3512 2459 3584 Nempe
2496 3513 2790 3586 baptismi
2825 3520 3090 3586 tempore
3123 3514 3400 3586 Christus
3426 3512 3623 3568 delec-

1957 3591 2084 3658 tum
2117 3585 2455 3640 animarum
2486 3584 2711 3658 faciens
2745 3584 2966 3640 milites
2994 3585 3290 3658 allegebat
3316 3585 3409 3658 vel
3444 3601 3622 3656 repu-

1959 3657 2180 3712 diabat.
2216 3661 2327 3728 cat.
2367 3659 2419 3723 1,
2453 3673 2510 3710 ιι.
2564 3657 2615 3710 3.
2645 3658 2790 3710 Tum
2825 3674 2928 3728 per
2978 3657 3532 3728 abrenuntiationes
3565 3659 3622 3710 et

1959 3729 2099 3784 ﬁdei
2131 3727 2563 3799 professionem
2613 3728 2794 3782 ﬁebat
2821 3727 2855 3783 a
2886 3729 3097 3782 castris
3129 3727 3349 3782 diaboli
3383 3727 3458 3799 ad
3490 3743 3621 3799 cas-

1960 3808 2050 3856 tra
2080 3796 2295 3854 Christi
2331 3800 2636 3863 transitus,
2671 3805 2766 3854 cat
2829 3803 2914 3864 19,
2950 3816 3009 3854 ιι.
3038 3801 3070 3852 8
3124 3799 3394 3853 Christus
3425 3796 3617 3866 bapti-

1957 3879 2082 3928 zato
2108 3872 2365 3926 militare
2397 3871 2658 3942 sigillum
2690 3870 3090 3942 imprimebat.
3123 3876 3235 3925 cat.
3285 3872 3316 3923 4
3373 3886 3431 3924 ιι.
3464 3871 3516 3934 3,
3551 3885 3619 3924 ac

1959 3962 2067 4018 per
2097 3943 2613 4018 conﬁrmationem
2647 3960 2750 3997 seu
2782 3943 3122 4018 chrismatis
3178 3947 3619 4018 sacramentum

1961 4015 2140 4072 dabat
2203 4033 2368 4070 arma
2416 4015 2614 4083 militi,
2656 4022 2769 4070 cat.
2804 4017 2856 4082 3,
2891 4031 2953 4068 ιι.
2992 4017 3054 4069 13
3091 4033 3105 4081 ;
3139 4021 3251 4070 cat.
3288 4018 3376 4080 17,
3412 4031 3471 4068 n.
3505 4016 3572 4066 26
3607 4028 3621 4080 ;

1961 4095 2057 4146 cat
2085 4092 2174 4152 21,
2210 4105 2267 4142 ιι.
2304 4090 2356 4142 4.

2034 4163 2108 4232 (6)
2141 4163 2271 4232 Prae
2311 4161 2592 4232 manibus,
2624 4159 2924 4232 lampades.
2959 4164 3070 4215 etc.
3108 4158 3287 4232 _Cerei
3337 4157 3489 4232 forte
3522 4155 3628 4211 da-

1963 4229 2183 4289 bantur
2215 4231 2630 4286 illuminandis
2651 4229 2942 4302 gestandi,
2969 4230 3127 4302 quod
3160 4232 3336 4286 etiam
3363 4229 3631 4302 indicare

1962 4305 2198 4377 possint
2228 4303 2560 4377 liaeciverba
2589 4311 2700 4359 cat.
2739 4306 2791 4365 1,
2823 4320 2888 4358 ιι.
2930 4304 2960 4377 1
2991 4301 3004 4358 Ξ
3054 4305 3160 4368 Qui
3185 4303 3317 4372 ﬁdei
3350 4301 3633 4372 lampades

1963 4376 2142 4447 nuper
2169 4376 2513 4443 accendistis,
2547 4392 2636 4430 eos
2675 4378 2734 4430 in
2787 4376 3040 4430 manibus
3096 4378 3461 4431 inexstinctas
3490 4390 3630 4429 con-

1965 4456 2199 4504 servate.

2037 4522 2115 4592 (7)
2130 4543 2156 4569 ‹‹
2182 4521 2466 4591 Expectat
2479 4535 2611 4573 vero
2628 4519 2782 4574 Deus
2799 4519 3090 4590 cujusque
3103 4519 3399 4592 sinceram
3418 4517 3628 4592 volun-

194 4586 683 4664 Quadragesimai
707 4586 843 4664 data
863 4588 1044 4643 fuisse
1069 4593 1231 4659 patet
1253 4604 1321 4642 ex
1352 4586 1444 4641 his
1466 4586 1856 4664 verbisnum.
1891 4597 1937 4664 ι)
1970 4616 1995 4642 ‹‹
2018 4586 2216 4647 tatem.
2241 4586 2606 4664 A'llbacverba
2618 4586 3110 4647 curatoreditionis
3128 4591 3508 4646 Bibliotheca
3529 4590 3634 4643 Pa-

196 4666 250 4729 4,
272 4685 299 4709 α
325 4659 593 4728 intrasti,
615 4660 909 4717 admissus
933 4677 1016 4728 es,
1042 4676 1262 4715 nomen
1301 4665 1465 4712 tuum
1505 4659 1858 4730 inscriptum

199 4756 230 4782 cr
251 4741 350 4790 est.
363 4776 400 4788 ..
418 4749 545 4790 non
559 4749 800 4804 parvam
816 4732 998 4788 habes
1018 4731 1304 4802 temporis
1317 4731 1860 4804 intercapedinem;

197 4830 224 4854 (ι
240 4801 642 4878 quadraginta
653 4805 884 4878 dierum
900 4804 1002 4858 tibi
1019 4801 1175 4878 paeni
1185 4803 1369 4858 tentia
1380 4801 1573 4878 datur.
1593 4823 1620 4851 ››
1636 4803 1866 4878 scripta

191 4874 777 4949 lii—erosolfmisruno
813 4877 921 4949 die
944 4874 1247 4949 “omnium
1299 4874 1864 4949 nominaivariislex

193 4951 374 5021 hujus
395 4945 694 5021 orationis
711 4947 1068 5021 lociscolligi
1084 4951 1299 5021 potest.
1316 4962 1481 5001 num.
1508 4947 1608 5001 l3:
1632 4945 1864 5021 «AUnius

194 5046 218 5070 ει
241 5017 458 5079 matris
470 5019 582 5076 ﬁlii
600 5027 657 5074 et
671 5019 807 5074 ﬁliae
823 5020 961 5074 facti
978 5017 1120 5075 estis
1133 5019 1494 5090 quicumque
1511 5018 1758 5072 nomina
1771 5017 1867 5074 de-

197 5095 412 5150 adistis
435 5109 622 5158 ;num.
642 5095 671 5146 Ei
699 5092 854 5147 :Jam
877 5091 949 5145 ab
967 5089 1259 5146 hodierno
1274 5090 1370 5144 die
1390 5089 1866 5146 vive.Considera

200 5187 222 5216 ι
243 5172 538 5238 quantam
563 5163 667 5238 tibi
683 5163 1212 5238 lesusdignitatem
1230 5162 1512 5233 impertit.
1531 5160 1863 5238 Cathechu-

199 5234 456 5294 «rhenus
479 5235 808 5302 vocaberis,
827 5241 928 5291 etc.
954 5237 1120 5290 Nunc
1148 5236 1276 5306 jam
1309 5249 1432 5288 non
1469 5234 1728 5304 amplius
1749 5235 1862 5290 cir-

201 5333 226 5360 ‹‹
249 5313 803 5366 cumsonantaures
824 5312 958 5372 tute,
973 5313 1072 5362 etc.
1097 5325 1118 5371 ;
1139 5325 1198 5361 η.
1219 5310 1238 5360 1
1268 5307 1422 5360 :Jam
1437 5323 1538 5360 vos
1551 5306 1717 5361 afflat
1735 5307 1868 5362 bea-

201 5404 225 5429 κ
251 5382 532 5438 titudinis
573 5379 740 5442 odor,
763 5385 909 5436 etc...
935 5379 1226 5434 hactenus
1267 5377 1512 5432 nomina
1529 5377 1798 5433 dedistis.
1837 5401 1865 5428 »

199 5453 423 5519 Quibus
437 5451 744 5515 omnibus,
771 5455 830 5505 et
848 5451 980 5522 aliis
999 5467 1130 5522 quae
1150 5449 1868 5522 praetermitto,indicatur

200 5533 322 5581 tum
342 5525 607 5598 primum
629 5521 972 5598 nominibus
994 5521 1234 5598 datisjn
1257 5528 1717 5598 novumstatnm
1741 5538 1864 5598 om-

201 5614 305 5653 nes
317 5593 687 5652 transivisse.
712 5594 863 5650 Alibi
880 5594 1228 5665 proﬁtendis
1249 5593 1596 5649 nominibus
1621 5595 1873 5665 spatium

202 5669 487 5741 temporis
514 5667 755 5742 longius
778 5666 1259 5742 prestituebatnr.
1300 5665 1597 5730 Ambros,
1627 5690 1648 5715 ι
1671 5667 1732 5742 in
1757 5667 1868 5742 μι-

204 5761 233 5791 α
251 5738 379 5797 cam
394 5743 488 5796 lib.
511 5758 587 5801 xv,
610 5738 669 5795 ri.
689 5739 756 5793 76
780 5753 793 5792 :
818 5739 1000 5794 Nemo
1019 5739 1216 5794 adhuc
1233 5751 1453 5791 nomen
1473 5753 1646 5793 suum
1663 5738 1870 5794 dedit...

210 5833 235 5861 α
258 5815 380 5888 Misi
393 5812 671 5888 jaculum
695 5809 866 5888 vocis
886 5826 991 5888 per
1023 5809 1375 5888 Epiphania,
1402 5813 1460 5863 et
1479 5809 1676 5888 adhuc
1712 5811 1873 5888 nihil

1977 4685 2000 4716 α
2020 4671 2176 4718 trum
2198 4663 2609 4735 Lugdunensis
2633 4665 2745 4718 hac
2764 4665 2821 4717 in
2845 4665 3098 4732 margine
3134 4665 3422 4733 ascripsit:
3452 4663 3634 4718 Caute

1979 4758 2001 4787 «
2034 4737 2181 4809 lege.
2199 4751 2318 4816 non
2342 4735 2501 4816 enim
2523 4736 2684 4816 _Deus
2706 4735 3352 4816 exspectatvoluntates
3375 4737 3634 4796 nostras,

1980 4831 2000 4857 ι
2027 4805 2318 4878 ιιιέιρῖιιειθ
2354 4807 2619 4861 deﬁnivit
2662 4805 2983 4862 concilium
3014 4805 3636 4878 Arausicanum._can.

1978 4883 2080 4934 «4.
2108 4873 2177 4934 Et
2207 4879 2779 4950 interpretationem,
2811 4878 2978 4932 illam
3012 4877 3325 4950 verborum
3351 4873 3540 4938 Pauli,
3574 4876 3642 4928 ut

1982 4971 2004 4999 ι
2028 4947 2398 5023 propositum
2419 4968 2539 5006 non
2563 4950 2661 5004 Dei
2686 4949 2790 5005 sed
2813 4948 3076 5023 hominis
3097 4947 3636 5023 intelligaturutan-

1978 5047 2005 5072 ‹‹
2027 5016 2207 5095 quam
2250 5023 2706 5093 Pelagianorum
2734 5021 2933 5095 rejicit
2970 5021 3026 5074 S.
3050 5016 3566 5095 Augustinusilib.
3600 5031 3641 5070 ιι

1977 5119 2004 5145 α
2029 5088 2237 5151 contra
2249 5088 2695 5165 duas‘epistolas
2712 5088 3168 5165 Pelagianorum
3182 5091 3257 5165 ad
3273 5088 3641 5165 Bonifacium

1983 5188 2010 5219 ι
2041 5183 2168 5238 cap.
2199 5170 2282 5228 10,
2305 5184 2363 5221 ιι.
2398 5159 2482 5221 22.
2508 5188 2531 5218 υ
2565 5168 2709 5222 Tum
2742 5159 3182 5238 recordarinos
3204 5162 3454 5234 jubetid
3480 5159 3641 5232 quod

1975 5235 2138 5294 idem
2169 5238 2320 5294 dixit
2375 5239 2739 5311 Augustinus
2792 5238 2868 5290 De
2913 5235 3402 5311 predestinatione
3436 5238 3642 5311 sanat,

1979 5329 2108 5383 cap.
2137 5313 2218 5364 14.
2256 5329 2316 5367 ιι.
2349 5314 2438 5373 27,
2474 5307 2694 5383 Patres
2753 5313 2889 5383 ante
2922 5307 3198 5362 haeresim
3236 5307 3644 5383 Pelagianam

1981 5375 2610 5454 depraedestinatione
2664 5396 2786 5435 non
2817 5380 2899 5434 ita
2929 5385 3203 5454 accurate
3236 5375 3486 5454 locutos.
3540 5375 3646 5454 Pia

1979 5451 2246 5526 quidem,
2273 5454 2376 5526 sed
2410 5453 2676 5526 minime
2720 5451 3079 5526 conveniens
3101 5453 3240 5508 huic
3272 5453 3401 5508 loco
3424 5452 3642 5507 cautio.

1979 5523 2106 5583 Non
2121 5527 2281 5582 enim
2297 5525 2389 5580 hic
2407 5525 2670 5596 loquitur
2681 5529 2888 5596 auctor
2899 5523 2970 5578 de
2986 5524 3378 5595 primagratia
3395 5539 3510 5595 qua
3525 5537 3588 5575 ce
3598 5537 3650 5574 r-

1981 5604 2105 5654 tum
2127 5604 2236 5663 est,
2271 5598 2384 5669 ipsi
2404 5595 2584 5651 etiam
2611 5595 2855 5669 Cyrillo.
2886 5601 3122 5652 nostros
3153 5614 3362 5651 omnes
3398 5600 3648 5669 conatus

1980 5663 2334 5743 prmveniri';
2363 5669 2483 5743 imo
2507 5663 2704 5743 neque
2727 5667 2798 5722 de
2821 5669 3031 5743 gratia.
3056 5685 3174 5739 qua
3195 5669 3493 5743 adopera
3519 5663 3646 5743 pie-

1979 5734 2119 5798 tatis
2142 5740 2473 5796 exercenda
2497 5734 2784 5816 juvamur
2798 5734 2944 5816 {sed
2972 5740 3043 5816 de
3064 5734 3254 5816 graiia
3278 5734 3646 5816 baptisma“,

1982 5817 2057 5870 ad
2088 5829 2266 5886 quam
2297 5807 2515 5868 omnes
2541 5811 2716 5870 nullo
2753 5807 3294 5886 discriminedigni
3327 5807 3646 5886 et_ind_igni

207 5879 680 5960 «cepi.'Siricus,
717 5898 810 5954 ep.
849 5879 982 5937 l‘ad
1039 5879 1394 5946 Himerium,
1444 5897 1580 5937 can.
1614 5884 1670 5952 2,
1699 5881 1860 5954 jubet

1982 5879 2294 5953 vocantur,
2323 5890 2392 5942 ut
2421 5890 2622 5944 tamen
2653 5901 2688 5940 a
2707 5879 2938 5942 Christo
2968 5879 3239 5939 cordium
3271 5881 3646 5954 exploratore
