2004 3194
201 169 260 200 415

740 169 773 200 S.
797 168 953 200 CYRILLI
976 166 1183 198 HIEROSOL.
1209 169 1395 202 ARCHlEP.

1863 173 1935 203 418

205 238 274 264 rant
288 235 421 272 gigantes
435 235 458 253 '7
471 245 478 270 ;
493 238 635 272 tantaque
651 236 770 264 sceleris
797 236 982 273 magnitudo,
997 238 1030 264 ut

1098 235 1215 273 τοσαύτῃ,
1230 235 1299 264 ὥστε
1314 237 1352 273 (1)
1366 237 1560 274 κατακλυσμὸς
1584 237 1700 275 ἔμελλεν
1716 238 1861 277 ἔρχεσθαι.
1880 241 1934 275 Τῷ

206 280 409 308 inducendum
425 280 501 308 foret
526 281 678 309 diluvium.
694 282 936 318 Quingentesimo
953 290 1032 309 anno

206 326 317 353 Noemo
333 326 468 362 prmdicit
484 327 560 354 Deus
577 327 598 344 ²⁸
612 336 617 360 ;
649 327 848 355 sexentesimo
870 335 937 354 vero
952 327 1032 354 dilu-

205 370 285 398 vium
302 379 390 406 super
406 374 513 398 terram
530 371 651 399 adducit
663 372 695 398 9°.
713 372 798 399 Vides
815 372 980 399 clementia:
992 372 1033 399 di-

205 415 279 443 vinas
287 415 473 443 latitudinem
481 416 511 443 in
521 419 640 443 centum
648 425 744 444 annos
754 416 928 452 productam
936 416 1034 449 ?Quod

204 461 275 486 tunc
291 460 435 495 prmstitit,
452 469 511 487 non
528 464 644 496 poterat
659 461 738 489 illico
753 461 916 497 prmstare?
929 461 981 488 sed
996 461 1032 488 de

203 503 351 531 industria
363 512 475 532 moram
488 505 625 539 traxit,ut
636 506 817 541 pmnitentia}
829 506 927 533 locum
938 505 1032 533 daret.

205 548 319 583 Aspicis
336 548 386 575 Dei
402 549 590 577 bonitatem?
607 550 724 578 Utinam
743 551 786 577 illi
804 553 873 578 tunc
887 550 1035 586 pteniteu-

206 592 275 620 tiam
285 592 423 629 egissenti
431 602 500 621 nam
508 597 536 622 et
544 595 593 622 Dei
601 595 791 623 clementiam
800 599 899 623 essent
908 595 1032 631 experti_

238 638 288 665 XI.
305 639 375 665 Veni
392 646 472 666 nunc
488 639 525 667 ad
540 640 614 667 alios
639 649 693 676 per
715 641 921 677 pamitentiam
938 640 1033 668 salute

204 682 324 717 potitos,
343 683 433 711 etiam
450 683 485 711 de
511 684 672 713 mulierum
690 694 826 713 numero.
843 686 975 713 Scortata
991 694 1033 719 es,

204 735 312 762 corpus
329 728 532 763 inquinavisti,
550 730 625 757 nulli
647 731 689 758 rei
707 731 789 758 utilis
805 731 881 758 facta
898 739 939 758 es.
954 731 1033 757 Nun-

204 772 287 807 quid,
306 772 437 807 inquies,
468 774 525 801 erit
555 775 661 802 salus?
689 775 858 809 Considera,
876 783 892 802 0
916 775 1035 808 mulier,

204 816 376 851 exemplum
389 818 502 852 Rahab,
514 821 543 845 et
554 819 590 846 de
603 819 698 847 salute
716 820 842 847 conﬁde.
860 819 943 847 Salva
957 820 988 847 fit
1003 827 1036 847 ea

207 869 272 896 quae
287 861 405 896 publice
417 865 445 890 et
459 863 489 890 in
505 864 662 900 propatulo
675 865 885 892 scortationem
902 865 1035 900 professa

208 908 280 932 erat.
298 905 451 938 Quomodo
463 907 515 935 illa
526 908 606 936 salva
617 910 721 937 elTecta
733 909 949 937 est?Credidit:
962 909 1036 936 dixit

207 949 367 978 duntaxat:
384 952 454 979 Deus
468 956 564 986 vester,
581 954 651 981 Deus
678 956 706 981 in
737 954 805 982 cmlo
821 958 845 981 et
862 956 889 981 in
906 958 980 982 terra
991 955 1033 982 ’°:

206 994 283 1021 Deus
289 995 500 1031 vester,inquit;
509 1005 594 1024 suum
602 998 682 1025 enim
690 998 1034 1034 propterimpudicitiam

205 1037 304 1066 dicere
316 1040 411 1068 verita
423 1044 474 1068 est.
493 1042 542 1069 85
555 1042 654 1070 Fidem
667 1043 755 1078 hujus
768 1043 896 1076 imitare,
912 1047 941 1071 et
954 1043 1034 1071 salu-

205 1084 263 1111 tem
283 1085 411 1121 suscipe.
431 1086 478 1113 Vis
493 1086 578 1120 forte,
603 1088 682 1122 quod
696 1088 747 1116 illa
763 1088 874 1116 salvata
890 1089 937 1122 sit,
953 1090 1036 1116 certa

204 1128 384 1157 documenta
395 1130 409 1157 ‘I
424 1131 567 1167 scriptum
584 1135 629 1159 est
654 1133 685 1159 in
710 1133 855 1161 Psalmis:
874 1135 976 1161 Memor
989 1141 1034 1160 ero

205 1173 299 1201 Rahab
315 1178 341 1202 et
358 1176 504 1210 Babylonis
519 1176 553 1204 ³¹.
570 1177 591 1205 Ο
608 1185 747 1213 magnum
764 1178 814 1205 Dei
831 1178 989 1205 consilium
1005 1180 1035 1205 et

205 1217 381 1253 bonitatem,
399 1220 488 1248 etiam
508 1221 538 1248 in
564 1222 723 1257 Scripturis
738 1223 905 1250 meretricis
922 1231 1034 1250 memo-

207 1271 271 1291 rem
286 1272 292 1291 :
310 1264 362 1291 sed
389 1273 448 1292 non
464 1266 651 1302 simpliciter,
669 1278 682 1292 ‹‹
700 1269 811 1295 Memor
826 1276 875 1295 ero
889 1267 989 1295 Rahab
1005 1269 1035 1295 et

209 1319 223 1333 «
240 1308 418 1343 Babylonis;
444 1319 547 1344 verum,
578 1312 826 1348 cognoscentibus
842 1321 889 1340 me
904 1312 938 1339 ³³.
954 1324 968 1337 ››
984 1313 1035 1339 Est

208 1352 297 1389 igitur
312 1356 340 1380 et
353 1354 423 1382 viris
438 1358 466 1382 et
482 1356 658 1383 mulieribus
674 1365 709 1384 ex
725 1365 810 1392 arquo
826 1357 916 1385 salus.

243 1398 267 1425 Χ
294 1399 416 1426 Etiamsi
434 1400 588 1428 universus
603 1401 731 1437 populus
748 1402 922 1437 peccaverit,
937 1409 1033 1437 neque

207 1443 249 1470 sic
260 1443 390 1472 divinam
402 1445 592 1473 clementiam
605 1447 705 1473 vincit.
719 1447 850 1474 Vitulum
861 1447 930 1474 fecit
942 1455 1033 1482 popu-

207 1488 253 1515 lus
269 1489 300 1523 ³³,
318 1498 371 1517 nec
389 1490 465 1517 Deus
482 1491 595 1517 destitit
611 1500 627 1518 a
643 1491 784 1519 bonitate.
805 1493 893 1519 Deum
911 1500 1035 1527 negave—

208 1537 278 1560 runt
295 1534 439 1568 homines,
458 1535 589 1570 seipsum
618 1536 694 1563 Deus
720 1545 779 1563 non
805 1537 921 1572 negavit
936 1537 967 1563 Ἡ.
985 1538 1035 1563 lsli

208 1577 250 1604 dii
263 1579 373 1605 Israelis
381 1578 414 1605 ³⁵.
428 1580 536 1606 lterum
554 1583 651 1607 tamen
666 1581 739 1607 Deus
759 1582 874 1609 lsraelis
891 1585 1032 1608 servator.

209 1622 266 1649 Nec
283 1623 363 1650 solus
378 1624 509 1659 peccavit
524 1625 661 1660 populus,
674 1626 724 1652 sed
736 1626 824 1653 etiam
842 1628 938 1653 Aaron
953 1635 1032 1653 sum-

208 1675 274 1694 mus
286 1668 552 1704 sacerdosMoyses
565 1671 665 1704 estqui
677 1670 761 1697 dicit:
777 1682 787 1696 α
799 1671 831 1696 Et
841 1680 930 1706 super
940 1672 1035 1698 Aaron

214 1722 225 1737 ι
242 1711 320 1739 facta
336 1715 379 1740 est
396 1713 439 1740 ira
455 1714 569 1741 Domini
585 1724 590 1747 ;
609 1718 635 1741 et
652 1716 740 1747 oravi,
760 1717 859 1750 inquit,
876 1725 928 1751 pro
945 1724 989 1747 eo,
1010 1719 1038 1742 et

212 1767 225 1781 ‹‹
239 1756 418 1785 condonavit
428 1759 452 1785 ei
464 1758 714 1795 Deus3’).w».\luyses
723 1760 815 1787 Deum
830 1761 858 1786 in
873 1761 979 1787 summi
994 1769 1038 1788 sa-

212 1801 340 1829 cerdotis
354 1803 478 1838 gratiam
491 1804 601 1831 flectit:
620 1808 647 1831 et
659 1806 751 1831 Deum
764 1805 934 1840 unigenitus
947 1805 1037 1832 Filius

209 1847 347 1882 precibus
357 1857 416 1875 non
425 1849 644 1877 demerebitur‘?
653 1851 799 1877 Aaronem
810 1854 1038 1886 postpeetatum

210 1901 269 1920 non
281 1894 433 1929 prohibuit
448 1895 483 1922 ad
496 1904 647 1923 summum
661 1896 859 1923 sacerdotium
872 1897 1038 1932 pervenire;

1049 1605 1071 1640 (ἲ

210 1940 237 1966 te
255 1948 321 1967 vero
339 1949 372 1967 ex
388 1941 525 1976 gentibus
548 1943 715 1969 venientem
739 1942 774 1970 ad
796 1943 921 1970 salutem
939 1944 1038 1970 venire

209 1984 403 2018 prohibebit?
420 1988 450 2012 tu
465 1986 603 2013 similiter
614 1987 821 2022 pmnitentiam
838 1997 900 2023 age,
913 1997 1010 2023 neque
1023 1997 1040 2015 a

209 2029 237 2054 te
253 2028 347 2063 gratia
362 2029 580 2063 prohibebitur.
607 2032 850 2066 Irreprehensum
869 2035 894 2059 te
912 2033 1037 2067 exhibe;

209 2079 276 2098 vere
293 2071 372 2099 enim
383 2073 515 2101 clemens
528 2077 572 2101 est
583 2075 670 2108 Deus,
684 2084 779 2111 neque
794 2076 831 2103 ad
842 2077 1039 2104 enarrandam

211 2115 403 2144 clementiam
421 2118 485 2153 ejus
499 2119 599 2146 omnia
611 2122 745 2155 tempora
760 2120 923 2147 sufﬁciunt.
941 2122 1040 2157 Neque

212 2159 236 2187 si
252 2168 356 2188 omnes
372 2162 402 2188 in
418 2171 511 2190 unum
529 2163 637 2199 linguze
661 2165 849 2198 conveniant,
865 2167 909 2193 vel
927 2171 1040 2203 partem

213 2204 377 2233 bonitatem
394 2207 459 2242 ejus
471 2209 636 2243 exprimere
648 2210 782 2244 possint:
798 2219 852 2237 nos
864 2214 978 2246 partem
991 2213 1042 2239 ali-

212 2257 302 2285 quam
319 2258 420 2278 eorum
439 2261 503 2287 qum
534 2254 644 2289 scripta
676 2257 755 2286 sunt,
779 2254 923 2289 dicimus;
940 2265 1040 2284 verum

211 2295 362 2323 nescimus
389 2300 501 2332 quanta
530 2299 642 2335 angelis
672 2299 902 2334 condonaverit;
925 2310 994 2329 nam
1011 2305 1040 2329 et
1055 2287 1079 2320 D

210 2339 283 2375 ipsis
296 2342 458 2376 condonat;
472 2344 713 2378 quandoquidem
726 2353 803 2372 unus
815 2345 864 2372 ille
879 2346 954 2373 liber
967 2350 1012 2374 est
1023 2355 1039 2374 ξι

208 2388 396 2423 peccato,qui
412 2397 466 2415 nos
483 2397 499 2416 a
514 2390 643 2424 peccatis
658 2391 837 2426 expurgavit.
856 2391 910 2418 Sed
927 2392 962 2419 de
978 2392 1038 2419 illis

209 2432 292 2466 satis,
309 2432 451 2469 deinceps
467 2434 503 2462 ad
520 2443 555 2462 ea
571 2443 636 2469 quas
650 2443 704 2461 nos
719 2438 855 2470 spectant
867 2444 1037 2472 pergamus.

1087 284 1308 318 πεντακοσιοστῷ
1324 281 1376 309 ἔτει
1407 282 1478 319 λέγει
1506 285 1546 319 τῷ
1577 284 1649 317 Νῶε,
1676 285 1716 320 τῷ
1736 283 1934 320 ἕξακοσιοςπῷ

1088 324 1182 363 ἐπάγει
1198 326 1243 353 τὸν
1260 326 1453 364 κατακλυσμὸν
1481 326 1525 355 ἐπῖ
1552 329 1602 363 τήν
1631 329 1693 366 γῆν.
1722 328 1840 359 Βλέπεις
1855 328 1935 356 πλά-

1087 380 1133 400 τος
1149 369 1356 409 φιλανθρωπίας
1373 374 1440 399 Θεοῦ
1456 372 1495 405 εἰς
1519 372 1615 400 ἑκατὸν
1628 371 1674 408 ἔτη
1691 372 1912 410 ἐπιτεινόμενον
1926 383 1934 409 ;

1086 416 1172 452 Ὅπερ
1189 415 1303 451 ἐποίησε
1328 418 1402 451 τότε,
1431 421 1606 456 παραχρῆμα
1632 418 1683 446 οὐκ
1698 417 1823 453 ἠδύνατο
1839 421 1934 454 ποιῆ-

1089 470 1151 495 cui;
1169 460 1233 488 ἀλλ’
1261 460 1387 496 ἐπίτηδες
1414 463 1579 500 παρέτεινεν,
1606 460 1711 490 ἔνδοσιν
1727 462 1826 494 διδοὺς
1843 474 1936 501 μετα-

1088 505 1173 536 νοίας.
1191 504 1307 534 Βλέπεις
1323 508 1392 535 Οεοῦ
1419 506 1595 544 ἆγαθότητα;
1625 509 1689 536 Ειθε
1710 508 1889 545 μετενόησαν
1907 508 1934 535 οἳ

1087 550 1148 578 τότε
1161 551 1167 578 ί
1184 551 1228 578 κειί
1245 550 1394 589 ἐτύγχανον
1408 554 1476 580 Θεοῦ
1491 552 1713 591 φιλανθρωπίας.

1125 642 1161 669 Θ’.
1179 642 1259 674 Ἐλθὶ
1275 642 1371 670 λοιπὸν
1386 642 1431 670 καὶ
1449 642 1492 670 ἐπὶ
1507 642 1572 675 τοὺς
1589 642 1692 674 ἄλλους
1708 642 1775 675 τοὺς
1797 643 1829 671 ἐκ
1843 654 1932 680 μετα-

1088 687 1163 717 νοίας
1177 687 1324 721 σωθέντας,
1350 688 1399 715 κᾶν
1429 688 1455 715 ἐν
1483 689 1613 726 γυναιξίν.
1643 688 1925 725 Ἐπόρνευσας,ἐμό-

1088 730 1171 762 λυνας
1189 734 1224 768 (2)
1244 732 1276 759 τὸ
1291 735 1382 769 σῶμα,
1408 733 1548 771 ἄχρηστος
1577 732 1705 771 γέγονας·
1724 733 1778 772 ἆρα
1792 731 1848 761 ἔστι
1863 744 1920 761 σω-

1087 776 1189 814 τηρία;
1206 776 1287 814 ἐρεῖς.
1317 775 1504 815 Ἀπόὸλεψον,
1534 777 1557 805 ὦ
1584 779 1673 816 γύναι,
1704 778 1743 810 είς
1759 779 1812 813 τὴν
1828 775 1929 813 Ῥαὰϐ,

1087 820 1132 847 καὶ
1150 821 1286 858 θάρσησον
1302 820 1341 852 εἷς
1361 821 1410 855 τήν
1441 822 1592 860 σωτηρίαν.
1618 823 1650 851 'H
1666 825 1791 859 φανερῶς
1809 823 1863 849 τιιὶ
1880 821 1928 857 δη.

1090 865 1174 900 μοσίᾳ
1191 864 1360 902 πορνεύσασιι
1379 866 1505 900 σώζεται.
1532 868 1593 897 Πῶς
1609 866 1697 902 ἐσώθη
1715 865 1804 902 ἐκείνη
1821 876 1830 901 ;
1850 867 1928 895 Ἐπί-

1089 919 1205 936 σίτευσεν⁸
1246 909 1318 937 εἶπεν
1361 908 1454 946 μόνον·
1484 911 1512 937 Ὃ
1541 911 1607 942 Θεὸς
1635 912 1724 948 ὑμῶν,
1753 912 1768 939 ὁ
1798 911 1877 942 Θεὸς
1906 911 1927 938 ἓν

1090 954 1196 991 οὐρανῷ
1223 955 1267 981 χαὶ
1298 953 1342 982 ἐπὶ
1371 956 1433 993 γῆς.
1462 956 1493 983 Ὀ
1529 956 1594 987 Θεὸς
1625 956 1712 992 ὑμῶν·
1741 955 1852 991 ἑαυτῆς
1883 956 1930 993 γὰρ

1090 997 1139 1026 οὐκ
1161 998 1313 1036 ἐτόλμησεν
1343 999 1426 1027 εἷπεῖν
1456 999 1500 1027 διὰ
1529 1001 1578 1035 τήν
1607 1000 1760 1038 ἀσέλγειαν,
1791 1000 1931 1037 Πίμησαι

1088 1043 1138 1077 τήν
1154 1043 1257 1078 πίστιν,
1282 1044 1326 1071 καὶ
1351 1043 1421 1081 δέεαι
1444 1045 1494 1080 τὴν
1511 1045 1658 1083 σωτηρίαν.
1676 1045 1724 1073 Καὶ
1740 1045 1838 1077 θέλεις
1856 1048 1931 1084 γνῶ-

1089 1099 1142 1123 ναι,
1165 1088 1207 1116 ὅτι
1231 1089 1340 1124 ἐσώθη;
1366 1090 1537 1128 ἀνάγραπτόν
1554 1090 1625 1118 ἐστιν
1642 1090 1667 1118 ἐν
1682 1090 1829 1127 Ψαλμοῖς,
1849 1094 1932 1127 Μνη-

1090 1134 1227 1170 σθήσομαι
1256 1132 1337 1161 Ῥαὰϐ
1366 1136 1411 1162 καὶ
1441 1133 1618 1167 Βαϐυλῶνος.
1646 1139 1678 1163 Ὠ
1706 1136 1832 1174 μιγέλης
1853 1138 1926 1164 Θεοῦ

1091 1177 1196 1215 βουλῆς
1211 1179 1255 1206 καὶ
1279 1178 1500 1217 φιλανθρωπίας,
1528 1181 1572 1208 καὶ
1603 1182 1710 1218 πορνῶν
1729 1182 1925 1218 μνημονευοῦ-

1090 1233 1139 1258 σης
1169 1222 1194 1250 ἐν
1226 1225 1364 1262 Γραφαῖςί
1395 1224 1457 1253 ἀλλ’
1495 1225 1550 1263 οὐχ
1573 1223 1678 1257 ἅπλῶς·
1710 1226 1924 1263 Μνησθήσομαι

1088 1265 1171 1296 Ῥαὰϐ
1199 1269 1245 1295 καὶ
1272 1266 1453 1305 Βαϐυλῶνος,
1482 1269 1565 1304 ἀλλὰ,
1597 1273 1654 1301 τοῖς
1681 1270 1856 1308 γινώσκουσί
1880 1282 1925 1308 με.

1088 1313 1164 1341 Ἔστι
1180 1312 1224 1340 καὶ
1240 1313 1284 1341 ἐπὶ
1300 1313 1403 1352 ἀνδρῶν
1418 1314 1541 1352 σωτηρία
1555 1315 1601 1342 καί
1620 1314 1663 1343 ἐπὶ
1679 1318 1826 1354 γυναικῶν.

1123 1404 1151 1432 Γ.
1168 1403 1222 1432 Κᾶν
1238 1403 1396 1442 ὁλόκΛηρος
1424 1403 1490 1437 λαὸς
1520 1405 1640 1443 ἁμάρτῃ,
1668 1406 1702 1434 οὖ
1723 1408 1788 1442 νιιᾷ
1802 1407 1860 1441 τὴν
1877 1410 1926 1436 τοῦ

1090 1450 1157 1475 Θεοῦ
1173 1448 1390 1487 φιλανθρωπίαν.
1408 1449 1649 1486 Ἐμοσχοποίησεν
1674 1450 1688 1477 ὁ
1711 1450 1789 1487 λαὸς,
1810 1451 1863 1480 καὶ
1876 1452 1928 1480 οὐκ

1089 1494 1191 1527 ἀπέστη
1210 1494 1223 1520 ὁ
1239 1495 1303 1524 Θεὸς
1331 1497 1379 1527 τῆς
1410 1493 1623 1531 φιλαντρωπίας·
1654 1495 1813 1532 ἠρνήσαντο
1833 1496 1865 1524 οἱ
1881 1496 1928 1525 ἄν·

1091 1543 1195 1573 θρωποι
1223 1539 1299 1574 Θεὸν,
1329 1538 1391 1565 ἀλλ’
1419 1539 1432 1565 ὁ
1462 1538 1528 1569 Θεὸς
1554 1538 1632 1566 αὐτὸν
1649 1541 1687 1576 (3)
1703 1539 1754 1568 οὖκ
1766 1540 1925 1578 ἠρνήσατο.

1090 1583 1171 1611 Οὗτοι
1200 1584 1225 1609 οἱ
1247 1584 1302 1615 θεοὶ
1332 1586 1380 1610 τοῦ
1411 1583 1532 1621 Ἰσραήλ·
1561 1584 1605 1611 καὶ
1635 1584 1720 1613 πάλιν
1748 1586 1763 1613 ὃ
1792 1586 1927 1624 mgna

1091 1627 1203 1664 Ἰσραὴλ
1225 1628 1238 1654 ὁ
1263 1629 1364 1665 σωτήρ.
1397 1627 1447 1656 Καὶ
1478 1628 1508 1655 οὐ
1539 1629 1623 1665 μόνος
1654 1630 1668 1657 ὃ
1697 1628 1763 1662 λαός
1785 1631 1924 1668 Way,

1091 1671 1163 1699 ἀλλὰ
1184 1672 1229 1699 καὶ
1259 1673 1365 1710 Ἀαρὼν
1395 1673 1409 1700 ὁ
1439 1673 1594 1711 ἀρχιερεύς·
1623 1673 1921 1710 Μωϋσῆςιπινὸλι-

1089 1727 1155 1754 γων·
1188 1718 1238 1745 Καὶ
1270 1717 1312 1744 ἐπὶ
1345 1718 1448 1755 Ἀαρὼν
1491 1718 1595 1756 ἐγένετο
1632 1719 1704 1758 ὀργὴ
1730 1717 1843 1757 Κυρίου,
1870 1720 1923 1748 καὶ

1091 1761 1204 1796 ἐδεήθην
1232 1763 1281 1798 (4),
1314 1763 1408 1799 φησὶν,
1440 1763 1506 1801 ὑπὲρ
1535 1764 1631 1799 αὐτοῦ,
1658 1764 1703 1792 καὶ
1726 1765 1923 1804 συνεχώρησεν

1090 1806 1164 1843 αὐτῷ
1181 1807 1194 1833 ὁ
1210 1807 1286 1838 Θεός.
1303 1810 1422 1842 Μωυσῆς
1446 1805 1567 1835 δυσωπεῖ
1593 1808 1640 1836 τὸν
1667 1808 1732 1837 Θεὸν
1749 1808 1820 1848 ﬁt}?
1835 1808 1923 1848 ἂρχι-

1091 1851 1183 1888 ερὲως·
1199 1851 1243 1878 καὶ
1255 1851 1316 1879 Υἱὸς
1331 1852 1479 1889 μονογενὴς
1492 1852 1574 1880 αἰτῶν
1586 1852 1617 1881 οὗ
1629 1851 1765 1882 δυσωπεῖν
1776 1854 1825 1883 τὸν
1839 1854 1922 1890 Θώνς

1091 1897 1159 1924 Εἶτα
1174 1896 1218 1923 τὸν
1242 1897 1348 1933 Ἀαρὼν
1379 1897 1527 1925 πταίσαντα
1556 1897 1607 1925 οὐκ
1634 1897 1773 1926 ἐκώλυσεν
1790 1898 1923 1928 εἰσελθεῖν

1092 1941 1129 1973 εἷς
1144 1941 1363 1979 ἀρχιερωσύνην·
1394 1942 1422 1969 αἱ
1451 1941 1479 1969 δὲ
1505 1941 1531 1979 ἐξ
1562 1942 1643 1975 ἐθνῶν
1673 1942 1924 1972 ἐλθόνταιωλῦσα

1092 1985 1179 2017 ἐλθεῖν
1197 1986 1236 2017 εἷς
1253 1986 1411 2024 σωτηρίαν;
1442 1988 1609 2023 μετανόησον
1639 1987 1683 2015 καὶ
1706 1988 1793 2020 αὐτὸς
1806 1988 1921 2026 ὁμοίως,

1092 2033 1136 2060 καὶ
1153 2032 1184 2059 οὐ
1200 2032 1352 2060 γεκώλυταί
1367 2044 1409 2060 σοι
1440 2034 1457 2068 ἡ
1487 2035 1580 2071 χάρις.
1610 2033 1752 2070 Ἄληπτόν
1770 2045 1823 2063 σου
1838 2034 1925 2074 παρά-

1093 2088 1193 2113 στησον
1209 2077 1254 2104 τὸν
1270 2077 1383 2115 τρόπον’
1400 2077 1595 2116 φιλάνθρωπος
1609 2078 1661 2116 γὰρ
1685 2077 1801 2115 ἀληθῶς
1816 2080 1833 2108 ὁ
1848 2080 1925 2119 ede,

1092 2122 1137 2149 καὶ
1154 2122 1184 2149 οὐ
1201 2120 1310 2149 δύναται
1337 2123 1350 2149 ὁ
1377 2125 1429 2154 πᾶς
1455 2122 1554 2160 χρόνος
1581 2122 1693 2160 ἐξειπεῖν
1721 2123 1773 2159 τὴν
1792 2127 1846 2153 τοῦ
1858 2125 1925 2155 Θεοῦ

1093 2166 1310 2206 φιλανθρωπίαν.
1329 2166 1385 2194 οὐδ’
1414 2167 1442 2194 ἃν
1473 2170 1556 2195 πᾶσαι
1583 2168 1611 2195 αἱ
1639 2167 1764 2202 γλῶσσαι
1786 2168 1925 2198 συνέλοι-

1094 2222 1134 2238 σιν
1152 2214 1190 2248 (5)
1206 2213 1287 2248 ὁμοῦ⁷
1304 2210 1366 2239 οὐδὲ
1394 2212 1477 2249 μέρος
1492 2215 1542 2247 τῆς
1568 2214 1617 2240 τοῦ
1632 2214 1700 2240 Θεοῦ
1714 2212 1924 2253 φιλανθρωπίας

1095 2255 1275 2294 διηγήσασθαι
1306 2255 1478 2292 δυνήσονται.
1509 2257 1606 2294 Ἡμεῖς
1634 2256 1663 2285 δὶ
1686 2255 1807 2296 λέγομιν
1838 2258 1924 2299 pip“

1093 2303 1147 2328 τῶν
1163 2301 1372 2339 γεγραμμένων,
1388 2300 1452 2328 ἀλλ’
1467 2300 1517 2329 οὐκ
1531 2300 1644 2338 οἴδαμεν
1663 2302 1716 2330 ὅσα
1730 2302 1776 2331 καὶ
1792 2303 1924 2342 ἀγγέλοις

1094 2345 1295 2383 συνεχώρησεν·
1326 2348 1465 2384 συγχωρεῖ
1500 2346 1551 2385 γὰρ
1580 2346 1727 2384 κάκείνοις⁸
1753 2346 1853 2384 ἐπειδή
1882 2350 1923 2381 εἷς

1095 2391 1178 2427 μόνος
1204 2390 1395 2427 ἀναμάρτητος
1423 2391 1437 2417 ὁ
1465 2390 1513 2421 τὰς
1541 2392 1676 2429 ἁμαρτίας
1703 2392 1856 2431 καθαρίσας
1871 2394 1921 2432 (δ).

1094 2435 1145 2465 Καὶ
1160 2436 1222 2472 περὶ
1252 2435 1298 2471 μὲν
1324 2434 1430 2462 ἐκείνων
1458 2433 1600 2474 αὔταρκες,
1629 2436 1713 2473 ἡμεῖς
1728 2435 1758 2465 δὲ
1772 2436 1877 2466 λοιπὸν
1889 2438 1923 2467 τὰ

1092 2480 1156 2518 περὶ
1171 2480 1252 2517 ἡμῶν
1269 2476 1331 2516 (⁷)-’

191 2555 193 2558 ’
244 2548 267 2565 ⁸⁷
284 2549 409 2588 Ge_n.__v1,
426 2553 450 2578 4.
470 2552 491 2568 ²⁸
509 2552 580 2579 Gen.
598 2553 669 2588 v,r3l
687 2561 693 2584 ;
710 2561 747 2585 γι,
764 2554 790 2580 7,
807 2552 830 2569 ’9
845 2554 916 2580 Gen.
934 2562 984 2587 xu,
999 2554 1026 2588 6,

1117 2554 1140 2571 ²⁰
1155 2554 1213 2581 Jos.
1245 2561 1276 2587 ιι,
1300 2555 1342 2582 li.
1358 2554 1378 2571 ³¹
1395 2554 1473 2582 Psal.
1489 2562 1591 2588 Lxxxv,
1608 2555 1652 2584 14,
1667 2555 1691 2573 ³³
1704 2554 1778 2584 ibid.
1793 2555 1819 2574 ³⁸
1830 2555 1921 2585 Exod.

210 2590 298 2618 xxxu,
314 2586 340 2613 4.
354 2586 378 2603 ³⁴
393 2587 418 2613 ll
433 2588 506 2615 Tim.
522 2596 553 2620 ιι,
571 2589 613 2616 13.
631 2587 654 2604 ³⁵
669 2588 759 2615 Exod.
777 2597 866 2622 χχχιι,
882 2590 908 2616 4.
925 2589 947 2606 ³⁸
965 2586 1035 2617 ι)εοῖ

1098 2613 1105 2624 ,
1120 2592 1164 2617 20.

246 2659 283 2701 (ε)
297 2660 536 2701 ᾪστεΑάᾱὶιηυε
560 2663 596 2691 de
624 2666 737 2700 nostro,
761 2665 802 2691 ita
818 2666 967 2693 sententia
982 2675 1036 2701 po-

211 2695 351 2723 stulante.
368 2697 445 2725 EDIT.

1092 2664 1377 2738 ἐδῗέξῃξξυνέλθωσιν.
1413 2702 1458 2730 Ita
1495 2702 1668 2738 scripsimus
1698 2711 1734 2731 ex
1760 2703 1861 2734 Ottob.
1891 2707 1921 2733 at

194 2737 200 2741 λ
246 2730 285 2765 (2)
299 2731 489 2773 Ἑπόρνευσας,
518 2733 663 2773 ἐμᾴλυνας.
690 2735 794 2773 Ottob.»
811 2735 874 2763 haec
891 2737 921 2764 in
937 2737 1034 2773 prima

1098 2730 1189 2771 Ioisl.,
1201 2730 1327 2764 ἔλθωσιν.

209 2773 347 2807 persona,
364 2768 540 2807 :Enépvsuca,
556 2770 715 2807 ἐμοίχευπα,
733 2770 865 2806 ἐμόλυνα.

245 2801 518 2871 E3§A616V.Coisl.,
533 2801 641 2833 ἀύξῶνῗ
710 2801 714 2804 ”
748 2801 753 2806 ’

256 2837 272 2862 4
299 2837 442 2871 Ἐδεήθην.
466 2841 508 2867 Ita
530 2841 645 2871 scripsi.
662 2844 795 2871 quamvis
810 2845 919 2871 habeat
931 2845 979 2871 Coi

256 2837 283 2871 4)
299 2837 442 2874 Ἐδεήθην.
466 2841 508 2867 Ita
530 2841 645 2877 scripsi,
662 2844 795 2877 quamvis
810 2845 919 2873 habeat
931 2845 1031 2880 Coisl.,

1123 2776 1159 2810 (6)
1175 2772 1345 2812 ggﬁapicgq.
1366 2772 1664 2812 poisl.,moa§f31$cac.

1123 2811 1162 2846 (Ἰ)
1177 2809 1281 2846 Ἦμῶν.
1298 2809 1398 2846 ΟοὶεΙ.,
1415 2809 1504 2846 ὑμῶν.

1640 3170 1643 3172 .
1654 3171 1668 3174 -
1676 3143 1783 3175 a3:
