  <div class='ocr_page' id='page_1' title='image "/cluster/home/n/w/nwhite01/storage/ocr_20150623/33/coo.31924054869304/233.png"; bbox 0 0 4008 6388; ppageno 0'>
   <div class='ocr_carea' id='block_1_1' title="bbox 512 353 3826 436">
    <p class='ocr_par' dir='ltr' id='par_1_1' title="bbox 512 353 3826 436">
     <span class='ocr_line' id='line_1_1' title="bbox 512 353 3826 436; baseline 0.001 -23"><span class='ocrx_word' id='word_1_1' title='bbox 512 363 627 427; x_wconf 70' lang='lat'><strong><em>451</em></strong></span> <span class='ocrx_word' id='word_1_2' title='bbox 1569 359 1631 416; x_wconf 93' lang='lat' dir='ltr'><strong><em>S.</em></strong></span> <span class='ocrx_word' id='word_1_3' title='bbox 1681 355 1986 417; x_wconf 65' lang='lat' dir='ltr'><strong><em>CYlllLlJ</em></strong></span> <span class='ocrx_word' id='word_1_4' title='bbox 2032 354 2447 415; x_wconf 58' lang='lat' dir='ltr'><strong><em>Hll‘IROSOL.</em></strong></span> <span class='ocrx_word' id='word_1_5' title='bbox 2498 353 2864 415; x_wconf 70' lang='lat' dir='ltr'><strong><em>ARCHIEP.</em></strong></span> <span class='ocrx_word' id='word_1_6' title='bbox 3742 373 3826 436; x_wconf 58' lang='lat'><strong><em>{52</em></strong></span> 
     </span>
    </p>
   </div>
   <div class='ocr_carea' id='block_1_2' title="bbox 585 485 3822 587">
    <p class='ocr_par' dir='ltr' id='par_1_2' title="bbox 585 485 3822 587">
     <span class='ocr_line' id='line_1_2' title="bbox 585 485 3822 587; baseline -0.001 -26"><span class='ocrx_word' id='word_1_7' title='bbox 585 499 692 561; x_wconf 88' lang='lat' dir='ltr'><strong><em>Ill.</em></strong></span> <span class='ocrx_word' id='word_1_8' title='bbox 733 497 861 559; x_wconf 82' lang='lat' dir='ltr'><strong><em>Mos</em></strong></span> <span class='ocrx_word' id='word_1_9' title='bbox 893 496 999 557; x_wconf 86' lang='lat' dir='ltr'><strong><em>iste</em></strong></span> <span class='ocrx_word' id='word_1_10' title='bbox 1028 495 1201 555; x_wconf 86' lang='lat' dir='ltr'><strong><em>initio</em></strong></span> <span class='ocrx_word' id='word_1_11' title='bbox 1236 490 1725 572; x_wconf 74' lang='lat' dir='ltr'><strong><em>Quadragesimas</em></strong></span> <span class='ocrx_word' id='word_1_12' title='bbox 1754 488 1956 551; x_wconf 87' lang='lat' dir='ltr'><strong><em>omnia</em></strong></span> <span class='ocrx_word' id='word_1_13' title='bbox 1983 488 2164 550; x_wconf 89' lang='lat' dir='ltr'><strong><em>simul</em></strong></span> <span class='ocrx_word' id='word_1_14' title='bbox 2193 485 2480 549; x_wconf 75' lang='lat' dir='ltr'><strong><em>Ecclesiae</em></strong></span> <span class='ocrx_word' id='word_1_15' title='bbox 2510 487 2786 587; x_wconf 87' lang='lat' dir='ltr'><strong><em>dogmata</em></strong></span> <span class='ocrx_word' id='word_1_16' title='bbox 2818 509 2929 587; x_wconf 79' lang='lat' dir='ltr'><strong><em>uno</em></strong></span> <span class='ocrx_word' id='word_1_17' title='bbox 2956 509 3220 554; x_wconf 81' lang='lat' dir='ltr'><strong><em>sermone</em></strong></span> <span class='ocrx_word' id='word_1_18' title='bbox 3261 492 3614 576; x_wconf 77' lang='lat' dir='ltr'><strong><em>baptizandis</em></strong></span> <span class='ocrx_word' id='word_1_19' title='bbox 3656 521 3822 587; x_wconf 80' lang='lat' dir='ltr'><strong><em>propo.</em></strong></span> 
     </span>
    </p>
   </div>
   <div class='ocr_carea' id='block_1_3' title="bbox 512 585 3824 675">
    <p class='ocr_par' dir='ltr' id='par_1_3' title="bbox 512 585 3824 675">
     <span class='ocr_line' id='line_1_3' title="bbox 512 585 3824 675; baseline 0.005 -28"><span class='ocrx_word' id='word_1_20' title='bbox 512 595 720 668; x_wconf 67' lang='grc' dir='ltr'><strong><em>ηρηάέ,</em></strong></span> <span class='ocrx_word' id='word_1_21' title='bbox 751 599 1082 675; x_wconf 78' lang='lat' dir='ltr'><strong><em>singularis</em></strong></span> <span class='ocrx_word' id='word_1_22' title='bbox 1111 595 1396 653; x_wconf 64' lang='lat' dir='ltr'><strong><em>Ecclesiae</em></strong></span> <span class='ocrx_word' id='word_1_23' title='bbox 1426 593 1490 650; x_wconf 84' lang='grc' dir='ltr'><em>Η</em></span> <span class='ocrx_word' id='word_1_24' title='bbox 1500 589 2000 669; x_wconf 67' lang='lat' dir='ltr'><strong><em>ierosolgmttanw</em></strong></span> <span class='ocrx_word' id='word_1_25' title='bbox 2024 590 2150 667; x_wconf 85' lang='lat' dir='ltr'><strong><em>fuit</em></strong></span> <span class='ocrx_word' id='word_1_26' title='bbox 2183 604 2198 660; x_wconf 90' lang='lat'><strong>;</strong></span> <span class='ocrx_word' id='word_1_27' title='bbox 2233 596 2296 646; x_wconf 91' lang='lat' dir='ltr'><strong><em>ut</em></strong></span> <span class='ocrx_word' id='word_1_28' title='bbox 2326 605 2456 646; x_wconf 90' lang='lat' dir='ltr'><strong><em>cum</em></strong></span> <span class='ocrx_word' id='word_1_29' title='bbox 2487 585 2814 669; x_wconf 86' lang='lat' dir='ltr'><strong><em>aliquando</em></strong></span> <span class='ocrx_word' id='word_1_30' title='bbox 2841 586 3098 650; x_wconf 79' lang='lat' dir='ltr'><strong><em>Joannes</em></strong></span> <span class='ocrx_word' id='word_1_31' title='bbox 3131 591 3363 673; x_wconf 78' lang='lat' dir='ltr'><strong><em>Cyrilli</em></strong></span> <span class='ocrx_word' id='word_1_32' title='bbox 3381 595 3557 657; x_wconf 84' lang='lat' dir='ltr'><strong><em>nostri</em></strong></span> <span class='ocrx_word' id='word_1_33' title='bbox 3585 585 3824 674; x_wconf 80' lang='lat' dir='ltr'><strong><em>successor,</em></strong></span> 
     </span>
    </p>
   </div>
   <div class='ocr_carea' id='block_1_4' title="bbox 509 683 3822 774">
    <p class='ocr_par' dir='ltr' id='par_1_4' title="bbox 509 683 3822 774">
     <span class='ocr_line' id='line_1_4' title="bbox 509 683 3822 774; baseline 0 -18"><span class='ocrx_word' id='word_1_34' title='bbox 509 693 764 758; x_wconf 88' lang='lat' dir='ltr'><strong><em>similem</em></strong></span> <span class='ocrx_word' id='word_1_35' title='bbox 786 699 1144 754; x_wconf 74' lang='lat' dir='ltr'><strong><em>concionem.</em></strong></span> <span class='ocrx_word' id='word_1_36' title='bbox 1173 692 1236 750; x_wconf 90' lang='lat' dir='ltr'><strong><em>in</em></strong></span> <span class='ocrx_word' id='word_1_37' title='bbox 1271 709 1399 771; x_wconf 78' lang='lat' dir='ltr'><strong><em>qua</em></strong></span> <span class='ocrx_word' id='word_1_38' title='bbox 1429 689 1500 749; x_wconf 89' lang='lat' dir='ltr'><strong><em>de</em></strong></span> <span class='ocrx_word' id='word_1_39' title='bbox 1529 689 1826 748; x_wconf 86' lang='lat' dir='ltr'><strong><em>universis</em></strong></span> <span class='ocrx_word' id='word_1_40' title='bbox 1856 684 2236 765; x_wconf 81' lang='lat' dir='ltr'><strong><em>doqmatibus</em></strong></span> <span class='ocrx_word' id='word_1_41' title='bbox 2265 684 2661 763; x_wconf 80' lang='lat' dir='ltr'><strong><em>disseruerat,</em></strong></span> <span class='ocrx_word' id='word_1_42' title='bbox 2688 683 2950 747; x_wconf 76' lang='lat' dir='ltr'><strong><em>habuisse</em></strong></span> <span class='ocrx_word' id='word_1_43' title='bbox 2971 707 3030 748; x_wconf 82' lang='lat' dir='ltr'><strong><em>se</em></strong></span> <span class='ocrx_word' id='word_1_44' title='bbox 3057 687 3323 762; x_wconf 83' lang='lat' dir='ltr'><strong><em>diceret;</em></strong></span> <span class='ocrx_word' id='word_1_45' title='bbox 3353 691 3706 774; x_wconf 69' lang='lat' dir='ltr'><strong><em>Hieronymus</em></strong></span> <span class='ocrx_word' id='word_1_46' title='bbox 3730 723 3822 764; x_wconf 76' lang='lat' dir='ltr'><strong><em>eum</em></strong></span> 
     </span>
    </p>
   </div>
   <div class='ocr_carea' id='block_1_5' title="bbox 521 782 3823 880">
    <p class='ocr_par' dir='ltr' id='par_1_5' title="bbox 521 782 3823 880">
     <span class='ocr_line' id='line_1_5' title="bbox 521 782 3823 880; baseline 0.002 -25"><span class='ocrx_word' id='word_1_47' title='bbox 521 794 705 876; x_wconf 82' lang='lat' dir='ltr'><strong><em>hujus</em></strong></span> <span class='ocrx_word' id='word_1_48' title='bbox 734 790 1171 853; x_wconf 73' lang='lat' dir='ltr'><strong><em>consuetudinis</em></strong></span> <span class='ocrx_word' id='word_1_49' title='bbox 1200 791 1598 868; x_wconf 72' lang='lat' dir='ltr'><strong><em>ignoratione,</em></strong></span> <span class='ocrx_word' id='word_1_50' title='bbox 1633 805 1750 848; x_wconf 90' lang='lat' dir='ltr'><strong><em>non</em></strong></span> <span class='ocrx_word' id='word_1_51' title='bbox 1779 791 1906 846; x_wconf 91' lang='lat' dir='ltr'><strong><em>sine</em></strong></span> <span class='ocrx_word' id='word_1_52' title='bbox 1925 783 2187 866; x_wconf 90' lang='lat' dir='ltr'><strong><em>quadam</em></strong></span> <span class='ocrx_word' id='word_1_53' title='bbox 2219 782 2513 844; x_wconf 76' lang='lat' dir='ltr'><strong><em>mordacis</em></strong></span> <span class='ocrx_word' id='word_1_54' title='bbox 2540 788 2692 864; x_wconf 75' lang='lat' dir='ltr'><strong><em>styli</em></strong></span> <span class='ocrx_word' id='word_1_55' title='bbox 2721 791 3066 864; x_wconf 77' lang='lat' dir='ltr'><strong><em>asperitate,</em></strong></span> <span class='ocrx_word' id='word_1_56' title='bbox 3097 797 3205 849; x_wconf 86' lang='lat' dir='ltr'><strong><em>aut</em></strong></span> <span class='ocrx_word' id='word_1_57' title='bbox 3233 787 3482 852; x_wconf 71' lang='lat' dir='ltr'><strong><em>levitatis</em></strong></span> <span class='ocrx_word' id='word_1_58' title='bbox 3503 812 3568 855; x_wconf 83' lang='lat' dir='ltr'><strong><em>ac</em></strong></span> <span class='ocrx_word' id='word_1_59' title='bbox 3592 801 3823 880; x_wconf 79' lang='lat' dir='ltr'><strong><em>negligen-</em></strong></span> 
     </span>
    </p>
   </div>
   <div class='ocr_carea' id='block_1_6' title="bbox 513 882 3825 968">
    <p class='ocr_par' dir='ltr' id='par_1_6' title="bbox 513 882 3825 968">
     <span class='ocr_line' id='line_1_6' title="bbox 513 882 3825 968; baseline 0.001 -13"><span class='ocrx_word' id='word_1_60' title='bbox 513 903 612 956; x_wconf 67' lang='grc' dir='ltr'><strong><em>τίω</em></strong></span> <span class='ocrx_word' id='word_1_61' title='bbox 643 900 708 953; x_wconf 89' lang='lat' dir='ltr'><strong><em>in</em></strong></span> <span class='ocrx_word' id='word_1_62' title='bbox 739 889 1068 953; x_wconf 68' lang='lat' dir='ltr'><strong><em>tractandis</em></strong></span> <span class='ocrx_word' id='word_1_63' title='bbox 1094 887 1476 968; x_wconf 82' lang='lat' dir='ltr'><strong><em>dogmatibus</em></strong></span> <span class='ocrx_word' id='word_1_64' title='bbox 1504 895 1608 947; x_wconf 88' lang='lat' dir='ltr'><strong><em>aut</em></strong></span> <span class='ocrx_word' id='word_1_65' title='bbox 1637 903 1804 947; x_wconf 70' lang='lat' dir='ltr'><strong><em>vanas</em></strong></span> <span class='ocrx_word' id='word_1_66' title='bbox 1831 883 2238 945; x_wconf 75' lang='lat' dir='ltr'><strong><em>ostentationis</em></strong></span> <span class='ocrx_word' id='word_1_67' title='bbox 2267 883 2644 944; x_wconf 72' lang='lat' dir='ltr'><strong><em>accusatione</em></strong></span> <span class='ocrx_word' id='word_1_68' title='bbox 2667 882 3024 964; x_wconf 83' lang='lat' dir='ltr'><strong><em>pulsaverit.</em></strong></span> <span class='ocrx_word' id='word_1_69' title='bbox 3086 885 3232 948; x_wconf 60' lang='lat' dir='ltr'><strong><em>Huc</em></strong></span> <span class='ocrx_word' id='word_1_70' title='bbox 3261 899 3447 952; x_wconf 79' lang='lat' dir='ltr'><strong><em>autem</em></strong></span> <span class='ocrx_word' id='word_1_71' title='bbox 3470 906 3626 956; x_wconf 85' lang='lat' dir='ltr'><strong><em>erant</em></strong></span> <span class='ocrx_word' id='word_1_72' title='bbox 3646 895 3825 961; x_wconf 81' lang='lat' dir='ltr'><strong><em>Joannis</em></strong></span> 
     </span>
    </p>
   </div>
   <div class='ocr_carea' id='block_1_7' title="bbox 510 981 3824 1078">
    <p class='ocr_par' dir='ltr' id='par_1_7' title="bbox 510 981 3824 1078">
     <span class='ocr_line' id='line_1_7' title="bbox 510 981 3824 1078; baseline 0.001 -25"><span class='ocrx_word' id='word_1_73' title='bbox 510 992 688 1054; x_wconf 85' lang='lat' dir='ltr'><strong><em>verba</em></strong></span> <span class='ocrx_word' id='word_1_74' title='bbox 717 997 784 1050; x_wconf 86' lang='lat' dir='ltr'><strong><em>in</em></strong></span> <span class='ocrx_word' id='word_1_75' title='bbox 806 988 1058 1069; x_wconf 83' lang='lat' dir='ltr'><strong><em>epistola</em></strong></span> <span class='ocrx_word' id='word_1_76' title='bbox 1097 985 1180 1046; x_wconf 86' lang='lat' dir='ltr'><strong><em>ad</em></strong></span> <span class='ocrx_word' id='word_1_77' title='bbox 1217 983 1602 1066; x_wconf 75' lang='lat' dir='ltr'><strong><em>Theophilum</em></strong></span> <span class='ocrx_word' id='word_1_78' title='bbox 1633 981 2140 1053; x_wconf 67' lang='lat' dir='ltr'><strong><em>Alexandrinum,</em></strong></span> <span class='ocrx_word' id='word_1_79' title='bbox 2174 981 2349 1048; x_wconf 82' lang='lat' dir='ltr'><strong><em>cuius</em></strong></span> <span class='ocrx_word' id='word_1_80' title='bbox 2397 990 2747 1061; x_wconf 86' lang='lat' dir='ltr'><strong><em>fragmenta</em></strong></span> <span class='ocrx_word' id='word_1_81' title='bbox 2793 983 3090 1044; x_wconf 89' lang='lat' dir='ltr'><strong><em>nonnulla</em></strong></span> <span class='ocrx_word' id='word_1_82' title='bbox 3121 999 3492 1063; x_wconf 73' lang='lat' dir='ltr'><strong><em>repraesentat</em></strong></span> <span class='ocrx_word' id='word_1_83' title='bbox 3519 990 3824 1078; x_wconf 71' lang='lat' dir='ltr'><strong><em>Hieronymus</em></strong></span> 
     </span>
    </p>
   </div>
   <div class='ocr_carea' id='block_1_8' title="bbox 453 1077 3821 1174">
    <p class='ocr_par' dir='ltr' id='par_1_8' title="bbox 453 1077 3821 1174">
     <span class='ocr_line' id='line_1_8' title="bbox 453 1077 3821 1174; baseline 0.002 -25"><span class='ocrx_word' id='word_1_84' title='bbox 453 1087 754 1174; x_wconf 70' lang='lat' dir='ltr'><strong><em>~epistola</em></strong></span> <span class='ocrx_word' id='word_1_85' title='bbox 776 1091 849 1150; x_wconf 80' lang='grc'><strong><em>61</em></strong></span> <span class='ocrx_word' id='word_1_86' title='bbox 884 1087 968 1149; x_wconf 90' lang='lat' dir='ltr'><strong><em>ad</em></strong></span> <span class='ocrx_word' id='word_1_87' title='bbox 986 1084 1447 1146; x_wconf 86' lang='lat' dir='ltr'><strong><em>Pammachium</em></strong></span> <span class='ocrx_word' id='word_1_88' title='bbox 1476 1100 1645 1143; x_wconf 76' lang='lat' dir='ltr'><strong><em>name</em></strong></span> <span class='ocrx_word' id='word_1_89' title='bbox 1673 1080 1952 1142; x_wconf 72' lang='lat' dir='ltr'><strong><em>editionis</em></strong></span> <span class='ocrx_word' id='word_1_90' title='bbox 1981 1083 2082 1153; x_wconf 88' lang='lat'><strong><em>38,</em></strong></span> <span class='ocrx_word' id='word_1_91' title='bbox 2107 1099 2228 1161; x_wconf 88' lang='lat' dir='ltr'><strong><em>qua</em></strong></span> <span class='ocrx_word' id='word_1_92' title='bbox 2261 1077 2396 1140; x_wconf 88' lang='lat' dir='ltr'><strong><em>illas</em></strong></span> <span class='ocrx_word' id='word_1_93' title='bbox 2415 1079 2671 1141; x_wconf 75' lang='lat' dir='ltr'><strong><em>Joannis</em></strong></span> <span class='ocrx_word' id='word_1_94' title='bbox 2702 1079 2930 1142; x_wconf 79' lang='lat' dir='ltr'><strong><em>litteras</em></strong></span> <span class='ocrx_word' id='word_1_95' title='bbox 2959 1083 3180 1160; x_wconf 73' lang='lat' dir='ltr'><strong><em>refellit</em></strong></span> <span class='ocrx_word' id='word_1_96' title='bbox 3209 1103 3224 1146; x_wconf 92' lang='lat'><strong>:</strong></span> <span class='ocrx_word' id='word_1_97' title='bbox 3248 1086 3402 1146; x_wconf 85' lang='lat' dir='ltr'><strong><em>Cum</em></strong></span> <span class='ocrx_word' id='word_1_98' title='bbox 3423 1094 3478 1150; x_wconf 88' lang='lat' dir='ltr'><strong><em>et</em></strong></span> <span class='ocrx_word' id='word_1_99' title='bbox 3499 1108 3602 1151; x_wconf 92' lang='lat' dir='ltr'><strong><em>nos</em></strong></span> <span class='ocrx_word' id='word_1_100' title='bbox 3625 1095 3821 1172; x_wconf 65' lang='lat' dir='ltr'><strong><em>quidam</em></strong></span> 
     </span>
    </p>
   </div>
   <div class='ocr_carea' id='block_1_9' title="bbox 505 1178 3822 1265">
    <p class='ocr_par' dir='ltr' id='par_1_9' title="bbox 505 1178 3822 1265">
     <span class='ocr_line' id='line_1_9' title="bbox 505 1178 3822 1265; baseline 0.001 -15"><span class='ocrx_word' id='word_1_101' title='bbox 505 1190 606 1251; x_wconf 90' lang='lat' dir='ltr'><strong><em>die</em></strong></span> <span class='ocrx_word' id='word_1_102' title='bbox 635 1195 781 1250; x_wconf 96' lang='lat' dir='ltr'><strong><em>ante</em></strong></span> <span class='ocrx_word' id='word_1_103' title='bbox 811 1205 980 1260; x_wconf 87' lang='lat' dir='ltr'><strong><em>eum,</em></strong></span> <span class='ocrx_word' id='word_1_104' title='bbox 1010 1192 1280 1246; x_wconf 88' lang='lat' dir='ltr'><strong><em>sanctum</em></strong></span> <span class='ocrx_word' id='word_1_105' title='bbox 1307 1181 1731 1265; x_wconf 72' lang='lat' dir='ltr'><strong><em>Epiphaniam</em></strong></span> <span class='ocrx_word' id='word_1_106' title='bbox 1753 1179 2063 1259; x_wconf 81' lang='lat' dir='ltr'><strong><em>intelligit,</em></strong></span> <span class='ocrx_word' id='word_1_107' title='bbox 2097 1178 2294 1240; x_wconf 88' lang='lat' dir='ltr'><strong><em>locuti</em></strong></span> <span class='ocrx_word' id='word_1_108' title='bbox 2338 1197 2644 1253; x_wconf 86' lang='lat' dir='ltr'><strong><em>essemus,</em></strong></span> <span class='ocrx_word' id='word_1_109' title='bbox 2673 1186 2736 1242; x_wconf 91' lang='lat' dir='ltr'><strong><em>et</em></strong></span> <span class='ocrx_word' id='word_1_110' title='bbox 2770 1199 3045 1260; x_wconf 69' lang='lat' dir='ltr'><strong><em>praesens</em></strong></span> <span class='ocrx_word' id='word_1_111' title='bbox 3095 1182 3284 1246; x_wconf 86' lang='lat' dir='ltr'><strong><em>lectio</em></strong></span> <span class='ocrx_word' id='word_1_112' title='bbox 3342 1197 3712 1265; x_wconf 72' lang='lat' dir='ltr'><strong><em>provocasset,</em></strong></span> <span class='ocrx_word' id='word_1_113' title='bbox 3745 1211 3822 1254; x_wconf 82' lang='lat' dir='ltr'><strong><em>au-</em></strong></span> 
     </span>
    </p>
   </div>
   <div class='ocr_carea' id='block_1_10' title="bbox 507 1277 3818 1366">
    <p class='ocr_par' dir='ltr' id='par_1_10' title="bbox 507 1277 3818 1366">
     <span class='ocr_line' id='line_1_10' title="bbox 507 1277 3818 1366; baseline 0.001 -17"><span class='ocrx_word' id='word_1_114' title='bbox 507 1289 717 1351; x_wconf 89' lang='lat' dir='ltr'><strong><em>diente</em></strong></span> <span class='ocrx_word' id='word_1_115' title='bbox 739 1286 848 1349; x_wconf 91' lang='lat' dir='ltr'><strong><em>illo</em></strong></span> <span class='ocrx_word' id='word_1_116' title='bbox 879 1291 940 1348; x_wconf 87' lang='lat' dir='ltr'><strong><em>et</em></strong></span> <span class='ocrx_word' id='word_1_117' title='bbox 971 1285 1258 1346; x_wconf 86' lang='lat' dir='ltr'><strong><em>universa</em></strong></span> <span class='ocrx_word' id='word_1_118' title='bbox 1291 1282 1567 1346; x_wconf 82' lang='lat' dir='ltr'><strong><em>Ecclesia</em></strong></span> <span class='ocrx_word' id='word_1_119' title='bbox 1595 1281 1672 1342; x_wconf 89' lang='lat' dir='ltr'><strong><em>de</em></strong></span> <span class='ocrx_word' id='word_1_120' title='bbox 1705 1280 1828 1341; x_wconf 84' lang='lat' dir='ltr'><strong><em>ﬁde</em></strong></span> <span class='ocrx_word' id='word_1_121' title='bbox 1859 1286 1919 1343; x_wconf 90' lang='lat' dir='ltr'><strong><em>et</em></strong></span> <span class='ocrx_word' id='word_1_122' title='bbox 1964 1278 2259 1340; x_wconf 89' lang='lat' dir='ltr'><strong><em>omnibus</em></strong></span> <span class='ocrx_word' id='word_1_123' title='bbox 2289 1277 2730 1340; x_wconf 78' lang='lat' dir='ltr'><strong><em>ecclesiasticis</em></strong></span> <span class='ocrx_word' id='word_1_124' title='bbox 2789 1280 3194 1357; x_wconf 73' lang='lat' dir='ltr'><strong><em>dogmatibus</em></strong></span> <span class='ocrx_word' id='word_1_125' title='bbox 3251 1283 3388 1345; x_wconf 62' lang='lat' dir='ltr'><strong><em>huic</em></strong></span> <span class='ocrx_word' id='word_1_126' title='bbox 3442 1285 3619 1349; x_wconf 87' lang='lat' dir='ltr'><strong><em>locuti</em></strong></span> <span class='ocrx_word' id='word_1_127' title='bbox 3652 1307 3818 1366; x_wconf 84' lang='lat' dir='ltr'><strong><em>sumus,</em></strong></span> 
     </span>
    </p>
   </div>
   <div class='ocr_carea' id='block_1_11' title="bbox 505 1376 3814 1470">
    <p class='ocr_par' dir='ltr' id='par_1_11' title="bbox 505 1376 3814 1470">
     <span class='ocr_line' id='line_1_11' title="bbox 505 1376 3814 1470; baseline -0.003 -19"><span class='ocrx_word' id='word_1_128' title='bbox 505 1409 646 1470; x_wconf 81' lang='lat' dir='ltr'><strong><em>quae</em></strong></span> <span class='ocrx_word' id='word_1_129' title='bbox 678 1393 739 1450; x_wconf 88' lang='lat' dir='ltr'><strong><em>et</em></strong></span> <span class='ocrx_word' id='word_1_130' title='bbox 754 1403 1002 1465; x_wconf 86' lang='lat' dir='ltr'><strong><em>semper</em></strong></span> <span class='ocrx_word' id='word_1_131' title='bbox 1021 1382 1224 1464; x_wconf 86' lang='lat' dir='ltr'><strong><em>gratia</em></strong></span> <span class='ocrx_word' id='word_1_132' title='bbox 1257 1381 1366 1442; x_wconf 89' lang='lat' dir='ltr'><strong><em>Dei</em></strong></span> <span class='ocrx_word' id='word_1_133' title='bbox 1399 1380 1823 1441; x_wconf 82' lang='lat' dir='ltr'><strong><em>indesinenter</em></strong></span> <span class='ocrx_word' id='word_1_134' title='bbox 1848 1379 1908 1438; x_wconf 89' lang='lat' dir='ltr'><strong><em>in</em></strong></span> <span class='ocrx_word' id='word_1_135' title='bbox 1945 1377 2220 1439; x_wconf 82' lang='lat' dir='ltr'><strong><em>Ecclesia</em></strong></span> <span class='ocrx_word' id='word_1_136' title='bbox 2251 1376 2548 1438; x_wconf 85' lang='lat' dir='ltr'><strong><em>docemus</em></strong></span> <span class='ocrx_word' id='word_1_137' title='bbox 2576 1382 2635 1436; x_wconf 86' lang='lat' dir='ltr'><strong><em>et</em></strong></span> <span class='ocrx_word' id='word_1_138' title='bbox 2669 1377 2731 1438; x_wconf 89' lang='lat' dir='ltr'><strong><em>in</em></strong></span> <span class='ocrx_word' id='word_1_139' title='bbox 2763 1377 3224 1442; x_wconf 81' lang='lat' dir='ltr'><strong><em>catechesibus.</em></strong></span> <span class='ocrx_word' id='word_1_140' title='bbox 3288 1382 3558 1459; x_wconf 73' lang='lat' dir='ltr'><strong><em>Quasnam</em></strong></span> <span class='ocrx_word' id='word_1_141' title='bbox 3605 1406 3701 1449; x_wconf 77' lang='lat' dir='ltr'><strong><em>vero</em></strong></span> <span class='ocrx_word' id='word_1_142' title='bbox 3737 1390 3814 1450; x_wconf 73' lang='lat' dir='ltr'><strong><em>illa</em></strong></span> 
     </span>
    </p>
   </div>
   <div class='ocr_carea' id='block_1_12' title="bbox 502 1475 3810 1568">
    <p class='ocr_par' dir='ltr' id='par_1_12' title="bbox 502 1475 3810 1568">
     <span class='ocr_line' id='line_1_12' title="bbox 502 1475 3810 1568; baseline -0.001 -17"><span class='ocrx_word' id='word_1_143' title='bbox 502 1497 707 1568; x_wconf 77' lang='lat' dir='ltr'><strong><em>ferent</em></strong></span> <span class='ocrx_word' id='word_1_144' title='bbox 733 1486 806 1548; x_wconf 89' lang='lat' dir='ltr'><strong><em>de</em></strong></span> <span class='ocrx_word' id='word_1_145' title='bbox 835 1483 1052 1566; x_wconf 79' lang='lat' dir='ltr'><strong><em>quibus</em></strong></span> <span class='ocrx_word' id='word_1_146' title='bbox 1081 1489 1215 1543; x_wconf 83' lang='lat' dir='ltr'><strong><em>erat</em></strong></span> <span class='ocrx_word' id='word_1_147' title='bbox 1247 1489 1384 1542; x_wconf 88' lang='lat' dir='ltr'><strong><em>ante</em></strong></span> <span class='ocrx_word' id='word_1_148' title='bbox 1413 1479 1662 1551; x_wconf 91' lang='lat' dir='ltr'><strong><em>locutus,</em></strong></span> <span class='ocrx_word' id='word_1_149' title='bbox 1698 1497 1773 1538; x_wconf 75' lang='lat' dir='ltr'><strong><em>ea:</em></strong></span> <span class='ocrx_word' id='word_1_150' title='bbox 1802 1496 1865 1537; x_wconf 88' lang='lat' dir='ltr'><strong><em>eo</em></strong></span> <span class='ocrx_word' id='word_1_151' title='bbox 1895 1475 2186 1537; x_wconf 75' lang='lat' dir='ltr'><strong><em>scribente</em></strong></span> <span class='ocrx_word' id='word_1_152' title='bbox 2213 1481 2427 1558; x_wconf 85' lang='lat' dir='ltr'><strong><em>repetit</em></strong></span> <span class='ocrx_word' id='word_1_153' title='bbox 2455 1475 2868 1557; x_wconf 67' lang='lat' dir='ltr'><strong><em>Hieronymus</em></strong></span> <span class='ocrx_word' id='word_1_154' title='bbox 2898 1475 2989 1538; x_wconf 89' lang='lat' dir='ltr'><strong><em>his</em></strong></span> <span class='ocrx_word' id='word_1_155' title='bbox 3017 1478 3208 1540; x_wconf 78' lang='lat' dir='ltr'><strong><em>verbis</em></strong></span> <span class='ocrx_word' id='word_1_156' title='bbox 3240 1499 3261 1540; x_wconf 89' lang='lat'><strong><em>:</em></strong></span> <span class='ocrx_word' id='word_1_157' title='bbox 3320 1483 3400 1544; x_wconf 86' lang='lat' dir='ltr'><strong><em>Ut</em></strong></span> <span class='ocrx_word' id='word_1_158' title='bbox 3456 1503 3573 1546; x_wconf 85' lang='lat' dir='ltr'><strong><em>uno</em></strong></span> <span class='ocrx_word' id='word_1_159' title='bbox 3619 1487 3810 1548; x_wconf 72' lang='lat' dir='ltr'><strong><em>Ecclesiae</em></strong></span> 
     </span>
    </p>
   </div>
   <div class='ocr_carea' id='block_1_13' title="bbox 507 1573 3818 1664">
    <p class='ocr_par' dir='ltr' id='par_1_13' title="bbox 507 1573 3818 1664">
     <span class='ocr_line' id='line_1_13' title="bbox 507 1573 3818 1664; baseline -0.002 -15"><span class='ocrx_word' id='word_1_160' title='bbox 507 1591 783 1649; x_wconf 87' lang='lat' dir='ltr'><strong><em>tractatu</em></strong></span> <span class='ocrx_word' id='word_1_161' title='bbox 811 1585 887 1645; x_wconf 90' lang='lat' dir='ltr'><strong><em>de</em></strong></span> <span class='ocrx_word' id='word_1_162' title='bbox 917 1583 1162 1644; x_wconf 88' lang='lat' dir='ltr'><strong><em>cunctis</em></strong></span> <span class='ocrx_word' id='word_1_163' title='bbox 1193 1578 1599 1658; x_wconf 79' lang='lat' dir='ltr'><strong><em>dogmatibus</em></strong></span> <span class='ocrx_word' id='word_1_164' title='bbox 1629 1577 1825 1637; x_wconf 88' lang='lat' dir='ltr'><strong><em>homo</em></strong></span> <span class='ocrx_word' id='word_1_165' title='bbox 1855 1595 1982 1637; x_wconf 90' lang='lat' dir='ltr'><strong><em>non</em></strong></span> <span class='ocrx_word' id='word_1_166' title='bbox 2014 1575 2166 1635; x_wconf 86' lang='lat' dir='ltr'><strong><em>satis</em></strong></span> <span class='ocrx_word' id='word_1_167' title='bbox 2191 1573 2495 1654; x_wconf 86' lang='lat' dir='ltr'><strong><em>eloquens</em></strong></span> <span class='ocrx_word' id='word_1_168' title='bbox 2526 1574 2901 1654; x_wconf 86' lang='lat' dir='ltr'><strong><em>disputares,</em></strong></span> <span class='ocrx_word' id='word_1_169' title='bbox 2936 1581 2998 1636; x_wconf 90' lang='lat' dir='ltr'><strong><em>et</em></strong></span> <span class='ocrx_word' id='word_1_170' title='bbox 3028 1575 3106 1638; x_wconf 90' lang='lat' dir='ltr'><strong><em>de</em></strong></span> <span class='ocrx_word' id='word_1_171' title='bbox 3136 1578 3469 1656; x_wconf 84' lang='lat' dir='ltr'><strong><em>Trinitate,</em></strong></span> <span class='ocrx_word' id='word_1_172' title='bbox 3525 1582 3594 1645; x_wconf 90' lang='lat' dir='ltr'><strong><em>de</em></strong></span> <span class='ocrx_word' id='word_1_173' title='bbox 3619 1602 3818 1664; x_wconf 82' lang='lat' dir='ltr'><strong><em>assump.</em></strong></span> 
     </span>
    </p>
   </div>
   <div class='ocr_carea' id='block_1_14' title="bbox 501 1672 3816 1758">
    <p class='ocr_par' dir='ltr' id='par_1_14' title="bbox 501 1672 3816 1758">
     <span class='ocr_line' id='line_1_14' title="bbox 501 1672 3816 1758; baseline -0.001 -12"><span class='ocrx_word' id='word_1_174' title='bbox 501 1685 674 1746; x_wconf 80' lang='lat' dir='ltr'><strong><em>tione</em></strong></span> <span class='ocrx_word' id='word_1_175' title='bbox 705 1679 1012 1743; x_wconf 87' lang='lat' dir='ltr'><strong><em>Dominici</em></strong></span> <span class='ocrx_word' id='word_1_176' title='bbox 1045 1677 1353 1758; x_wconf 89' lang='lat' dir='ltr'><strong><em>corporis,</em></strong></span> <span class='ocrx_word' id='word_1_177' title='bbox 1385 1676 1464 1738; x_wconf 92' lang='lat' dir='ltr'><strong><em>de</em></strong></span> <span class='ocrx_word' id='word_1_178' title='bbox 1489 1693 1698 1748; x_wconf 89' lang='lat' dir='ltr'><strong><em>cruce,</em></strong></span> <span class='ocrx_word' id='word_1_179' title='bbox 1732 1677 1808 1736; x_wconf 92' lang='lat' dir='ltr'><strong><em>de</em></strong></span> <span class='ocrx_word' id='word_1_180' title='bbox 1838 1672 2080 1748; x_wconf 81' lang='lat' dir='ltr'><strong><em>inferis,</em></strong></span> <span class='ocrx_word' id='word_1_181' title='bbox 2115 1674 2192 1734; x_wconf 92' lang='lat' dir='ltr'><strong><em>de</em></strong></span> <span class='ocrx_word' id='word_1_182' title='bbox 2225 1673 2598 1754; x_wconf 75' lang='lat' dir='ltr'><strong><em>angelorum</em></strong></span> <span class='ocrx_word' id='word_1_183' title='bbox 2631 1675 2968 1747; x_wconf 86' lang='lat' dir='ltr'><strong><em>natura,de</em></strong></span> <span class='ocrx_word' id='word_1_184' title='bbox 2997 1675 3356 1740; x_wconf 85' lang='lat' dir='ltr'><strong><em>animarum</em></strong></span> <span class='ocrx_word' id='word_1_185' title='bbox 3390 1685 3567 1754; x_wconf 84' lang='lat' dir='ltr'><strong><em>statu,</em></strong></span> <span class='ocrx_word' id='word_1_186' title='bbox 3593 1682 3658 1744; x_wconf 88' lang='lat' dir='ltr'><strong><em>de</em></strong></span> <span class='ocrx_word' id='word_1_187' title='bbox 3681 1701 3816 1745; x_wconf 83' lang='lat' dir='ltr'><strong><em>resur-</em></strong></span> 
     </span>
    </p>
   </div>
   <div class='ocr_carea' id='block_1_15' title="bbox 504 1771 3812 1863">
    <p class='ocr_par' dir='ltr' id='par_1_15' title="bbox 504 1771 3812 1863">
     <span class='ocr_line' id='line_1_15' title="bbox 504 1771 3812 1863; baseline -0.001 -19"><span class='ocrx_word' id='word_1_188' title='bbox 504 1783 786 1845; x_wconf 85' lang='lat' dir='ltr'><strong><em>rectione</em></strong></span> <span class='ocrx_word' id='word_1_189' title='bbox 816 1777 1161 1842; x_wconf 88' lang='lat' dir='ltr'><strong><em>Salvatoris</em></strong></span> <span class='ocrx_word' id='word_1_190' title='bbox 1193 1782 1255 1839; x_wconf 88' lang='lat' dir='ltr'><strong><em>et</em></strong></span> <span class='ocrx_word' id='word_1_191' title='bbox 1285 1781 1520 1848; x_wconf 78' lang='lat' dir='ltr'><strong><em>nostra,</em></strong></span> <span class='ocrx_word' id='word_1_192' title='bbox 1559 1781 1621 1836; x_wconf 88' lang='lat' dir='ltr'><strong><em>et</em></strong></span> <span class='ocrx_word' id='word_1_193' title='bbox 1651 1775 1818 1835; x_wconf 86' lang='lat' dir='ltr'><strong><em>inter</em></strong></span> <span class='ocrx_word' id='word_1_194' title='bbox 1845 1791 1922 1834; x_wconf 90' lang='lat' dir='ltr'><strong><em>ea</em></strong></span> <span class='ocrx_word' id='word_1_195' title='bbox 1952 1793 2092 1853; x_wconf 66' lang='lat' dir='ltr'><strong><em>quas</em></strong></span> <span class='ocrx_word' id='word_1_196' title='bbox 2121 1773 2338 1833; x_wconf 77' lang='lat' dir='ltr'><strong><em>forsan</em></strong></span> <span class='ocrx_word' id='word_1_197' title='bbox 2367 1771 2602 1833; x_wconf 86' lang='lat' dir='ltr'><strong><em>oblitus</em></strong></span> <span class='ocrx_word' id='word_1_198' title='bbox 2652 1790 2718 1833; x_wconf 86' lang='lat' dir='ltr'><strong><em>es</em></strong></span> <span class='ocrx_word' id='word_1_199' title='bbox 2775 1773 3070 1834; x_wconf 82' lang='lat' dir='ltr'><strong><em>scribere.</em></strong></span> <span class='ocrx_word' id='word_1_200' title='bbox 3120 1775 3298 1838; x_wconf 85' lang='lat' dir='ltr'><strong><em>Vides</em></strong></span> <span class='ocrx_word' id='word_1_201' title='bbox 3351 1785 3544 1840; x_wconf 77' lang='lat' dir='ltr'><strong><em>omnia</em></strong></span> <span class='ocrx_word' id='word_1_202' title='bbox 3561 1799 3683 1863; x_wconf 82' lang='lat' dir='ltr'><strong><em>pene</em></strong></span> <span class='ocrx_word' id='word_1_203' title='bbox 3703 1780 3812 1862; x_wconf 61' lang='grc' dir='ltr'><strong><em>ἡδίω</em></strong></span> 
     </span>
    </p>
   </div>
   <div class='ocr_carea' id='block_1_16' title="bbox 505 1869 3812 1959">
    <p class='ocr_par' dir='ltr' id='par_1_16' title="bbox 505 1869 3812 1959">
     <span class='ocr_line' id='line_1_16' title="bbox 505 1869 3812 1959; baseline -0 -17"><span class='ocrx_word' id='word_1_204' title='bbox 505 1879 860 1943; x_wconf 88' lang='lat' dir='ltr'><strong><em>catecheseos</em></strong></span> <span class='ocrx_word' id='word_1_205' title='bbox 889 1883 1266 1956; x_wconf 89' lang='lat' dir='ltr'><strong><em>argumenta,</em></strong></span> <span class='ocrx_word' id='word_1_206' title='bbox 1298 1875 1356 1933; x_wconf 87' lang='lat' dir='ltr'><strong><em>si</em></strong></span> <span class='ocrx_word' id='word_1_207' title='bbox 1379 1879 1535 1950; x_wconf 82' lang='lat' dir='ltr'><strong><em>forte</em></strong></span> <span class='ocrx_word' id='word_1_208' title='bbox 1561 1870 1876 1934; x_wconf 84' lang='lat' dir='ltr'><strong><em>articulum</em></strong></span> <span class='ocrx_word' id='word_1_209' title='bbox 1911 1874 1998 1932; x_wconf 90' lang='lat' dir='ltr'><strong><em>De</em></strong></span> <span class='ocrx_word' id='word_1_210' title='bbox 2030 1871 2394 1949; x_wconf 86' lang='lat' dir='ltr'><strong><em>angelorum</em></strong></span> <span class='ocrx_word' id='word_1_211' title='bbox 2432 1877 2657 1930; x_wconf 87' lang='lat' dir='ltr'><strong><em>natura</em></strong></span> <span class='ocrx_word' id='word_1_212' title='bbox 2685 1869 2976 1948; x_wconf 66' lang='lat' dir='ltr'><strong><em>excipias,</em></strong></span> <span class='ocrx_word' id='word_1_213' title='bbox 3027 1891 3201 1954; x_wconf 85' lang='lat' dir='ltr'><strong><em>quem</em></strong></span> <span class='ocrx_word' id='word_1_214' title='bbox 3228 1875 3503 1951; x_wconf 83' lang='lat' dir='ltr'><strong><em>Joannes,</em></strong></span> <span class='ocrx_word' id='word_1_215' title='bbox 3535 1877 3733 1959; x_wconf 80' lang='lat' dir='ltr'><strong><em>Origcni</em></strong></span> <span class='ocrx_word' id='word_1_216' title='bbox 3749 1879 3812 1941; x_wconf 78' lang='lat' dir='ltr'><strong><em>al-</em></strong></span> 
     </span>
    </p>
   </div>
   <div class='ocr_carea' id='block_1_17' title="bbox 505 1967 3817 2058">
    <p class='ocr_par' dir='ltr' id='par_1_17' title="bbox 505 1967 3817 2058">
     <span class='ocr_line' id='line_1_17' title="bbox 505 1967 3817 2058; baseline -0.001 -16"><span class='ocrx_word' id='word_1_217' title='bbox 505 1979 746 2052; x_wconf 85' lang='lat' dir='ltr'><strong><em>dictior,</em></strong></span> <span class='ocrx_word' id='word_1_218' title='bbox 775 1977 968 2038; x_wconf 86' lang='lat' dir='ltr'><strong><em>solitis</em></strong></span> <span class='ocrx_word' id='word_1_219' title='bbox 997 1973 1300 2056; x_wconf 77' lang='lat' dir='ltr'><strong><em>capitibus</em></strong></span> <span class='ocrx_word' id='word_1_220' title='bbox 1329 1973 1592 2052; x_wconf 83' lang='lat' dir='ltr'><strong><em>adjicere</em></strong></span> <span class='ocrx_word' id='word_1_221' title='bbox 1614 1977 1842 2052; x_wconf 85' lang='lat' dir='ltr'><strong><em>potuit.</em></strong></span> <span class='ocrx_word' id='word_1_222' title='bbox 1875 1967 1942 2030; x_wconf 84' lang='grc' dir='ltr'><em>Η</em></span> <span class='ocrx_word' id='word_1_223' title='bbox 1941 1988 2056 2030; x_wconf 82' lang='lat' dir='ltr'><strong><em>unc</em></strong></span> <span class='ocrx_word' id='word_1_224' title='bbox 2083 1978 2279 2030; x_wconf 90' lang='lat' dir='ltr'><strong><em>autem</em></strong></span> <span class='ocrx_word' id='word_1_225' title='bbox 2307 1986 2627 2029; x_wconf 89' lang='lat' dir='ltr'><strong><em>sermonem</em></strong></span> <span class='ocrx_word' id='word_1_226' title='bbox 2660 1970 2720 2028; x_wconf 90' lang='lat' dir='ltr'><strong><em>in</em></strong></span> <span class='ocrx_word' id='word_1_227' title='bbox 2753 1967 3228 2050; x_wconf 79' lang='lat' dir='ltr'><strong><em>Quadragesima</em></strong></span> <span class='ocrx_word' id='word_1_228' title='bbox 3260 1973 3714 2057; x_wconf 76' lang='lat' dir='ltr'><strong><em>baptizandus-tun</em></strong></span> <span class='ocrx_word' id='word_1_229' title='bbox 3731 1998 3817 2058; x_wconf 72' lang='lat' dir='ltr'><strong><em>gra-</em></strong></span> 
     </span>
    </p>
   </div>
   <div class='ocr_carea' id='block_1_18' title="bbox 506 2065 3817 2159">
    <p class='ocr_par' dir='ltr' id='par_1_18' title="bbox 506 2065 3817 2159">
     <span class='ocr_line' id='line_1_18' title="bbox 506 2065 3817 2159; baseline -0.002 -18"><span class='ocrx_word' id='word_1_230' title='bbox 506 2083 592 2141; x_wconf 83' lang='lat' dir='ltr'><strong><em>tia</em></strong></span> <span class='ocrx_word' id='word_1_231' title='bbox 618 2081 1074 2159; x_wconf 77' lang='lat' dir='ltr'><strong><em>pronuntiatum</em></strong></span> <span class='ocrx_word' id='word_1_232' title='bbox 1096 2091 1235 2144; x_wconf 89' lang='lat' dir='ltr'><strong><em>esse,</em></strong></span> <span class='ocrx_word' id='word_1_233' title='bbox 1267 2073 1434 2142; x_wconf 82' lang='lat' dir='ltr'><strong><em>satis,</em></strong></span> <span class='ocrx_word' id='word_1_234' title='bbox 1466 2080 1533 2130; x_wconf 89' lang='lat' dir='ltr'><strong><em>ut</em></strong></span> <span class='ocrx_word' id='word_1_235' title='bbox 1559 2070 1852 2142; x_wconf 64' lang='lat' dir='ltr'><strong><em>existimo,</em></strong></span> <span class='ocrx_word' id='word_1_236' title='bbox 1885 2067 2236 2148; x_wconf 80' lang='lat' dir='ltr'><strong><em>signiﬁcant</em></strong></span> <span class='ocrx_word' id='word_1_237' title='bbox 2265 2067 2396 2128; x_wconf 84' lang='lat' dir='ltr'><strong><em>alia</em></strong></span> <span class='ocrx_word' id='word_1_238' title='bbox 2427 2065 2552 2127; x_wconf 75' lang='lat' dir='ltr'><strong><em>haec</em></strong></span> <span class='ocrx_word' id='word_1_239' title='bbox 2578 2066 2832 2128; x_wconf 86' lang='lat' dir='ltr'><strong><em>Joannis</em></strong></span> <span class='ocrx_word' id='word_1_240' title='bbox 2862 2067 3061 2148; x_wconf 84' lang='lat' dir='ltr'><strong><em>verba,</em></strong></span> <span class='ocrx_word' id='word_1_241' title='bbox 3095 2071 3322 2152; x_wconf 88' lang='lat' dir='ltr'><strong><em>quibus</em></strong></span> <span class='ocrx_word' id='word_1_242' title='bbox 3377 2073 3534 2136; x_wconf 88' lang='lat' dir='ltr'><strong><em>illius</em></strong></span> <span class='ocrx_word' id='word_1_243' title='bbox 3581 2075 3640 2138; x_wconf 87' lang='lat' dir='ltr'><strong><em>de</em></strong></span> <span class='ocrx_word' id='word_1_244' title='bbox 3669 2077 3817 2137; x_wconf 79' lang='lat' dir='ltr'><strong><em>cunctis</em></strong></span> 
     </span>
    </p>
   </div>
   <div class='ocr_carea' id='block_1_19' title="bbox 499 2167 3816 2262">
    <p class='ocr_par' dir='ltr' id='par_1_19' title="bbox 499 2167 3816 2262">
     <span class='ocr_line' id='line_1_19' title="bbox 499 2167 3816 2262; baseline -0.002 -20"><span class='ocrx_word' id='word_1_245' title='bbox 499 2177 878 2262; x_wconf 81' lang='lat' dir='ltr'><strong><em>dogmatibus</em></strong></span> <span class='ocrx_word' id='word_1_246' title='bbox 911 2173 1336 2257; x_wconf 85' lang='lat' dir='ltr'><strong><em>disputationis</em></strong></span> <span class='ocrx_word' id='word_1_247' title='bbox 1365 2177 1666 2235; x_wconf 83' lang='lat' dir='ltr'><strong><em>rationem</em></strong></span> <span class='ocrx_word' id='word_1_248' title='bbox 1695 2168 1928 2230; x_wconf 86' lang='lat' dir='ltr'><strong><em>reddit:</em></strong></span> <span class='ocrx_word' id='word_1_249' title='bbox 1964 2167 2365 2231; x_wconf 87' lang='lat' dir='ltr'><strong><em>Consuetudo</em></strong></span> <span class='ocrx_word' id='word_1_250' title='bbox 2397 2175 2605 2229; x_wconf 85' lang='lat' dir='ltr'><strong><em>autem</em></strong></span> <span class='ocrx_word' id='word_1_251' title='bbox 2639 2169 2808 2248; x_wconf 86' lang='lat' dir='ltr'><strong><em>apud</em></strong></span> <span class='ocrx_word' id='word_1_252' title='bbox 2840 2186 2954 2232; x_wconf 87' lang='lat' dir='ltr'><strong><em>nos</em></strong></span> <span class='ocrx_word' id='word_1_253' title='bbox 3002 2169 3362 2235; x_wconf 84' lang='lat' dir='ltr'><strong><em>istiusmodi</em></strong></span> <span class='ocrx_word' id='word_1_254' title='bbox 3419 2183 3525 2250; x_wconf 89' lang='lat' dir='ltr'><strong><em>est,</em></strong></span> <span class='ocrx_word' id='word_1_255' title='bbox 3580 2182 3635 2238; x_wconf 84' lang='lat' dir='ltr'><strong><em>ut</em></strong></span> <span class='ocrx_word' id='word_1_256' title='bbox 3674 2175 3816 2255; x_wconf 83' lang='lat' dir='ltr'><strong><em>iisqu</em></strong></span> 
     </span>
    </p>
   </div>
   <div class='ocr_carea' id='block_1_20' title="bbox 496 2267 3648 2358">
    <p class='ocr_par' dir='ltr' id='par_1_20' title="bbox 496 2267 3648 2358">
     <span class='ocr_line' id='line_1_20' title="bbox 496 2267 3648 2358; baseline -0.002 -18"><span class='ocrx_word' id='word_1_257' title='bbox 496 2274 863 2358; x_wconf 79' lang='lat' dir='ltr'><strong><em>baptizandi</em></strong></span> <span class='ocrx_word' id='word_1_258' title='bbox 891 2282 1036 2335; x_wconf 86' lang='lat' dir='ltr'><strong><em>sunt</em></strong></span> <span class='ocrx_word' id='word_1_259' title='bbox 1068 2291 1179 2351; x_wconf 89' lang='lat' dir='ltr'><strong><em>per</em></strong></span> <span class='ocrx_word' id='word_1_260' title='bbox 1205 2270 1632 2351; x_wconf 82' lang='lat' dir='ltr'><strong><em>quadraginta</em></strong></span> <span class='ocrx_word' id='word_1_261' title='bbox 1661 2268 1794 2330; x_wconf 88' lang='lat' dir='ltr'><strong><em>dies</em></strong></span> <span class='ocrx_word' id='word_1_262' title='bbox 1819 2267 2069 2348; x_wconf 86' lang='lat' dir='ltr'><strong><em>publice</em></strong></span> <span class='ocrx_word' id='word_1_263' title='bbox 2098 2267 2424 2328; x_wconf 85' lang='lat' dir='ltr'><strong><em>tradamus</em></strong></span> <span class='ocrx_word' id='word_1_264' title='bbox 2455 2271 2737 2329; x_wconf 71' lang='lat' dir='ltr'><strong><em>sanctam</em></strong></span> <span class='ocrx_word' id='word_1_265' title='bbox 2767 2274 2831 2328; x_wconf 89' lang='lat' dir='ltr'><strong><em>et</em></strong></span> <span class='ocrx_word' id='word_1_266' title='bbox 2861 2267 3256 2332; x_wconf 84' lang='lat' dir='ltr'><strong><em>adorandam</em></strong></span> <span class='ocrx_word' id='word_1_267' title='bbox 3288 2273 3648 2336; x_wconf 84' lang='lat' dir='ltr'><strong><em>Trinitatem.</em></strong></span> 
     </span>
    </p>
   </div>
   <div class='ocr_carea' id='block_1_21' title="bbox 578 2363 3810 2456">
    <p class='ocr_par' dir='ltr' id='par_1_21' title="bbox 578 2363 3810 2456">
     <span class='ocr_line' id='line_1_21' title="bbox 578 2363 3810 2456; baseline -0.002 -18"><span class='ocrx_word' id='word_1_268' title='bbox 578 2385 682 2442; x_wconf 71' lang='grc' dir='ltr'><strong><em>Μ)</em></strong></span> <span class='ocrx_word' id='word_1_269' title='bbox 711 2374 815 2436; x_wconf 86' lang='lat' dir='ltr'><strong><em>IV.</em></strong></span> <span class='ocrx_word' id='word_1_270' title='bbox 849 2374 904 2431; x_wconf 85' lang='lat' dir='ltr'><strong><em>A</em></strong></span> <span class='ocrx_word' id='word_1_271' title='bbox 939 2391 1060 2452; x_wconf 89' lang='lat' dir='ltr'><strong><em>quo</em></strong></span> <span class='ocrx_word' id='word_1_272' title='bbox 1085 2375 1366 2451; x_wconf 84' lang='lat' dir='ltr'><strong><em>profecta</em></strong></span> <span class='ocrx_word' id='word_1_273' title='bbox 1391 2372 1474 2430; x_wconf 84' lang='lat' dir='ltr'><strong><em>sit</em></strong></span> <span class='ocrx_word' id='word_1_274' title='bbox 1505 2366 1626 2428; x_wconf 66' lang='lat' dir='ltr'><strong><em>haec</em></strong></span> <span class='ocrx_word' id='word_1_275' title='bbox 1665 2365 2017 2428; x_wconf 85' lang='lat' dir='ltr'><strong><em>consuetudo</em></strong></span> <span class='ocrx_word' id='word_1_276' title='bbox 2046 2371 2360 2426; x_wconf 85' lang='lat' dir='ltr'><strong><em>incertum.</em></strong></span> <span class='ocrx_word' id='word_1_277' title='bbox 2396 2367 2482 2426; x_wconf 90' lang='lat' dir='ltr'><strong><em>At</em></strong></span> <span class='ocrx_word' id='word_1_278' title='bbox 2514 2363 2817 2446; x_wconf 75' lang='lat' dir='ltr'><strong><em>Cyrillum</em></strong></span> <span class='ocrx_word' id='word_1_279' title='bbox 2845 2367 2976 2444; x_wconf 78' lang='lat' dir='ltr'><strong><em>eius</em></strong></span> <span class='ocrx_word' id='word_1_280' title='bbox 3003 2379 3316 2433; x_wconf 87' lang='lat' dir='ltr'><strong><em>auctorem</em></strong></span> <span class='ocrx_word' id='word_1_281' title='bbox 3346 2391 3460 2435; x_wconf 88' lang='lat' dir='ltr'><strong><em>esse</em></strong></span> <span class='ocrx_word' id='word_1_282' title='bbox 3482 2371 3723 2456; x_wconf 80' lang='lat' dir='ltr'><strong><em>probabile</em></strong></span> <span class='ocrx_word' id='word_1_283' title='bbox 3735 2380 3810 2433; x_wconf 73' lang='lat' dir='ltr'><strong><em>est.</em></strong></span> 
     </span>
    </p>
   </div>
   <div class='ocr_carea' id='block_1_22' title="bbox 497 2464 3812 2554">
    <p class='ocr_par' dir='ltr' id='par_1_22' title="bbox 497 2464 3812 2554">
     <span class='ocr_line' id='line_1_22' title="bbox 497 2464 3812 2554; baseline -0.002 -21"><span class='ocrx_word' id='word_1_284' title='bbox 497 2475 664 2538; x_wconf 86' lang='lat' dir='ltr'><strong><em>Dum</em></strong></span> <span class='ocrx_word' id='word_1_285' title='bbox 693 2477 851 2532; x_wconf 87' lang='lat' dir='ltr'><strong><em>enim</em></strong></span> <span class='ocrx_word' id='word_1_286' title='bbox 883 2469 1066 2536; x_wconf 84' lang='lat' dir='ltr'><strong><em>huius</em></strong></span> <span class='ocrx_word' id='word_1_287' title='bbox 1093 2468 1412 2538; x_wconf 82' lang='lat' dir='ltr'><strong><em>orationis,</em></strong></span> <span class='ocrx_word' id='word_1_288' title='bbox 1443 2486 1608 2537; x_wconf 88' lang='lat' dir='ltr'><strong><em>num,</em></strong></span> <span class='ocrx_word' id='word_1_289' title='bbox 1642 2469 1702 2540; x_wconf 91' lang='lat'><strong><em>3,</em></strong></span> <span class='ocrx_word' id='word_1_290' title='bbox 1735 2485 1972 2527; x_wconf 87' lang='lat' dir='ltr'><strong><em>causam</em></strong></span> <span class='ocrx_word' id='word_1_291' title='bbox 2002 2465 2270 2546; x_wconf 72' lang='lat' dir='ltr'><strong><em>exponit,</em></strong></span> <span class='ocrx_word' id='word_1_292' title='bbox 2305 2483 2425 2545; x_wconf 90' lang='lat' dir='ltr'><strong><em>qua</em></strong></span> <span class='ocrx_word' id='word_1_293' title='bbox 2475 2469 2554 2526; x_wconf 75' lang='lat' dir='ltr'><strong><em>ad</em></strong></span> <span class='ocrx_word' id='word_1_294' title='bbox 2629 2464 2984 2527; x_wconf 86' lang='lat' dir='ltr'><strong><em>tradendam</em></strong></span> <span class='ocrx_word' id='word_1_295' title='bbox 3039 2466 3389 2550; x_wconf 82' lang='lat' dir='ltr'><strong><em>hujusmodi</em></strong></span> <span class='ocrx_word' id='word_1_296' title='bbox 3415 2470 3812 2554; x_wconf 74' lang='lat' dir='ltr'><strong><em>cOMpenliariam</em></strong></span> 
     </span>
    </p>
   </div>
   <div class='ocr_carea' id='block_1_23' title="bbox 501 2561 3815 2652">
    <p class='ocr_par' dir='ltr' id='par_1_23' title="bbox 501 2561 3815 2652">
     <span class='ocr_line' id='line_1_23' title="bbox 501 2561 3815 2652; baseline -0.002 -20"><span class='ocrx_word' id='word_1_297' title='bbox 501 2572 849 2652; x_wconf 90' lang='lat' dir='ltr'><strong><em>dogmatum</em></strong></span> <span class='ocrx_word' id='word_1_298' title='bbox 876 2569 1306 2647; x_wconf 72' lang='lat' dir='ltr'><strong><em>expositionem</em></strong></span> <span class='ocrx_word' id='word_1_299' title='bbox 1335 2563 1624 2626; x_wconf 88' lang='lat' dir='ltr'><strong><em>adductus</em></strong></span> <span class='ocrx_word' id='word_1_300' title='bbox 1651 2563 1734 2626; x_wconf 89' lang='lat' dir='ltr'><strong><em>sit</em></strong></span> <span class='ocrx_word' id='word_1_301' title='bbox 1759 2585 1781 2640; x_wconf 91' lang='lat'><em>;</em></span> <span class='ocrx_word' id='word_1_302' title='bbox 1813 2583 1932 2626; x_wconf 90' lang='lat' dir='ltr'><strong><em>non</em></strong></span> <span class='ocrx_word' id='word_1_303' title='bbox 1963 2563 2029 2624; x_wconf 88' lang='lat' dir='ltr'><strong><em>id</em></strong></span> <span class='ocrx_word' id='word_1_304' title='bbox 2055 2573 2118 2624; x_wconf 92' lang='lat' dir='ltr'><strong><em>ut</em></strong></span> <span class='ocrx_word' id='word_1_305' title='bbox 2146 2562 2406 2624; x_wconf 83' lang='lat' dir='ltr'><strong><em>Joannes</em></strong></span> <span class='ocrx_word' id='word_1_306' title='bbox 2434 2561 2518 2624; x_wconf 89' lang='lat' dir='ltr'><strong><em>ad</em></strong></span> <span class='ocrx_word' id='word_1_307' title='bbox 2544 2563 3019 2627; x_wconf 82' lang='lat' dir='ltr'><strong><em>consuetudian</em></strong></span> <span class='ocrx_word' id='word_1_308' title='bbox 3076 2567 3338 2632; x_wconf 80' lang='lat' dir='ltr'><strong><em>ecclesiae</em></strong></span> <span class='ocrx_word' id='word_1_309' title='bbox 3389 2590 3503 2633; x_wconf 76' lang='lat' dir='ltr'><strong><em>suae</em></strong></span> <span class='ocrx_word' id='word_1_310' title='bbox 3527 2579 3730 2643; x_wconf 80' lang='lat' dir='ltr'><strong><em>revocat,</em></strong></span> <span class='ocrx_word' id='word_1_311' title='bbox 3751 2565 3815 2628; x_wconf 79' lang='lat' dir='ltr'><strong><em>sed</em></strong></span> 
     </span>
    </p>
   </div>
   <div class='ocr_carea' id='block_1_24' title="bbox 493 2661 3811 2754">
    <p class='ocr_par' dir='ltr' id='par_1_24' title="bbox 493 2661 3811 2754">
     <span class='ocr_line' id='line_1_24' title="bbox 493 2661 3811 2754; baseline -0.001 -24"><span class='ocrx_word' id='word_1_312' title='bbox 493 2675 813 2754; x_wconf 86' lang='lat' dir='ltr'><strong><em>proprium</em></strong></span> <span class='ocrx_word' id='word_1_313' title='bbox 842 2669 940 2728; x_wconf 92' lang='lat' dir='ltr'><strong><em>sui</em></strong></span> <span class='ocrx_word' id='word_1_314' title='bbox 969 2668 1154 2749; x_wconf 85' lang='lat' dir='ltr'><strong><em>ipsius</em></strong></span> <span class='ocrx_word' id='word_1_315' title='bbox 1183 2668 1507 2727; x_wconf 82' lang='lat' dir='ltr'><strong><em>consilium</em></strong></span> <span class='ocrx_word' id='word_1_316' title='bbox 1526 2683 1642 2724; x_wconf 89' lang='lat' dir='ltr'><strong><em>esse</em></strong></span> <span class='ocrx_word' id='word_1_317' title='bbox 1660 2662 1981 2745; x_wconf 74' lang='lat' dir='ltr'><strong><em>signiﬁcat,</em></strong></span> <span class='ocrx_word' id='word_1_318' title='bbox 2001 2665 2087 2723; x_wconf 89' lang='lat' dir='ltr'><strong><em>ita</em></strong></span> <span class='ocrx_word' id='word_1_319' title='bbox 2119 2664 2400 2743; x_wconf 86' lang='lat' dir='ltr'><strong><em>loquens:</em></strong></span> <span class='ocrx_word' id='word_1_320' title='bbox 2435 2662 2556 2723; x_wconf 90' lang='lat' dir='ltr'><strong><em>Sed</em></strong></span> <span class='ocrx_word' id='word_1_321' title='bbox 2579 2669 2726 2724; x_wconf 89' lang='lat' dir='ltr'><strong><em>ante</em></strong></span> <span class='ocrx_word' id='word_1_322' title='bbox 2757 2661 3068 2730; x_wconf 87' lang='lat' dir='ltr'><strong><em>Fidei.hoc</em></strong></span> <span class='ocrx_word' id='word_1_323' title='bbox 3096 2676 3185 2727; x_wconf 91' lang='lat' dir='ltr'><strong><em>est</em></strong></span> <span class='ocrx_word' id='word_1_324' title='bbox 3214 2669 3811 2749; x_wconf 69' lang='lat' dir='ltr'><strong><em>Symboli,traditionem</em></strong></span> 
     </span>
    </p>
   </div>
   <div class='ocr_carea' id='block_1_25' title="bbox 496 2759 2079 2850">
    <p class='ocr_par' dir='ltr' id='par_1_25' title="bbox 496 2761 2079 2850">
     <span class='ocr_line' id='line_1_25' title="bbox 496 2761 2079 2850; baseline -0.004 -21"><span class='ocrx_word' id='word_1_325' title='bbox 496 2770 798 2850; x_wconf 61' lang='lat' dir='ltr'><strong><em>praeclare</em></strong></span> <span class='ocrx_word' id='word_1_326' title='bbox 829 2767 1067 2840; x_wconf 82' lang='lat' dir='ltr'><strong><em>videor,</em></strong></span> <span class='ocrx_word' id='word_1_327' title='bbox 1103 2771 1220 2827; x_wconf 88' lang='lat' dir='ltr'><strong><em>etc.</em></strong></span> <span class='ocrx_word' id='word_1_328' title='bbox 1233 2811 1248 2836; x_wconf 93' lang='lat'><strong><em>,</em></strong></span> <span class='ocrx_word' id='word_1_329' title='bbox 1280 2769 1464 2832; x_wconf 75' lang='grc' dir='ltr'>καλῶς</span> <span class='ocrx_word' id='word_1_330' title='bbox 1494 2764 1641 2845; x_wconf 81' lang='grc' dir='ltr'>ἔχειν</span> <span class='ocrx_word' id='word_1_331' title='bbox 1673 2790 1769 2843; x_wconf 83' lang='grc' dir='ltr'><strong><em>μοι</em></strong></span> <span class='ocrx_word' id='word_1_332' title='bbox 1803 2765 1972 2824; x_wconf 82' lang='grc' dir='ltr'><strong><em>δοκεῖ.</em></strong></span> <span class='ocrx_word' id='word_1_333' title='bbox 2010 2761 2079 2838; x_wconf 66' lang='lat' dir='ltr'><strong><em>(ll</em></strong></span> 
     </span>
    </p>
   </div>
   <div class='ocr_carea' id='block_1_26' title="bbox 2226 2759 3809 2850">
    <p class='ocr_par' dir='ltr' id='par_1_26' title="bbox 2226 2759 3809 2850">
     <span class='ocr_line' id='line_1_26' title="bbox 2226 2759 3809 2850; baseline 0.002 -30"><span class='ocrx_word' id='word_1_334' title='bbox 2226 2770 2406 2821; x_wconf 79' lang='lat' dir='ltr'><strong><em>iutem</em></strong></span> <span class='ocrx_word' id='word_1_335' title='bbox 2436 2759 2842 2843; x_wconf 72' lang='lat' dir='ltr'><strong><em>Hieronymus</em></strong></span> <span class='ocrx_word' id='word_1_336' title='bbox 2868 2761 3102 2824; x_wconf 84' lang='lat' dir='ltr'><strong><em>Joanni</em></strong></span> <span class='ocrx_word' id='word_1_337' title='bbox 3123 2768 3205 2826; x_wconf 89' lang='lat' dir='ltr'><strong><em>ob</em></strong></span> <span class='ocrx_word' id='word_1_338' title='bbox 3237 2769 3584 2850; x_wconf 81' lang='lat' dir='ltr'><strong><em>imperitiam</em></strong></span> <span class='ocrx_word' id='word_1_339' title='bbox 3607 2777 3656 2830; x_wconf 85' lang='lat' dir='ltr'><strong><em>et</em></strong></span> <span class='ocrx_word' id='word_1_340' title='bbox 3674 2767 3809 2842; x_wconf 66' lang='lat' dir='ltr'><strong><em>infan-</em></strong></span> 
     </span>
    </p>
   </div>
   <div class='ocr_carea' id='block_1_27' title="bbox 495 2857 3806 2948">
    <p class='ocr_par' dir='ltr' id='par_1_27' title="bbox 495 2857 3806 2948">
     <span class='ocr_line' id='line_1_27' title="bbox 495 2857 3806 2948; baseline -0.002 -20"><span class='ocrx_word' id='word_1_341' title='bbox 495 2867 643 2929; x_wconf 89' lang='lat' dir='ltr'><strong><em>tiam</em></strong></span> <span class='ocrx_word' id='word_1_342' title='bbox 673 2864 916 2948; x_wconf 69' lang='lat' dir='ltr'><strong><em>diﬂicile</em></strong></span> <span class='ocrx_word' id='word_1_343' title='bbox 941 2865 1125 2942; x_wconf 89' lang='lat' dir='ltr'><strong><em>fuisse</em></strong></span> <span class='ocrx_word' id='word_1_344' title='bbox 1148 2864 1259 2936; x_wconf 86' lang='lat' dir='ltr'><strong><em>ait,</em></strong></span> <span class='ocrx_word' id='word_1_345' title='bbox 1284 2861 1352 2922; x_wconf 89' lang='lat' dir='ltr'><strong><em>id</em></strong></span> <span class='ocrx_word' id='word_1_346' title='bbox 1382 2859 1604 2924; x_wconf 85' lang='lat' dir='ltr'><strong><em>Noster</em></strong></span> <span class='ocrx_word' id='word_1_347' title='bbox 1633 2870 1798 2922; x_wconf 91' lang='lat' dir='ltr'><strong><em>tanta</em></strong></span> <span class='ocrx_word' id='word_1_348' title='bbox 1827 2859 2126 2936; x_wconf 82' lang='lat' dir='ltr'><strong><em>facilitate</em></strong></span> <span class='ocrx_word' id='word_1_349' title='bbox 2151 2868 2210 2920; x_wconf 91' lang='lat' dir='ltr'><strong><em>et</em></strong></span> <span class='ocrx_word' id='word_1_350' title='bbox 2239 2857 2527 2920; x_wconf 85' lang='lat' dir='ltr'><strong><em>brevitate</em></strong></span> <span class='ocrx_word' id='word_1_351' title='bbox 2555 2877 2628 2920; x_wconf 90' lang='lat' dir='ltr'><strong><em>ac</em></strong></span> <span class='ocrx_word' id='word_1_352' title='bbox 2653 2864 2828 2942; x_wconf 86' lang='lat' dir='ltr'><strong><em>capia</em></strong></span> <span class='ocrx_word' id='word_1_353' title='bbox 2845 2861 3133 2940; x_wconf 75' lang='lat' dir='ltr'><strong><em>perfecit,</em></strong></span> <span class='ocrx_word' id='word_1_354' title='bbox 3165 2875 3234 2926; x_wconf 87' lang='lat' dir='ltr'><strong><em>ut</em></strong></span> <span class='ocrx_word' id='word_1_355' title='bbox 3264 2866 3429 2928; x_wconf 87' lang='lat' dir='ltr'><strong><em>nihil</em></strong></span> <span class='ocrx_word' id='word_1_356' title='bbox 3455 2869 3512 2928; x_wconf 88' lang='lat' dir='ltr'><strong><em>in</em></strong></span> <span class='ocrx_word' id='word_1_357' title='bbox 3552 2877 3651 2928; x_wconf 87' lang='lat' dir='ltr'><strong><em>toto</em></strong></span> <span class='ocrx_word' id='word_1_358' title='bbox 3693 2867 3806 2926; x_wconf 83' lang='lat' dir='ltr'><strong><em>Cale-</em></strong></span> 
     </span>
    </p>
   </div>
   <div class='ocr_carea' id='block_1_28' title="bbox 491 2957 3811 3048">
    <p class='ocr_par' dir='ltr' id='par_1_28' title="bbox 491 2957 3811 3048">
     <span class='ocr_line' id='line_1_28' title="bbox 491 2957 3811 3048; baseline -0.001 -18"><span class='ocrx_word' id='word_1_359' title='bbox 491 2969 762 3030; x_wconf 88' lang='lat' dir='ltr'><strong><em>cheseon</em></strong></span> <span class='ocrx_word' id='word_1_360' title='bbox 793 2984 966 3048; x_wconf 88' lang='lat' dir='ltr'><strong><em>opere</em></strong></span> <span class='ocrx_word' id='word_1_361' title='bbox 990 2964 1182 3045; x_wconf 87' lang='lat' dir='ltr'><strong><em>magis</em></strong></span> <span class='ocrx_word' id='word_1_362' title='bbox 1211 2963 1415 3036; x_wconf 87' lang='lat' dir='ltr'><strong><em>mirer,</em></strong></span> <span class='ocrx_word' id='word_1_363' title='bbox 1445 2981 1553 3022; x_wconf 88' lang='lat' dir='ltr'><strong><em>nec</em></strong></span> <span class='ocrx_word' id='word_1_364' title='bbox 1581 2959 1912 3044; x_wconf 79' lang='lat' dir='ltr'><strong><em>quidquam</em></strong></span> <span class='ocrx_word' id='word_1_365' title='bbox 1939 2960 2099 3038; x_wconf 83' lang='lat' dir='ltr'><strong><em>ferte</em></strong></span> <span class='ocrx_word' id='word_1_366' title='bbox 2129 2957 2336 3020; x_wconf 87' lang='lat' dir='ltr'><strong><em>haberi</em></strong></span> <span class='ocrx_word' id='word_1_367' title='bbox 2359 2957 2580 3039; x_wconf 72' lang='lat' dir='ltr'><strong><em>possit,</em></strong></span> <span class='ocrx_word' id='word_1_368' title='bbox 2615 2964 2679 3018; x_wconf 90' lang='lat' dir='ltr'><strong><em>in</em></strong></span> <span class='ocrx_word' id='word_1_369' title='bbox 2705 2977 2824 3041; x_wconf 91' lang='lat' dir='ltr'><strong><em>quo</em></strong></span> <span class='ocrx_word' id='word_1_370' title='bbox 2881 2959 3085 3042; x_wconf 86' lang='lat' dir='ltr'><strong><em>major</em></strong></span> <span class='ocrx_word' id='word_1_371' title='bbox 3139 2963 3371 3028; x_wconf 85' lang='lat' dir='ltr'><strong><em>eluceat</em></strong></span> <span class='ocrx_word' id='word_1_372' title='bbox 3422 2965 3631 3046; x_wconf 83' lang='lat' dir='ltr'><strong><em>ingenii</em></strong></span> <span class='ocrx_word' id='word_1_373' title='bbox 3663 2965 3743 3033; x_wconf 72' lang='lat' dir='ltr'><strong><em>vis,</em></strong></span> <span class='ocrx_word' id='word_1_374' title='bbox 3773 2977 3811 3028; x_wconf 82' lang='lat' dir='ltr'><strong><em>et</em></strong></span> 
     </span>
    </p>
   </div>
   <div class='ocr_carea' id='block_1_29' title="bbox 485 3057 3809 3148">
    <p class='ocr_par' dir='ltr' id='par_1_29' title="bbox 485 3057 3809 3148">
     <span class='ocr_line' id='line_1_29' title="bbox 485 3057 3809 3148; baseline -0.002 -22"><span class='ocrx_word' id='word_1_375' title='bbox 485 3075 771 3148; x_wconf 86' lang='lat' dir='ltr'><strong><em>prompta</em></strong></span> <span class='ocrx_word' id='word_1_376' title='bbox 800 3064 1275 3146; x_wconf 67' lang='lat' dir='ltr'><strong><em>extemporaliter</em></strong></span> <span class='ocrx_word' id='word_1_377' title='bbox 1310 3059 1559 3122; x_wconf 89' lang='lat' dir='ltr'><strong><em>dicendi</em></strong></span> <span class='ocrx_word' id='word_1_378' title='bbox 1587 3059 1877 3139; x_wconf 77' lang='lat' dir='ltr'><strong><em>facundia</em></strong></span> <span class='ocrx_word' id='word_1_379' title='bbox 1903 3079 1930 3123; x_wconf 87' lang='grc'><strong>.·</strong></span> <span class='ocrx_word' id='word_1_380' title='bbox 1958 3057 2106 3120; x_wconf 87' lang='lat' dir='ltr'><strong><em>adeo</em></strong></span> <span class='ocrx_word' id='word_1_381' title='bbox 2130 3075 2332 3140; x_wconf 88' lang='lat' dir='ltr'><strong><em>presso</em></strong></span> <span class='ocrx_word' id='word_1_382' title='bbox 2361 3065 2421 3118; x_wconf 92' lang='lat' dir='ltr'><strong><em>et</em></strong></span> <span class='ocrx_word' id='word_1_383' title='bbox 2446 3058 2925 3140; x_wconf 87' lang='lat' dir='ltr'><strong><em>circumscripte,</em></strong></span> <span class='ocrx_word' id='word_1_384' title='bbox 2956 3061 3260 3144; x_wconf 84' lang='lat' dir='ltr'><strong><em>simulque</em></strong></span> <span class='ocrx_word' id='word_1_385' title='bbox 3281 3065 3453 3146; x_wconf 83' lang='lat' dir='ltr'><strong><em>plene</em></strong></span> <span class='ocrx_word' id='word_1_386' title='bbox 3475 3075 3527 3126; x_wconf 89' lang='lat' dir='ltr'><strong><em>et</em></strong></span> <span class='ocrx_word' id='word_1_387' title='bbox 3549 3068 3743 3145; x_wconf 82' lang='lat' dir='ltr'><strong><em>capiase,</em></strong></span> <span class='ocrx_word' id='word_1_388' title='bbox 3765 3057 3809 3117; x_wconf 77' lang='lat' dir='ltr'><strong><em>dt</em></strong></span> 
     </span>
    </p>
   </div>
   <div class='ocr_carea' id='block_1_30' title="bbox 489 3158 1895 3244">
    <p class='ocr_par' dir='ltr' id='par_1_30' title="bbox 489 3158 1895 3244">
     <span class='ocr_line' id='line_1_30' title="bbox 489 3158 1895 3244; baseline -0.002 -22"><span class='ocrx_word' id='word_1_389' title='bbox 489 3163 866 3244; x_wconf 84' lang='lat' dir='ltr'><strong><em>gravissimis</em></strong></span> <span class='ocrx_word' id='word_1_390' title='bbox 893 3171 1110 3222; x_wconf 73' lang='lat' dir='ltr'><strong><em>nostrae</em></strong></span> <span class='ocrx_word' id='word_1_391' title='bbox 1137 3159 1288 3241; x_wconf 79' lang='lat' dir='ltr'><strong><em>ﬁdei</em></strong></span> <span class='ocrx_word' id='word_1_392' title='bbox 1306 3161 1604 3240; x_wconf 88' lang='lat' dir='ltr'><strong><em>capitibus</em></strong></span> <span class='ocrx_word' id='word_1_393' title='bbox 1633 3158 1895 3220; x_wconf 87' lang='lat' dir='ltr'><strong><em>disserit.</em></strong></span> 
     </span>
    </p>
   </div>
   <div class='ocr_carea' id='block_1_31' title="bbox 573 3264 3805 3353">
    <p class='ocr_par' dir='ltr' id='par_1_31' title="bbox 573 3264 3805 3353">
     <span class='ocr_line' id='line_1_31' title="bbox 573 3264 3805 3353; baseline -0.004 -21"><span class='ocrx_word' id='word_1_394' title='bbox 573 3273 644 3332; x_wconf 89' lang='lat' dir='ltr'><strong><em>V.</em></strong></span> <span class='ocrx_word' id='word_1_395' title='bbox 683 3269 876 3332; x_wconf 86' lang='lat' dir='ltr'><strong><em>Habet</em></strong></span> <span class='ocrx_word' id='word_1_396' title='bbox 905 3267 1027 3330; x_wconf 60' lang='lat' dir='ltr'><strong><em>hac</em></strong></span> <span class='ocrx_word' id='word_1_397' title='bbox 1055 3268 1362 3332; x_wconf 88' lang='lat' dir='ltr'><strong><em>catechesis</em></strong></span> <span class='ocrx_word' id='word_1_398' title='bbox 1389 3265 1721 3349; x_wconf 81' lang='lat' dir='ltr'><strong><em>generalem</em></strong></span> <span class='ocrx_word' id='word_1_399' title='bbox 1752 3267 2012 3338; x_wconf 87' lang='lat' dir='ltr'><strong><em>titulum,</em></strong></span> <span class='ocrx_word' id='word_1_400' title='bbox 2046 3265 2159 3346; x_wconf 86' lang='lat' dir='ltr'><strong><em>qui</em></strong></span> <span class='ocrx_word' id='word_1_401' title='bbox 2180 3272 2596 3346; x_wconf 88' lang='lat' dir='ltr'><strong><em>argumentum</em></strong></span> <span class='ocrx_word' id='word_1_402' title='bbox 2623 3264 2800 3325; x_wconf 88' lang='lat' dir='ltr'><strong><em>totius</em></strong></span> <span class='ocrx_word' id='word_1_403' title='bbox 2830 3266 3085 3330; x_wconf 84' lang='lat' dir='ltr'><strong><em>continet</em></strong></span> <span class='ocrx_word' id='word_1_404' title='bbox 3111 3277 3173 3330; x_wconf 88' lang='lat' dir='ltr'><strong><em>et</em></strong></span> <span class='ocrx_word' id='word_1_405' title='bbox 3191 3269 3520 3353; x_wconf 87' lang='lat' dir='ltr'><strong><em>peculiares</em></strong></span> <span class='ocrx_word' id='word_1_406' title='bbox 3546 3267 3695 3332; x_wconf 74' lang='lat' dir='ltr'><strong><em>titulo:</em></strong></span> <span class='ocrx_word' id='word_1_407' title='bbox 3716 3264 3805 3324; x_wconf 82' lang='lat' dir='ltr'><strong><em>sin-</em></strong></span> 
     </span>
    </p>
   </div>
   <div class='ocr_carea' id='block_1_32' title="bbox 490 3361 3806 3453">
    <p class='ocr_par' dir='ltr' id='par_1_32' title="bbox 490 3361 3806 3453">
     <span class='ocr_line' id='line_1_32' title="bbox 490 3361 3806 3453; baseline 0 -23"><span class='ocrx_word' id='word_1_408' title='bbox 490 3369 656 3453; x_wconf 83' lang='lat' dir='ltr'><strong><em>gulis</em></strong></span> <span class='ocrx_word' id='word_1_409' title='bbox 685 3367 1040 3431; x_wconf 88' lang='lat' dir='ltr'><strong><em>sectionibus</em></strong></span> <span class='ocrx_word' id='word_1_410' title='bbox 1065 3386 1368 3449; x_wconf 75' lang='lat' dir='ltr'><strong><em>proprios,</em></strong></span> <span class='ocrx_word' id='word_1_411' title='bbox 1401 3368 1643 3449; x_wconf 87' lang='lat' dir='ltr'><strong><em>utrique</em></strong></span> <span class='ocrx_word' id='word_1_412' title='bbox 1670 3365 2096 3446; x_wconf 88' lang='lat' dir='ltr'><strong><em>antiquissimi.</em></strong></span> <span class='ocrx_word' id='word_1_413' title='bbox 2124 3361 2285 3426; x_wconf 82' lang='lat' dir='ltr'><strong><em>Nam</em></strong></span> <span class='ocrx_word' id='word_1_414' title='bbox 2322 3361 2741 3438; x_wconf 69' lang='lat' dir='ltr'><strong><em>Iheodoretus,</em></strong></span> <span class='ocrx_word' id='word_1_415' title='bbox 2777 3374 3008 3426; x_wconf 79' lang='lat' dir='ltr'><strong><em>centum</em></strong></span> <span class='ocrx_word' id='word_1_416' title='bbox 3031 3377 3170 3448; x_wconf 88' lang='lat' dir='ltr'><strong><em>post</em></strong></span> <span class='ocrx_word' id='word_1_417' title='bbox 3203 3368 3313 3432; x_wconf 88' lang='lat' dir='ltr'><strong><em>has</em></strong></span> <span class='ocrx_word' id='word_1_418' title='bbox 3332 3365 3806 3434; x_wconf 63' lang='lat' dir='ltr'><strong><em>catechesesscrt&#39;plai</em></strong></span> 
     </span>
    </p>
   </div>
   <div class='ocr_carea' id='block_1_33' title="bbox 489 3458 3807 3551">
    <p class='ocr_par' dir='ltr' id='par_1_33' title="bbox 489 3458 3807 3551">
     <span class='ocr_line' id='line_1_33' title="bbox 489 3458 3807 3551; baseline -0.002 -21"><span class='ocrx_word' id='word_1_419' title='bbox 489 3471 684 3544; x_wconf 86' lang='lat' dir='ltr'><strong><em>annis,</em></strong></span> <span class='ocrx_word' id='word_1_420' title='bbox 729 3469 892 3529; x_wconf 89' lang='lat' dir='ltr'><strong><em>istius</em></strong></span> <span class='ocrx_word' id='word_1_421' title='bbox 920 3470 1231 3528; x_wconf 88' lang='lat' dir='ltr'><strong><em>sectionem</em></strong></span> <span class='ocrx_word' id='word_1_422' title='bbox 1261 3485 1389 3545; x_wconf 77' lang='lat' dir='ltr'><strong><em>quae</em></strong></span> <span class='ocrx_word' id='word_1_423' title='bbox 1419 3465 1488 3526; x_wconf 90' lang='lat' dir='ltr'><strong><em>de</em></strong></span> <span class='ocrx_word' id='word_1_424' title='bbox 1513 3464 1935 3526; x_wconf 81' lang='lat' dir='ltr'><strong><em>lncarnatione</em></strong></span> <span class='ocrx_word' id='word_1_425' title='bbox 1979 3463 2132 3544; x_wconf 89' lang='lat' dir='ltr'><strong><em>agit,</em></strong></span> <span class='ocrx_word' id='word_1_426' title='bbox 2176 3483 2344 3524; x_wconf 82' lang='lat' dir='ltr'><strong><em>num.</em></strong></span> <span class='ocrx_word' id='word_1_427' title='bbox 2405 3464 2468 3532; x_wconf 88' lang='lat'><strong><em>9,</em></strong></span> <span class='ocrx_word' id='word_1_428' title='bbox 2521 3463 2731 3537; x_wconf 89' lang='lat' dir='ltr'><strong><em>citans,</em></strong></span> <span class='ocrx_word' id='word_1_429' title='bbox 2790 3462 3156 3546; x_wconf 87' lang='lat' dir='ltr'><strong><em>desumptam</em></strong></span> <span class='ocrx_word' id='word_1_430' title='bbox 3219 3471 3411 3551; x_wconf 81' lang='lat' dir='ltr'><strong><em>refert</em></strong></span> <span class='ocrx_word' id='word_1_431' title='bbox 3460 3489 3530 3532; x_wconf 73' lang='lat' dir='ltr'><strong><em>ex</em></strong></span> <span class='ocrx_word' id='word_1_432' title='bbox 3553 3458 3807 3530; x_wconf 79' lang='lat' dir='ltr'><strong><em>catechetico</em></strong></span> 
     </span>
    </p>
   </div>
   <div class='ocr_carea' id='block_1_34' title="bbox 489 3556 3805 3652">
    <p class='ocr_par' dir='ltr' id='par_1_34' title="bbox 489 3556 3805 3652">
     <span class='ocr_line' id='line_1_34' title="bbox 489 3556 3805 3652; baseline -0.002 -24"><span class='ocrx_word' id='word_1_433' title='bbox 489 3578 736 3652; x_wconf 87' lang='lat' dir='ltr'><strong><em>quarto,</em></strong></span> <span class='ocrx_word' id='word_1_434' title='bbox 771 3585 1036 3629; x_wconf 89' lang='lat' dir='ltr'><strong><em>sermone</em></strong></span> <span class='ocrx_word' id='word_1_435' title='bbox 1069 3567 1154 3628; x_wconf 92' lang='lat' dir='ltr'><strong><em>De</em></strong></span> <span class='ocrx_word' id='word_1_436' title='bbox 1183 3567 1397 3627; x_wconf 87' lang='lat' dir='ltr'><strong><em>decem</em></strong></span> <span class='ocrx_word' id='word_1_437' title='bbox 1427 3562 1858 3644; x_wconf 82' lang='lat' dir='ltr'><strong><em>dogmatibus,</em></strong></span> <span class='ocrx_word' id='word_1_438' title='bbox 1891 3562 2176 3644; x_wconf 86' lang='lat' dir='ltr'><strong><em>adjuncto</em></strong></span> <span class='ocrx_word' id='word_1_439' title='bbox 2209 3560 2382 3622; x_wconf 86' lang='lat' dir='ltr'><strong><em>titulo</em></strong></span> <span class='ocrx_word' id='word_1_440' title='bbox 2411 3561 2682 3642; x_wconf 88' lang='lat' dir='ltr'><strong><em>speciali.</em></strong></span> <span class='ocrx_word' id='word_1_441' title='bbox 2711 3562 2799 3623; x_wconf 91' lang='lat' dir='ltr'><strong><em>De</em></strong></span> <span class='ocrx_word' id='word_1_442' title='bbox 2829 3565 3242 3642; x_wconf 83' lang='lat' dir='ltr'><strong><em>generatione</em></strong></span> <span class='ocrx_word' id='word_1_443' title='bbox 3300 3587 3374 3631; x_wconf 83' lang='lat' dir='ltr'><strong><em>ex</em></strong></span> <span class='ocrx_word' id='word_1_444' title='bbox 3429 3567 3664 3647; x_wconf 79' lang='lat' dir='ltr'><strong><em>Virgine.</em></strong></span> <span class='ocrx_word' id='word_1_445' title='bbox 3687 3556 3805 3625; x_wconf 78' lang='grc' dir='ltr'><strong><em>Αιίη</em></strong></span> 
     </span>
    </p>
   </div>
   <div class='ocr_carea' id='block_1_35' title="bbox 493 3659 3807 3750">
    <p class='ocr_par' dir='ltr' id='par_1_35' title="bbox 493 3659 3807 3750">
     <span class='ocr_line' id='line_1_35' title="bbox 493 3659 3807 3750; baseline -0.002 -23"><span class='ocrx_word' id='word_1_446' title='bbox 493 3669 768 3748; x_wconf 74' lang='lat' dir='ltr'><strong><em>utrisque</em></strong></span> <span class='ocrx_word' id='word_1_447' title='bbox 799 3666 990 3728; x_wconf 81' lang='lat' dir='ltr'><strong><em>titulis</em></strong></span> <span class='ocrx_word' id='word_1_448' title='bbox 1017 3663 1308 3727; x_wconf 91' lang='lat' dir='ltr'><strong><em>nonnulla</em></strong></span> <span class='ocrx_word' id='word_1_449' title='bbox 1337 3673 1422 3726; x_wconf 90' lang='lat' dir='ltr'><strong><em>est</em></strong></span> <span class='ocrx_word' id='word_1_450' title='bbox 1449 3661 1786 3743; x_wconf 79' lang='lat' dir='ltr'><strong><em>difﬁcultas</em></strong></span> <span class='ocrx_word' id='word_1_451' title='bbox 1820 3683 1834 3734; x_wconf 93' lang='lat'><strong>;</strong></span> <span class='ocrx_word' id='word_1_452' title='bbox 1871 3675 1936 3721; x_wconf 92' lang='lat' dir='ltr'><strong><em>ut</em></strong></span> <span class='ocrx_word' id='word_1_453' title='bbox 1959 3671 2168 3743; x_wconf 85' lang='lat' dir='ltr'><strong><em>pateat</em></strong></span> <span class='ocrx_word' id='word_1_454' title='bbox 2195 3681 2299 3722; x_wconf 90' lang='lat' dir='ltr'><strong><em>nos</em></strong></span> <span class='ocrx_word' id='word_1_455' title='bbox 2329 3659 2412 3722; x_wconf 90' lang='lat' dir='ltr'><strong><em>ad</em></strong></span> <span class='ocrx_word' id='word_1_456' title='bbox 2439 3663 2818 3722; x_wconf 76' lang='lat' dir='ltr'><strong><em>notariorum</em></strong></span> <span class='ocrx_word' id='word_1_457' title='bbox 2850 3671 2904 3723; x_wconf 91' lang='lat' dir='ltr'><strong><em>et</em></strong></span> <span class='ocrx_word' id='word_1_458' title='bbox 2937 3661 3336 3730; x_wconf 70' lang='lat' dir='ltr'><strong><em>librariorum</em></strong></span> <span class='ocrx_word' id='word_1_459' title='bbox 3391 3669 3498 3750; x_wconf 89' lang='lat' dir='ltr'><strong><em>qui</em></strong></span> <span class='ocrx_word' id='word_1_460' title='bbox 3539 3659 3807 3727; x_wconf 77' lang='lat' dir='ltr'><strong><em>Catecheses</em></strong></span> 
     </span>
    </p>
   </div>
   <div class='ocr_carea' id='block_1_36' title="bbox 484 3758 2860 3848">
    <p class='ocr_par' dir='ltr' id='par_1_36' title="bbox 484 3758 2860 3848">
     <span class='ocr_line' id='line_1_36' title="bbox 484 3758 2860 3848; baseline -0.004 -18"><span class='ocrx_word' id='word_1_461' title='bbox 484 3765 876 3848; x_wconf 74' lang='lat' dir='ltr'><strong><em>exscripsere,</em></strong></span> <span class='ocrx_word' id='word_1_462' title='bbox 908 3765 1235 3828; x_wconf 86' lang='lat' dir='ltr'><strong><em>arbitrium</em></strong></span> <span class='ocrx_word' id='word_1_463' title='bbox 1263 3783 1377 3824; x_wconf 87' lang='lat' dir='ltr'><strong><em>non</em></strong></span> <span class='ocrx_word' id='word_1_464' title='bbox 1397 3782 1434 3824; x_wconf 93' lang='lat' dir='ltr'><strong><em>a</em></strong></span> <span class='ocrx_word' id='word_1_465' title='bbox 1469 3762 1705 3847; x_wconf 77' lang='lat' dir='ltr'><strong><em>Cyrillo</em></strong></span> <span class='ocrx_word' id='word_1_466' title='bbox 1747 3782 1852 3844; x_wconf 71' lang='lat' dir='ltr'><strong><em>qui</em></strong></span> <span class='ocrx_word' id='word_1_467' title='bbox 1881 3761 2222 3824; x_wconf 79' lang='lat' dir='ltr'><strong><em>continuata</em></strong></span> <span class='ocrx_word' id='word_1_468' title='bbox 2252 3758 2434 3832; x_wconf 68' lang='lat' dir='ltr'><strong><em>dixit,</em></strong></span> <span class='ocrx_word' id='word_1_469' title='bbox 2471 3779 2589 3821; x_wconf 88' lang='lat' dir='ltr'><strong><em>esse</em></strong></span> <span class='ocrx_word' id='word_1_470' title='bbox 2615 3760 2860 3840; x_wconf 89' lang='lat' dir='ltr'><strong><em>positos.</em></strong></span> 
     </span>
    </p>
   </div>
   <div class='ocr_carea' id='block_1_37' title="bbox 565 3852 3806 3946">
    <p class='ocr_par' dir='ltr' id='par_1_37' title="bbox 565 3852 3806 3946">
     <span class='ocr_line' id='line_1_37' title="bbox 565 3852 3806 3946; baseline -0.004 -19"><span class='ocrx_word' id='word_1_471' title='bbox 565 3869 670 3928; x_wconf 88' lang='lat' dir='ltr'><strong><em>VI.</em></strong></span> <span class='ocrx_word' id='word_1_472' title='bbox 707 3866 1046 3946; x_wconf 88' lang='lat' dir='ltr'><strong><em>Principio,</em></strong></span> <span class='ocrx_word' id='word_1_473' title='bbox 1080 3864 1146 3926; x_wconf 90' lang='lat' dir='ltr'><strong><em>in</em></strong></span> <span class='ocrx_word' id='word_1_474' title='bbox 1175 3868 1442 3926; x_wconf 72' lang='lat' dir='ltr'><strong><em>versicue</em></strong></span> <span class='ocrx_word' id='word_1_475' title='bbox 1477 3861 1782 3936; x_wconf 83' lang='lat' dir='ltr'><strong><em>Grodecii,</em></strong></span> <span class='ocrx_word' id='word_1_476' title='bbox 1819 3860 2065 3923; x_wconf 80' lang='lat' dir='ltr'><strong><em>Morelli</em></strong></span> <span class='ocrx_word' id='word_1_477' title='bbox 2087 3869 2149 3920; x_wconf 81' lang='lat' dir='ltr'><strong><em>et</em></strong></span> <span class='ocrx_word' id='word_1_478' title='bbox 2171 3859 2448 3920; x_wconf 84' lang='lat' dir='ltr'><strong><em>Prevotii</em></strong></span> <span class='ocrx_word' id='word_1_479' title='bbox 2469 3857 2850 3931; x_wconf 69' lang='lat' dir='ltr'><strong><em>editionibus,</em></strong></span> <span class='ocrx_word' id='word_1_480' title='bbox 2887 3859 3245 3940; x_wconf 88' lang='lat' dir='ltr'><strong><em>Bodleiano,</em></strong></span> <span class='ocrx_word' id='word_1_481' title='bbox 3310 3863 3642 3934; x_wconf 84' lang='lat' dir='ltr'><strong><em>Colbertino,</em></strong></span> <span class='ocrx_word' id='word_1_482' title='bbox 3677 3865 3718 3918; x_wconf 85' lang='lat' dir='ltr'><strong><em>et</em></strong></span> <span class='ocrx_word' id='word_1_483' title='bbox 3740 3852 3806 3914; x_wconf 47' lang='lat' dir='ltr'><strong><em>0t.</em></strong></span> 
     </span>
    </p>
   </div>
   <div class='ocr_carea' id='block_1_38' title="bbox 487 3953 3801 4042">
    <p class='ocr_par' dir='ltr' id='par_1_38' title="bbox 487 3953 3801 4042">
     <span class='ocr_line' id='line_1_38' title="bbox 487 3953 3801 4042; baseline -0.005 -15"><span class='ocrx_word' id='word_1_484' title='bbox 487 3965 810 4027; x_wconf 84' lang='lat' dir='ltr'><strong><em>toboniano</em></strong></span> <span class='ocrx_word' id='word_1_485' title='bbox 839 3963 1134 4026; x_wconf 73' lang='lat' dir='ltr'><strong><em>codicibus</em></strong></span> <span class='ocrx_word' id='word_1_486' title='bbox 1164 3963 1536 4028; x_wconf 85' lang='lat' dir='ltr'><strong><em>inscribitur.</em></strong></span> <span class='ocrx_word' id='word_1_487' title='bbox 1567 3971 1634 4022; x_wconf 90' lang='lat' dir='ltr'><strong><em>ut</em></strong></span> <span class='ocrx_word' id='word_1_488' title='bbox 1661 3965 1826 4042; x_wconf 87' lang='lat' dir='ltr'><strong><em>apud</em></strong></span> <span class='ocrx_word' id='word_1_489' title='bbox 1858 3960 2286 4023; x_wconf 87' lang='lat' dir='ltr'><strong><em>Theodoretum</em></strong></span> <span class='ocrx_word' id='word_1_490' title='bbox 2333 3961 2420 4020; x_wconf 92' lang='lat' dir='ltr'><strong><em>De</em></strong></span> <span class='ocrx_word' id='word_1_491' title='bbox 2469 3957 2684 4020; x_wconf 87' lang='lat' dir='ltr'><strong><em>decem</em></strong></span> <span class='ocrx_word' id='word_1_492' title='bbox 2742 3959 3173 4038; x_wconf 84' lang='lat' dir='ltr'><strong><em>dogmatibus.</em></strong></span> <span class='ocrx_word' id='word_1_493' title='bbox 3232 3967 3378 4030; x_wconf 83' lang='lat' dir='ltr'><strong><em>Alii</em></strong></span> <span class='ocrx_word' id='word_1_494' title='bbox 3427 3974 3602 4026; x_wconf 83' lang='lat' dir='ltr'><strong><em>tamen</em></strong></span> <span class='ocrx_word' id='word_1_495' title='bbox 3633 3953 3801 4020; x_wconf 70' lang='lat' dir='ltr'><strong><em>codices,</em></strong></span> 
     </span>
    </p>
   </div>
   <div class='ocr_carea' id='block_1_39' title="bbox 485 4055 3803 4146">
    <p class='ocr_par' dir='ltr' id='par_1_39' title="bbox 485 4055 3803 4146">
     <span class='ocr_line' id='line_1_39' title="bbox 485 4055 3803 4146; baseline -0.003 -22"><span class='ocrx_word' id='word_1_496' title='bbox 485 4083 689 4146; x_wconf 88' lang='lat' dir='ltr'><strong><em>nempe</em></strong></span> <span class='ocrx_word' id='word_1_497' title='bbox 721 4061 931 4134; x_wconf 88' lang='lat' dir='ltr'><strong><em>Coisl.,</em></strong></span> <span class='ocrx_word' id='word_1_498' title='bbox 966 4061 1096 4124; x_wconf 83' lang='lat' dir='ltr'><strong><em>Roe</em></strong></span> <span class='ocrx_word' id='word_1_499' title='bbox 1115 4079 1146 4122; x_wconf 87' lang='lat' dir='ltr'><strong><em>e</em></strong></span> <span class='ocrx_word' id='word_1_500' title='bbox 1168 4059 1426 4124; x_wconf 87' lang='lat' dir='ltr'><strong><em>Casaub.</em></strong></span> <span class='ocrx_word' id='word_1_501' title='bbox 1449 4061 1658 4140; x_wconf 85' lang='lat' dir='ltr'><strong><em>ferunt</em></strong></span> <span class='ocrx_word' id='word_1_502' title='bbox 1685 4061 1773 4121; x_wconf 90' lang='lat' dir='ltr'><strong><em>De</em></strong></span> <span class='ocrx_word' id='word_1_503' title='bbox 1807 4059 2097 4120; x_wconf 89' lang='lat' dir='ltr'><strong><em>undecim</em></strong></span> <span class='ocrx_word' id='word_1_504' title='bbox 2128 4055 2557 4136; x_wconf 83' lang='lat' dir='ltr'><strong><em>dogmatibus.</em></strong></span> <span class='ocrx_word' id='word_1_505' title='bbox 2589 4061 2682 4120; x_wconf 83' lang='lat' dir='ltr'><strong><em>At</em></strong></span> <span class='ocrx_word' id='word_1_506' title='bbox 2704 4059 2767 4118; x_wconf 88' lang='lat' dir='ltr'><strong><em>si</em></strong></span> <span class='ocrx_word' id='word_1_507' title='bbox 2789 4058 3010 4120; x_wconf 69' lang='lat' dir='ltr'><strong><em>diversi</em></strong></span> <span class='ocrx_word' id='word_1_508' title='bbox 3030 4061 3094 4121; x_wconf 89' lang='lat' dir='ltr'><strong><em>in</em></strong></span> <span class='ocrx_word' id='word_1_509' title='bbox 3115 4060 3232 4126; x_wconf 86' lang='lat' dir='ltr'><strong><em>hoc</em></strong></span> <span class='ocrx_word' id='word_1_510' title='bbox 3249 4055 3803 4126; x_wconf 78' lang='lat' dir='ltr'><strong><em>orationetractatire-</em></strong></span> 
     </span>
    </p>
   </div>
   <div class='ocr_carea' id='block_1_40' title="bbox 479 4155 3800 4242">
    <p class='ocr_par' dir='ltr' id='par_1_40' title="bbox 479 4155 3800 4242">
     <span class='ocr_line' id='line_1_40' title="bbox 479 4155 3800 4242; baseline -0.002 -20"><span class='ocrx_word' id='word_1_511' title='bbox 479 4171 828 4223; x_wconf 88' lang='lat' dir='ltr'><strong><em>censeantur</em></strong></span> <span class='ocrx_word' id='word_1_512' title='bbox 855 4158 1120 4233; x_wconf 88' lang='lat' dir='ltr'><strong><em>articuli,</em></strong></span> <span class='ocrx_word' id='word_1_513' title='bbox 1156 4177 1272 4218; x_wconf 90' lang='lat' dir='ltr'><strong><em>non</em></strong></span> <span class='ocrx_word' id='word_1_514' title='bbox 1301 4157 1494 4219; x_wconf 90' lang='lat' dir='ltr'><strong><em>decem</em></strong></span> <span class='ocrx_word' id='word_1_515' title='bbox 1523 4157 1615 4216; x_wconf 89' lang='lat' dir='ltr'><strong><em>vel</em></strong></span> <span class='ocrx_word' id='word_1_516' title='bbox 1645 4155 1936 4229; x_wconf 86' lang='lat' dir='ltr'><strong><em>undecim,</em></strong></span> <span class='ocrx_word' id='word_1_517' title='bbox 1969 4155 2073 4216; x_wconf 89' lang='lat' dir='ltr'><strong><em>sed</em></strong></span> <span class='ocrx_word' id='word_1_518' title='bbox 2096 4155 2575 4238; x_wconf 89' lang='lat' dir='ltr'><strong><em>quatuordecim,</em></strong></span> <span class='ocrx_word' id='word_1_519' title='bbox 2606 4165 2714 4216; x_wconf 90' lang='lat' dir='ltr'><strong><em>aut</em></strong></span> <span class='ocrx_word' id='word_1_520' title='bbox 2743 4158 2920 4218; x_wconf 90' lang='lat' dir='ltr'><strong><em>etiam</em></strong></span> <span class='ocrx_word' id='word_1_521' title='bbox 2943 4161 3132 4220; x_wconf 82' lang='lat' dir='ltr'><strong><em>multo</em></strong></span> <span class='ocrx_word' id='word_1_522' title='bbox 3157 4161 3367 4242; x_wconf 88' lang='lat' dir='ltr'><strong><em>plures</em></strong></span> <span class='ocrx_word' id='word_1_523' title='bbox 3409 4155 3800 4223; x_wconf 51' lang='lat' dir='ltr'><strong><em>numerabantur.</em></strong></span> 
     </span>
    </p>
   </div>
   <div class='ocr_carea' id='block_1_41' title="bbox 479 4249 3802 4332">
    <p class='ocr_par' dir='ltr' id='par_1_41' title="bbox 479 4249 3802 4332">
     <span class='ocr_line' id='line_1_41' title="bbox 479 4249 3802 4332; baseline -0.002 -10"><span class='ocrx_word' id='word_1_524' title='bbox 479 4257 587 4322; x_wconf 85' lang='lat' dir='ltr'><strong><em>Ad</em></strong></span> <span class='ocrx_word' id='word_1_525' title='bbox 611 4259 732 4318; x_wconf 63' lang='lat' dir='ltr'><strong><em>haec</em></strong></span> <span class='ocrx_word' id='word_1_526' title='bbox 761 4259 824 4318; x_wconf 91' lang='lat' dir='ltr'><strong><em>in</em></strong></span> <span class='ocrx_word' id='word_1_527' title='bbox 844 4257 1090 4318; x_wconf 87' lang='lat' dir='ltr'><strong><em>diversis</em></strong></span> <span class='ocrx_word' id='word_1_528' title='bbox 1121 4255 1318 4318; x_wconf 74' lang='lat' dir='ltr'><strong><em>titulis</em></strong></span> <span class='ocrx_word' id='word_1_529' title='bbox 1347 4253 1738 4327; x_wconf 88' lang='lat' dir='ltr'><strong><em>ascribendis,</em></strong></span> <span class='ocrx_word' id='word_1_530' title='bbox 1768 4274 1890 4315; x_wconf 84' lang='lat' dir='ltr'><strong><em>non</em></strong></span> <span class='ocrx_word' id='word_1_531' title='bbox 1919 4265 2001 4316; x_wconf 89' lang='lat' dir='ltr'><strong><em>est</em></strong></span> <span class='ocrx_word' id='word_1_532' title='bbox 2029 4256 2230 4316; x_wconf 78' lang='lat' dir='ltr'><strong><em>eadem</em></strong></span> <span class='ocrx_word' id='word_1_533' title='bbox 2261 4252 2528 4316; x_wconf 91' lang='lat' dir='ltr'><strong><em>codicum</em></strong></span> <span class='ocrx_word' id='word_1_534' title='bbox 2557 4253 2823 4316; x_wconf 86' lang='lat' dir='ltr'><strong><em>omnium</em></strong></span> <span class='ocrx_word' id='word_1_535' title='bbox 2853 4256 3014 4318; x_wconf 87' lang='lat' dir='ltr'><strong><em>ratio</em></strong></span> <span class='ocrx_word' id='word_1_536' title='bbox 3049 4275 3064 4331; x_wconf 89' lang='lat'><strong>;</strong></span> <span class='ocrx_word' id='word_1_537' title='bbox 3089 4260 3397 4332; x_wconf 87' lang='lat' dir='ltr'><strong><em>nonnulli,</em></strong></span> <span class='ocrx_word' id='word_1_538' title='bbox 3423 4249 3802 4322; x_wconf 67' lang='lat' dir='ltr'><strong><em>utcodetcblem&#39;</em></strong></span> 
     </span>
    </p>
   </div>
   <div class='ocr_carea' id='block_1_42' title="bbox 479 4348 3800 4437">
    <p class='ocr_par' dir='ltr' id='par_1_42' title="bbox 479 4348 3800 4437">
     <span class='ocr_line' id='line_1_42' title="bbox 479 4348 3800 4437; baseline -0.001 -21"><span class='ocrx_word' id='word_1_539' title='bbox 479 4375 732 4429; x_wconf 79' lang='lat' dir='ltr'><strong><em>mzanus,</em></strong></span> <span class='ocrx_word' id='word_1_540' title='bbox 765 4353 874 4437; x_wconf 87' lang='lat' dir='ltr'><strong><em>qui</em></strong></span> <span class='ocrx_word' id='word_1_541' title='bbox 901 4373 1060 4416; x_wconf 92' lang='lat' dir='ltr'><strong><em>anno</em></strong></span> <span class='ocrx_word' id='word_1_542' title='bbox 1091 4355 1248 4414; x_wconf 63' lang='lat' dir='ltr'><strong><em>i564</em></strong></span> <span class='ocrx_word' id='word_1_543' title='bbox 1277 4375 1316 4414; x_wconf 89' lang='lat' dir='ltr'><strong><em>a</em></strong></span> <span class='ocrx_word' id='word_1_544' title='bbox 1351 4351 1669 4419; x_wconf 88' lang='lat' dir='ltr'><strong><em>Guillelmo</em></strong></span> <span class='ocrx_word' id='word_1_545' title='bbox 1699 4352 1958 4414; x_wconf 89' lang='lat' dir='ltr'><strong><em>Morelio</em></strong></span> <span class='ocrx_word' id='word_1_546' title='bbox 1987 4353 2178 4414; x_wconf 84' lang='lat' dir='ltr'><strong><em>editus</em></strong></span> <span class='ocrx_word' id='word_1_547' title='bbox 2205 4361 2313 4426; x_wconf 88' lang='lat' dir='ltr'><strong><em>est,</em></strong></span> <span class='ocrx_word' id='word_1_548' title='bbox 2348 4363 2405 4413; x_wconf 89' lang='lat' dir='ltr'><strong><em>et</em></strong></span> <span class='ocrx_word' id='word_1_549' title='bbox 2437 4352 2822 4418; x_wconf 88' lang='lat' dir='ltr'><strong><em>Colbertinus</em></strong></span> <span class='ocrx_word' id='word_1_550' title='bbox 2851 4355 3050 4418; x_wconf 87' lang='lat' dir='ltr'><strong><em>nullos</em></strong></span> <span class='ocrx_word' id='word_1_551' title='bbox 3078 4357 3382 4436; x_wconf 78' lang='lat' dir='ltr'><strong><em>eiusmodi</em></strong></span> <span class='ocrx_word' id='word_1_552' title='bbox 3401 4357 3588 4421; x_wconf 85' lang='lat' dir='ltr'><strong><em>titulos</em></strong></span> <span class='ocrx_word' id='word_1_553' title='bbox 3628 4348 3800 4414; x_wconf 73' lang='lat' dir='ltr'><strong><em>haben!-</em></strong></span> 
     </span>
    </p>
   </div>
   <div class='ocr_carea' id='block_1_43' title="bbox 479 4446 3801 4538">
    <p class='ocr_par' dir='ltr' id='par_1_43' title="bbox 479 4446 3801 4538">
     <span class='ocr_line' id='line_1_43' title="bbox 479 4446 3801 4538; baseline 0.001 -23"><span class='ocrx_word' id='word_1_554' title='bbox 479 4453 664 4515; x_wconf 83' lang='lat' dir='ltr'><strong><em>Editi</em></strong></span> <span class='ocrx_word' id='word_1_555' title='bbox 684 4453 1135 4538; x_wconf 86' lang='lat' dir='ltr'><strong><em>quatuordecim</em></strong></span> <span class='ocrx_word' id='word_1_556' title='bbox 1159 4455 1525 4537; x_wconf 58' lang='lat' dir='ltr'><strong><em>praeferunt,</em></strong></span> <span class='ocrx_word' id='word_1_557' title='bbox 1559 4462 1868 4516; x_wconf 87' lang='lat' dir='ltr'><strong><em>numerato</em></strong></span> <span class='ocrx_word' id='word_1_558' title='bbox 1900 4453 1962 4514; x_wconf 87' lang='lat' dir='ltr'><strong><em>in</em></strong></span> <span class='ocrx_word' id='word_1_559' title='bbox 1993 4451 2088 4514; x_wconf 88' lang='lat' dir='ltr'><strong><em>his</em></strong></span> <span class='ocrx_word' id='word_1_560' title='bbox 2117 4453 2292 4514; x_wconf 89' lang='lat' dir='ltr'><strong><em>titulo</em></strong></span> <span class='ocrx_word' id='word_1_561' title='bbox 2350 4453 2436 4514; x_wconf 89' lang='lat' dir='ltr'><strong><em>De</em></strong></span> <span class='ocrx_word' id='word_1_562' title='bbox 2485 4452 2716 4514; x_wconf 85' lang='lat' dir='ltr'><strong><em>divinis</em></strong></span> <span class='ocrx_word' id='word_1_563' title='bbox 2773 4453 3115 4534; x_wconf 86' lang='lat' dir='ltr'><strong><em>Scripturis</em></strong></span> <span class='ocrx_word' id='word_1_564' title='bbox 3157 4477 3230 4520; x_wconf 89' lang='lat' dir='ltr'><strong><em>ac</em></strong></span> <span class='ocrx_word' id='word_1_565' title='bbox 3287 4459 3515 4522; x_wconf 84' lang='lat' dir='ltr'><strong><em>titulum</em></strong></span> <span class='ocrx_word' id='word_1_566' title='bbox 3543 4458 3619 4516; x_wconf 90' lang='lat' dir='ltr'><strong><em>De</em></strong></span> <span class='ocrx_word' id='word_1_567' title='bbox 3643 4446 3801 4513; x_wconf 74' lang='grc' dir='ltr'><strong><em>νϐειίια</em></strong></span> 
     </span>
    </p>
   </div>
   <div class='ocr_carea' id='block_1_44' title="bbox 476 4539 3802 4638">
    <p class='ocr_par' dir='ltr' id='par_1_44' title="bbox 476 4539 3802 4638">
     <span class='ocr_line' id='line_1_44' title="bbox 476 4539 3802 4638; baseline -0.004 -24"><span class='ocrx_word' id='word_1_568' title='bbox 476 4555 753 4615; x_wconf 86' lang='lat' dir='ltr'><strong><em>omittunt</em></strong></span> <span class='ocrx_word' id='word_1_569' title='bbox 783 4571 798 4616; x_wconf 90' lang='lat'><strong>:</strong></span> <span class='ocrx_word' id='word_1_570' title='bbox 836 4551 932 4614; x_wconf 87' lang='lat' dir='ltr'><strong><em>his</em></strong></span> <span class='ocrx_word' id='word_1_571' title='bbox 961 4556 1244 4615; x_wconf 84' lang='lat' dir='ltr'><strong><em>consentit</em></strong></span> <span class='ocrx_word' id='word_1_572' title='bbox 1272 4567 1431 4616; x_wconf 86' lang='lat' dir='ltr'><strong><em>vetus</em></strong></span> <span class='ocrx_word' id='word_1_573' title='bbox 1460 4553 1662 4632; x_wconf 71' lang='lat' dir='ltr'><strong><em>codex,</em></strong></span> <span class='ocrx_word' id='word_1_574' title='bbox 1687 4553 1860 4635; x_wconf 88' lang='lat' dir='ltr'><strong><em>cujus</em></strong></span> <span class='ocrx_word' id='word_1_575' title='bbox 1891 4551 2192 4614; x_wconf 87' lang='lat' dir='ltr'><strong><em>variantes</em></strong></span> <span class='ocrx_word' id='word_1_576' title='bbox 2223 4552 2284 4612; x_wconf 90' lang='lat' dir='ltr'><strong><em>in</em></strong></span> <span class='ocrx_word' id='word_1_577' title='bbox 2315 4549 2470 4612; x_wconf 87' lang='lat' dir='ltr'><strong><em>libro</em></strong></span> <span class='ocrx_word' id='word_1_578' title='bbox 2505 4549 2570 4613; x_wconf 88' lang='lat' dir='ltr'><strong><em>S.</em></strong></span> <span class='ocrx_word' id='word_1_579' title='bbox 2600 4553 2920 4632; x_wconf 72' lang='lat' dir='ltr'><strong><em>Genava/as</em></strong></span> <span class='ocrx_word' id='word_1_580' title='bbox 2936 4554 3022 4616; x_wconf 85' lang='lat' dir='ltr'><strong><em>ad</em></strong></span> <span class='ocrx_word' id='word_1_581' title='bbox 3036 4575 3367 4638; x_wconf 70' lang='lat' dir='ltr'><strong><em>marginem</em></strong></span> <span class='ocrx_word' id='word_1_582' title='bbox 3396 4563 3669 4618; x_wconf 81' lang='lat' dir='ltr'><strong><em>notantur.</em></strong></span> <span class='ocrx_word' id='word_1_583' title='bbox 3697 4539 3802 4606; x_wconf 80' lang='lat' dir='ltr'><strong><em>Cod.</em></strong></span> 
     </span>
    </p>
   </div>
   <div class='ocr_carea' id='block_1_45' title="bbox 476 4645 3802 4734">
    <p class='ocr_par' dir='ltr' id='par_1_45' title="bbox 476 4645 3802 4734">
     <span class='ocr_line' id='line_1_45' title="bbox 476 4645 3802 4734; baseline -0 -18"><span class='ocrx_word' id='word_1_584' title='bbox 476 4651 656 4716; x_wconf 82' lang='lat' dir='ltr'><strong><em>Coisl.</em></strong></span> <span class='ocrx_word' id='word_1_585' title='bbox 691 4651 1000 4714; x_wconf 84' lang='lat' dir='ltr'><strong><em>duodecim</em></strong></span> <span class='ocrx_word' id='word_1_586' title='bbox 1035 4661 1265 4714; x_wconf 89' lang='lat' dir='ltr'><strong><em>tantum</em></strong></span> <span class='ocrx_word' id='word_1_587' title='bbox 1295 4651 1550 4725; x_wconf 69' lang='lat' dir='ltr'><strong><em>exhibet,</em></strong></span> <span class='ocrx_word' id='word_1_588' title='bbox 1581 4650 1998 4734; x_wconf 87' lang='lat' dir='ltr'><strong><em>comprehenso</em></strong></span> <span class='ocrx_word' id='word_1_589' title='bbox 2034 4647 2364 4731; x_wconf 72' lang='lat' dir='ltr'><strong><em>Scriptura:</em></strong></span> <span class='ocrx_word' id='word_1_590' title='bbox 2397 4648 2576 4710; x_wconf 90' lang='lat' dir='ltr'><strong><em>titulo</em></strong></span> <span class='ocrx_word' id='word_1_591' title='bbox 2591 4668 2617 4726; x_wconf 73' lang='grc' dir='ltr'><strong><em>,ο</em></strong></span> <span class='ocrx_word' id='word_1_592' title='bbox 2631 4652 2854 4711; x_wconf 88' lang='lat' dir='ltr'><strong><em>omissis</em></strong></span> <span class='ocrx_word' id='word_1_593' title='bbox 2876 4652 3026 4726; x_wconf 87' lang='lat' dir='ltr'><strong><em>istis,</em></strong></span> <span class='ocrx_word' id='word_1_594' title='bbox 3056 4656 3143 4716; x_wconf 88' lang='lat' dir='ltr'><strong><em>De</em></strong></span> <span class='ocrx_word' id='word_1_595' title='bbox 3173 4659 3417 4730; x_wconf 87' lang='lat' dir='ltr'><strong><em>Deo,De</em></strong></span> <span class='ocrx_word' id='word_1_596' title='bbox 3442 4645 3802 4728; x_wconf 66' lang='lat' dir='ltr'><strong><em>assumptione:</em></strong></span> 
     </span>
    </p>
   </div>
   <div class='ocr_carea' id='block_1_46' title="bbox 470 4746 3799 4837">
    <p class='ocr_par' dir='ltr' id='par_1_46' title="bbox 470 4746 3799 4837">
     <span class='ocr_line' id='line_1_46' title="bbox 470 4746 3799 4837; baseline -0.002 -23"><span class='ocrx_word' id='word_1_597' title='bbox 470 4755 556 4814; x_wconf 80' lang='lat' dir='ltr'><strong><em>De</em></strong></span> <span class='ocrx_word' id='word_1_598' title='bbox 588 4753 797 4814; x_wconf 85' lang='lat' dir='ltr'><strong><em>futuro</em></strong></span> <span class='ocrx_word' id='word_1_599' title='bbox 823 4752 1060 4831; x_wconf 87' lang='lat' dir='ltr'><strong><em>judicio</em></strong></span> <span class='ocrx_word' id='word_1_600' title='bbox 1094 4771 1108 4826; x_wconf 90' lang='lat'><strong>;</strong></span> <span class='ocrx_word' id='word_1_601' title='bbox 1135 4751 1454 4834; x_wconf 85' lang='lat' dir='ltr'><strong><em>additoque</em></strong></span> <span class='ocrx_word' id='word_1_602' title='bbox 1482 4772 1620 4831; x_wconf 87' lang='lat' dir='ltr'><strong><em>uno,</em></strong></span> <span class='ocrx_word' id='word_1_603' title='bbox 1653 4757 1761 4834; x_wconf 88' lang='lat' dir='ltr'><strong><em>qui</em></strong></span> <span class='ocrx_word' id='word_1_604' title='bbox 1791 4751 1853 4812; x_wconf 91' lang='lat' dir='ltr'><strong><em>in</em></strong></span> <span class='ocrx_word' id='word_1_605' title='bbox 1873 4750 2044 4811; x_wconf 87' lang='lat' dir='ltr'><strong><em>editis</em></strong></span> <span class='ocrx_word' id='word_1_606' title='bbox 2072 4768 2190 4809; x_wconf 92' lang='lat' dir='ltr'><strong><em>non</em></strong></span> <span class='ocrx_word' id='word_1_607' title='bbox 2221 4746 2472 4809; x_wconf 87' lang='lat' dir='ltr'><strong><em>habetur</em></strong></span> <span class='ocrx_word' id='word_1_608' title='bbox 2504 4749 2592 4809; x_wconf 88' lang='lat' dir='ltr'><strong><em>De</em></strong></span> <span class='ocrx_word' id='word_1_609' title='bbox 2617 4749 2868 4811; x_wconf 86' lang='lat' dir='ltr'><strong><em>vestitu.</em></strong></span> <span class='ocrx_word' id='word_1_610' title='bbox 2906 4750 3332 4816; x_wconf 86' lang='lat' dir='ltr'><strong><em>Ottobonianus</em></strong></span> <span class='ocrx_word' id='word_1_611' title='bbox 3367 4749 3670 4837; x_wconf 83' lang='lat' dir='ltr'><strong><em>quindecim</em></strong></span> <span class='ocrx_word' id='word_1_612' title='bbox 3705 4756 3799 4803; x_wconf 79' lang='grc' dir='ltr'><strong><em>σοη·</em></strong></span> 
     </span>
    </p>
   </div>
   <div class='ocr_carea' id='block_1_47' title="bbox 471 4838 3802 4937">
    <p class='ocr_par' dir='ltr' id='par_1_47' title="bbox 471 4838 3802 4937">
     <span class='ocr_line' id='line_1_47' title="bbox 471 4838 3802 4937; baseline -0.004 -24"><span class='ocrx_word' id='word_1_613' title='bbox 471 4851 622 4913; x_wconf 86' lang='lat' dir='ltr'><strong><em>tinet</em></strong></span> <span class='ocrx_word' id='word_1_614' title='bbox 653 4851 1096 4930; x_wconf 74' lang='lat' dir='ltr'><strong><em>inscriptiones,</em></strong></span> <span class='ocrx_word' id='word_1_615' title='bbox 1129 4853 1366 4932; x_wconf 83' lang='lat' dir='ltr'><strong><em>adjecta</em></strong></span> <span class='ocrx_word' id='word_1_616' title='bbox 1395 4853 1680 4913; x_wconf 87' lang='lat' dir='ltr'><strong><em>nimirum</em></strong></span> <span class='ocrx_word' id='word_1_617' title='bbox 1711 4849 1792 4911; x_wconf 90' lang='lat' dir='ltr'><strong><em>ad</em></strong></span> <span class='ocrx_word' id='word_1_618' title='bbox 1820 4849 2234 4931; x_wconf 87' lang='lat' dir='ltr'><strong><em>inscriptiones</em></strong></span> <span class='ocrx_word' id='word_1_619' title='bbox 2265 4849 2556 4908; x_wconf 87' lang='lat' dir='ltr'><strong><em>editorum</em></strong></span> <span class='ocrx_word' id='word_1_620' title='bbox 2612 4867 2738 4909; x_wconf 91' lang='lat' dir='ltr'><strong><em>una</em></strong></span> <span class='ocrx_word' id='word_1_621' title='bbox 2791 4848 2860 4911; x_wconf 87' lang='lat' dir='ltr'><strong><em>de</em></strong></span> <span class='ocrx_word' id='word_1_622' title='bbox 2913 4849 3158 4914; x_wconf 85' lang='lat' dir='ltr'><strong><em>lavacro</em></strong></span> <span class='ocrx_word' id='word_1_623' title='bbox 3213 4853 3297 4915; x_wconf 90' lang='lat' dir='ltr'><strong><em>ad</em></strong></span> <span class='ocrx_word' id='word_1_624' title='bbox 3319 4854 3490 4937; x_wconf 74' lang='lat' dir='ltr'><strong><em>ﬁnem</em></strong></span> <span class='ocrx_word' id='word_1_625' title='bbox 3516 4838 3802 4937; x_wconf 72' lang='lat' dir='ltr'><strong><em>articulille</em></strong></span> 
     </span>
    </p>
   </div>
   <div class='ocr_carea' id='block_1_48' title="bbox 467 4933 3804 5030">
    <p class='ocr_par' dir='ltr' id='par_1_48' title="bbox 467 4933 3804 5030">
     <span class='ocr_line' id='line_1_48' title="bbox 467 4933 3804 5030; baseline -0.002 -20"><span class='ocrx_word' id='word_1_626' title='bbox 467 4955 922 5013; x_wconf 86' lang='lat' dir='ltr'><strong><em>resurrectione</em></strong></span> <span class='ocrx_word' id='word_1_627' title='bbox 953 4950 1256 5030; x_wconf 82' lang='lat' dir='ltr'><strong><em>generali,</em></strong></span> <span class='ocrx_word' id='word_1_628' title='bbox 1282 4952 1491 5012; x_wconf 78' lang='lat' dir='ltr'><strong><em>omisso</em></strong></span> <span class='ocrx_word' id='word_1_629' title='bbox 1523 4951 1698 5012; x_wconf 88' lang='lat' dir='ltr'><strong><em>titulo</em></strong></span> <span class='ocrx_word' id='word_1_630' title='bbox 1729 4951 1818 5010; x_wconf 91' lang='lat' dir='ltr'><strong><em>De</em></strong></span> <span class='ocrx_word' id='word_1_631' title='bbox 1849 4947 2102 5009; x_wconf 87' lang='lat' dir='ltr'><strong><em>vestitu.</em></strong></span> <span class='ocrx_word' id='word_1_632' title='bbox 2139 4943 2330 5010; x_wconf 90' lang='lat' dir='ltr'><strong><em>Codd.</em></strong></span> <span class='ocrx_word' id='word_1_633' title='bbox 2364 4943 2490 5006; x_wconf 78' lang='lat' dir='ltr'><strong><em>Boe</em></strong></span> <span class='ocrx_word' id='word_1_634' title='bbox 2517 4954 2573 5006; x_wconf 89' lang='lat' dir='ltr'><strong><em>et</em></strong></span> <span class='ocrx_word' id='word_1_635' title='bbox 2607 4945 2864 5008; x_wconf 88' lang='lat' dir='ltr'><strong><em>Casaub.</em></strong></span> <span class='ocrx_word' id='word_1_636' title='bbox 2896 4967 3002 5009; x_wconf 76' lang='lat' dir='ltr'><strong><em>sea:</em></strong></span> <span class='ocrx_word' id='word_1_637' title='bbox 3029 4959 3264 5014; x_wconf 87' lang='lat' dir='ltr'><strong><em>tantum</em></strong></span> <span class='ocrx_word' id='word_1_638' title='bbox 3297 4933 3494 5013; x_wconf 77' lang='lat' dir='ltr'><strong><em>titulos</em></strong></span> <span class='ocrx_word' id='word_1_639' title='bbox 3516 4945 3714 5008; x_wconf 73' lang='lat' dir='ltr'><strong><em>notato!</em></strong></span> <span class='ocrx_word' id='word_1_640' title='bbox 3729 4933 3804 4993; x_wconf 60' lang='grc' dir='ltr'><strong>λα·</strong></span> 
     </span>
    </p>
   </div>
   <div class='ocr_carea' id='block_1_49' title="bbox 472 5033 3800 5129">
    <p class='ocr_par' dir='ltr' id='par_1_49' title="bbox 472 5033 3800 5129">
     <span class='ocr_line' id='line_1_49' title="bbox 472 5033 3800 5129; baseline -0.003 -23"><span class='ocrx_word' id='word_1_641' title='bbox 472 5046 628 5121; x_wconf 85' lang='lat' dir='ltr'><strong><em>bent,</em></strong></span> <span class='ocrx_word' id='word_1_642' title='bbox 661 5050 958 5110; x_wconf 83' lang='lat' dir='ltr'><strong><em>nimirum</em></strong></span> <span class='ocrx_word' id='word_1_643' title='bbox 991 5049 1078 5110; x_wconf 91' lang='lat' dir='ltr'><strong><em>De</em></strong></span> <span class='ocrx_word' id='word_1_644' title='bbox 1105 5051 1259 5122; x_wconf 85' lang='lat' dir='ltr'><strong><em>Deo,</em></strong></span> <span class='ocrx_word' id='word_1_645' title='bbox 1291 5051 1379 5111; x_wconf 91' lang='lat' dir='ltr'><strong><em>De</em></strong></span> <span class='ocrx_word' id='word_1_646' title='bbox 1409 5051 1762 5129; x_wconf 84' lang='lat' dir='ltr'><strong><em>sepultura,</em></strong></span> <span class='ocrx_word' id='word_1_647' title='bbox 1799 5046 1894 5108; x_wconf 84' lang='lat' dir='ltr'><strong><em>De</em></strong></span> <span class='ocrx_word' id='word_1_648' title='bbox 1927 5047 2136 5107; x_wconf 87' lang='lat' dir='ltr'><strong><em>futuro</em></strong></span> <span class='ocrx_word' id='word_1_649' title='bbox 2187 5043 2452 5123; x_wconf 88' lang='lat' dir='ltr'><strong><em>judicio,</em></strong></span> <span class='ocrx_word' id='word_1_650' title='bbox 2487 5045 2838 5124; x_wconf 83' lang='lat' dir='ltr'><strong><em>DeSpiritu</em></strong></span> <span class='ocrx_word' id='word_1_651' title='bbox 2869 5053 3114 5122; x_wconf 86' lang='lat' dir='ltr'><strong><em>sancto,</em></strong></span> <span class='ocrx_word' id='word_1_652' title='bbox 3147 5053 3232 5114; x_wconf 91' lang='lat' dir='ltr'><strong><em>De</em></strong></span> <span class='ocrx_word' id='word_1_653' title='bbox 3287 5046 3544 5112; x_wconf 81' lang='lat' dir='ltr'><strong><em>hominis</em></strong></span> <span class='ocrx_word' id='word_1_654' title='bbox 3569 5033 3800 5129; x_wconf 24' lang='lat' dir='ltr'><strong><em>constitui-</em></strong></span> 
     </span>
    </p>
   </div>
   <div class='ocr_carea' id='block_1_50' title="bbox 469 5123 3804 5228">
    <p class='ocr_par' dir='ltr' id='par_1_50' title="bbox 469 5123 3804 5228">
     <span class='ocr_line' id='line_1_50' title="bbox 469 5123 3804 5228; baseline 0 -26"><span class='ocrx_word' id='word_1_655' title='bbox 469 5143 636 5204; x_wconf 88' lang='lat' dir='ltr'><strong><em>tione</em></strong></span> <span class='ocrx_word' id='word_1_656' title='bbox 667 5144 757 5223; x_wconf 86' lang='lat' dir='ltr'><strong><em>(in</em></strong></span> <span class='ocrx_word' id='word_1_657' title='bbox 787 5167 904 5228; x_wconf 85' lang='lat' dir='ltr'><strong><em>quo</em></strong></span> <span class='ocrx_word' id='word_1_658' title='bbox 937 5157 1290 5228; x_wconf 88' lang='lat' dir='ltr'><strong><em>argumento</em></strong></span> <span class='ocrx_word' id='word_1_659' title='bbox 1320 5123 1910 5228; x_wconf 66' lang='lat' dir='ltr'><strong><em>comprehenduntur</em></strong></span> <span class='ocrx_word' id='word_1_660' title='bbox 1939 5162 2073 5223; x_wconf 79' lang='lat' dir='ltr'><strong><em>qute</em></strong></span> <span class='ocrx_word' id='word_1_661' title='bbox 2100 5141 2208 5203; x_wconf 88' lang='lat' dir='ltr'><strong><em>sub</em></strong></span> <span class='ocrx_word' id='word_1_662' title='bbox 2240 5141 2434 5203; x_wconf 86' lang='lat' dir='ltr'><strong><em>titulis</em></strong></span> <span class='ocrx_word' id='word_1_663' title='bbox 2467 5142 2553 5202; x_wconf 87' lang='lat' dir='ltr'><strong><em>De</em></strong></span> <span class='ocrx_word' id='word_1_664' title='bbox 2581 5141 2817 5222; x_wconf 88' lang='lat' dir='ltr'><strong><em>anima,</em></strong></span> <span class='ocrx_word' id='word_1_665' title='bbox 2853 5145 2929 5207; x_wconf 92' lang='lat' dir='ltr'><strong><em>de</em></strong></span> <span class='ocrx_word' id='word_1_666' title='bbox 2950 5164 3216 5226; x_wconf 87' lang='lat' dir='ltr'><strong><em>corpore</em></strong></span> <span class='ocrx_word' id='word_1_667' title='bbox 3242 5155 3306 5212; x_wconf 86' lang='lat' dir='ltr'><strong><em>et</em></strong></span> <span class='ocrx_word' id='word_1_668' title='bbox 3329 5147 3493 5219; x_wconf 88' lang='lat' dir='ltr'><strong><em>sibis,</em></strong></span> <span class='ocrx_word' id='word_1_669' title='bbox 3517 5143 3574 5204; x_wconf 86' lang='lat' dir='ltr'><strong><em>in</em></strong></span> <span class='ocrx_word' id='word_1_670' title='bbox 3600 5123 3804 5212; x_wconf 62' lang='lat' dir='ltr'><strong><em>vulgum</em></strong></span> 
     </span>
    </p>
   </div>
   <div class='ocr_carea' id='block_1_51' title="bbox 470 5227 3806 5328">
    <p class='ocr_par' dir='ltr' id='par_1_51' title="bbox 470 5227 3806 5328">
     <span class='ocr_line' id='line_1_51' title="bbox 470 5227 3806 5328; baseline 0 -28"><span class='ocrx_word' id='word_1_671' title='bbox 470 5238 644 5300; x_wconf 87' lang='lat' dir='ltr'><strong><em>libris</em></strong></span> <span class='ocrx_word' id='word_1_672' title='bbox 672 5245 1293 5328; x_wconf 80' lang='lat' dir='ltr'><strong><em>comprehenduntur),</em></strong></span> <span class='ocrx_word' id='word_1_673' title='bbox 1331 5254 1389 5307; x_wconf 92' lang='lat' dir='ltr'><strong><em>et</em></strong></span> <span class='ocrx_word' id='word_1_674' title='bbox 1421 5227 1505 5306; x_wconf 89' lang='lat' dir='ltr'><strong><em>De</em></strong></span> <span class='ocrx_word' id='word_1_675' title='bbox 1535 5244 1788 5308; x_wconf 89' lang='lat' dir='ltr'><strong><em>vestitu.</em></strong></span> <span class='ocrx_word' id='word_1_676' title='bbox 1829 5241 2200 5304; x_wconf 84' lang='lat' dir='ltr'><strong><em>Bodleianus</em></strong></span> <span class='ocrx_word' id='word_1_677' title='bbox 2231 5239 2414 5302; x_wconf 70' lang='lat' dir='ltr'><strong><em>codex</em></strong></span> <span class='ocrx_word' id='word_1_678' title='bbox 2443 5237 2588 5301; x_wconf 88' lang='lat' dir='ltr'><strong><em>duos</em></strong></span> <span class='ocrx_word' id='word_1_679' title='bbox 2619 5238 2923 5306; x_wconf 69' lang='lat' dir='ltr'><strong><em>duntaxat</em></strong></span> <span class='ocrx_word' id='word_1_680' title='bbox 2955 5245 3156 5308; x_wconf 86' lang='lat' dir='ltr'><strong><em>titulos</em></strong></span> <span class='ocrx_word' id='word_1_681' title='bbox 3183 5245 3463 5328; x_wconf 85' lang='lat' dir='ltr'><strong><em>agnoscit,</em></strong></span> <span class='ocrx_word' id='word_1_682' title='bbox 3523 5243 3600 5302; x_wconf 84' lang='lat' dir='ltr'><strong><em>De</em></strong></span> <span class='ocrx_word' id='word_1_683' title='bbox 3646 5235 3744 5294; x_wconf 73' lang='grc' dir='ltr'><strong><em>οθο</em></strong></span> <span class='ocrx_word' id='word_1_684' title='bbox 3764 5227 3806 5280; x_wconf 69' lang='grc' dir='ltr'><strong><em>εί</em></strong></span> 
     </span>
    </p>
   </div>
   <div class='ocr_carea' id='block_1_52' title="bbox 474 5336 1094 5415">
    <p class='ocr_par' dir='ltr' id='par_1_52' title="bbox 474 5336 1094 5415">
     <span class='ocr_line' id='line_1_52' title="bbox 474 5336 1094 5415; baseline 0.01 -21"><span class='ocrx_word' id='word_1_685' title='bbox 474 5336 562 5397; x_wconf 92' lang='lat' dir='ltr'><strong><em>De</em></strong></span> <span class='ocrx_word' id='word_1_686' title='bbox 596 5337 803 5399; x_wconf 78' lang='lat' dir='ltr'><strong><em>futuro</em></strong></span> <span class='ocrx_word' id='word_1_687' title='bbox 829 5339 1094 5415; x_wconf 89' lang='lat' dir='ltr'><strong><em>judicio.</em></strong></span> 
     </span>
    </p>
   </div>
   <div class='ocr_carea' id='block_1_53' title="bbox 555 5419 3798 5520">
    <p class='ocr_par' dir='ltr' id='par_1_53' title="bbox 555 5419 3798 5520">
     <span class='ocr_line' id='line_1_53' title="bbox 555 5419 3798 5520; baseline -0.003 -24"><span class='ocrx_word' id='word_1_688' title='bbox 555 5435 689 5496; x_wconf 86' lang='lat' dir='ltr'><strong><em>VII.</em></strong></span> <span class='ocrx_word' id='word_1_689' title='bbox 737 5439 783 5496; x_wconf 81' lang='grc' dir='ltr'><em>Α</em></span> <span class='ocrx_word' id='word_1_690' title='bbox 798 5438 978 5496; x_wconf 78' lang='lat' dir='ltr'><strong><em>ccetit</em></strong></span> <span class='ocrx_word' id='word_1_691' title='bbox 1007 5439 1164 5519; x_wconf 88' lang='lat' dir='ltr'><strong><em>quod</em></strong></span> <span class='ocrx_word' id='word_1_692' title='bbox 1191 5461 1308 5501; x_wconf 88' lang='lat' dir='ltr'><strong><em>non</em></strong></span> <span class='ocrx_word' id='word_1_693' title='bbox 1338 5441 1404 5503; x_wconf 90' lang='lat' dir='ltr'><strong><em>in</em></strong></span> <span class='ocrx_word' id='word_1_694' title='bbox 1432 5440 1700 5502; x_wconf 87' lang='lat' dir='ltr'><strong><em>omnibus</em></strong></span> <span class='ocrx_word' id='word_1_695' title='bbox 1731 5439 2030 5500; x_wconf 85' lang='lat' dir='ltr'><strong><em>codicibus</em></strong></span> <span class='ocrx_word' id='word_1_696' title='bbox 2061 5437 2244 5500; x_wconf 88' lang='lat' dir='ltr'><strong><em>iidem</em></strong></span> <span class='ocrx_word' id='word_1_697' title='bbox 2274 5439 2698 5520; x_wconf 73' lang='lat' dir='ltr'><strong><em>exprimuntur</em></strong></span> <span class='ocrx_word' id='word_1_698' title='bbox 2728 5438 2908 5500; x_wconf 90' lang='lat' dir='ltr'><strong><em>tituli.</em></strong></span> <span class='ocrx_word' id='word_1_699' title='bbox 2955 5441 3186 5505; x_wconf 88' lang='lat' dir='ltr'><strong><em>Titulus</em></strong></span> <span class='ocrx_word' id='word_1_700' title='bbox 3207 5448 3290 5506; x_wconf 87' lang='lat' dir='ltr'><strong><em>De</em></strong></span> <span class='ocrx_word' id='word_1_701' title='bbox 3319 5443 3512 5503; x_wconf 87' lang='lat' dir='ltr'><strong><em>futuro</em></strong></span> <span class='ocrx_word' id='word_1_702' title='bbox 3532 5425 3732 5514; x_wconf 85' lang='lat' dir='ltr'><strong><em>judicio</em></strong></span> <span class='ocrx_word' id='word_1_703' title='bbox 3754 5419 3798 5476; x_wconf 64' lang='lat' dir='ltr'><strong><em>in</em></strong></span> 
     </span>
    </p>
   </div>
   <div class='ocr_carea' id='block_1_54' title="bbox 471 5523 2054 5621">
    <p class='ocr_par' dir='ltr' id='par_1_54' title="bbox 471 5531 2054 5621">
     <span class='ocr_line' id='line_1_54' title="bbox 471 5531 2054 5621; baseline 0.003 -26"><span class='ocrx_word' id='word_1_704' title='bbox 471 5531 662 5595; x_wconf 85' lang='lat' dir='ltr'><strong><em>Ottob.</em></strong></span> <span class='ocrx_word' id='word_1_705' title='bbox 697 5533 824 5594; x_wconf 61' lang='lat' dir='ltr'><strong><em>coll.</em></strong></span> <span class='ocrx_word' id='word_1_706' title='bbox 864 5534 1222 5596; x_wconf 67' lang='lat' dir='ltr'><strong><em>inscribitur</em></strong></span> <span class='ocrx_word' id='word_1_707' title='bbox 1246 5545 1370 5621; x_wconf 84' lang='grc' dir='ltr'>περὶ</span> <span class='ocrx_word' id='word_1_708' title='bbox 1415 5545 1741 5618; x_wconf 69' lang='grc' dir='ltr'><strong><em>παρουσίας,</em></strong></span> <span class='ocrx_word' id='word_1_709' title='bbox 1775 5563 1939 5618; x_wconf 87' lang='lat' dir='ltr'><strong><em>supp.</em></strong></span> <span class='ocrx_word' id='word_1_710' title='bbox 1973 5541 2054 5600; x_wconf 73' lang='grc' dir='ltr'><strong><em>δευ</em></strong></span> 
     </span>
    </p>
   </div>
   <div class='ocr_carea' id='block_1_55' title="bbox 2215 5523 3798 5621">
    <p class='ocr_par' dir='ltr' id='par_1_55' title="bbox 2215 5523 3798 5616">
     <span class='ocr_line' id='line_1_55' title="bbox 2215 5523 3798 5616; baseline -0.019 1"><span class='ocrx_word' id='word_1_711' title='bbox 2215 5565 2249 5614; x_wconf 70' lang='grc' dir='ltr'><strong><em>ἶ)</em></strong></span> <span class='ocrx_word' id='word_1_712' title='bbox 2278 5541 2364 5600; x_wconf 76' lang='lat' dir='ltr'><strong><em>De</em></strong></span> <span class='ocrx_word' id='word_1_713' title='bbox 2419 5537 2716 5612; x_wconf 64' lang='lat' dir='ltr'><strong><em>adventu.</em></strong></span> <span class='ocrx_word' id='word_1_714' title='bbox 2776 5539 3064 5603; x_wconf 68' lang='lat' dir='ltr'><strong><em>nimirum</em></strong></span> <span class='ocrx_word' id='word_1_715' title='bbox 3123 5539 3368 5616; x_wconf 73' lang='lat' dir='ltr'><strong><em>Christi,</em></strong></span> <span class='ocrx_word' id='word_1_716' title='bbox 3414 5529 3654 5600; x_wconf 84' lang='lat' dir='ltr'><strong><em>secundo.</em></strong></span> <span class='ocrx_word' id='word_1_717' title='bbox 3682 5523 3798 5582; x_wconf 72' lang='lat' dir='ltr'><strong><em>L000</em></strong></span> 
     </span>
    </p>
   </div>
   <div class='ocr_carea' id='block_1_56' title="bbox 470 5621 3793 5718">
    <p class='ocr_par' dir='ltr' id='par_1_56' title="bbox 470 5621 3793 5718">
     <span class='ocr_line' id='line_1_56' title="bbox 470 5621 3793 5718; baseline -0.001 -29"><span class='ocrx_word' id='word_1_718' title='bbox 470 5629 627 5691; x_wconf 71' lang='lat' dir='ltr'><strong><em>tituli</em></strong></span> <span class='ocrx_word' id='word_1_719' title='bbox 649 5631 737 5690; x_wconf 87' lang='lat' dir='ltr'><strong><em>De</em></strong></span> <span class='ocrx_word' id='word_1_720' title='bbox 757 5632 992 5703; x_wconf 85' lang='lat' dir='ltr'><strong><em>anima,</em></strong></span> <span class='ocrx_word' id='word_1_721' title='bbox 1012 5633 1181 5695; x_wconf 91' lang='lat' dir='ltr'><strong><em>codd.</em></strong></span> <span class='ocrx_word' id='word_1_722' title='bbox 1207 5635 1386 5698; x_wconf 87' lang='lat' dir='ltr'><strong><em>Coisl.</em></strong></span> <span class='ocrx_word' id='word_1_723' title='bbox 1401 5639 1558 5717; x_wconf 82' lang='lat' dir='ltr'><strong><em>,Roe</em></strong></span> <span class='ocrx_word' id='word_1_724' title='bbox 1577 5651 1629 5698; x_wconf 89' lang='lat' dir='ltr'><strong><em>et</em></strong></span> <span class='ocrx_word' id='word_1_725' title='bbox 1661 5635 1944 5711; x_wconf 88' lang='lat' dir='ltr'><strong><em>Casaub.,</em></strong></span> <span class='ocrx_word' id='word_1_726' title='bbox 1981 5647 2157 5698; x_wconf 75' lang='lat' dir='ltr'><strong><em>istum</em></strong></span> <span class='ocrx_word' id='word_1_727' title='bbox 2177 5637 2452 5718; x_wconf 89' lang='lat' dir='ltr'><strong><em>superius</em></strong></span> <span class='ocrx_word' id='word_1_728' title='bbox 2471 5644 2742 5698; x_wconf 89' lang='lat' dir='ltr'><strong><em>notatum</em></strong></span> <span class='ocrx_word' id='word_1_729' title='bbox 2770 5641 2978 5716; x_wconf 84' lang='lat' dir='ltr'><strong><em>ferunt</em></strong></span> <span class='ocrx_word' id='word_1_730' title='bbox 3001 5642 3086 5702; x_wconf 92' lang='lat' dir='ltr'><strong><em>De</em></strong></span> <span class='ocrx_word' id='word_1_731' title='bbox 3117 5641 3382 5707; x_wconf 83' lang='lat' dir='ltr'><strong><em>hominis</em></strong></span> <span class='ocrx_word' id='word_1_732' title='bbox 3407 5621 3793 5698; x_wconf 44' lang='lat' dir='ltr'><strong><em>constitutione.</em></strong></span> 
     </span>
    </p>
   </div>
   <div class='ocr_carea' id='block_1_57' title="bbox 470 5725 3798 5822">
    <p class='ocr_par' dir='ltr' id='par_1_57' title="bbox 470 5725 3798 5822">
     <span class='ocr_line' id='line_1_57' title="bbox 470 5725 3798 5822; baseline -0.002 -29"><span class='ocrx_word' id='word_1_733' title='bbox 470 5727 654 5792; x_wconf 70' lang='lat' dir='ltr'><strong><em>Cois].</em></strong></span> <span class='ocrx_word' id='word_1_734' title='bbox 690 5729 859 5792; x_wconf 85' lang='lat' dir='ltr'><strong><em>modo</em></strong></span> <span class='ocrx_word' id='word_1_735' title='bbox 892 5743 1249 5796; x_wconf 88' lang='lat' dir='ltr'><strong><em>memoratus</em></strong></span> <span class='ocrx_word' id='word_1_736' title='bbox 1277 5735 1400 5798; x_wconf 88' lang='lat' dir='ltr'><strong><em>loco</em></strong></span> <span class='ocrx_word' id='word_1_737' title='bbox 1431 5739 1520 5800; x_wconf 89' lang='lat' dir='ltr'><strong><em>De</em></strong></span> <span class='ocrx_word' id='word_1_738' title='bbox 1549 5735 2008 5802; x_wconf 85' lang='lat' dir='ltr'><strong><em>resurrectione</em></strong></span> <span class='ocrx_word' id='word_1_739' title='bbox 2040 5735 2290 5808; x_wconf 87' lang='lat' dir='ltr'><strong><em>Christi,</em></strong></span> <span class='ocrx_word' id='word_1_740' title='bbox 2319 5733 2513 5810; x_wconf 85' lang='lat' dir='ltr'><strong><em>habet,</em></strong></span> <span class='ocrx_word' id='word_1_741' title='bbox 2547 5735 2718 5813; x_wconf 90' lang='lat' dir='ltr'><strong><em>quod</em></strong></span> <span class='ocrx_word' id='word_1_742' title='bbox 2749 5741 3114 5802; x_wconf 84' lang='lat' dir='ltr'><strong><em>resurrexit.</em></strong></span> <span class='ocrx_word' id='word_1_743' title='bbox 3152 5737 3424 5822; x_wconf 62' lang='lat' dir='ltr'><strong><em>Eiusdem</em></strong></span> <span class='ocrx_word' id='word_1_744' title='bbox 3450 5725 3638 5796; x_wconf 83' lang='lat' dir='ltr'><strong><em>codicis</em></strong></span> <span class='ocrx_word' id='word_1_745' title='bbox 3676 5729 3798 5822; x_wconf 59' lang='grc' dir='ltr'><strong><em>Μη-</em></strong></span> 
     </span>
    </p>
   </div>
   <div class='ocr_carea' id='block_1_58' title="bbox 467 5820 3800 5916">
    <p class='ocr_par' dir='ltr' id='par_1_58' title="bbox 467 5820 3800 5916">
     <span class='ocr_line' id='line_1_58' title="bbox 467 5820 3800 5916; baseline 0.003 -28"><span class='ocrx_word' id='word_1_746' title='bbox 467 5829 614 5890; x_wconf 85' lang='lat' dir='ltr'><strong><em>dum</em></strong></span> <span class='ocrx_word' id='word_1_747' title='bbox 646 5837 754 5906; x_wconf 89' lang='lat' dir='ltr'><strong><em>est,</em></strong></span> <span class='ocrx_word' id='word_1_748' title='bbox 787 5831 954 5914; x_wconf 87' lang='lat' dir='ltr'><strong><em>quod</em></strong></span> <span class='ocrx_word' id='word_1_749' title='bbox 978 5831 1102 5895; x_wconf 92' lang='lat' dir='ltr'><strong><em>loco</em></strong></span> <span class='ocrx_word' id='word_1_750' title='bbox 1133 5833 1300 5896; x_wconf 84' lang='lat' dir='ltr'><strong><em>tituli</em></strong></span> <span class='ocrx_word' id='word_1_751' title='bbox 1329 5837 1774 5899; x_wconf 85' lang='lat' dir='ltr'><strong><em>De-nativitate</em></strong></span> <span class='ocrx_word' id='word_1_752' title='bbox 1792 5853 1869 5898; x_wconf 82' lang='lat' dir='ltr'><strong><em>ex</em></strong></span> <span class='ocrx_word' id='word_1_753' title='bbox 1897 5830 2705 5916; x_wconf 39' lang='lat' dir='ltr'><strong><em>Virginewssrtptum-haltet</em></strong></span> <span class='ocrx_word' id='word_1_754' title='bbox 2739 5836 2828 5904; x_wconf 76' lang='lat' dir='ltr'><strong><em>De</em></strong></span> <span class='ocrx_word' id='word_1_755' title='bbox 2857 5836 3112 5914; x_wconf 56' lang='lat' dir='ltr'><strong><em>anima.</em></strong></span> <span class='ocrx_word' id='word_1_756' title='bbox 3153 5820 3226 5904; x_wconf 85' lang='lat' dir='ltr'><strong><em>In</em></strong></span> <span class='ocrx_word' id='word_1_757' title='bbox 3275 5820 3800 5902; x_wconf 53' lang='grc' dir='ltr'><strong><em>εοαοοαηάάίΜπθ</em></strong></span> 
     </span>
    </p>
   </div>
  </div>
