4008 6380
82 347 203 410 513

1128 352 1609 418 CATECHESIS
1649 354 1726 416 ν.
1773 355 1877 415 DE
1920 355 2102 419 FIDE
2147 358 2242 421 ET
2290 362 2688 428 SYMBOLO.

3503 377 3622 437 5M

92 483 451 561 γυυμὶνως,
489 482 608 542 διᾶ
640 489 770 559 τὴν
825 488 957 544 κατᾶ
996 489 1163 563 σάρκα
1218 483 1508 561 διαδοχήν.
1572 484 1632 544 Ei
1683 483 1741 541 δὲ
1786 489 1855 561 τῇ

1976 493 2303 549 secundum
2333 499 2531 553 carnis
2561 501 3002 559 successionem
3037 521 3188 574 esse,
3240 506 3302 563 in
3351 509 3624 568 confesso

103 575 257 631 κατὰ
279 575 483 650 σάρκα
550 579 984 655 προσέχωμεν,
1039 574 1227 651 ψευδὲς
1281 574 1452 631 εἰπεῖν
1514 576 1854 650 ἀναγκασθη-

130 665 352 741 σίιμεῆσ.
406 664 484 720 τὸ
550 662 812 742 λόγιον.
874 665 1066 724 Οὗκὲτι
1121 666 1223 741 γὰρ
1280 665 1417 721 κατᾶ
1469 665 1641 741 σάρκα
1695 667 1857 738 ἡμῶν

150 759 372 813 πάντων
420 753 550 809 ἐστὶ
619 758 853 832 πατήρ
912 754 1034 812 ἀλλ’
1066 754 1294 818 ὁτύπος
1350 761 1450 824 τῆς
1507 753 1713 810 ἐκείνου
1769 753 1858 809 πί-

177 868 374 915 στεως,
397 844 617 907 πάντας
654 847 824 918 ἡμᾶς
854 843 1001 908 υἱοὺς
1036 849 1186 900 ποιεῖ
1239 848 1338 899 τοῦ
1396 838 1670 920 Ἀϐραάμ.
1732 849 1860 907 Πῶς

176 939 278 994 καὶ
305 937 419 991 τίνα
442 935 678 1009 τρόπον
708 952 726 1003 ;
759 937 1024 993 ’Δπιστον
1054 932 1201 1008 παρὰ
1256 932 1567 1008 ἀνθρώποις
1591 933 1655 988 τὸ
1686 932 1746 988 ἐκ
1772 954 1863 988 νε-

176 1032 325 1106 κρῶν
348 1025 672 1094 ἆναστῆναί
702 1044 851 1081 τινα⁶
882 1024 1062 1098 ὥσπερ
1089 1023 1300 1097 ὁμοίως
1326 1021 1552 1079 ἄπιστον
1587 1023 1677 1078 καὶ
1707 1023 1772 1079 τὸ
1801 1022 1861 1078 ἐκ

169 1115 614 1193 νενεκρωμένων
649 1109 975 1191 πρεσϐυτῶν
1002 1112 1350 1188 τεκνογονίαν
1396 1114 1657 1189 γενέσθαι.
1688 1111 1860 1171 Ἀλλᾶ

159 1210 411 1284 Χριστοῦ
477 1204 1043 1280 καταγγελλομὲνου,
1098 1202 1151 1259 ἐν
1207 1202 1356 1277 ξύλῳ
1432 1204 1528 1277 μὲν
1580 1200 1856 1279 ἐσταυρω-

151 1297 365 1373 μένου,
398 1296 801 1359 ἀποθανόντος
832 1292 891 1349 δὲ
918 1293 1009 1349 καὶ
1038 1293 1386 1362 ἀναστάντος,
1411 1295 1576 1367 ἡμεῖς
1599 1292 1860 1348 πιστεύο-

149 1407 293 1461 μεν.
326 1387 425 1459 Τῇ
460 1383 660 1440 τοίνυν
693 1381 987 1458 ὁμοιότητι
1024 1388 1125 1453 τῆς
1174 1381 1411 1445 πίστεως
1462 1380 1538 1445 εἷς
1585 1381 1856 1447 υἱοθεσίαν

142 1474 476 1552 ἐρχόμεθα
503 1474 616 1529 τοῦ
662 1468 938 1549 Ἀϐραάμ.
996 1473 1099 1528 Καὶ
1142 1473 1268 1528 τότε
1325 1472 1462 1546 μετὰ
1504 1473 1606 1541 τὴν
1652 1470 1856 1527 πίστιν*

148 1566 395 1637 ὁμοίως
422 1563 636 1636 ἐκείνῳ
683 1563 784 1632 τὴν
843 1562 1216 1634 πνευματικὴν
1273 1556 1628 1636 λαμϐάνομεν
1685 1583 1858 1636 σφρα-

148 1651 329 1731 γῖδα,
362 1654 512 1730 ἁγίῳ
538 1651 828 1726 Πνεῦματι
886 1648 977 1707 διὰ
1021 1654 1119 1707 τοῦ
1176 1649 1413 1723 λουτροῦ
1462 1653 1857 1725 περιτεμνόμε-

148 1766 285 1813 νοι,
323 1743 388 1798 οὐ
420 1742 697 1815 σώματος
727 1742 827 1811 τὴν
864 1735 1245 1816 ἀκροϐυστίαν,
1280 1740 1426 1797 ἀλλᾶ
1452 1741 1552 1808 τὴν
1612 1739 1856 1817 καρδίαν,

38 1880 39 1883 η
141 1835 317 1891 κατὰ
346 1834 448 1890 τὸν
512 1831 811 1907 Ἱερεμίαν,
872 1830 1123 1907 λέγοντα·
1190 1831 1294 1888 Καὶ
1348 1837 1729 1907 περιτεμεῖσθε
1787 1835 1861 1906 (1)

147 1930 253 1997 τῷ
319 1929 451 1997 Θεῷ
504 1923 618 1992 τὴν
677 1915 1037 1998 ἀκροϐυστίαν
1089 1923 1190 1990 τῆς
1246 1917 1473 1997 καρδίας
1535 1920 1712 1995 ὑμῶν·
1771 1920 1862 1976 καὶ

158 2019 329 2071 κατὰ
364 2014 468 2069 τὸν
533 2008 911 2068 ’Λπῦστολονο
971 2011 1060 2067 Ἐν
1110 2012 1181 2083 τῇ
1239 2013 1514 2085 περιτομῇ
1570 2014 1672 2066 τοῦ
1728 2015 1863 2084 Χρι-

175 2108 354 2174 στοῦ,
412 2099 775 2179 συνταφέντες
838 2098 987 2173 αὖτῷ
1058 2097 1111 2155 ἰν
1190 2103 1273 2172 τῷ
1359 2098 1714 2176 βαπτίσματι,
1771 2098 1861 2155 καὶ

172 2194 259 2248 τὰ
292 2192 445 2266 ἑξῆς.

256 2283 337 2341 Z'.
374 2279 603 2350 Ταύτην
637 2278 726 2334 ἐὰν
752 2280 1082 2354 τηρήσωμεν
1139 2279 1238 2348 τήν
1291 2277 1496 2348 πίστιν,
1550 2277 1862 2353 ἀκατάγνω-

176 2393 319 2428 στοι
351 2369 600 2444 ἐσόμεθα
646 2371 743 2443 (2),
793 2367 884 2423 καὶ
940 2367 1220 2430 παντοίοις
1275 2367 1481 2444 ἀρετῶν
1542 2364 1708 2423 εἷ’δεσι
1764 2387 1862 2422 κο-

180 2460 639 2535 σμτ,θησόμεθα.
669 2462 940 2513 Τοσοῦτον
971 2457 1071 2534 γὰρ
1133 2456 1313 2534 ἴσχύει
1342 2459 1378 2528 ἡ
1411 2456 1613 2527 πίστις,
1665 2456 1741 2519 ὡς
1769 2455 1860 2512 καὶ

196 2550 547 2623 ἂνθρὼπους
597 2548 678 2603 Eni.
733 2545 1012 2618 θαλάσσης
1065 2547 1341 2624 κουφίζειν
1408 2550 1856 2623 περιπατοῦντας.

200 2640 555 2711 Ἀνθρωπος
584 2638 762 2711 δμοιος
793 2639 932 2711 ἡμῖν
963 2639 1028 2707 ἦν
1060 2638 1089 2692 ὁ
1123 2637 1348 2711 Πέτρος,
1389 2636 1442 2710 ἐξ
1490 2634 1717 2711 αἵματος
1768 2636 1859 2691 καὶ

205 2730 421 2803 σαρκὸς
450 2728 815 2802 συγκείμενος,
842 2727 935 2782 καὶ
970 2726 1030 2783 ἐκ
1052 2731 1160 2783 τῶν
1211 2728 1422 2801 ὁμοίων
1467 2730 1687 2801 τροφῶν
1742 2723 1859 2780 δια-

203 2820 527 2896 γενόμενος.
561 2816 719 2876 Ἀλλ’
749 2816 960 2873 εἰπόντι
988 2820 1067 2890 τῷ
1096 2819 1280 2887 Ἰησοῦ
1310 2820 1405 2889 (3),
1438 2814 1618 2881 Ἐλθέ.
1639 2814 1859 2870 πιστεύ-

196 2930 322 2977 σας,
383 2906 786 2981 περιεπάτησεν
845 2905 935 2962 ἐπὶ
989 2905 1056 2961 τὰ
1109 2903 1299 2975 ὕδατα,
1354 2907 1535 2972 πάσης
1589 2901 1862 2981 κρηπῖδος

196 2995 616 3073 ἀσφαλεστέραν
641 2994 731 3051 ἐπὶ
758 3001 878 3059 τοῖς
908 2992 1089 3052 ὅδασιν
1117 2992 1263 3053 Eva
1292 2996 1394 3065 τὴν
1422 2996 1521 3064 τὴν
1544 2994 1745 3050 πίστιν·
1769 2993 1862 3050 καὶ

192 3086 263 3141 τὸ
297 3086 438 3162 βαρὺ
471 3089 657 3159 σῶμα,
688 3088 758 3159 τῇ
786 3086 1085 3163 κουφότητι
1142 3092 1243 3154 τῆς
1292 3084 1526 3147 πίστεως
1552 3086 1618 3154 ἦν
1656 3105 1863 3158 μετεω-

1971 586 2079 637 est.
2116 582 2329 639 Verum
2364 585 2413 641 si
2444 587 2518 642 ad
2548 596 2745 646 carnis
2777 591 3265 663 [successionem,
3327 598 3389 653 in
3439 601 3626 673 expli-

1969 670 2161 727 canda
2208 676 2542 750 prophetia]
2603 683 3088 751 spectaverimus,
3150 684 3369 742 falsum
3426 670 3625 747 dic—ere

1968 776 2253 832 cogemur
2282 766 2628 836 oraculum;
2658 786 2777 824 non
2813 772 2976 827 enim
3008 775 3338 832 secundum
3381 796 3624 835 carnem

1970 850 2239 906 omnium
2261 860 2530 910 nostrum
2555 863 2724 930 pater
2746 866 2834 915 est
2859 878 3097 917 :verum
3121 868 3460 938 exemplum
3486 869 3626 924 ﬁdei

1971 939 2099 1012 ejus
2131 959 2240 997 nos
2283 961 2492 1002 omnes
2551 949 2804 1005 Abrahae
2863 952 3020 1008 ﬁlios
3078 954 3221 1011 facit
3248 958 3313 1014 3‘.
3356 960 3626 1025 Quonam

1969 1029 2166 1087 isthuc
2198 1033 2373 1089 modo
2391 1034 2420 1090 ?
2448 1037 2804 1095 Incredibile
2837 1047 2926 1097 est
2945 1043 3101 1114 apud
3124 1044 3400 1102 homines
3421 1066 3633 1120 quem-

1970 1136 2150 1191 quam
2182 1138 2218 1176 a
2249 1125 2507 1181 mortuis
2538 1144 2849 1201 resurgere
2879 1147 2892 1185 :
2927 1134 3431 1202 quemadmodum
3460 1139 3631 1194 simi-

1968 1208 2107 1265 liter
2136 1212 2512 1280 incredibile,
2547 1233 2617 1271 ex
2651 1221 2938 1275 emortuis
2991 1223 3235 1280 senibus
3282 1228 3627 1300 progeniem

1970 1299 2156 1355 nasci.
2191 1302 2370 1372 Atqui
2407 1305 2506 1359 74
2542 1304 2682 1361 dum
2715 1311 3111 1368 annuntiatur
3140 1313 3427 1385 Christus,
3469 1318 3629 1388 quod

1972 1387 2034 1442 in
2066 1387 2228 1461 ligno
2260 1392 2505 1463 quidem
2537 1397 2857 1458 crucifixus
2889 1399 2985 1469 sit,
3025 1407 3292 1460 mortuus
3348 1387 3503 1462 vero,
3534 1424 3628 1463 re-

1971 1480 2321 1545 surrexerit,
2355 1498 2466 1538 nos
2498 1483 2558 1538 id
2591 1486 2910 1543 credimus.
2946 1490 3129 1557 Igitur
3159 1510 3266 1565 per
3286 1494 3629 1552 similitudi-

1970 1583 2111 1623 nem
2135 1568 2275 1624 fidei
2298 1571 2360 1625 in
2382 1572 2764 1644 adoptionem
2789 1577 3136 1635 devenimus
3157 1582 3631 1643 AbrahaaTunc—

1971 1674 2087 1728 que
2118 1665 2254 1730 post
2284 1660 2486 1730 fidem,
2522 1663 2801 1720 similiter
2831 1668 3036 1736 utille,
3063 1671 3333 1741 spiritale
3357 1675 3631 1747 signacu-

1970 1745 2097 1802 lum
2125 1749 2453 1821 accipimus
2478 1769 2492 1819 ;
2527 1753 2748 1824 Spiritu
2780 1762 2987 1812 sancto
3020 1776 3126 1831 per
3156 1745 3455 1819 lavacrum
3513 1764 3631 1820 cir-

1976 1838 2245 1906 cumcisi,
2274 1856 2395 1895 non
2420 1843 2687 1914 corporis
2709 1848 3068 1917 praeputium
3093 1850 3198 1905 sed
3221 1852 3440 1927 cordis,
3457 1854 3632 1925 juxta

1971 1927 2290 1983 Jeremiam
2319 1927 2646 1988 dicentem:
2666 1936 2737 1988 Et
2772 1938 3242 1993 circumcidemini
3271 1941 3377 1996 Deo
3398 1958 3630 2012 praepu-

1972 2018 2109 2071 tium
2136 2018 2316 2074 cordis
2335 2022 2505 2074 vestri
2524 2019 2589 2090 ⁸⁵,
2615 2036 2682 2076 ac
2700 2022 2876 2094 juxta
2898 2027 3249 2096 Apostolum
3307 2029 3507 2103 [cujus
3535 2031 3627 2087 ha)

1969 2105 2207 2177 voces]:
2256 2107 2321 2161 1n
2377 2109 2792 2166 circumcisione
2842 2112 3066 2182 Christi,
3113 2118 3423 2188 consepulti
3464 2118 3519 2173 ci
3568 2123 3626 2175 in

1974 2193 2245 2264 baptismo
2277 2196 2343 2263 ⁸⁸,
2377 2201 2436 2251 et
2465 2214 2597 2268 quae
2630 2207 2980 2271 sequuntur.

2043 2285 2159 2338 VII.
2195 2285 2357 2341 Hanc
2389 2286 2569 2343 fidem
2603 2289 2652 2344 si
2685 2291 3168 2361 custodierimus,
3223 2293 3627 2354 damnationis

1970 2378 2263 2446 expertes,
2294 2380 2354 2431 et
2383 2376 2720 2451 omnigenis
2749 2380 3035 2437 virtutum
3068 2384 3379 2455 speciebus
3429 2389 3620 2443 ornati

1969 2463 2208 2519 erimus.
2242 2466 2493 2521 Tantum
2526 2468 2686 2523 enim
2716 2468 2872 2524 valet
2915 2470 3083 2538 ﬁdes,
3134 2478 3202 2528 ut
3244 2480 3303 2529 et
3348 2475 3624 2532 homines

1970 2570 2150 2625 super
2177 2571 2342 2610 mare
2375 2555 2757 2613 ambulantes
2789 2559 3075 2616 sublevet.
3112 2563 3310 2619 Homo
3343 2565 3516 2622 nobis
3542 2568 3622 2623 si-

1968 2642 2128 2697 milis
2161 2650 2289 2699 erat
2315 2646 2547 2713 Petrus,
2583 2655 2653 2701 ex
2685 2665 2862 2703 carne
2895 2655 2953 2704 et
2984 2652 3272 2724 sanguine
3321 2656 3618 2727 composi-

1933 2767 1936 2771 η
1968 2736 2086 2801 tus,
2120 2732 2537 2805 similibusque
2570 2751 2639 2790 ex
2669 2736 2971 2793 alimentis
3026 2748 3360 2799 concretus.
3411 2746 3486 2800 At
3535 2746 3624 2801 di-

1968 2818 2126 2873 centi
2147 2819 2307 2889 Jesu,
2340 2822 2497 2888 Veni,
2522 2822 2795 2890 credens,
2818 2841 2998 2896 super
3017 2842 3204 2899 aquas
3217 2829 3621 2901 ambulavit”,

1967 2907 2359 2964 fundamento
2394 2911 2601 2980 quovis
2633 2912 2960 2969 ﬁrmiorem
2993 2932 3172 2988 super
3201 2920 3374 2989 aquis
3396 2920 3624 2977 habens

1971 2996 2192 3065 ﬁdem;
2226 3005 2284 3053 et
2308 3001 2561 3071 gravitas
2593 3004 2859 3075 corporis
2892 3004 3126 3060 levitate
3150 3007 3627 3067 fideiattolleba-

1970 3092 2086 3143 tur.
2112 3088 2328 3143 Verum
2344 3089 2611 3159 quandiu
2626 3092 2850 3147 credidi
2862 3100 2882 3147 t
2894 3093 3230 3164 ille,solidis
3246 3114 3426 3170 super
3437 3116 3624 3170 aquas

189 3176 518 3251 ριζὸμενον.
553 3173 734 3232 Ἀλλᾶ
767 3176 936 3251 μέχρι
972 3175 1065 3249 μὶν
1097 3173 1225 3230 ὅτου
1256 3174 1585 3278 ἐπίστευσεν,
1633 3172 1858 3278 ὑπὲριτὸ

1976 3174 2374 3233 deambulavit
2403 3178 2661 3252 vestigiis
2685 3198 2700 3246 ;
2734 3183 2974 3252 quando
3005 3201 3143 3240 vero
3165 3184 3629 3253 dubitavit,tunc

186 3264 346 3339 ὕδωρ
378 3265 534 3339 εἶχεν
564 3262 784 3341 ἀσφαλῇ
815 3265 914 3332 τὴν
966 3264 1139 3338 βάσινο
1178 3264 1268 3318 ὅτε
1311 3260 1370 3319 δὲ
1417 3260 1680 3333 ἐδίστασε,
1734 3261 1860 3318 τότε

192 3354 407 3431 ἤρξατο
483 3354 991 3425 καταποντίζεσθαι·
1077 3356 1462 3429 χαυνουμὲνης
1543 3355 1645 3430 γὰρ
1725 3354 1862 3409 κατὰ

198 3446 376 3520 μὲρος
409 3451 518 3515 τῆς
542 3443 801 3515 πίστεως,
832 3450 1239 3520 συγκατεσπᾶτο
1277 3445 1368 3501 καὶ
1421 3445 1484 3500 τὸ
1529 3448 1710 3518 σῶμα.
1762 3445 1860 3499 Καὶ

199 3531 438 3589 συνιδὼν
473 3533 641 3589 αὐτοῦ
668 3535 733 3589 τὸ
763 3536 958 3603 πάθος,
991 3530 1170 3610 ἔλεγεν
1194 3536 1223 3591 ὁ
1251 3539 1359 3590 τῶν
1397 3537 1590 3610 ψυχῶν
1618 3535 1684 3589 τὰ
1711 3537 1859 3604 πάθη

202 3621 609 3700 διορθούμενος
648 3625 862 3693 Ἰησοῦς
913 3625 1011 3697 (4)-
1074 3622 1447 3699 Ὀλιγόπιστε,
1509 3622 1587 3686 εἷς
1642 3623 1695 3677 τί
1751 3620 1859 3677 ἐδί-

204 3734 457 3782 στασαςς
496 3715 580 3769 καὶ
642 3712 836 3785 πάλιν,
894 3714 1183 3791 νευρωθεὶς
1246 3716 1350 3771 ὑπὸ
1404 3719 1501 3770 τοῦ
1557 3716 1855 3788 κρατήσαν-

210 3823 315 3865 τος
347 3804 509 3858 αὐτοῦ
532 3806 629 3874 τήν
660 3801 858 3875 δεξιὰν,
893 3804 981 3883 ἀφ’
1003 3806 1064 3859 οὗ
1086 3804 1251 3859 πάλιν
1273 3803 1566 3873 ἐπίστευσε,
1594 3825 1860 3882 χειραγω-

213 3888 487 3968 γούμενος
540 3892 645 3947 ὑπὸ
700 3896 798 3948 τοῦ
881 3891 1176 3959 Δεσπότου,
1231 3893 1324 3947 τὸν
1379 3892 1540 3948 αὐτὸν
1609 3891 1696 3947 ἐπὶ
1748 3895 1857 3945 τῶν

206 3978 419 4037 ὖδάτων
450 3976 695 4037 ἀπέλαϐε
724 3981 1042 4055 περίπατον.
1085 3985 1255 4037 Τοῦτο
1309 3981 1411 4058 γὰρ
1472 3979 1722 4057 πλαγίως
1785 3984 1859 4053 (5)

206 4068 591 4143 ἐμνημόνευσε
643 4071 709 4126 τὸ
788 4069 1149 4148 Εὗαγγὲλιον,
1210 4070 1385 4144 εἰπὸν,
1459 4070 1543 4127 ὅτι
1603 4065 1862 4129 Ἀναϐάν-

203 4181 315 4215 tu.»
378 4158 439 4216 δὲ
491 4160 669 4216 αὐτῶν
720 4161 805 4217 ἐπὶ
863 4162 927 4216 τὸ
976 4159 1197 4218 πλοῖον.
1258 4161 1335 4220 Οὔ
1387 4162 1488 4238 γὰρ
1549 4164 1717 4228 εἶπεν,
1776 4162 1859 4217 δτι

197 4245 664 4324 διακολυμϐήσας
720 4253 749 4306 ὁ
802 4253 1007 4327 Πίτρος
1065 4246 1418 4323 ἀναϐέϐηκεν·
1471 4249 1619 4311 ἀλλὰ
1670 4248 1861 4307 δίδωσι

192 4346 364 4412 νοεῖν,
398 4338 487 4395 ὅτι
517 4340 643 4395 ὅσον
672 4340 812 4410 ἦλθε
841 4341 979 4414 πρὸς
1008 4341 1102 4397 τὸν
1131 4342 1343 4412 Ἰησοῦν
1368 4338 1860 4415 διάστημα,τοσοῦ-

192 4449 290 4484 τον
323 4428 683 4503 ἐπιστρέψας,
714 4427 879 4485 πάλιν
906 4423 1072 4501 ἀνέϐη
1104 4427 1193 4485 ἐπὶ
1223 4429 1285 4485 τὸ
1325 4429 1545 4489 πλοῖον,

265 4583 317 4626 ³⁸
350 4585 521 4639 Rom.
557 4600 632 4653 ιν,
664 4585 752 4639 12.

199 4657 245 4692 ⁸⁸
269 4654 421 4711 ibid.
455 4655 545 4712 32.
632 4665 645 4673 ’

845 4583 894 4620 ⁸⁸
921 4587 1137 4642 Jerem.
1172 4602 1247 4653 ιγ,
1276 4588 1330 4643 4.

269 4780 353 4849 (1)
383 4782 789 4855 ηεριτεμεῖσθε.
822 4784 887 4838 In
921 4799 1088 4839 sacro
1120 4787 1284 4839 textu
1316 4781 1496 4855 paulo
1536 4780 1725 4855 aliter
1755 4780 1877 4855 ha-

198 4840 379 4938 betur:
406 4840 523 4938 hic.“
536 4840 703 4938 locus
728 4870 742 4909 :
773 4856 1158 4938 H‘CPIT‘A‘ISO'Q‘ES
1212 4857 1293 4938 τῶ
1316 4840 1468 4938 ΖΘεῷ
1486 4852 1706 4938 κῦμῶν,
1741 4849 1855 4938 ,καὶ

197 4922 557 5010 περιτέμεσθε
582 4925 683 5010 rip
740 4922 1183 5010 ᾳληρόκαρᾷίαν
1230 4922 1450 5010 .6361?"
1477 4922 1854 5010 ρξιέοαηιοίάα-

199 4998 340 5053 mim'
372 5002 487 5052 Deo
515 5005 714 5066 vestro,
746 5005 799 5054 et
828 4996 1306 5055 circum'cidamini
1353 4996 1627 5054 duritiam
1675 4996 1856 5051 cordis

202 5072 389 5125 vestri.

266 5143 345 5214 (2)
380 5137 845 5214 _'A_x¢1_:dyv6mroz
898 5138 1151 5214 ἒσρμεθα.
1208 5141 1274 5197 in
1331 5140 1527 5209 editis,
1590 5136 1849 5214 ὶκατάγν.

198 5208 349 5285 dirigi
377 5208 633 5283 ἰσᾶμεθαξ
668 5213 882 5285 Vocem
912 5208 1061 5285 αὐτῷ
1110 5208 1523 5284 νοεοουὶωυε,
1549 5228 1621 5267 ex
1676 5208 1850 5268 codd.

201 5283 903 5366 Co.i9i-§.oe.et0a§au>-
977 5359 1002 5366 _
1036 5283 1045 5285 ‘
1080 5358 1121 5366 -_
1232 5358 1248 5366 -
1333 5356 1343 5366 .
1564 5355 1575 5366 .

268 5357 344 5437 (3]
402 5353 765 5437 Ιξίπόγτι-τῷ
819 5356 1027 5437 Ἰησοῦ,
1058 5358 1167 5437 _lta
1218 5356 1486 5437 legimus
1562 5355 1661 5437 in.
1698 5372 1850 5437 mss.

199 5425 363 5483 Coisl.
399 5427 577 5486 Ottob
633 5425 754 5485 Roe
776 5434 837 5483 et
865 5428 1092 5484 Casaub
1127 5471 1141 5494 ,
1176 5434 1236 5485 et
1265 5425 1623 5483 mutavimus
1646 5425 1849 5482 lectio-

200 5515 327 5575 nem
359 5501 685 5575 vulgatam,
721 5517 855 5572 quae
882 5498 1018 5575 fert,
1053 5497 1417 5575 ε’πόντοςτοῦ
1441 5499 1640 5567 Ἰησοῦ.
1668 5498 1850 5575 Paulo

201 5569 434 5630 inferius
462 5569 638 5629 Vante
695 5569 1161 5644 μὲτεωριζὸμενον
1221 5572 1550 5644 adjecimus
1607 5570 1852 5625 verbum

200 5644 367 5726 ﬁve;
388 5645 571 5726 cod_d.
609 5647 732 5726 [tce
765 5650 825 5726 et
856 5644 1129 5726 casaub._
1174 5716 1186 5726 _
1566 5713 1583 5726 ‘
1608 5712 1647 5726 ῃ
1673 5714 1712 5726 υ

253 5722 324 5793 (4)
353 5721 580 5790 Ιησοῦς.
617 5715 951 5772 Servaloris
1002 5716 1189 5773 nostri
1245 5729 1467 5771 nomen
1514 5712 1854 5771 addidimus

1434 4583 1482 4620 ⁸⁸
1510 4584 1736 4641 Coloss.
1770 4601 1832 4655 n,
1864 4584 1955 4651 11,
1987 4584 2074 4638 12.

1972 3265 2150 3338 οωρὶι
2162 3265 2461 3340 submergi
2478 3266 2553 3321 '3:
2581 3268 2774 3325 laxata
2786 3271 2948 3326 enim
2966 3278 3025 3327 et
3036 3273 3382 3331 subsidente
3402 3277 3624 3332 sensim

1974 3354 2112 3422 fide,
2142 3372 2267 3410 una
2295 3372 2513 3429 corpus
2543 3357 2822 3414 deorsum
2855 3362 3219 3419 trahebatur.
3253 3366 3435 3438 Cujus
3484 3383 3621 3439 pero

1976 3447 2334 3502 turbationis
2365 3449 2638 3504 conscius
2668 3451 2857 3519 Jesus,
2891 3452 2992 3507 ille
3025 3455 3126 3525 qui
3159 3457 3498 3513 animorum
3530 3459 3628 3514 in-

1974 3536 2151 3591 timos
2181 3536 2462 3591 emendat
2490 3537 2758 3605 aﬂectus,
2801 3541 2925 3595 ait:
2980 3544 3211 3599 Modica?
3255 3547 3403 3616 ﬁdei,
3451 3565 3626 3619 quare

1972 3626 2243 3680 dubitasti
2261 3624 2474 3679 '9?Ab
2517 3642 2705 3696 eoque
2756 3628 3059 3685 dexteram
3114 3633 3244 3703 ejus
3292 3637 3629 3707 apprehen-

1972 3713 2152 3768 dente
2182 3712 2705 3784 corroboratus,ex
2731 3734 2845 3787 quo
2875 3718 3052 3775 ﬁdem
3076 3723 3418 3794 resumpsit,
3443 3740 3626 3779 manu

1972 3802 2185 3857 ductus
2217 3819 2253 3858 a
2282 3802 2555 3870 Domino,
2581 3821 2761 3876 super
2789 3823 2978 3877 aquas
3010 3814 3075 3862 ut
3103 3814 3242 3864 ante
3277 3812 3622 3867 ambulavit.

1974 3892 2039 3949 Id
2070 3892 2229 3946 enim
2253 3890 2496 3962 oblique
2530 3892 2828 3965 significat
2852 3897 3254 3969 Evangelium,
3307 3899 3448 3955 dum
3498 3902 3623 3957 ait:

1972 3980 2408 4037 Ascendentibus
2464 3986 2645 4037 autem
2697 3984 2832 4054 ipsis
2888 3986 2948 4039 in
3019 3985 3333 4043 naviculam
3361 3987 3446 4058 θος
3502 4008 3625 4049 non

1975 4071 2136 4127 enim
2160 4070 2311 4125 dixit
2340 4071 2638 4127 enatando
2670 4074 2910 4130 Petrum
2943 4076 3324 4145 ascendisse;
3383 4080 3486 4135 sed
3514 4082 3625 4138 hoc

1973 4159 2144 4217 nobis
2176 4159 2465 4226 insinuat,
2493 4160 2652 4231 quod
2685 4169 2975 4233 quantum
3019 4165 3277 4237 spatium
3306 4168 3382 4223 ad
3428 4170 3628 4228 Jesum

1975 4250 2169 4307 eundo
2201 4249 2475 4315 confecit,
2518 4252 2893 4308 tantumdem
2924 4271 3131 4311 rursus
3162 4272 3444 4314 emensus
3475 4276 3625 4316 con-

1973 4338 2207 4396 scendit
2232 4338 2593 4396 naviculam.

2179 4579 2227 4616 ⁸⁷
2256 4582 2460 4640 Matth.
2494 4600 2606 4654 XIV,
2636 4583 2728 4641 29.
2831 4585 2878 4624 ³⁸
2908 4587 3053 4646 ibid.
3084 4589 3173 4647 30.
3280 4590 3329 4627 δ’
3358 4592 3504 4649 ibid.
3534 4593 3622 4649 3i.

1967 4793 2038 4834 ex
2070 4777 2242 4835 codd.
2277 4778 2458 4833 Coisl.
2489 4777 2686 4835 Ottob.
2721 4783 2859 4849 Roe,
2894 4784 3143 4839 Casaub-
3176 4790 3235 4840 et
3263 4803 3414 4843 vers.
3479 4787 3626 4841 Gro-

1966 4849 2144 4907 decii.

2039 4925 2112 4994 (5)
2146 4917 2421 4997 Πλαχίιυς.
2456 4922 2634 4997 Εᾴἱιίγ,
2658 4919 2884 4997 ἀρτίως,
2926 4926 3107 4987 modo.
3138 4944 3336 4997 nuper.
3372 4930 3442 4983 At
3477 4928 3625 4997 scri-

1966 4992 2142 5066 ptura
2171 4992 2343 5066 codd.
2376 4993 2555 5049 Coisl.
2591 4992 2785 5050 Ottob.
2824 4997 2942 5051 Boe
2978 5002 3037 5052 et
3065 4992 3312 5053 Casaub.
3349 5005 3458 5066 est,
3481 4995 3628 5052 πλα-

2004 5064 2116 5130 ίως,
2150 5064 2370 5139 oblique
2394 5080 2407 5117 :
2444 5081 2583 5139 quas
2603 5067 2997 5122 conﬁrmatur
3019 5085 3089 5123 ex
3112 5064 3523 5139 sequentibus,
3550 5066 3627 5125 δί-

1997 5156 2096 5191 ωσι
2128 5138 2296 5190 νοεῖν.
2329 5137 2454 5191 Non
2489 5137 2659 5218 enir_n_
2683 5139 2938 5218 Cyrillus
2969 5137 3211 5218 utireni
3245 5141 3308 5197 in
3365 5145 3623 5218 Evange-

1962 5210 2063 5266 liis
2089 5208 2313 5289 claram
2364 5223 2431 5262 ac
2464 5208 2856 5289 manifestam
2906 5210 3095 5289 docet,
3157 5213 3397 5289 Petrum
3447 5208 3629 5289 super

1962 5280 2397 5359 aquas_iterum
2427 5280 2793 5359 ambulasse,
2824 5283 2967 5359 dum
2997 5284 3072 5339 ad
3099 5284 3396 5358 navigium
3422 5304 3492 5342 ex
3509 5280 3626 5359 quo

1961 5351 2323 5426 prosilierat,
2350 5352 2673 5426 revertitur
2706 5373 2720 5418 ;
2750 5354 2856 5426 sed
2874 5354 2971 5426 uti
3003 5372 3131 5410 rem
3167 5351 3399 5413 tantum
3423 5376 3456 5414 a
3480 5351 3630 5416 Séri-

2006 5432 2139 5480 tura
2157 5421 2762 5503 obliqueindicatam.
2786 5425 2979 5503 _Alias,
3003 5427 3346 5503 hujusmodi
3373 5433 3631 5503 Evange-

1989 5498 2111 5552 ium
2139 5510 2258 5549 non
2309 5492 2542 5548 Videtur
2601 5501 2737 5551 ante
2786 5492 3349 5557 hanc'cat'echesim
3405 5492 3628 5559 lectum

1961 5570 2167 5630 fuisse,
2205 5581 2384 5648 quam
2418 5565 2537 5648 alia
2569 5582 2637 5648 ex
2671 5568 2936 5648 Epistola
2993 5571 3066 5648 a_d
3118 5573 3395 5648 Hebraeos
3448 5574 3627 5648 lectio

1964 5636 2545 5763 prmc7essit.9Eodem
2579 5636 2864 5711 loqu—endi
2901 5643 3076 5699 modo
3132 5646 3323 5701 utitur
3369 5646 3625 5719 Cyrillus

1964 5717 2077 5767 cat.
2154 5752 2166 5765 .
2200 5725 2261 5763 n.
2339 5750 2349 5762 .

1964 5725 2077 5770 cat.
2113 5725 2166 5765 ’1.
2200 5725 2261 5763 n.
2297 5725 2349 5762 ν.
