3974 6384
411 374 532 436 555

1477 375 1544 435 S.
1590 372 1907 435 CYRILLI
1953 371 2373 436 HIEROSOL.
2417 376 2788 440 ARCHIEP.

411 525 514 566 cor
542 507 805 564 hominis
834 507 878 544 ⁸³
939 507 1143 562 datum
1202 511 1328 562 est:
1377 512 1434 561 et
1462 506 1724 562 Bacchus
1783 524 1890 579 pro
1950 507 2042 561 Det

2182 500 2344 574 ἐδόθη
2381 507 2476 577 (3),
2504 504 2596 561 ’ἱνα
2649 507 2908 587 εὐφραίνῃ
2968 509 3187 586 καρδίαν
3249 514 3546 591 ἀνθρώπου·
3575 521 3655 576 καὶ
3681 527 3782 582 Διό.

412 603 504 655 est
550 597 849 654 adoratus.
911 598 1301 652 Frumentum
1361 596 1503 652 fecit
1560 596 1735 664 Deus,
1771 595 2070 651 dicendo:

409 685 688 744 Producat
712 693 860 740 terra
889 686 1114 740 herbam
1143 687 1283 754 feni,
1312 685 1678 740 seminantem
1707 701 1886 740 semen
1899 685 2077 755 juxta

411 791 583 848 genus
614 792 770 831 suum
801 782 854 829 et
882 773 1308 829 similitudinem
1337 775 1418 842 ³²;
1453 780 1519 829 ut
1546 773 1719 846 panis
1751 791 1853 829 cor
1882 775 2076 828 homi-

413 867 510 922 nis
541 861 1010 921 confirmaret”.
1035 863 1347 918 Undenam
1371 863 1551 936 igitur
1570 864 1744 918 Ceres
1777 863 2021 918 adorata
2049 863 2076 918 ?

415 956 576 1030 Ignis
608 972 677 1010 ex
701 953 967 1025 lapidum
991 953 1305 1008 collisione
1339 953 1400 1007 in
1433 953 1591 1008 diem
1625 969 1813 1024 usque
1844 953 2075 1008 hodier-

413 1061 560 1102 num
593 1043 867 1100 elicitur:
901 1041 1061 1098 unde
1084 1042 1264 1115 igitur
1293 1041 1590 1097 Vulcanus
1612 1042 1768 1116 ignis
1792 1041 2076 1098 effector?

481 1220 578 1280 XI.
612 1223 779 1279 Unde
808 1222 911 1277 ille
937 1223 1280 1276 Graecorum
1314 1220 1374 1275 in
1406 1220 1522 1275 diis
1553 1219 1824 1292 pluribus
1857 1236 2022 1275 error
2049 1219 2078 1275 ‘I

411 1314 805 1386 lncorporeus
839 1313 994 1367 Deus
1027 1316 1116 1365 est
1143 1327 1156 1364 :
1191 1310 1347 1365 unde
1377 1309 1557 1382 igitur
1587 1315 1791 1380 stupra
1823 1315 1880 1363 et
1905 1309 2073 1364 adul-

407 1405 552 1461 teris
573 1403 693 1458 illis
708 1403 808 1474 qui
836 1401 993 1473 apud
1019 1418 1118 1456 eos
1134 1399 1414 1455 dicuntur
1438 1399 1516 1453 dii
1538 1400 1636 1470 (1),
1658 1399 2076 1470 imputantur?

406 1496 590 1551 Taceo
621 1493 774 1549 Jovis
797 1493 858 1546 in
890 1508 1145 1563 cycnum
1180 1490 1711 1544 transmutationes
1741 1508 1753 1554 ;
1787 1488 2070 1543 transfor-

410 1585 705 1639 mationes
739 1583 798 1637 in
832 1587 1067 1635 taurum
1101 1580 1387 1634 erubesco
1412 1579 1696 1633 referens.
1732 1579 1880 1633 Sunt
1910 1578 2072 1633 enim

408 1674 528 1728 Deo
560 1672 787 1744 indigni
811 1671 1091 1742 mugitus.
1119 1669 1367 1723 Adulter
1387 1669 1794 1741 deprehensus
1818 1676 1908 1723 est
1929 1686 2072 1724 suus

411 1764 749 1818 Graecorum
781 1761 948 1829 deus,
981 1775 1091 1815 nec
1121 1761 1281 1832 ipsos
1314 1759 1495 1832 pudet
1521 1777 1532 1827 ;
1558 1776 1696 1814 nam
1732 1760 1779 1813 si
1816 1759 2068 1828 adulter,

2181 613 2342 657 νυσος
2387 593 2503 649 ἀντὶ
2563 600 2696 651 Θεοῦ
2753 601 3162 673 προσεκυνήθη.
3219 608 3377 658 Σῖτον
3410 606 3585 670 ὁΘεὸς
3636 610 3782 689 εῗργά.

2182 702 2310 736 σατο
2369 679 2458 737 διὰ
2512 688 2610 739 τοῦ
2668 684 2837 741 εἰπεῖν
2872 703 2887 716 ·
2948 689 3283 766 Ἐξαγαγέτω
3358 694 3392 761 ἡ
3461 701 3527 770 γῆ
3585 679 3781 773 βοτάνην

2181 771 2388 845 χόρτου
2421 817 2437 843 ,
2497 779 2718 850 σπεῖρον
2811 775 3026 850 σπέρμα
3108 781 3245 834 κατᾶ
3318 783 3468 856 γένος
3547 771 3630 840 καὶ
3693 771 3784 845 καθ’

2182 861 2491 933 ὁμοιότητα
2525 908 2538 933 ,
2586 862 2679 918 ἵνα
2734 865 2896 940 ἄρτος
2957 867 3184 942 στηρίσῃ
3237 868 3457 945 καρδίαν
3518 874 3783 952 ἀνθρώπου·

2180 951 2270 1004 καὶ
2302 951 2464 1005 πόθεν
2501 955 2536 1022 ἡ
2573 955 2842 1030 Δήμητρα
2901 960 3282 1030 προσεκυνήθη
3321 978 3334 1018 :
3392 963 3463 1017 Τὸ
3517 951 3620 1041 πῦρ
3643 965 3694 1022 ἐκ
3716 965 3784 1022 λί-

2183 1049 2289 1103 θων
2325 1041 2706 1116 συγκρούσεως
2763 1043 3040 1120 ἐξέρχεται
3103 1049 3270 1123 μέχρι
3327 1051 3580 1128 σήμερον·
3611 1054 3689 1111 καὶ
3711 1058 3785 1114 πός

2181 1137 2266 1192 θεν
2299 1135 2622 1206 *Πφαιστος,
2653 1134 2825 1208 πυρὸς
2858 1136 3097 1206 ποιητής
3130 1155 3143 1206 ;

2252 1220 2358 1274 IA'.
2398 1220 2567 1274 [ἶύθεν
2585 1223 2618 1290 ή
2651 1221 2920 1284 πολύθεος
2948 1223 3128 1296 πλάνη
3152 1229 3261 1281 τῶν
3296 1227 3573 1300 Ἑλλήνων
3602 1251 3616 1301 ;
3642 1234 3781 1292 ’Δσώ-

2185 1327 2354 1379 ματος
2412 1310 2440 1363 6
2499 1310 2654 1373 Θεός’
2714 1315 2805 1366 καὶ
2881 1312 3042 1378 πόθεν
3098 1322 3323 1390 μοιχεῖα
3378 1320 3522 1396 παρὰ
3569 1327 3675 1385 τοῖς
3718 1325 3784 1380 ὑπ’

2179 1397 2357 1451 αὐτῶν
2389 1396 2711 1472 λεγομένοις
2771 1402 2913 1463 θεοῖς
2971 1409 3408 1479 κατηγοροῦνται
3443 1427 3456 1477 ;
3499 1415 3684 1466 Σιωπῶ
3707 1414 3779 1476 τὰς

2181 1487 2310 1551 Διὸς
2371 1487 2446 1549 εἷς
2507 1488 2702 1543 κύκνον
2767 1488 3096 1563 μεταϐολάς,
3145 1493 3478 1569 αἰσχύνομαι
3527 1495 3687 1574 λέγων
3710 1501 3780 1562 τὰς

2181 1575 2258 1638 εἷς
2288 1581 2484 1651 ταῦρον
2551 1582 3030 1658 μεταμορφώσεις
3067 1582 3254 1652 ἀνάξια
3310 1585 3411 1659 γὰρ
3469 1591 3595 1641 Θεοῦ
3624 1589 3683 1642 τὰ
3707 1610 3783 1662 μυ·

2177 1667 2419 1738 κήματα.
2456 1669 2672 1742 Μοιχὸς
2705 1669 2732 1722 6
2765 1671 2891 1744 παρ’
2911 1668 3150 1742 Ἕλλησι
3175 1673 3296 1734 θεὸς
3327 1673 3580 1749 ηὕρηται,
3608 1677 3685 1732 καὶ
3707 1678 3781 1733 οὐκ

2178 1755 2476 1810 αιδοῦνται’
2512 1756 2557 1811 εί
2596 1758 2696 1832 γὰρ
2747 1761 2949 1834 μοιχός
2977 1759 3084 1814 ἐστι
3119 1806 3136 1832 ,
3197 1763 3328 1827 Θεὸς
3358 1765 3433 1837 μὴ
3462 1763 3682 1821 καλείσω
3707 1769 3781 1840 (4).

410 1857 520 1920 est,
553 1853 709 1908 Deus
742 1868 818 1906 ne
853 1857 1093 1906 vocetur
1112 1851 1175 1907 ³⁸.
1233 1852 1482 1905 Suorum
1512 1867 1748 1922 quoque
1782 1867 1930 1921 quos
1964 1867 2036 1922 ap

2180 1846 2280 1900 Καὶ
2317 1845 2600 1915 θανάτους,
2632 1849 2721 1901 καὶ
2779 1847 3148 1921 ἀποπτώσεις,
3199 1851 3291 1907 καὶ
3347 1854 3682 1928 κεραυνώσεις
3701 1861 3779 1912 τῶν

407 1943 638 2017 pellant
669 1943 916 1998 deorum
950 1948 1009 1998 et
1037 1947 1282 2009 mortes,
1316 1946 1372 1995 et
1405 1958 1598 2009 casus,
1624 1947 1681 1995 et
1709 1941 2072 1996 fulminatio-

407 2049 515 2090 nes
543 2037 810 2088 narrant.
845 2033 1020 2088 Vides
1048 2038 1274 2103 quanta
1321 2031 1395 2086 de
1441 2033 1756 2102 majestate
1794 2048 2067 2102 quonam

404 2121 818 2179 devenerint“5
841 2123 867 2177 ?
925 2121 1204 2194 Nunquid
1237 2121 1414 2194 igitur
1447 2121 1574 2176 sine
1606 2137 1785 2176 causa
1815 2121 1887 2176 de
1921 2120 2066 2176 coelo

401 2212 714 2268 descendit
745 2212 927 2267 Filius
989 2212 1113 2281 Dei,
1145 2216 1213 2266 ut
1245 2216 1477 2266 tantum
1509 2211 1724 2266 vulnus
1775 2217 2011 2266 sanaret
2041 2212 2068 2266 ‘I

398 2301 699 2357 frustrane
731 2301 895 2356 venit
924 2301 1129 2361 Filius.
1154 2306 1222 2355 ut
1251 2302 1425 2354 Pater
1455 2301 1928 2372 agnosceretur?
1959 2301 2067 2356 Co—

402 2390 619 2462 gnosti,
642 2389 786 2460 quid
811 2389 1193 2461 Unigenitum
1213 2390 1482 2457 moverit,
1506 2395 1626 2444 uta
1649 2389 1878 2444 dextris
1921 2389 2071 2444 sedi-

401 2477 515 2534 bus
545 2477 955 2534 descenderet.
991 2480 1164 2533 Pater
1190 2478 1662 2550 despiciebatur:
1690 2479 1954 2550 oportuit
1982 2495 2068 2534 er-

409 2583 606 2623 rorem
639 2583 744 2638 per
769 2567 984 2622 Filium
1031 2567 1356 2622 emendari.
1393 2568 1665 2639 Oportuit
1696 2568 1857 2622 enim
1908 2584 2064 2635 eum,

406 2673 514 2730 per
527 2672 704 2728 quem
725 2657 880 2713 facta
894 2662 1034 2712 sunt
1051 2658 1272 2726 omnia,
1289 2657 1648 2713 dominatori
1669 2659 1933 2712 omnium
1951 2673 2071 2712 om-

407 2745 510 2802 nia
561 2747 793 2802 offerre.
832 2746 1153 2818 Oportebat
1202 2747 1416 2803 vulnus
1473 2748 1688 2802 curari.
1725 2747 1874 2813 Quid
1907 2747 2067 2802 enim

405 2837 518 2892 hoc
535 2836 744 2893 morbo
767 2837 1030 2893 deterius
1050 2842 1194 2905 erat,
1210 2837 1440 2908 utlapis
1452 2855 1559 2908 pro
1587 2838 1704 2892 Deo
1729 2836 2023 2891 coleretur
2042 2835 2070 2892 ?

867 2927 973 2982 94
1013 2927 1104 2981 DE
1147 2927 1558 2982 HIEBESIBUS
1586 2968 1600 2981 .

475 3017 604 3072 XII.
637 3019 754 3072 Nec
811 3016 1002 3072 solum
1066 3016 1224 3088 apud
1255 3017 1508 3089 gentiles
1562 3015 1767 3070 isthmc
1819 3015 2067 3087 pervicit

406 3103 924 3170 diabolus,verum
945 3106 1122 3161 etiam
1155 3111 1214 3161 et
1241 3105 1415 3161 multi
1449 3123 1516 3160 ex
1538 3105 1608 3160 iis
1624 3105 1723 3176 qui
1746 3105 2062 3160 Christiani

393 3192 546 3249 falso
580 3193 882 3260 dicuntur,
929 3195 1485 3249 suaveolentissimo
1542 3194 1756 3249 Christi
1816 3194 2061 3250 nomine

399 3283 557 3340 male
589 3283 892 3355 appellati,
915 3286 1099 3339 Deum
1124 3285 1464 3340 acreaturis
1488 3285 1611 3338 suis
1634 3285 1814 3355 impie
1838 3283 2058 3340 abalie-

393 3389 543 3430 nare
574 3379 714 3429 sunt
743 3375 870 3430 ausi
903 3376 980 3446 (2)
1015 3375 1334 3430 Hmreticos
1394 3373 1547 3441 dico,
1581 3374 1825 3428 infausti
1860 3374 2057 3429 nomi-

395 3463 513 3533 nis,
542 3468 602 3518 et
629 3481 664 3520 a
685 3465 802 3519 Deo
833 3465 1236 3521 alienissimos
1271 3465 1449 3531 viros,
1483 3464 1583 3536 qui
1635 3480 1696 3518 se
1745 3463 1962 3519 Christi
1991 3480 2055 3520 a-

396 3559 655 3610 matores
678 3570 812 3609 cum
836 3555 1140 3622 simulent,
1166 3555 1363 3627 ipsum
1396 3561 1595 3610 tamen
1626 3555 1868 3626 penitus
1919 3553 2054 3608 odio

395 3640 818 3716 insequuntur.
855 3645 1000 3700 Nam
1034 3644 1135 3716 qui
1166 3646 1402 3700 Patrem
1420 3644 1636 3700 Christi
1668 3643 2054 3714 conviciatur,

2181 1935 2306 2009 παρ’
2339 1934 2523 1998 αὐτοῖς
2587 1935 2807 2013 λέγουσι
2865 1939 3022 1997 θεῶν.
3077 1938 3311 2004 Βλέπεις
3363 1941 3422 1998 ἐκ
3475 1943 3633 1999 πόσου
3663 1946 3780 2021 μεγὲ-

2183 2025 2307 2085 θους
2338 2028 2442 2078 ποῦ
2473 2024 2913 2096 κατεληλύθασιν
2952 2049 2965 2099 ;
2997 2030 3087 2098 Μὴ
3119 2051 3170 2085 τι
3207 2033 3309 2108 ἄρα
3342 2032 3510 2106 μάτην
3542 2035 3653 2097 Υἱὸς
3677 2040 3776 2090 Θεοῦ

2179 2114 2445 2183 κατῆλθεν
2481 2113 2531 2185 ἐξ
2582 2116 2836 2191 οὐρανοῦ,
2863 2115 2952 2171 ἵνα
3009 2123 3082 2189 (5)
3137 2121 3202 2174 τὸ
3261 2126 3582 2192 τηλικοῦτον
3611 2128 3777 2198 τραῦμα

2182 2204 2480 2278 θεραπεύσῃ
2513 2224 2526 2274 ;
2565 2207 2639 2278 μή
2671 2227 2722 2260 τι
2786 2209 2963 2279 μάτην
3021 2208 3190 2277 ἦλθεν
3227 2211 3255 2265 6
3286 2212 3430 2282 Υἱὸς,
3471 2210 3556 2268 ἵνα
3584 2215 3609 2268 6
3633 2214 3773 2283 Πατήρ

2179 2293 2492 2368 ἐπιγνωσθῇ
2528 2313 2540 2363 ;
2595 2297 2886 2371 Ἐπὲγνως,
2913 2297 2966 2351 τί
3019 2296 3265 2369 ἐκίνησεν
3317 2299 3377 2356 ἆκ
3408 2299 3586 2373 δεξιῶν
3615 2303 3771 2378 θρόνων

2178 2383 2456 2448 κατελθεῖν
2511 2385 2604 2440 τὸν
2663 2387 2976 2461 Μονυγενῆ.
3037 2391 3229 2466 Πατήρ
3287 2397 3666 2467 κατεφρονεῖτο,
3698 2386 3774 2447 ἔδει

2182 2473 2305 2527 Υἱὸν
2339 2471 2736 2548 διορθώσασθαι
2769 2477 2867 2544 τήν
2915 2477 3155 2548 πλάνην
3219 2477 3325 2535 ἔδει
3383 2482 3482 2558 γὰρ
3528 2482 3628 2553 τὸν,
3657 2479 3709 2536 δι’
3733 2480 3776 2534 οὗ

2182 2561 2398 2638 ἐγένετο
2427 2563 2494 2618 τὰ
2523 2563 2716 2634 πάντα,
2778 2570 2857 2637 τῷ
2915 2567 3160 2643 Δεσπότῃ
3220 2568 3328 2624 τῶν
3395 2572 3622 2626 ἁπάντων
3650 2569 3779 2646 πρόσ-

2183 2656 2410 2723 ενεγκεῖν
2470 2651 2536 2706 τὰ
2592 2653 2786 2709 πάντα.
2844 2650 2992 2709 Ἔδει
3051 2659 3451 2730 θεραπευθῆναι
3501 2660 3558 2714 τὸ
3594 2661 3775 2732 τραῦμα.

2179 2740 2246 2797 Τί
2273 2741 2378 2816 γὰρ
2408 2741 2476 2809 ἦν
2508 2741 2712 2813 ταύτης
2738 2749 2837 2812 τῆς
2870 2743 3040 2798 νόσου
3076 2756 3295 2820 χεῖρον,
3324 2747 3410 2802 ἳνα
3442 2747 3583 2809 λίθος
3611 2751 3668 2821 (6)
3693 2744 3773 2799 ἂντί

2180 2833 2315 2885 Θεοῦ
2346 2842 2698 2906 προσκυνηθῃ
2733 2849 2746 2900 ;

2661 2923 2823 2977 nam
2861 2924 3222 2984 AlPEZEQN
3266 2931 3362 2995 (7).

2250 3009 2353 3066 IB'.
2388 3009 2486 3063 Καὶ
2529 3009 2594 3063 οὐ
2658 3009 2826 3082 μόνον
2885 3008 2938 3065 ἐν
2993 3016 3110 3074 τοῖς
3172 3013 3410 3078 ἐθνικαῖς
3463 3011 3762 3090 ἐπηγωνίσατο

2175 3104 2342 3153 ταῦτα
2401 3099 2428 3152 6
2489 3093 2770 3162 διάϐολος·
2829 3097 2975 3154 ἀλλᾶ
3011 3100 3112 3176 γὰρ
3146 3100 3262 3174 ἤδη
3317 3104 3407 3159 καὶ
3462 3101 3636 3158 πολλοὶ
3682 3102 3762 3154 τῶν

2175 3188 2514 3264 Χριστιανῶν
2546 3184 2758 3261 ψευδῶς
2813 3185 3159 3264 λεγομένων,
3193 3198 3303 3248 τῶν
3354 3199 3429 3266 τῷ
3475 3188 3762 3259 οὖωδεστάτῳ

2173 3278 2409 3348 Χριστοῦ
2440 3276 2662 3350 ὀνόματι
2718 3283 2900 3341 κακῶς
2958 3286 3518 3358 προσαγορευομένων,
3559 3277 3753 3348 ἐτόλμη.

2170 3390 2263 3422 σαν
2290 3363 2500 3430 ἀσεϐῶς
2529 3366 2981 3442 ἀπαλλοτριῶσαι
3006 3372 3098 3426 τὸν
3131 3374 3268 3429 Θεὸν
3297 3380 3404 3430 τῶν
3433 3370 3609 3429 οἰκείων
3625 3387 3758 3435 ποιη-

2170 3459 2376 3532 μάτων.
2411 3456 2553 3514 Τοὺς
2581 3462 2688 3511 τῶν
2723 3459 3011 3534 αἱρετικῶν
3053 3459 3202 3536 λέγω
3263 3463 3475 3530 παῖδας,
3524 3454 3758 3520 1:05:39:-

2167 3549 2420 3621 ωνύμους
2453 3547 2544 3602 καὶ
2605 3549 2960 3621 άθεωτάτους,
3021 3556 3524 3628 προσποιουμένους
3553 3551 3630 3624 μὲν
3656 3548 3760 3600 εἶναι

2167 3636 2588 3714 φιλοχρίστους,
2643 3637 3037 3713 μισοχρίστους
3077 3637 3133 3695 δὲ
3178 3643 3484 3705 παντελῶς·
3522 3637 3651 3714 ὁγὰρ
3688 3634 3757 3688 τὸν

470 3771 514 3807 ⁸¹
550 3771 704 3828 Psal.
739 3786 863 3841 σειν
902 3774 988 3830 15.
1065 3771 1113 3806 ⁸³
1146 3773 1289 3828 Gen.
1322 3787 1363 3840 ι,
1398 3773 1483 3828 ll.
1560 3769 1608 3806 ⁸³
1637 3771 1792 3829 Psal.
1828 3788 1944 3837 alii,
1979 3774 2042 3825 15

2180 3769 2189 3803 ⁸
2227 3767 2354 3823 Vid.
2389 3773 2496 3822 cat.
2536 3767 2622 3835 l3,
2655 3783 2715 3822 n.
2748 3767 2838 3820 37.
2915 3767 2962 3802 ⁸⁵
2999 3769 3126 3824 Vid.
3162 3779 3275 3828 cat.
3312 3777 3397 3842 12,
3427 3789 3483 3828 n.
3509 3773 3537 3825 6
3565 3773 3614 3824 et
3638 3768 3704 3819 l5.

473 3889 550 3959 (1)
586 3889 737 3944 Unde
766 3887 1074 3960 adulteria,
1105 3893 1218 3960 etc.
1251 3889 1394 3942 Tota
1431 3904 1798 3960 paganorum
1832 3887 2059 3942 theolo-

397 3958 496 4032 gia
521 3958 753 4032 smpris.
773 3966 836 4015 et
855 3959 1166 4032 adulteriis
1189 3958 1450 4014 deorum
1468 3958 1855 4032 recensendis
1876 3975 2059 4013 occu-

399 4030 914 4102 paturJupiterin
948 4047 1202 4102 cycnum
1231 4032 1686 4086 transformatus
1709 4031 1971 4102 fingitur,
1998 4034 2064 4082 ut

397 4099 696 4174 potiretur
728 4099 911 4167 Leda;
938 4099 1001 4155 in
1033 4108 1294 4167 taurum,
1317 4099 2058 4174 utEuropa.Mortes_deo~

394 4171 530 4228 rum
548 4173 722 4227 variae
753 4179 1328 4235 commemorantur,
1353 4180 1418 4227 ut
1435 4171 1695 4229 Cas-toris
1718 4179 1777 4226 et
1803 4171 2060 4226 Pollucis

437 4243 498 4296 ui
529 4243 777 4298 altrenis
810 4244 959 4298 mori
985 4250 1043 4298 et
1062 4243 1252 4299 vivere
1285 4244 1669 4310 dicebantur;
1702 4243 1968 4297 Herculis
1999 4243 2060 4297 in

481 4318 590 4366 tceo
644 4320 847 4368 monte
906 4317 1305 4382 concremati;
1339 4316 1592 4371 Osiridis
1627 4332 1658 4370 a
1689 4315 1869 4370 fratre
1903 4315 2055 4369 inte—

392 4384 608 4455 rempti
635 4404 649 4451 ;
687 4384 974 4457 Adonidis
1005 4388 1078 4441 ab
1109 4402 1251 4457 apro
1281 4387 1498 4454 occisi;
1531 4393 1597 4443 ut
1625 4387 1893 4441 omittam
1917 4386 2052 4441 deo-

391 4471 525 4528 rum
559 4455 832 4528 sepulcra
854 4474 984 4527 quas
1018 4455 1240 4528 pass—im
1281 4460 1340 4513 in
1375 4459 1589 4513 Graecis
1621 4458 1868 4512 urbibus
1899 4458 2053 4513 vise-

2169 3882 2989 3961 hasreticosinfra-numerat.
3023 3903 3078 3940 n.
3115 3889 3183 3961 lgi-
3215 3895 3275 3945 et
3307 3906 3487 3961 seqq.,
3518 3886 3755 3942 Simonem

2170 3957 2421 4042 assum,
2482 3955 2850 4042 (Ξςτίηίέιιυιη-
2913 3959 3333 4042 ἕθεειιάτυυιε
3371 3955 3751 4042 ,ωροοτειςξξπι

2170 4023 2476 4100 Εβῖοηεῐῐι,
2510 4028 2886 4093 Marcionem,
2913 4028 3259 4100 Basilidem,
3290 4023 3750 4100 Valentinum.Ma'

2170 4097 2432 4174 nichaaos
2467 4113 2478 4150 :
2513 4114 2661 4168 quos
2693 4115 2811 4174 una
2842 4115 2976 4154 cum
3008 4097 3286 4171 pluribus
3303 4105 3434 4160 aliis
3463 4102 3557 4174 qui
3584 4099 3751 4174 creato-

2169 4185 2294 4246 rem
2328 4163 2580 4246 alterum
2623 4163 3064 4246 confinxerunt,
3117 4175 3176 4228 in
3241 4163 3496 4246 primum
3537 4184 3680 4246 suum
3703 4163 3754 4218 de

2169 4241 2582 4294 haereticorum
2614 4241 2834 4297 fabulis
2863 4242 3084 4299 librum
3115 4241 3372 4302 contulit
3399 4244 3754 4302 Theodoretus.

2239 4314 2312 4381 (3)
2367 4309 2527 4371 Οἶνος
2589 4309 2781 4377 ἐδόθη.
2845 4315 3205 4373 Sustulimus
3262 4337 3331 4374 ex
3384 4317 3546 4373 codd.
3598 4307 3754 4381 Οοίεὶιν

2167 4385 2306 4468 Boe.
2337 4384 2583 4438 Casaub.
2621 4391 2681 4439 et
2708 4385 2879 4439 Grod.
2916 4389 3273 4468 particulam
3304 4390 3406 4468 γάρ
3437 4390 3494 4443 in
3524 4384 3673 4443 editis
3696 4380 3759 4468 in:

2167 4459 2256 4510 ter
2276 4456 2381 4510 has
2398 4472 2567 4539 voces
2592 4473 2903 4539 perperam
2917 4453 3332 4539 interpositam
3349 4453 3521 4539 Linea
3541 4453 3757 4539 sequnenli

387 4525 801 4593 bantur,’adeo
821 4525 889 4583 ut
906 4525 1130 4600 templa
1151 4529 1399 4586 deorum
1431 4532 1553 4585 fere
1587 4536 1787 4585 essent
1812 4529 2052 4584 illorum
2085 4533 2131 4596 D
2165 4544 2384 4600 nomen
2409 4525 2665 4589 Διόνυσος
2700 4525 3092 4600 ascripsimus
3123 4549 3194 4587 ex
3225 4534 3393 4590 codd.
3429 4525 3628 4600 Ottob.;
3651 4527 3760 4600 ῌοθι

387 4605 798 4674 monumenta.
838 4601 900 4654 V.
927 4601 1108 4656 Clem.
1144 4601 1307 4658 Alex.
1361 4604 1962 4674 Protrepticipag.77187
1994 4608 2052 4657 et

383 4669 472 4725 24.
505 4675 693 4728 Casus
721 4689 789 4726 ex
813 4679 1058 4728 exaucto
1089 4675 1319 4730 ationes
1349 4669 1595 4728 deorum
1619 4674 1682 4727 in
1712 4669 1927 4728 fabulis
1951 4673 2039 4728 le-

421 4748 603 4816 u‘ntur
648 4743 851 4816 multae
891 4761 904 4799 :
939 4744 1081 4800 lei
1114 4762 1148 4801 a
1177 4746 1431 4801 Saturno
1465 4745 1699 4816 exjecti',
1733 4745 1970 4800 Saturni
2004 4761 2038 4800 ει

381 4757 603 4868 ﬁuntur
648 4757 851 4799 multae
891 4761 904 4799 :
939 4757 1081 4800 Cum
1114 4762 1148 4801 a
1177 4757 1431 4801 Saturno
1465 4757 1699 4816 exJecti,
1733 4757 1970 4800 Saturni
2004 4761 2037 4800 ει

426 4813 505 4869 lio
536 4815 672 4896 Jove
703 4815 766 4899 _in
797 4823 987 4872 terras
1018 4817 1204 4899 pulsi,
1223 4817 1468 4899 Vulcani
1503 4817 1573 4899 de
1605 4817 1750 4899 cmlo
1783 4817 1844 4899 in
1878 4817 2037 4898 Lem-

381 4901 525 4970 num
561 4886 1230 4970 insulam‘praacipitati,
1261 4889 1558 4970 Apollinis
1604 4895 1662 4970 et
1691 4889 1944 4970 Neptuni
1965 4888 2037 4970 Ain

383 4958 560 5013 terris
579 4958 981 5015 exsulantium
1004 4958 1062 5015 et
1085 4958 1469 5016 Laomedonti
1497 4960 1902 5026 servientium,
1924 4965 2034 5016 etc.

375 5027 649 5103 Fulmine
665 5049 992 5103 percussus
1021 5037 1110 5087 est
1139 5049 1174 5087 a
1199 5033 1335 5088 Jove
1364 5031 1754 5103 IEsculapius.
1793 5032 2039 5086 Zoroas-

377 5103 500 5154 tres
531 5099 839 5158 dicebatur
869 5103 1242 5168 fulminatus,
1277 5108 1336 5156 et
1374 5119 1505 5158 eam
1537 5099 1618 5158 ob'
1641 5119 1881 5158 causam
1916 5109 2039 5159 tan-

377 5184 558 5245 quam
589 5172 694 5226 Dei
744 5174 975 5230 amicus
1008 5175 1231 5245 templo
1278 5180 1335 5229 et
1368 5175 1469 5229 Dei
1501 5175 1745 5229 nomine
1778 5191 1811 5229 a
1841 5176 2039 5230 Persis

375 5238 822 5321 honoratus,_ex_
847 5238 1435 5321 pseudo-Clemente,
1465 5246 1893 5321 Clementinar,
1927 5247 2035 5321 h_o-

375 5309 504 5366 mil.
537 5315 590 5381 9,
623 5329 680 5367 n.
802 5309 1084 5386 idemque
1115 5317 1179 5371 in
1208 5309 1440 5372 casteris
1469 5318 1720 5373 fulmine
1766 5309 1899 5373 ictis
1929 5319 2036 5373 ob-

375 5389 693 5459 servatum.
719 5385 962 5440 lbidem.
994 5385 1142 5441 Vide
1175 5393 1235 5442 et
1263 5391 1543 5459 Recognit.
1570 5389 1671 5444 lib.
1705 5405 1776 5456 iv,
1817 5407 1876 5444 n.
1907 5391 1962 5446 8.

445 5453 515 5534 (ξ)
547 5455 724 5534 Deum
751 5473 786 5534 ᾳ
813 5459 1079 5534 creaturis
1139 5462 1248 5516 suis
1306 5453 1476 5531 impie
1532 5453 1852 5534 abalienare
1906 5469 2036 5516 sunt

365 5525 508 5579 ausi.
545 5525 612 5597 _Id
642 5531 733 5581 est
762 5527 826 5582 in
889 5527 1144 5584 alterum
1201 5525 1527 5597 auctorem,
1567 5533 1665 5588 Dei
1727 5538 2033 5589 creaturas

365 5595 722 5686 transferre:
746 5615 846 5686 eas
877 5599 1008 5686 sive
1030 5601 1103 5657 ab
1145 5604 1399 5686 angelis,
1436 5595 2032 5686 siv'eadiabolo,sive

472 5670 647 5723 tertio
681 5670 937 5746 quodam
969 5673 1108 5742 Deo,
1142 5670 1255 5746 qui
1269 5675 1492 5733 bonum
1523 5677 1681 5732 inter
1710 5682 1769 5730 et
1799 5670 2029 5732 malum

363 5741 581 5826 ﬁcum
608 5741 843 5800 medius
871 5749 1049 5814 esset,
1082 5741 1310 5804 oréatas
1355 5765 1641 5806 asserere.
1675 5749 1791 5805 Hos
1833 5765 2043 5805 omnes

2163 4599 2433 4665 Casaub.,
2462 4617 2570 4654 ms.
2599 4595 3012 4670 Genovefamo,
3034 4606 3375 4660 etversione
3400 4595 3760 4670 GrodecithGO

2157 4671 2417 4758 nominis
2449 4672 2616 4732 οἶνος,
2652 4672 2809 4758 quod
2841 4673 2908 4758 in
2944 4667 3252 4758 impressis
3282 4676 3590 4758 legebatur,
3619 4667 3760 4758 ίάςξθ

2148 4743 2419 4816 postulat
2449 4743 2829 4816 sequentium
2854 4743 3163 4816 phrasium
3195 4749 3296 4804 isti
3327 4743 3594 4803 similium
3620 4743 3758 4816 ratio:

2150 4811 2369 4891 quibus
2403 4811 2635 4891 Cereris
2663 4820 2727 4891 et
2753 4811 2999 4872 Vulcani
3050 4819 3246 4874 cultus
3295 4811 3756 4891 reprephenditllr-

2217 4887 2293 4959 (4)
2327 4884 2742 4959 ΚαλείσθωαΕχ
2800 4905 2911 4944 ms.
2975 4881 3379 4958 Genovefano;
3419 4881 3528 4945 Roe
3571 4889 3625 4940 et
3661 4881 3752 4959 Ci}-

2149 4957 2314 5035 saub.
2349 4957 2804 5035 emendavimus
2847 4960 3120 5035 vitiosam
3179 4957 3522 5035 scripturam
3567 4957 3751 5028 qua”ll

2150 5028 2324 5084 editis
2357 5029 2683 5096 obtinebat,
2717 5027 2976 5086 καλείτω.

2218 5103 2295 5170 (5)
2325 5099 2458 5155 Ἵνα.
2494 5093 2678 5162 Editi.
2728 5100 2762 5169 ἢ
2813 5098 2925 5156 'lva-
2988 5105 3344 5161 Particulam
3375 5102 3410 5171 ἤ
3459 5102 3548 5156 hic
3574 5093 3749 5153 redun-

2149 5173 2387 5227 dantem
2423 5172 2862 5230 eliminavimus
2894 5178 3243 5233 auctoritate
3275 5170 3404 5232 cod.
3435 5170 3618 5233 Coisl.,
3646 5178 3750 5218 ver-

2151 5243 2335 5319 sionis
2371 5243 2658 5319 Grodecii.
2713 5251 2772 5298 et
2802 5248 3074 5319 exemplo
3134 5249 3345 5304 similis
3400 5241 3616 5318 phrasis
3641 5243 3746 5308 qua

2149 5316 2303 5371 hanc
2336 5315 2740 5385 subsequitur.

2219 5390 2296 5513 (‘15)
2333 5387 2450 5440 Ἵνα
2481 5382 2656 5450 λίθος.
2711 5390 2831 5443 Boe
2881 5394 2940 5444 et
2985 5391 3254 5460 Casaub.,
3286 5390 3321 5460 ἢ
3351 5387 3440 5442 ἳνα
3469 5382 3624 5452 λίθος,
3651 5387 3752 5433 non

2219 5475 2247 5513 a
2277 5475 2327 5512 e.
3713 5512 3720 5513 ί

2151 5475 2327 5514 male.

2333 5526 2793 5602 Περὶναὶρέσεων.
2855 5533 3033 5589 Deest
3088 5535 3185 5591 hic
3241 5532 3442 5588 titulus
3494 5527 3551 5582 in
3597 5512 3742 5602 cadd-

2152 5592 2789 5672 Co‘isl.,iColb.,'Bodl.,
2825 5605 2965 5659 edit.
3011 5609 3073 5662 G.
3118 5604 3337 5662 Morelii
3369 5607 3425 5657 et
3468 5613 3604 5654 vers.
3632 5592 3747 5648 Gro-

2153 5672 2325 5730 decii.
2362 5671 2426 5728 In
2459 5673 2730 5729 Ottobon.
2764 5675 3051 5732 habetur:
3077 5676 3208 5753 Περὶ
3233 5673 3499 5750 αἱρέσεως.
