3974 6362
389 439 511 500 623
1447 436 1513 496 S.
1558 433 1878 496 CYRILLI
1923 430 2342 494 HIEROSOL.
2392 427 2756 492 ARCBIEP.
3670 437 3769 497 62h

1407 722 1998 819 CATECHE
2013 721 2194 817 SIS
2261 719 2810 816 OCTAVA.

1084 943 1175 1004 De
1203 941 1663 1022 omnipotentis.
1690 959 1797 1003 seu
1829 941 1909 1002 ad
1948 938 2163 1002 omnia
2191 938 2541 1019 pertinente
2573 937 2969 1018 providentia
2999 939 3132 1002 Dei.

1778 1346 2472 1438 ADMONITIO.

489 1620 542 1678 Ι.
579 1613 901 1696 Eat-planat
929 1621 1140 1675 auctor
1169 1611 1232 1671 in
1265 1610 1379 1672 hac
1405 1609 1675 1671 oratione
1701 1626 1829 1670 eam
1859 1607 1979 1670 Dei
2002 1607 2058 1668 dt

2220 1625 2330 1689 qua
2352 1605 2576 1666 dicitur
2594 1604 2764 1686 apud
2794 1610 3032 1670 Graecos
3060 1613 3485 1689 παντοκράτωρ,
3515 1605 3579 1667 id
3600 1617 3676 1668 est
3696 1627 3789 1667 om-

405 1714 513 1775 nia
541 1713 648 1774 sub
679 1714 931 1793 imperio
960 1722 1156 1772 tenens
1183 1721 1239 1771 et
1269 1709 1350 1770 ad
1377 1707 1702 1770 arbitrium
1734 1706 2089 1767 moderans:
2119 1725 2300 1788 quam
2331 1724 2522 1766 vocem
2555 1705 2769 1766 Latini
2797 1704 2860 1764 in
2894 1704 3179 1785 ngbolo
3211 1705 3619 1784 Omnipotens
3646 1725 3790 1767 voca-

412 1810 547 1872 bulo
579 1813 832 1872 reddere
860 1811 1045 1871 solent
1071 1829 1084 1871 :
1119 1828 1461 1892 quanquam
1492 1807 1598 1868 hoc
1627 1807 1809 1869 aliam
1844 1812 2018 1866 menti
2069 1805 2317 1884 subjicit
2365 1805 2883 1884 signiﬁcationem,
2916 1803 2989 1865 ab
3018 1824 3088 1865 ea
3117 1823 3261 1886 quw
3293 1810 3424 1865 voci
3457 1809 3666 1868 Grec:
3689 1826 3789 1866 res-

404 1911 623 1990 pondet
653 1910 854 1990 (num.
892 1912 972 1989 1).
1012 1909 1211 1990 Igitur
1237 1920 1448 1969 contra
1477 1905 1743 1986 gentiles,
1793 1904 2030 1966 Jul/mos
2080 1913 2137 1965 et
2184 1904 2490 1964 haereticos
2541 1923 2738 1964 omnes
2783 1901 3006 1983 duplex
3029 1901 3409 1985 principium
3437 1913 3786 1982 agnoscentes,

411 2013 668 2071 maxime
696 2007 1080 2082 Mam'chaeos,
1118 2007 1381 2086 defendit
1417 2007 1529 2067 Dei
1549 2004 2019 2086 prom'dentiam,
2051 2004 2406 2070 dominium,
2440 2011 2498 2062 et
2521 2011 2868 2082 potestatem
2899 2003 2982 2062 ad
3005 2001 3215 2064 omnia
3242 2007 3630 2079 pertinentem
3658 2002 3735 2081 (η.
3760 2007 3787 2063 2

406 2117 465 2170 ct
493 2113 599 2188 3);
632 2111 912 2180 coelestia,
947 2109 1304 2181 terrestria;
1343 2107 1628 2177 animam,
1661 2123 1905 2184 corpus;
1964 2103 2338 2170 idololatras,
2389 2101 2718 2178 haereticos,
2759 2099 3063 2162 diabolum
3109 2101 3355 2182 ipsum;
3397 2107 3570 2180 cujus
3597 2100 3787 2161 malitia

401 2226 583 2289 quam
611 2206 852 2280 tolerat,
882 2209 1076 2267 utitur
1103 2205 1191 2266 ad
1216 2225 1320 2265 suo
1350 2204 1604 2264 consilia
1629 2201 2016 2283 perﬁcienda,
2045 2211 2100 2261 et
2119 2199 2585 2282 promovendam
2615 2200 2918 2259 hominum
2952 2197 3275 2260 utilitatem
3303 2198 3395 2280 (η.
3424 2199 3507 2277 4).
3547 2197 3786 2260 Trinitati

405 2303 696 2377 videlicet,
727 2323 858 2386 qua!
885 2303 1010 2365 sola
1035 2305 1342 2364 servitutis
1371 2320 1581 2374 expers
1608 2310 1713 2368 est,
1747 2300 2023 2360 serviunt
2054 2317 2146 2358 res
2174 2317 2369 2359 omnes
2398 2309 2648 2368 creatae;
2677 2307 3033 2375 peccatores,
3059 2317 3208 2378 quos
3225 2316 3362 2379 pra:
3385 2299 3658 2376 patientia
3676 2315 3779 2376 per-

405 2410 536 2480 fert
566 2399 743 2472 Deus,
773 2398 850 2459 ab
881 2398 1006 2479 ipso
1038 2400 1273 2459 tandem
1299 2399 1630 2478 punientur
1656 2398 1748 2475 (η.
1781 2398 1864 2475 5).
1907 2396 2246 2474 Regnorum
2293 2405 2350 2456 et
2395 2415 2573 2474 opum
2604 2393 2861 2458 Arbiter
2889 2403 2949 2455 et
2980 2393 3272 2455 Dominus
3300 2405 3407 2468 est,
3440 2412 3612 2475 eaque
3646 2412 3780 2455 oeca-

404 2501 570 2560 sione
593 2496 971 2576 Manichaeos,
1005 2497 1246 2558 divitias
1274 2494 1516 2556 diabolo
1545 2496 1784 2555 auctori
1807 2495 2177 2576 deputantes,
2226 2504 2282 2555 et
2325 2503 2652 2555 creatorem
2705 2495 2891 2555 Deum
2923 2491 3281 2575 blasphemis
3311 2492 3501 2555 verbis
3526 2491 3777 2560 cadentes,

403 2599 763 2676 gravissima
793 2597 1063 2656 oratione
1091 2593 1370 2674 refellens
1404 2593 1682 2674 Cgrillus
1709 2613 2033 2655 sermonem
2064 2593 2322 2655 absolvit
2346 2595 2434 2673 (η.
2467 2595 2528 2664 6,
2562 2597 2598 2653 7
2632 2600 2691 2654 et
2719 2593 2806 2673 8).

484 2695 558 2756 II.
595 2693 666 2755 In
697 2693 810 2754 hoc
837 2694 1107 2755 oratione
1125 2703 1441 2776 postquam
1461 2690 1709 2774 gentiles
1725 2699 1936 2773 paucis
1957 2690 2209 2770 refellit,
2244 2689 2600 2752 Manichzos
2627 2691 3008 2770 potissimum
3030 2699 3156 2753 tota
3185 2697 3466 2753 oratione
3492 2696 3775 2770 oppugnat:

408 2792 518 2876 qui
549 2792 611 2852 in
641 2791 913 2854 divinam
939 2803 1282 2876 potestatem
1313 2793 1519 2854 multis
1547 2792 1738 2852 modis
1761 2789 2088 2872 peccabant
2108 2813 2129 2850 .·
2161 2793 2226 2850 i°
2258 2789 2334 2850 ab
2379 2808 2449 2850 ea
2496 2788 2893 2850 subtrahendo
2937 2809 3225 2871 corpora,
3257 2809 3512 2872 quorum
3537 2796 3772 2849 auctorem

405 2891 483 2954 ab
511 2891 854 2954 animarum
887 2891 1191 2953 conditore
1221 2890 1515 2952 diversum
1544 2888 2011 2964 existimabant;
2047 2891 2109 2949 2°
2128 2887 2435 2948 diabolum
2465 2895 2649 2949 etiam
2677 2908 2708 2948 e
2736 2886 2957 2948 divinis
2985 2888 3266 2970 operibus
3295 2884 3764 2970 excipiendam-

405 3010 520 3074 que
545 2993 637 3052 uti
659 3001 1006 3073 potestatem
1036 2990 1160 3053 Deo
1190 3000 1560 3052 contrariam
1589 3001 2074 3069 cowtemamque,
2109 2998 2288 3069 atque
2318 2989 2380 3047 in
2410 3007 2515 3048 suo
2547 2989 2794 3068 imperio
2823 3007 3042 3048 summe
3071 2987 3488 3050 dominantem
3515 2983 3773 3047 admitten-

405 3087 522 3163 do;
551 3093 617 3150 3°
645 3091 916 3150 universi
937 3087 1428 3169 gubernationem
1461 3085 1866 3158 criminando,
1894 3092 1958 3145 in
1989 3105 2110 3167 qua
2165 3106 2457 3146 summam
2516 3088 2753 3146 ordinis
2803 3084 3329 3166 perturbationem
3375 3104 3504 3168 qua
3531 3082 3654 3141 bono
3679 3076 3774 3138 Deo

405 3183 603 3246 aliena
631 3195 799 3256 esset,
831 3187 1099 3265 reperiri
1121 3183 1698 3258 calumniabuntur;
1733 3195 1794 3244 ut
1825 3183 2031 3244 videre
2071 3193 2156 3243 est
2209 3188 2276 3245 in
2329 3183 2464 3244 Tito
2514 3186 2819 3243 Bostrensi
2846 3181 2951 3244 lib.
2987 3201 3030 3244 η
3063 3191 3234 3246 cont.
3275 3182 3542 3245 Monieh.
3573 3176 3776 3253 Quamo-

407 3281 572 3344 brem
604 3283 881 3362 Cyrillus
909 3285 1030 3345 Dei
1047 3285 1406 3365 patientiam
1439 3285 1500 3342 in
1528 3283 1795 3362 ferendis
1825 3283 1999 3342 malis
2028 3281 2445 3343 commendare
2471 3285 2666 3342 studet
2694 3303 2710 3359 ;
2740 3285 2802 3342 4°
2834 3281 3076 3342 tandem
3105 3281 3370 3344 divitias
3397 3291 3450 3343 et
3477 3297 3599 3360 opes
3622 3294 3654 3335 a
3674 3273 3772 3332 dia-

408 3381 539 3442 bolo
569 3391 812 3442 auctore
838 3393 891 3444 et
919 3381 1130 3443 datare
1157 3402 1278 3443 esse
1305 3381 1727 3444 contendendo.
1792 3386 2015 3444 Cantia
2071 3383 2336 3442 Arcanos
2381 3381 2692 3462 perspicue
2747 3387 2936 3441 trium
2985 3386 3058 3444 S.
3099 3380 3243 3442 Trin
3260 3381 3426 3442 itatis
3442 3387 3774 3461 personarum

407 3499 710 3542 commune
737 3482 1052 3563 imperium
1086 3492 1140 3542 et
1170 3481 1526 3561 dignitatem
1556 3479 1845 3556 defendit.
1880 3480 2191 3541 Praeclare
2221 3499 2452 3561 quoque
2481 3484 2551 3541 de
2579 3479 2934 3542 divitiarum
2967 3498 3116 3544 usu:
3150 3491 3205 3541 et
3220 3471 3775 3564 prudenterderelic-

405 3591 466 3641 ta
495 3579 736 3640 diabolo
766 3582 828 3640 in
858 3600 950 3642 res
976 3581 1158 3661 hujus
1185 3581 1404 3640 mundi
1417 3589 1713 3662 potestate
1741 3579 1998 3640 disserit.

491 3679 593 3740 ΙΙΙ.
627 3679 753 3741 Nos
777 3699 963 3760 porro
992 3682 1346 3741 Latinorum
1378 3679 1850 3740 consuetudinem
1879 3677 2092 3745 secuti.
2126 3688 2530 3738 consecratum
2563 3678 2822 3738 omnium
2851 3677 3253 3761 symbolarum
3303 3699 3410 3740 usu
3439 3670 3776 3750 Omnipoten-

416 3777 496 3838 tis
527 3777 879 3840 vocabulum
909 3789 1144 3841 mutare
1171 3778 1500 3850 noluimus;
1536 3777 1913 3838 admonentes
1945 3789 2140 3838 tamen
2185 3777 2361 3840 aliud
2405 3782 2613 3841 Graeca
2658 3797 2793 3838 voce
2836 3759 3195 3857 signiﬁcari,
3227 3789 3290 3837 et
3337 3777 3398 3836 in
3429 3776 3533 3836 hac
3556 3759 3783 3831 catechtti

403 3885 728 3968 explicari,
751 3907 930 3969 quam
961 3886 1120 3964 quod
1149 3885 1368 3947 Latina
1417 3903 1534 3945 voa:
1579 3893 1764 3945 sonet.
1823 3883 1976 3946 Nam
2027 3882 2425 3962 omnipotens
2468 3883 2777 3963 signiﬁcat
2806 3903 2936 3944 eum
2982 3890 3091 3966 qui
3120 3891 3329 3946 omnia
3369 3889 3572 3966 potest,
3614 3873 3770 3950 cuith

398 3993 576 4063 factu
603 3985 973 4052 iumossibile
1001 3983 1157 4045 nihil
1173 4002 1196 4056 ,ο
1225 4002 1406 4063 eoque
1431 4002 1599 4042 sensu
1629 3985 2030 4061 Augustinus,
2059 3983 2292 4060 aliique
2317 4001 2518 4042 omnes
2546 3986 2738 4060 [et-me
2766 3985 2981 4042 Latini
3013 3983 3226 4044 Patres
3253 3983 3416 4044 hanc
3435 3972 3663 4060 ngbO/i
3685 3987 3762 4028 ω’

398 4103 522 4145 cem
551 4084 903 4165 explanant.
937 4086 1021 4142 At
1058 4083 1276 4143 Graecis
1305 4082 1429 4142 alia
1463 4101 1577 4142 vox
1604 4093 1689 4142 est
1717 4081 1798 4141 ad
1825 4081 1967 4140 declt

2200 4100 2256 4139 m
2305 4082 2795 4157 omnipotentiam
2827 4085 2962 4155 Dei,
3015 4102 3222 4165 nempe
3245 4084 3652 4155 παντοδύναμοε.
3677 4066 3764 4126 Ιςια

401 4192 596 4242 autem
626 4190 1020 4264 παντοκράτωρ
1049 4180 1352 4260 signiﬁcat
1385 4179 1567 4240 [leum
1595 4185 1796 4239 omnia
1825 4177 1931 4238 sub
1962 4183 2218 4258 imperio
2257 4189 2450 4238 tenere
2479 4199 2550 4240 ac
2578 4180 2926 4240 madet-ari:
2959 4179 3044 4242 ita
3076 4187 3200 4260 ipse
3221 4182 3499 4263 Cyrillus
3526 4171 3678 4252 hujus
3701 4180 3770 4224 υο·

404 4277 614 4337 cabuli
637 4284 758 4338 vim
787 4278 986 4339 reddit
1015 4297 1185 4338 num.
1219 4279 1296 4338 3:
1332 4286 1728 4357 Παντοκράτωρ
1763 4283 1926 4350 ἐστὶν,

2198 4307 2270 4338 ων
2324 4289 2560 4362 κρατῶν,
2593 4287 2622 4340 ὁ
2653 4287 2871 4341 πάντων
2900 4285 3246 4357 ἐξουσιάζων
3269 4299 3401 4361 qua
3423 4293 3531 4338 v01
3554 4272 3674 4330 satis
3686 4275 3767 4342 Ρσ

412 4379 588 4435 istam
621 4375 904 4436 reddetur
936 4377 1348 4440 nmnitenens.
1385 4377 1442 4436 si
1466 4379 1683 4438 Latma
1707 4385 1870 4436 esset.
1901 4375 1973 4435 Id
1990 4378 2204 4457 optime
2227 4380 2378 4438 vidit
2399 4376 2678 4458 [iu/inus,
2699 4377 2809 4460 qui
2828 4397 2902 4439 ea:
2926 4380 3175 4444 Graecis.
3207 4389 3262 4440 et
3287 4382 3545 4439 annuum
3572 4362 3770 4460 muttit"!

408 4492 483 4534 ex
516 4473 772 4553 Cyrillo,
805 4495 972 4537 suam
1005 4473 1274 4554 ngboli
1301 4475 1781 4555 explanationem
1813 4456 2138 4547 adornans,
2189 4486 2412 4538 retenta
2453 4456 2672 4538 Latina
2706 4456 2854 4559 quae
2883 4481 2942 4536 in
2971 4498 3082 4538 usu
3111 4489 3240 4539 erat
3267 4497 3422 4547 voce,
3453 4483 3654 4534 sensum
3673 4456 3768 4535 ei“

408 4581 464 4632 et
493 4573 915 4655 etymologiam
945 4574 1027 4635 ad
1054 4577 1169 4634 vim
1206 4577 1433 4636 Gratiae
1462 4593 1614 4634 rocis
1636 4575 2122 4650 accommodavit,
2157 4577 2316 4634 aiens
2347 4575 2852 4653 Omnipolemem
2885 4577 2966 4636 ab
2997 4595 3072 4637 eo
3103 4576 3222 4638 dici
3250 4579 3467 4651 Deum,
3498 4561 3644 4650 quod
3671 4571 3770 4618 Om‘

407 4673 583 4734 nium
617 4680 826 4734 teneal
863 4680 1282 4754 polenlnlum.
1330 4673 1670 4735 Pizit'erat
1717 4672 1855 4733 huic
1909 4676 2257 4756 et-positiom
2313 4672 2367 4734 Τ
2364 4673 2742 4749 ertullianus,
2777 4674 2848 4734 de
2876 4675 3040 4738 Filio
3071 4675 3262 4736 dicem
3291 4679 3500 4735 contra
3536 4665 3764 4727 Praxean

403 4791 539 4852 cap.
576 4774 648 4833 1⁵7
678 4789 693 4833 :
729 4772 854 4834 Suo
880 4772 1025 4852 jure
1057 4777 1222 4835 Deus
1250 4774 1674 4852 omnipotens,
1711 4791 1836 4851 qua
1865 4791 2070 4834 sermo
2121 4773 2226 4833 Dei
2275 4773 2745 4851 omnipotentis,
2777 4792 3095 4854 quamque
3125 4774 3408 4837 omnium
3439 4759 3654 4841 accepit
3677 4766 3764 4832 P°‘

407 4877 725 4932 teelatem.
760 4871 876 4934 llis
906 4873 1189 4953 exemplis
1219 4875 1365 4952 {reti
1395 4883 1729 4934 consuetam
1763 4891 1953 4931 rocem
1986 4883 2219 4932 mutare
2247 4870 2543 4950 religioni
2561 4870 2901 4933 habuimus.

497 4971 598 5031 Π.
633 4969 868 5031 Habita
913 4991 994 5031 est
1047 4970 1170 5031 haec
1214 4971 1521 5031 (ἀκριβεῖς
1567 4977 1852 5050 ργοαὶηρ-ιι
1901 4970 1996 5029 dte
2036 4982 2168 5051 post
2217 4947 2669 5050 praecedentem,
2719 4983 2784 5030 ut
2826 4969 2902 5031 ab
2934 4977 3061 5052 ipso
3089 4973 3224 5051 ejus
3250 4967 3490 5031 exordio
3515 4947 3766 5052 δι’θηίβίθξ

405 5067 698 5144 Cyrillus,
732 5068 870 5128 dum
893 5069 1255 5149 praecedenti
1285 5068 1382 5129 die
1411 5071 1480 5130 tle
1514 5071 1701 5130 Patre
1745 5087 1805 5128 se
1847 5088 2170 5128 sennonem
2219 5068 2488 5128 habuisse
2531 5087 2966 5130 commemorat.
3001 5071 3346 5131 Emendare
3373 5086 3407 5128 α
3440 5059 3588 5122 ποθί*
3611 5058 3679 5110 δ’
3700 5035 3760 5151 a,d

398 5163 569 5225 codd.
607 5165 880 5234 Coislm..
919 5171 1143 5240 (πνοὰ,
1182 5168 1379 5245 Cutb.,
1417 5168 1558 5243 Roe,
1597 5167 1856 5230 Cusaub.
1889 5179 1946 5228 et
1981 5167 2155 5228 Bodl.
2190 5169 2494 5247 adiunctis
2523 5169 2902 5230 variantibus
2953 5169 3302 5232 lectionibus
3341 5158 3567 5245 antiqui
3598 5167 3686 5212 1⁷³³·
3713 5157 3757 5199 ⁸η

403 5261 562 5323 libro
593 5263 666 5323 S.
695 5264 1002 5343 Genove/ae
1031 5271 1276 5329 notatis.
