1987 3191
125 216 169 245 653

541 220 775 250 CATECHESIS
798 221 849 250 IX.
876 220 925 249 DE
946 219 1024 250 Ι)Εο
1046 219 1207 253 OMNIUM
1231 223 1467 255 CONDITORE.

1802 229 1861 257 654

122 292 219 317 στασιν,
238 282 307 329 ἤδη
330 285 412 324 ἀργὰ
439 285 484 314 καὶ
512 285 544 313 τὰ
570 286 726 323 γενόμενα;
746 285 784 323 μὴ
813 286 866 323 γὰρ
882 288 973 313 πασῶν

1062 288 1115 315 )ris
1130 289 1275 323 omnium,
1291 289 1445 319 idcircone
1461 291 1557 319 otiosa
1568 293 1638 320 sunt
1658 300 1724 328 qum
1741 293 1863 329 quidem

124 328 242 363 βοτανῶν
258 328 391 358 δύνασαι
417 333 515 368 γνῶναι
544 331 593 365 τήν
611 330 745 369 ἐνέργειαν
763 340 771 366 ',
789 332 805 366 ἢ
833 331 883 365 τήν
902 330 973 367 ὠφὲ-

120 371 183 399 λειαν
209 371 348 402 δύνασαι
389 378 484 412 μαθεῖν
512 379 611 411 πᾶσαν,
638 376 689 410 τὴν
717 376 747 403 ἐκ
773 376 872 407 παντὸς
902 376 972 410 ζώου

117 420 337 455 προχωροῦσαν
358 430 366 452 ;
384 419 441 455 ἤδη
458 420 502 448 καὶ
531 420 556 455 ἐξ
586 418 706 448 ΐοϐόλων
724 419 839 458 ἐχιδνῶν
868 419 972 447 ἀντίδο-

117 472 152 489 τοι
167 464 407 501 προεχώρησαν
424 467 460 501 (1)
480 464 517 497 εἷς
547 464 682 503 σωτηρίαν
713 464 877 501 ἀνθρώποις.
893 464 972 494 Ἀλλ’

119 507 181 544 ἐρεῖς
201 518 271 543 μοι·
294 510 431 541 Δεινὸςὸ
449 508 519 548 ὄφις.
534 507 626 537 Φοϐοὒ
654 510 700 537 τὸν
726 510 835 546 Κύριον,
865 510 910 537 καὶ
938 510 971 537 ob

124 551 273 588 δυνήσεταί
292 564 327 581 σε
348 553 468 591 βλάψαι.
495 554 628 592 Σκορπίος
643 554 807 590 πληκτικός·
825 552 912 592 φοϐοῦ
923 555 969 582 τὸν

122 598 233 635 Κύριον,
252 598 307 625 καὶ
330 600 366 627 οὐ
389 598 488 636 πλήξει
514 611 552 629 σε.
585 600 660 627 Λέων
690 597 850 637 αἳμοϐόρος·
883 597 970 638 φοϐοῦ

122 643 164 670 τὸν
180 642 315 681 Κύριον,
332 644 382 671 καὶ
409 644 629 682 παρακαθήσεταί
657 654 711 681 σοι,
741 644 778 675 ὡς
794 647 833 680 τῷ
855 644 969 680 Δανιήλ.

122 687 239 717 Ἕστιδὶ
255 689 409 726 θαυμᾶσαι
424 689 534 725 ἀληθῶς
564 690 609 718 καὶ
631 691 685 717 τῶν
714 689 790 724 ζώων
819 690 869 725 τὴν
897 690 966 727 ἐνέρ-

126 744 211 771 γειαν·
236 737 304 765 πῶς
337 735 373 762 τὰ
391 735 438 771 μὲν
463 735 487 763 ἐν
516 735 649 772 κέντροις,
680 734 770 773 ὥσπερ
787 736 801 762 ὁ
827 735 968 772 σκορπίος,

127 777 185 817 ἔχει
199 780 232 807 τὸ
251 779 314 815 ὀξύ·
334 780 440 817 ἑτέροις
462 780 490 807 δὲ
519 780 545 808 ἒν
573 782 633 811 τοῖς
663 779 770 808 ὀδοῦσιν
795 781 812 815 ἠ
844 778 967 817 δύναμις·

130 825 176 851 καὶ
187 824 258 852 ἄλλα
275 823 313 851 δι’
332 825 442 863 ὀνύχων
456 825 680 863 καταγωνίζεται’
702 824 855 863 βασιλίσκῳ
881 823 910 853 δὲ
937 826 969 853 τὸ

134 870 278 907 βλέμμα-ἦ
298 868 430 906 δύναμις.
462 870 509 898 Ἐκ
536 873 586 904 τῆς
615 869 747 905 ποικίλης
770 869 816 898 οὖν
833 868 967 907 δημιουρ-

128 915 199 952 γίας,
216 913 324 949 νόησον
346 916 395 941 τοῦ
410 916 588 953 Δημιουργοῦ
602 915 652 950 τήν
666 913 800 952 ἕνέργειαν

160 1006 213 1033 IE‘.
233 1004 317 1032 Ἀλλ’
335 1002 401 1035 ἴσως
416 1006 500 1031 ταῦτα
516 1004 546 1031 οὐ
563 1005 716 1040 γινώσκεις·
738 1003 823 1041 μηδὲν
854 1015 898 1033 σοι
921 1005 967 1033 καὶ

124 1053 184 1080 τοῖς
202 1048 306 1085 ἔξωθεν
321 1060 369 1076 σου
385 1049 477 1084 ζώοις.
509 1049 622 1077 Εἴσελθε
651 1048 748 1077 λοιπὸν
781 1050 818 1081 είς
843 1051 966 1084 σεαυτὸν,

124 1095 171 1122 καὶ
187 1095 219 1122 ἐκ
230 1098 287 1129 τῆς
304 1097 355 1128 σῆς
371 1092 543 1125 ὑποστάσεως
571 1093 670 1128 νόησον
697 1095 743 1122 τὸν
773 1095 915 1132 τεχνίτην.
936 1095 965 1123 Τί

124 1140 259 1176 μεμπτὸν
277 1140 318 1175 (3)
348 1139 373 1165 ἐν
395 1141 437 1175 τῷ
454 1138 561 1175 σώματί
583 1149 631 1166 σου
660 1138 839 1174 ntidamai;
868 1139 966 1176 Κράτει

123 1187 257 1218 σεαυτοῦ,
289 1184 334 1211 καὶ
361 1182 438 1215 οὐὸὲς
468 1183 572 1223 φαῦλον
599 1183 628 1211 ἐκ
651 1184 760 1211 πάντων
789 1186 844 1211 τῶν
863 1183 965 1220 μελῶν.

125 1230 175 1266 Ἐξ
187 1230 282 1267 ἀρχῆς
299 1230 312 1256 ὁ
338 1227 428 1265 Ἀδὰμ
443 1228 469 1256 ἐν
485 1231 525 1264 τῷ
548 1227 705 1266 παραδείσῳ
718 1228 823 1266 γυμνὸς
837 1229 871 1262 ἦν
901 1229 968 1265 μετὰ

129 1277 187 1308 τῆς
199 1272 282 1307 Εὔας,
299 1273 362 1301 ἀλλ’
379 1273 410 1300 οὐ
424 1272 470 1300 διὰ
496 1274 529 1300 τὰ
555 1273 626 1309 μέλη
659 1274 692 1308 ἦν
721 1270 892 1308 ἀπόϐλητος.
909 1274 968 1302 Οὐκ

138 1317 195 1354 ἄρα
210 1318 244 1345 τὰ
259 1318 322 1354 μελη
336 1321 387 1353 τῆς
405 1317 538 1354 ἁμαρτίας
567 1317 651 1345 αἴτια·
682 1317 745 1346 ἀλλ’
774 1318 800 1345 οὶ
825 1318 966 1355 χρώμενοι

135 1366 201 1394 τοῖς
218 1362 308 1398 μέλεσι
324 1364 426 1394 κακῶς·
446 1362 529 1400 σοφὸς
543 1361 571 1389 δὲ
600 1363 622 1390 ὁ,
641 1364 695 1390 τῶν
718 1362 809 1399 μελῶν
834 1364 966 1398 ποιητής.

133 1408 185 1438 Τίς
202 1408 216 1435 ὁ
234 1408 436 1444 παρασκευάσας
451 1406 489 1438 εἷς
517 1407 689 1444 τεκνογονίαν
708 1408 814 1445 μήτρας
843 1405 941 1446 ὄγκους
958 1417 965 1443 ;

125 1453 173 1483 τίς
191 1453 205 1479 ὁ
222 1453 254 1479 τὸ
270 1451 377 1489 ἄψυχον
395 1451 421 1479 ἐν
437 1451 505 1488 αὐτῇ
526 1452 659 1488 ψυχώσας
676 1461 683 1486 ;
699 1451 741 1483 τίς
756 1452 770 1479 ὁ
798 1451 904 1489 νεύροις
921 1452 966 1479 καὶ

123 1497 239 1528 ὀπὲοες
256 1498 331 1533 ἡμᾶς
347 1496 462 1534 ἐνείρας⁷
491 1495 578 1533 δερμα
615 1495 645 1523 δὲ
674 1495 719 1523 καὶ
748 1497 829 1534 κρὲας
850 1494 965 1534 περιϐα·

123 1542 201 1574 λὼν,
218 1542 265 1569 καὶ
280 1541 338 1577 Ξιμα
353 1543 392 1577 τῷ
406 1540 568 1578 γεννηθῆναι
592 1541 623 1568 τὸ
656 1541 765 1579 βρέφος,
796 1540 826 1569 ἔκ
852 1543 960 1578 μαστῶν

122 1587 221 1625 πηγὰς
238 1587 376 1624 γάλακτος
407 1585 524 1624 ἐκφέρων
544 1599 550 1619 ς
568 1587 629 1617 Πῶς
658 1585 689 1613 τὸ
720 1586 768 1622 μὲν
798 1586 898 1625 βρέφος
926 1587 965 1618 είς

117 1631 241 1660 παιδίον
259 1630 344 1667 αὔξει,
361 1632 405 1658 καὶ
420 1633 501 1658 τοῦτο
517 1630 555 1661 είς
583 1631 701 1666 νεανίαν,
730 1632 787 1659 εἶτα
815 1631 852 1662 εἰς
868 1630 961 1670 ἅνδρα’

148 1659 152 1660 ,
298 1659 308 1667 ,
340 1659 344 1664 ,
548 1659 553 1661 _
695 1659 700 1666 ,
846 1659 851 1662 _
919 1659 922 1670 ι

114 1677 169 1705 καὶ
187 1676 277 1704 πάλιν
296 1677 310 1703 ὁ
326 1675 406 1707 αὐτὸς
423 1675 460 1706 είς
489 1673 644 1712 πρεσϐύτην
677 1673 889 1712 μεταϐάλλεται,
907 1688 961 1713 μη·
979 1659 1000 1693 c

116 1722 203 1753 δενὸς
221 1718 485 1757 καταλαμϐάνοντος
500 1724 550 1755 τῆς
569 1718 726 1756 μεταϐολῆς
738 1721 788 1755 τὴν
816 1722 876 1748 καθ’
892 1719 964 1757 ἡμέ-

119 1777 179 1803 ραν
197 1763 341 1804 ἀκρίϐειαν
360 1775 366 1800 ;
383 1766 448 1796 Πῶς
463 1768 512 1800 τῆς
533 1768 639 1804 τροφῆς
666 1766 697 1792 τὸ
729 1766 775 1802 μὲν
806 1765 964 1802 ἐξαιματοῦ-

113 1822 186 1846 ται,
201 1812 235 1838 τὸ
257 1810 285 1838 δὲ
302 1810 339 1841 εἷς
369 1811 551 1848 προχώρησιν
581 1808 748 1847 διακρίνεται
764 1811 813 1846 (4),
828 1810 860 1837 τὸ
881 1809 910 1837 δὲ
926 1810 964 1841 εἲς

117 1856 222 1893 σάρκα
237 1853 436 1891 μεταϐάλλεται
453 1866 460 1889 ;
477 1856 525 1886 Τίς
540 1854 553 1881 ὁ
583 1854 633 1888 τήν
662 1852 773 1891 καρδίαν
802 1854 965 1890 ἀεικινήτως

125 1902 225 1928 κινῶν
243 1900 301 1933 ;τίς
313 1901 327 1927 ὁ
340 1900 391 1934 τήν
418 1899 579 1935 ἁπαλότητα
607 1901 662 1926 τῶν
689 1899 840 1938 ὀφθαλμῶν
861 1901 895 1936 τῇ
911 1901 966 1926 τῶν

137 1944 292 1983 βλεφάρων
308 1942 446 1982 περιϐολῇ
466 1946 556 1983 σοφῶς
573 1944 796 1982 ἀσφαλισάμενος
812 1954 819 1978 ;
836 1944 900 1982 Περί
917 1944 968 1981 γὰρ

134 1993 194 2024 τῆς
218 1989 347 2024 ποικίλης
372 1989 417 2016 καὶ
447 1988 596 2025 θαυμασίας
623 1991 677 2016 τῶν
708 1988 859 2027 ὀφθαλμῶν
886 1999 967 2016 κατα-

135 2036 254 2071 σκευῆς,
271 2035 300 2061 αἱ
314 2033 482 2071 πολύστιχοι
509 2035 561 2060 τῶν
592 2034 692 2070 ἱατρῶν
709 2032 790 2070 μόγις
810 2033 968 2071 ἐξηγοῦνται

134 2078 250 2117 βίϐλοι.
266 2078 315 2109 Τίς
331 2079 345 2106 ὁ
359 2079 410 2113 τήν
429 2077 491 2114 μίαν
518 2078 653 2113 ἆνπανοὴν
670 2077 710 2109 εἰς
737 2077 802 2106 ὅλον
829 2078 860 2105 τὸ
890 2080 971 2115 σῶμα

1030 336 1129 361 creata
1152 333 1237 362 fuere
1259 335 1273 362 7
1303 336 1431 363 Potesne
1459 336 1620 364 herbarum
1636 338 1770 365 omnium
1787 339 1863 366 vires

1028 378 1130 405 animo
1147 379 1329 415 complecti?
1344 384 1396 408 aut
1410 384 1495 417 potes
1512 390 1632 409 omnem
1649 391 1715 418 quae
1737 391 1772 410 ex
1788 392 1863 419 quo—

1027 422 1070 449 vis
1085 422 1210 450 animali
1227 424 1336 459 prodit,
1346 425 1506 453 utilitatem
1519 426 1673 454 addiscere
1689 427 1702 454 7
1712 428 1775 455 Jam
1791 436 1860 456 vero

1027 474 1063 494 ex
1074 466 1146 502 ipsis
1162 468 1315 495 venenatis
1327 469 1436 505 viperis
1451 470 1584 505 profecta
1598 474 1668 498 sunt
1682 472 1859 499 mortalibus

1027 510 1064 539 ad
1078 511 1205 539 salutem
1220 513 1365 540 antidota.
1382 514 1468 542 Dices
1481 523 1549 542 vero
1568 515 1640 542 mihi
1654 524 1660 542 :
1686 517 1721 543 At
1737 517 1859 544 horren-

1027 555 1081 583 dus
1097 558 1143 583 est
1156 557 1272 593 anguis.
1289 558 1371 585 Time
1388 559 1558 591 Dominum.
1570 562 1600 587 et
1615 560 1667 587 tibi
1677 569 1784 588 nocere
1795 569 1856 588 non

1026 601 1286 637 poterit.Scorpius
1303 602 1461 639 pungendo
1475 604 1553 631 valet
1565 605 1737 632 :Dominum
1744 613 1856 639 verere,

1026 647 1114 681 teque
1130 645 1180 673 ille
1197 654 1259 673 non
1274 647 1455 683 punget.Leo
1468 648 1621 684 sanguinis
1636 657 1724 677 vorax
1736 658 1742 677 :
1755 650 1856 677 Domi-

1025 698 1098 717 num
1112 690 1193 724 time,
1211 693 1240 718 et
1255 694 1288 718 ut
1301 691 1374 719 olim
1390 691 1504 720 Danieli
1515 694 1549 724 οι.
1567 693 1609 720 sic
1634 694 1687 721 tibi
1702 694 1855 722 assidebit.

1024 735 1097 762 Vere
1109 738 1209 762 autem
1223 735 1409 764 admirandae
1425 737 1602 765 animalium
1619 738 1753 774 ipsorum
1762 739 1854 772 vires;

1025 779 1174 815 quomodo
1191 780 1261 813 alia,
1278 780 1355 808 sicut
1379 783 1525 817 scorpius,
1542 782 1573 809 in
1603 783 1714 811 aculeis
1730 792 1856 811 acumen

1024 823 1170 857 habeant;
1187 824 1315 853 aliorum
1330 826 1373 853 vis
1389 826 1486 861 posita
1502 826 1540 854 sit
1562 827 1592 853 in
1620 827 1759 855 dentibus
1778 837 1784 861 ;
1798 828 1857 855 alia

1023 869 1174 905 unguibus
1190 869 1362 906 depugnent
1375 879 1381 904 ;
1392 869 1533 898 basilisco
1549 871 1670 899 demum
1686 873 1716 899 in
1733 875 1855 908 aspectu

1024 914 1064 941 sit
1079 913 1229 950 [nocendi]
1245 918 1387 950 potestas.
1419 916 1460 943 Ex
1487 916 1603 944 diversa
1632 917 1722 953 igitur
1743 917 1857 952 opiﬁcii

1023 958 1150 992 ratione,
1168 958 1331 986 efﬁcaciam
1347 960 1463 995 opiﬁcis
1475 960 1618 997 intellige.

1058 1004 1135 1031 188
1151 1004 1205 1031 XV.
1221 1005 1258 1031 At
1273 1004 1336 1032 hinc
1365 1005 1418 1032 tibi
1435 1004 1560 1033 fortasse
1589 1009 1660 1034 nota
1676 1015 1737 1035 non
1758 1010 1828 1035 sunt
1846 1016 1852 1034 ε

1022 1047 1097 1075 nihil
1110 1047 1161 1074 tibi
1175 1056 1243 1075 cum
1254 1048 1435 1076 animalibus
1447 1058 1512 1084 quae
1523 1052 1605 1077 extra
1619 1053 1647 1077 te
1663 1054 1733 1078 sunt
1742 1052 1850 1087 posita,

1022 1100 1181 1120 commune
1198 1102 1206 1126 ;
1223 1092 1254 1120 in
1270 1092 1399 1128 teipsum
1417 1097 1553 1129 superest
1569 1098 1601 1122 ut
1625 1095 1804 1131 ingrediare,
1823 1098 1853 1123 et

1023 1145 1058 1164 ex
1075 1140 1124 1165 tua
1139 1137 1233 1172 ipsius
1246 1140 1353 1165 natura
1373 1138 1519 1165 artiﬁcem
1548 1147 1650 1166 nosce.
1666 1140 1688 1157 ⁹¹
1704 1140 1852 1172 Quidnam

1022 1181 1053 1208 in
1070 1185 1119 1209 tuo
1138 1190 1261 1217 corpore
1286 1182 1521 1217 reprehensione
1551 1182 1675 1219 dignum
1699 1184 1853 1212 conditum

1022 1225 1091 1253 est?
1105 1226 1143 1253 Te
1159 1226 1257 1260 ipsum
1274 1227 1404 1260 contine,
1419 1227 1556 1262 nihilque
1572 1236 1695 1263 pravum
1712 1237 1746 1256 ex
1757 1229 1855 1256 omni-

1021 1270 1077 1298 bus
1093 1270 1236 1298 membris
1252 1271 1384 1298 exsistet.
1399 1271 1443 1298 Ab
1459 1272 1545 1299 initio
1560 1273 1660 1300 nudus
1680 1276 1744 1300 erat
1759 1274 1853 1301 Adam

1022 1323 1090 1342 cum
1105 1316 1163 1343 Eva
1176 1315 1206 1342 in
1223 1316 1361 1351 paradiso
1373 1324 1379 1349 ;
1390 1323 1446 1343 nec
1456 1319 1579 1351 propter
1593 1317 1729 1345 membra
1745 1326 1852 1354 oppro-

1021 1359 1086 1387 brio
1103 1368 1136 1388 ac
1152 1360 1315 1396 rejectione
1328 1360 1436 1397 dignus
1453 1363 1525 1388 erat.
1536 1362 1600 1388 Non
1616 1361 1707 1398 igitur
1718 1363 1853 1391 membra

1020 1407 1135 1442 peccati
1145 1409 1215 1434 sunt
1228 1414 1328 1441 causa,
1337 1406 1389 1434 sed
1407 1406 1428 1433 ii
1444 1407 1494 1442 qui
1510 1407 1653 1435 membris
1670 1408 1746 1436 male
1762 1411 1850 1436 utun-

1021 1454 1070 1479 tur
1086 1460 1094 1484 ;
1109 1451 1229 1487 sapiens
1239 1459 1318 1486 vero,
1331 1451 1437 1479 artifex
1450 1451 1664 1480 membrorum.
1683 1452 1705 1470 ⁸³
1720 1453 1790 1485 Quis
1806 1456 1852 1481 est

1021 1497 1071 1532 qui
1087 1497 1125 1525 ad
1140 1496 1305 1525 liberorum
1316 1497 1555 1532 procreationem
1566 1498 1642 1525 uteri
1657 1506 1727 1525 cava
1739 1506 1849 1534 praepa-

1025 1542 1100 1569 ravit
1114 1542 1127 1569 ?
1142 1542 1209 1577 quis
1226 1542 1424 1570 inanimatum
1440 1542 1533 1570 fetum
1545 1543 1577 1570 in
1593 1543 1657 1578 ipso
1683 1543 1824 1570 animavit
1838 1543 1851 1570 ‘I

1021 1587 1088 1622 quis
1102 1587 1200 1614 nervis
1216 1589 1245 1614 et
1262 1587 1379 1615 ossibus
1387 1595 1441 1615 nos
1457 1588 1629 1620 connexuit,
1645 1588 1816 1623 pellemque
1824 1591 1854 1616 et

1021 1640 1140 1659 carnem
1166 1632 1366 1659 circumduxit
1379 1631 1402 1655 9t
1415 1641 1422 1665 ;
1437 1635 1467 1659 et
1495 1632 1676 1668 simulatque
1704 1636 1792 1660 natus
1809 1636 1855 1660 est

1020 1676 1129 1709 infans,
1147 1684 1181 1703 ex
1197 1676 1340 1704 uberibus
1366 1676 1452 1704 lactis
1468 1677 1566 1704 fontes
1582 1678 1730 1713 expromit
1744 1678 1757 1705 ‘1
1770 1679 1852 1710 Quo-

1019 1721 1108 1748 modo
1124 1721 1224 1748 infans
1239 1721 1271 1748 in
1285 1729 1412 1756 puerum
1429 1722 1546 1755 crescit,
1565 1729 1600 1749 ex
1615 1730 1708 1757 puero
1724 1722 1756 1749 in
1769 1723 1854 1758 juve-

1019 1773 1102 1798 nem,
1118 1764 1226 1792 deinde
1243 1766 1274 1793 in
1290 1765 1398 1798 virum,
1416 1768 1445 1792 et
1473 1766 1553 1793 idem
1575 1774 1679 1793 rursus
1701 1767 1731 1793 in
1748 1775 1852 1795 senem

1020 1812 1153 1836 mutatur
1165 1810 1299 1843 ;nemine
1311 1809 1383 1844 quid
1394 1817 1511 1844 quaque
1529 1810 1576 1837 die
1592 1811 1850 1846 mutationispraa-

1021 1854 1082 1881 cise
1105 1854 1166 1888 fiat,
1195 1854 1437 1889 deprehendente
1462 1854 1476 1881 ‘I
1494 1854 1646 1886 Quomodo
1672 1854 1848 1883 alimentum

1022 1898 1130 1934 partim
1145 1898 1267 1934 quidem
1282 1899 1313 1925 in
1338 1899 1514 1934 sanguinem
1530 1899 1722 1932 convertitur,
1738 1900 1847 1934 partim

1023 1952 1090 1972 vero
1102 1943 1133 1971 in
1147 1946 1372 1971 excrementum
1386 1943 1674 1979 secernitur,partim
1685 1943 1716 1971 in
1725 1951 1847 1972 carnem

1024 1988 1263 2016 transmutatur?
1278 1988 1349 2020 Quis
1367 1990 1412 2015 est
1435 1988 1485 2023 qui
1502 1987 1686 2015 indeficienti
1698 1996 1748 2015 cor
1759 1989 1851 2025 agitat

1025 2033 1132 2062 motu?
1148 2032 1197 2068 qui
1210 2032 1365 2061 oculorum
1391 2032 1624 2060 teneritudinem
1640 2033 1851 2068 palpebrarum

1026 2078 1165 2114 amplexu
1177 2081 1236 2106 tam
1253 2078 1405 2114 sapienter
1426 2078 1553 2106 munivit
1566 2077 1579 2105 ‘2
1593 2078 1667 2106 Nam
1682 2077 1719 2106 de
1731 2079 1811 2107 varia
1825 2082 1854 2107 et

174 2196 198 2214 ⁹¹
211 2195 287 2223 Dan.
304 2203 340 2229 v1,
358 2195 400 2222 18.
418 2194 440 2212 ⁹²
460 2195 523 2222 Vid.
540 2198 593 2223 cat.
610 2196 637 2229 4,
653 2204 682 2222 η.
698 2195 743 2230 22,
760 2198 785 2223 et
800 2198 852 2224 cat.
866 2198 908 2231 12,
926 2205 956 2224 n.

1075 2196 1137 2224 Vid.
1154 2199 1207 2225 cat.
1226 2197 1307 2230 t2,n.
1324 2197 1366 2225 30.
1384 2197 1407 2214 9‘
1422 2197 1474 2225 Job
1489 2206 1518 2233 ι,
1537 2199 1578 2226 11.

131 2314 255 2348 Ottob.,
271 2314 340 2345 Roe,
357 2313 481 2341 Casaub.
514 2316 543 2340 et
573 2314 673 2347 Basil.,
698 2322 754 2341 nec
783 2314 930 2341 habentur
943 2315 973 2342 in
992 2316 1013 2347 D
1030 2315 1095 2346 Quis
1110 2316 1249 2349 operculis
1259 2316 1439 2342 substantiam
1456 2317 1624 2344 enarrabit?
1636 2316 1763 2344 Inferius
1781 2325 1857 2348 vero,

132 2350 301 2378 Psalteriis
315 2350 498 2382 nostris,tam
515 2350 614 2377 Graeco
630 2358 719 2385 quam
737 2351 849 2378 Latino.
863 2351 918 2377 Eas
930 2354 972 2378 ta-

134 2395 215 2414 men
227 2386 381 2413 innumeri
403 2386 504 2413 Patres
521 2388 581 2412 tam
607 2386 699 2413 Latini
717 2394 806 2421 quam
824 2387 915 2413 Graeci
932 2387 975 2413 ie—

133 2431 225 2456 gere.
243 2423 279 2449 Et
294 2422 442 2449 habentur
458 2421 488 2449 in
507 2421 656 2449 veteribus
681 2422 835 2449 Psalteriis
853 2423 974 2456 Latinis,

134 2462 236 2495 atque
253 2458 343 2485 etiam
358 2457 495 2495 fortassis
508 2458 625 2495 Graecis.

179 2491 220 2530 (1)
249 2493 467 2530 Προεχώρησαν.
498 2493 601 2530 VEditi,
640 2491 838 2530 προεόόοησᾳν,
880 2494 976 2521 Secuti

135 2525 250 2558 sumus
267 2525 353 2557 codd.
371 2525 472 2560 Coisl.,
489 2529 597 2561 Ottob.,
616 2525 687 2559 Roe,
704 2529 827 2556 Casauh.
844 2532 870 2555 et
889 2530 975 2557 Basil.

135 2567 220 2594 Nota
232 2565 423 2597 Manichazos,
438 2573 511 2599 quos
530 2565 558 2591 in
571 2565 625 2592 hac
641 2565 789 2592 catechesi
808 2567 978 2600 smpecasti-

136 2607 193 2638 gat
207 2601 523 2638 Cyrillus,animan_tes
539 2609 645 2638 szevam
660 2604 795 2638 naturam
813 2602 932 2629 sortitas
941 2602 976 2628 ad

137 2636 332 2666 calumniam
349 2636 647 2673 Creatorisilraxisse,
665 2640 697 2663 ut
722 2637 820 2673 videro
842 2641 885 2663 est
899 2638 976 2673 apud

136 2674 244 2701 Titum
257 2674 460 2705 Bostrensem,
473 2672 522 2698 lib.
541 2681 561 2699 ii
578 2676 649 2699 cont.
667 2672 802 2704 Manich.,
829 2673 877 2707 qui
919 2672 978 2700 hoc

141 2718 252 2737 eorum
270 2712 479 2744 argumentum
495 2708 570 2743 fuse,
588 2712 616 2735 et
632 2708 737 2736 iisdem
764 2708 872 2743 quibus
883 2709 976 2744 Cyril-

142 2746 193 2774 lus
210 2741 380 2773 rationibus
390 2744 531 2771 confutat.

183 2783 225 2817 (2)
238 2781 408 2817 Ἐνὲργειοιν.
427 2779 567 2807 Basiliani
582 2779 681 2817 codd,
699 2778 814 2817 ἀόρατρν
831 2778 978 2817 ᾆνὲργείαν,

144 2813 318 2846 inuisibilem
327 2813 520 2851 'operationem
532 2813 739 2851 :_adduntque,
751 2815 768 2847 ἡ
784 2813 814 2851 ὂὲᾼ
825 2813 941 2851 ἀόρατός
951 2827 979 2843 τε

142 2853 190 2880 καὶ
218 2849 428 2887 ἀκατάληπτος.
455 2850 502 2881 Τίς
541 2849 701 2888 διηγήσεται
730 2852 778 2877 τοῦ
807 2849 977 2888 ἐνεργοῦντος

142 2889 194 2923 τήν
210 2886 394 2923 οὐσίανςῆκο
422 2890 515 2915 autem
541 2886 689 2915 invisibilis
718 2890 743 2914 et
767 2886 977 2923 indepréhensa.

1030 2350 1094 2377 loco
1110 2350 1209 2384 νόησον
1224 2351 1270 2377 τὸν
1286 2351 1425 2385 τεῖῆνίτην,
1447 2352 1567 2382 habent,
1584 2353 1683 2385 νόησον
1700 2353 1745 2378 τὸν
1761 2352 1857 2378 ἑαυτοῦ

1032 2396 1061 2412 τε
1076 2385 1120 2424 καὶ
1137 2386 1243 2413 πάντων
1260 2386 1391 2413 πλούσιόν
1417 2396 1445 2413 τε
1471 2387 1515 2413 καὶ
1548 2387 1742 2424 μεγαλόδωρον
1760 2388 1858 2424 ἀγαυὸν

1030 2421 1172 2458 τεχνίτην,
1188 2423 1330 2450 considera
1345 2427 1422 2450 (num
1437 2424 1532 2457 ipsius,
1545 2421 1599 2451 imo
1615 2421 1735 2451 amnium
1746 2421 1858 2451 dicith

1031 2462 1056 2485 et
1073 2460 1231 2492 muniﬁcum
1248 2459 1346 2486 bonum
1362 2460 1491 2493 api/irem.

1068 2495 1104 2528 (3)
1121 2493 1153 2521 Τί
1171 2494 1305 2529 μεμπτόν,
1318 2498 1372 2521 etc.
1390 2496 1468 2521 lianc
1484 2495 1583 2530 Cyrilli
1602 2495 1778 2521 sententiam
1790 2503 1858 2521 cum

1033 2534 1206 2565 argumento
1215 2539 1248 2557 ex
1264 2531 1367 2565 primis
1375 2531 1548 2565 parentibus
1557 2531 1683 2557 adducto
1692 2531 1858 2557 exscribere

1033 2564 1149 2592 videtur
1164 2567 1190 2592 S.
1210 2564 1302 2599 Nilus,
1318 2564 1506 2601 lib.rii,epist.
1524 2568 1582 2593 163.
1601 2567 1775 2593 Hmcautein
1793 2575 1860 2593 (tum

1034 2602 1142 2636 insigni
1155 2601 1358 2629 additamenta
1375 2603 1554 2629 etvurietute
1572 2603 1859 2637 repra'senlnnlurin

1035 2638 1191 2665 Basilianis
1209 2638 1307 2673 codd,
1326 2642 1358 2665 ut
1385 2638 1421 2665 ad
1438 2638 1551 2665 calcem
1581 2639 1670 2673 hujus
1699 2639 1863 2666 t?(ll.i‘€i1(?>l5

1034 2673 1220 2700 exhibemux.

1070 2710 1107 2743 (4)
1124 2709 1159 2736 Τὸ
1177 2707 1205 2734 ’δὲ
1220 2708 1257 2739 είς
1273 2709 1454 2745 προχώρησιν
1487 2707 1661 2745 διακρίνεται.
1688 2711 1754 2737 [133C
1779 2710 1866 2736 verba

1034 2745 1065 2771 in
1082 2745 1168 2771 codd.
1184 2746 1255 2774 Roe.
1269 2745 1396 2772 Casaub.
1419 2748 1446 2772 et
1463 2745 1541 2772 Coisl
1558 2768 1564 2778 ,
1591 2747 1769 2781 transriosita
1786 2750 1865 2778 sunt,

1035 2784 1064 2807 et
1081 2781 1227 2818 collocata
1244 2782 1370 2808 inferius
1384 2790 1413 2818 n.
1435 2783 1477 2813 16,
1493 2782 1570 2808 inter
1586 2781 1741 2818 ετρημέ-ιων
1759 2786 1787 2809 et
1803 2782 1865 2807 ανα-

1055 2816 1259 2851 ινωσκομένων.
1280 2818 1310 2844 In
1327 2817 1424 2844 Ottob.
1443 2826 1509 2844 vero
1527 2817 1557 2844 in
1572 2818 1591 2844 h
1609 2816 1634 2846 is
1662 2819 1778 2846 duobus
1794 2818 1867 2844 locis

1057 2853 1196 2880 abentur.
