3974 6360
189 312 269 374 669

940 320 1406 385 CATECHESIS
1447 321 1521 383 X.
1568 318 1671 380 DE
1714 315 1886 379 UNO
1928 312 2251 377 DOMINO
2292 316 2483 380 JESU
2524 318 2888 382 CHRISTO.

3500 320 3621 383 670

185 445 371 520 Γραφίν
432 448 554 505 Καὶ
634 453 871 531 Κύριος
926 450 1130 532 ἔϐρεξεν
1188 454 1276 511 ἐπὶ
1338 452 1563 529 Σόδομα
1617 450 1707 510 καὶ
1760 448 1837 506 Γό

1976 465 2094 507 ram
2125 451 2385 511 aientem
2408 470 2422 508 :
2448 474 2478 505 ι(
2508 454 2579 511 Et
2600 453 2887 511 Dominus
2907 452 3063 526 pluit
3090 467 3271 525 super
3287 451 3543 510 Sodoma
3563 460 3623 509 et

187 534 324 610 μορρα
360 541 489 612 πῦρ
546 541 661 596 καὶ
734 550 910 616 θεῖον,
968 545 1111 621 παρὰ
1159 544 1364 623 Κυρίου
1419 544 1481 601 ἐκ
1537 547 1635 599 τοῦ
1690 541 1855 617 οὖρα·

175 626 261 713 νοῦ.
287 622 469 689 Οὗτος
507 629 544 683 6
582 632 818 708 Κύριος
875 630 1027 713 ὤφθη
1080 638 1159 708 τῷ
1218 622 1442 694 Μωυσεῖ
1472 638 1545 704 (1)
1574 631 1740 690 πάλιν
1776 631 1853 693 ὡς

169 709 347 768 ἐδῦνατο
407 713 600 774 ἰδεῖν.
672 709 1093 799 Φιλάνθρωπος
1124 724 1226 800 γὰρ
1259 726 1287 779 6
1319 724 1546 801 Κύριος,
1580 722 1663 779 ἀεὶ
1720 742 1854 795 συμ-

168 804 603 878 περιοερόμενος
645 812 962 888 ἡμετέραις
996 812 1313 877 ἀσθενείαις.

218 987 278 1042 Ζ’.
307 985 409 1041 Καὶ
454 986 571 1042 ἳνα
634 987 704 1046 δὶ
757 996 921 1068 γνῷς,
951 991 1034 1049 ὅτι
1088 991 1247 1057 οὗτός
1276 992 1418 1049 ἐστιν
1454 994 1482 1049 6
1510 997 1593 1066 τῷ
1624 995 1848 1053 Μωυσεῖ

172 1072 348 1152 δῩθεῖςν
382 1072 554 1151 δέξαι
634 1081 949 1159 μαρτυρίαν
1010 1081 1253 1154 Παύλου,
1313 1082 1592 1160 λέγοντος·
1623 1088 1846 1139 Ἕπινον

176 1166 251 1240 γὰρ
300 1165 358 1221 ἑκ
423 1179 852 1243 πνευματικῆς
921 1171 1331 1244 ἀκολουθούσης
1387 1174 1587 1248 πέτρας
1621 1191 1635 1207 ⁸
1695 1175 1730 1244 ἠ
1790 1169 1849 1228 δὶ

179 1256 315 1330 πέτρα
374 1257 451 1325 ἦν
522 1259 557 1313 6
631 1260 907 1336 Χριστόςο
966 1262 1056 1318 καὶ
1113 1262 1304 1319 πάλινο
1358 1261 1541 1319 Πίστει
1601 1264 1846 1331 Μωυσῆς

175 1344 439 1402 κατέλιπεν
508 1347 840 1424 Αἴγυπτονσ
908 1352 995 1407 καὶ
1060 1353 1176 1424 μετ’
1234 1350 1402 1427 ὀλίγα
1456 1350 1609 1426 φησί·
1673 1351 1852 1426 Κρείτ-

171 1456 283 1491 τονα
352 1434 627 1493 πλοῦτον
714 1441 1072 1516 ἡγησάμενος
1156 1441 1249 1496 τὸν
1329 1437 1669 1514 ὸνειδεισμὸν
1749 1445 1847 1497 τοῦ

173 1527 417 1599 Χριστοῦ,
447 1530 574 1581 τῶν
611 1527 672 1584 ἐν
735 1527 1003 1603 Αἰγύπτῳ
1055 1531 1363 1607 θησαυρῶν.
1415 1528 1584 1593 Οὗτος
1617 1532 1646 1586 6
1678 1532 1848 1588 Μωυ-

183 1621 280 1684 σῆς
360 1636 492 1693 φησι
559 1618 712 1692 πρὸς
761 1618 925 1674 αὐτόν
955 1637 969 1651 ·
1057 1619 1387 1697 ’Βμφάνισόν
1446 1641 1545 1694 μοι
1597 1620 1844 1677 σεαυτόν.

188 1702 437 1774 Βλέπεις,
493 1704 587 1763 ὅτι
624 1710 707 1781 (2)
738 1707 829 1762 καὶ
883 1708 936 1762 οἱ
990 1714 1267 1787 προφῆται
1314 1707 1439 1765 τότε
1491 1703 1726 1765 ἵὸλεπον
1758 1710 1848 1765 τὸν

183 1795 416 1871 Χριστὸν
456 1839 472 1865 ,
539 1794 700 1851 ἀλλὰ
754 1797 890 1852 καθὸ
934 1795 1154 1874 ίχώρου
1199 1794 1457 1861 ἕκαστος’
1518 1798 1846 1876 Ἐμφάνισόν

173 1904 269 1957 μοι
302 1886 567 1956 σεαυτὸν,
626 1890 892 1960 γνωστῶς
914 1883 1022 1943 ’ίδω
1080 1907 1159 1945 σι.
1209 1888 1271 1946 Ὀ
1330 1885 1386 1943 δέ
1439 1908 1592 1966 φησν
1651 1887 1849 1954 Οὐδεὶς

171 1968 365 2047 ὄψεται
423 1975 491 2030 τὸ
557 1974 856 2049 πρόσωπόν
919 1998 1047 2050 μου,
1105 1977 1194 2032 καὶ
1252 1978 1492 2048 ζήσεται.
1543 1978 1640 2034 Διὰ
1689 1984 1850 2036 τοῦτο

162 2064 374 2135 τοίνυν,
435 2061 645 2134 ἐπειδὴ
677 2067 755 2138 (3)
783 2065 847 2122 τὸ
891 2072 992 2135 τῆς
1021 2065 1281 2137 θεότητος
1313 2067 1610 2143 πρόσωπον
1670 2066 1850 2134 οὐδεὶς

160 2152 416 2223 ἠδύνατο
477 2152 621 2211 ἰδεῖν
690 2158 816 2224 ζῶν,
868 2150 1101 2211 ἀνέλαϐε
1152 2156 1216 2212 τὸ
1267 2158 1369 2226 τῆς
1425 2157 1848 2233 ἀνθρωπότητος

158 2244 509 2317 πρόσωπον,
558 2241 656 2299 ’ίνα
704 2248 867 2300 τοῦτο
930 2242 1134 2310 ἰδόντες
1191 2246 1467 2317 ζήσωμενθ
1525 2246 1616 2303 καὶ
1672 2249 1760 2304 ὅτε
1793 2246 1851 2305 δὲ

154 2333 422 2405 ἠθέλησε
474 2333 573 2388 καὶ
630 2332 763 2389 αὐτὸ
800 2337 961 2389 τοῦτο
1012 2331 1183 2405 δεῖξαι
1243 2336 1359 2409 μετ’
1417 2335 1619 2411 ὀλίγης
1676 2337 1847 2410 ἀξίας,

157 2422 265 2479 ὅτε
291 2424 361 2479 τὸ
419 2423 728 2499 πρόσωπον
780 2424 947 2479 αὐτοῦ
976 2422 1218 2500 ἔλαμψεν
1274 2426 1348 2487 ὡς
1379 2425 1407 2480 ὁ
1437 2424 1623 2497 ἥλιος,
1657 2427 1709 2482 οἱ
1751 2449 1849 2501 μα-

164 2513 355 2582 θηταὶ
415 2513 683 2568 πίπτουσι
737 2507 1084 2590 φοϐηθέντες.
1145 2513 1208 2572 Εἰ
1242 2512 1300 2570 δὶ
1327 2515 1391 2571 τὸ
1436 2519 1534 2571 τοῦ
1590 2517 1846 2591 σώματος

174 2602 504 2673 πρόσωπον
556 2600 807 2675 λάμψαν,
864 2602 930 2658 οὐ
969 2603 1103 2667 καθὸ
1155 2600 1379 2659 ἐδύνατο
1410 2605 1438 2659 6
1466 2602 1697 2681 ἐνεργῶν
1746 2610 1846 2681 (4),

176 2688 346 2745 ἄλλα
375 2691 504 2745 καθὸ
533 2688 785 2766 ἐχώρουν
816 2691 867 2746 οἱ
902 2692 1158 2764 μαθηταὶ,
1186 2689 1449 2771 ἐφόϐησεν
1483 2694 1678 2759 αὐτοὺς
1707 2742 1725 2765 ,
1754 2697 1845 2752 καὶ

168 2779 343 2852 ὅμως
375 2778 595 2855 ἐνέγκαι
657 2780 759 2837 οὐκ
815 2778 1172 2853 ἐδυνήθησαν·
1231 2783 1350 2846 πῶς
1400 2783 1476 2849 εἷς
1501 2784 1566 2841 τὸ
1594 2792 1695 2857 τῆς
1723 2787 1843 2843 θεό-

152 2890 345 2939 τητος
377 2869 605 2942 ἀξίωμα
665 2868 905 2925 ἀτενίσαι
957 2891 1042 2934 τις
1096 2868 1355 2941 ἠδύνατο.
1389 2869 1563 2949 Μέγα,
1620 2875 1781 2953 φησὶν
1816 2877 1845 2932 6

142 2959 372 3033 Κύριος
412 3002 429 3026 ,
480 2957 796 3033 ἐπιθυμεῖς,
838 2960 882 3014 ὦ
922 2966 1150 3031 Μωϋσῆ·
1200 2960 1291 3017 καί
1347 2960 1697 3040 ἀποδὲχομαί
1743 2987 1844 3022 σου

136 3048 264 3116 τὴν
297 3045 598 3117 ἄπληστον
652 3047 965 3123 ἐπιθυμίαν,
1013 3049 1104 3105 καὶ
1159 3050 1350 3106 τοῦτόν
1410 3071 1494 3107 σοι
1550 3052 1642 3107 τὸν
1674 3052 1840 3129 λόγον

137 3140 416 3208 ποιήσω’
479 3136 635 3193 ἀλλὰ
689 3138 822 3203 καθὸ
888 3143 1114 3216 χωρεῖς.
1201 3137 1344 3197 Ἰδοὺ
1392 3141 1589 3216 τίθημί
1646 3164 1705 3200 σε
1761 3143 1837 3208 είς

127 3229 247 3298 τήν
319 3229 479 3296 ὀπὴν
530 3233 636 3297 τῆς
691 3222 910 3303 πέτρας*
966 3228 1039 3294 ὡς
1096 3228 1200 3306 γὰρ
1270 3231 1489 3309 μικρὸς,
1550 3238 1730 3307 μενεῖς
1783 3233 1836 3291 ἐν

131 3323 338 3393 μικρᾷ
369 3321 720 3397 περιγραφῇο

218 3409 314 3464 α’.
352 3404 498 3463 Ὠδὲ
538 3427 631 3480 μοι
665 3406 859 3463 λοιπὸν
890 3406 1215 3487 ἀσφᾶλισον,
1240 3407 1332 3467 διὰ
1356 3413 1485 3476 τοὺς
1519 3412 1835 3487 Ἰουδαίους,

120 3497 203 3552 τὸ
268 3495 737 3573 λεχθησόμενοψ
793 3498 951 3575 ὁγὰρ
980 3500 1184 3564 σκοπὸς
1236 3502 1373 3575 ἡμῖν
1430 3506 1502 3576 (5)
1533 3502 1836 3578 ἀποδεῖξαι,

124 3586 239 3641 ὅτι
308 3586 387 3654 ἦν
441 3583 590 3661 παρὰ
633 3589 713 3658 τῷ
769 3585 941 3662 Πατρὶ
1000 3588 1029 3642 ὁ
1083 3589 1287 3664 Κύριος
1350 3590 1559 3663 Ἰησοῦς
1608 3593 1839 3667 Χριστός

223 3733 292 3768 ⁴⁴
331 3733 487 3806 Gen.
514 3752 630 3806 xxx,

125 3804 662 3882 f’_Exod._;rx_m,
700 3809 785 3866 13.
863 3806 910 3844 ⁸ο
938 3808 1081 3866 ibid.
1159 3809 1204 3847 δι
1234 3804 1405 3882 ἱῧίὰξ,
1436 3804 1505 3867 20
1577 3811 1627 3848 ⁵³
1656 3834 1685 3864 α
1718 3804 1847 3872 Vid.

139 3878 255 3932 17.
380 3876 437 3910 ⁵⁵
460 3877 622 3948 ibid.,
655 3883 745 3937 22.

214 4033 323 4108 (1)-
346 4035 598 4108 Μιρϋαεῖ.
632 4034 976 4108 itanomen
1024 4035 1141 4092 hoc
1189 4036 1539 4108 scripsimus
1570 4054 1641 4094 ex
1667 4039 1843 4098 codd.

124 4103 381 4185 Coisll,
406 4104 795 4185 Colb.,.Bo_dl.
826 4106 972 4185 edit.
1002 4122 1098 4162 an.
1128 4110 1287 4185 {608,
1309 4103 1382 4185 iet
1408 4126 1477 4185 ex
1507 4110 1644 4166 aliis
1666 4112 1845 4185 hujus

127 4176 571 4254 pateCheseos
600 4176 771 4254 locis,
821 4178 894 4254 in
939 4195 1057 4251 qua
1087 4180 1265 4254 etiam
1316 4176 1846 4254 iniimpressis'ita

125 4248 268 4321 legi
281 4256 414 4321 tur.
452 4248 613 4321 Alibi
645 4254 843 4321 autem
869 4248 993 4306 fere
1026 4251 1325 4319 scribitur,
1359 4248 1592 4321 Μωσῆς.

210 4318 304 4391 i2)
346 4318 782 4396 Blé_1r_m,_8u,
818 4327 935 4378 etc.
1004 4324 1138 4378 Haac
1165 4329 1245 4396 _et
1301 4318 1617 4395 sequentia
1643 4327 1841 4396 verba,

122 4389 357 4468 usque
399 4392 479 4448 ad
512 4389 805 4468 ἐμφάνισόκ
845 4412 940 4468 μοι
985 4393 1227 4464 σεαυτόν,
1276 4389 1521 4468 propter
1552 4400 1706 4456 hanc
1740 4389 1841 4455 re;

125 4465 541 4536 petitionem
592 4465 999 4537 prmtemissa
1029 4472 1173 4524 sunt
1199 4465 1459 4525 incodd.
1505 4472 1626 4526 Roe
1657 4477 1717 4527 et
1740 4475 1849 4529 Ca-

113 4539 321 4592 saub.

1870 3190 1913 3259 C

1966 562 1995 591 ι(
2010 541 2339 599 Gomorrha
2361 543 2558 615 ignem
2575 549 2632 599 et
2645 544 2916 616 sulphur,
2934 560 2967 599 a
2980 544 3229 599 Domino
3250 543 3323 598 de
3336 543 3483 599 caelo
3497 542 3563 598 “.
3592 565 3620 594 »

1964 628 2080 685 Iste
2110 648 2317 688 rursus
2350 634 2640 689 Dominus
2669 634 2852 705 Moysi
2876 633 3036 689 visus
3058 638 3168 700 est;
3201 639 3491 703 quantum
3522 633 3618 689 hic

1961 719 2157 776 videre
2187 722 2443 793 potuit“
2478 724 2777 796 Benignus
2808 723 2968 778 enim
3000 726 3090 778 est
3119 722 3426 789 Domihus,
3460 739 3613 779 sem-

1957 826 2068 881 per
2095 809 2170 866 ad
2202 817 2439 868 nostras
2492 812 2872 869 infirmitates
2908 829 3036 870 sese
3084 812 3470 887 indulgenter
3510 814 3613 870 de-

1958 899 2224 957 mittens.

2029 991 2149 1047 νη.
2184 991 2251 1047 Et
2273 998 2338 1048 ut
2359 993 2592 1049 noveris
2616 994 2813 1066 ipsum
2836 1010 2964 1050 esse
2987 995 3089 1066 qui
3115 995 3296 1067 Moysi
3315 996 3612 1067 apparuit,

1958 1080 2159 1153 accipe
2182 1083 2591 1139 testimonium
2613 1084 2780 1141 Pauli
2800 1085 3084 1140 dicentis:
3103 1084 3607 1142 «Bibebantenim

1958 1191 1985 1219 «
2012 1169 2084 1225 de
2116 1172 2373 1244 spiritali
2405 1181 2808 1247 consequente
2840 1181 3045 1247 petra:
3079 1181 3248 1248 petra
3265 1181 3463 1231 autem
3486 1181 3614 1232 erat

1960 1282 1985 1312 α
2013 1261 2281 1318 Christus
2298 1264 2343 1298 “
2368 1282 2382 1332 ;
2407 1287 2436 1314 »
2462 1270 2521 1320 et
2540 1265 2757 1320 iterum
2781 1281 2795 1321 :
2818 1288 2845 1315 «
2871 1264 3011 1321 Fide
3024 1267 3251 1337 Moyses
3264 1266 3618 1338 reliquitE-

1955 1356 2202 1425 gyptum
2224 1354 2269 1389 ⁴⁷
2289 1372 2313 1403 ιο
2344 1360 2403 1409 et
2426 1360 2561 1426 post
2598 1371 2788 1426 pauca
2812 1354 2994 1411 dicit:
3028 1378 3055 1405 «
3084 1356 3334 1428 Majores
3378 1356 3612 1413 divitias

1958 1462 1986 1490 «
2012 1440 2334 1498 arbitratus
2351 1444 2635 1515 probrum
2656 1444 2872 1501 Christi
2896 1461 3075 1517 quam
3111 1447 3339 1518 Egypti
3360 1446 3610 1502 thesau-

1958 1552 1987 1581 α
2011 1548 2109 1586 ros
2122 1532 2185 1586 αι.
2202 1552 2231 1582 »
2254 1535 2482 1606 Moyses
2503 1535 2577 1591 ad
2600 1551 2736 1590 eum
2758 1535 2939 1591 dicit:
2965 1558 2992 1585 «
3021 1536 3276 1592 Ostende
3297 1537 3444 1591 mihi
3468 1536 3613 1607 teip-

1962 1639 1988 1672 α
2012 1638 2145 1678 sum
2166 1621 2231 1679 ‘9.
2262 1647 2280 1670 -
2312 1623 2515 1679 Viden’
2538 1625 2697 1696 quod
2729 1630 2789 1681 et
2819 1630 2959 1682 tunc
2982 1627 3286 1697 prOphetm
3309 1626 3609 1681 Christum

1956 1711 2236 1767 videbant
2256 1714 2334 1784 (6)
2378 1729 2581 1769 verum
2634 1720 2925 1786 quantum
2973 1715 3225 1787 quisque
3275 1714 3607 1787 capiebant.

1882 1824 1925 1888 Β
1958 1823 1984 1850 ‹‹
2012 1801 2268 1857 Ostende
2286 1802 2432 1859 mihi
2457 1804 2737 1875 teipsum,
2762 1805 3022 1860 scienter
3035 1804 3266 1861 videam
3288 1809 3345 1859 te
3365 1805 3428 1862 ⁵⁰.
3455 1826 3483 1854 ››
3504 1802 3611 1859 Ille

1959 1895 2161 1946 autem
2185 1890 2343 1963 aitzlu
2359 1894 2541 1948 Nemo
2552 1892 3003 1950 videbitfaciem
3018 1909 3235 1959 meam,
3255 1899 3478 1949 etvlvet
3490 1892 3559 1948 51.
3583 1914 3610 1941 »

1958 1981 2283 2052 Propterea
2312 1998 2475 2051 sane,
2510 1983 2664 2038 140
2713 1983 2872 2054 quod
2920 1982 3245 2039 divinitatis
3284 1983 3497 2040 faciem
3528 1983 3611 2038 vi-

1958 2085 2101 2125 vens
2124 2069 2326 2126 nullus
2350 2071 2549 2126 videre
2569 2075 2821 2143 poterat,
2863 2071 3251 2127 humanitatis
3281 2071 3497 2127 faciem
3518 2086 3611 2126 as-

1959 2158 2234 2231 sumpsit,
2267 2164 2333 2215 ut
2383 2160 2537 2216 hanc
2590 2160 2857 2217 videntes
2908 2161 3319 2217 viveremus”.
3382 2160 3506 2216 lmo
3552 2165 3612 2216 et

1957 2247 2196 2320 quando
2228 2263 2359 2305 eam
2389 2248 2580 2321 ipsam
2612 2266 2747 2305 cum
2778 2249 3012 2307 modica
3032 2250 3289 2321 quadam
3323 2249 3608 2322 dignitate

1956 2338 2273 2396 ostendere
2297 2338 2502 2409 voluit,
2533 2356 2664 2395 cum
2692 2338 2919 2395 scilicet
2951 2339 3145 2396 vultus
3176 2341 3307 2412 ejus
3337 2340 3610 2411 resplen-

1956 2428 2086 2484 duit
2114 2434 2180 2484 ut
2208 2429 2320 2497 sol,
2351 2429 2630 2502 discipuli
2661 2429 3062 2502 procumbunt
3114 2430 3327 2487 timore
3375 2436 3611 2486 conter-

1954 2518 2053 2573 riti
2075 2516 2140 2572 ⁸³.
2173 2519 2232 2574 Si
2265 2519 2443 2592 igitur
2470 2519 2735 2591 corporis
2790 2518 2973 2575 facies
3033 2519 3458 2591 splendescens
3487 2536 3609 2574 non

1954 2612 2245 2680 quantum
2277 2614 2511 2681 poterat
2539 2609 2641 2680 qui
2672 2608 2733 2663 id
2765 2608 3143 2681 operabatur,
3181 2609 3288 2665 sed
3317 2614 3611 2681 quantum

1952 2698 2109 2755 ferre
2139 2702 2414 2771 poterant
2438 2697 2737 2769 discipuli,
2764 2698 2926 2769 ipsos
2956 2698 3350 2754 nihilominus
3382 2704 3612 2754 conter-

1952 2788 2095 2855 ruit,
2126 2803 2239 2843 nec
2267 2788 2561 2842 sustinere
2594 2792 2955 2860 potuerunt:
2989 2787 3289 2858 quomodo
3321 2788 3382 2843 in
3413 2788 3606 2860 ipsam

1955 2877 2089 2950 quis
2108 2877 2343 2933 deitatis
2366 2878 2738 2950 maiestatem
2757 2877 3307 2949 possetinspicere?
3330 2879 3603 2950 Magnum

1954 2967 2259 3041 quiddam,
2294 2967 2488 3040 inquit
2517 2968 2824 3033 Dominus,
2859 2968 3251 3039 concupiscis,
3275 2984 3308 3023 ο
3336 2969 3561 3040 Moyses
3587 2986 3601 3035 ;

1951 3056 2320 3129 inexpletum
2352 3061 2552 3111 tamen
2583 3056 2947 3112 desiderium
2979 3061 3148 3111 tuum
3196 3056 3459 3129 approbo
3493 3078 3519 3107 ‹‹
3547 3060 3604 3111 et

1955 3172 1982 3198 ‹‹
2017 3148 2129 3203 hoc
2142 3145 2385 3201 verbum
2403 3146 2510 3200 tibi
2530 3143 2743 3202 faciam
2761 3144 2809 3180 ⁸4
2832 3164 2846 3211 ;
2872 3168 2899 3196 ››
2916 3162 3120 3201 verum
3134 3146 3216 3201 ita
3228 3151 3293 3201 ut
3308 3151 3371 3201 tu
3391 3161 3602 3218 capere

1951 3242 2141 3312 potes.
2168 3259 2188 3285 ι
2215 3237 2365 3292 Eece
2384 3252 2543 3308 pono
2567 3240 2625 3291 te
2655 3236 2716 3291 in
2745 3235 3017 3292 foramen
3040 3240 3222 3308 petrae
3243 3237 3287 3271 ⁸⁸
3311 3256 3325 3304 ;
3356 3240 3423 3292 ut
3443 3235 3603 3292 enim

1945 3344 2162 3402 parvus
2194 3344 2277 3388 es.
2310 3326 2373 3381 in
2400 3325 2635 3381 modica
2655 3325 3210 3397 circumscriptione
3239 3325 3530 3382 manebis.

2020 3419 2161 3474 VlII.
2199 3417 2303 3471 Hic
2326 3417 2453 3489 jam
2485 3416 2628 3471 mihi
2660 3422 2902 3487 pr0pter
2928 3416 3180 3481 Iudaeos,
3216 3416 3375 3487 quod
3400 3415 3605 3471 dicen-

1950 3507 2092 3563 dum
2124 3511 2216 3562 est
2245 3510 2370 3561 tuto
2402 3505 2671 3560 observa.
2705 3506 3083 3577 Pr0positum
3123 3521 3384 3576 namque
3433 3505 3607 3561 nobis

1950 3601 2080 3652 erat
2108 3595 2520 3652 demonstrare
2543 3592 2704 3665 quod
2728 3593 2885 3664 apud
2917 3595 3152 3649 Patrem
3171 3600 3299 3650 erat
3318 3595 3606 3650 Dominus

687 3738 777 3812 24.
855 3734 906 3812 ‘f
942 3737 1276 3812 ΔΕξοιίηιιι,
1306 3743 1385 3812 W2,
1418 3742 1472 3805 6,
1518 3745 1585 3812 et
1631 3760 1818 3808 xurv,
1850 3747 1904 3812 5,
1937 3746 1990 3800 6.
2067 3741 2115 3776 ⁸⁸
2173 3740 2358 3798 ICor.
2418 3758 2474 3805 x,
2508 3742 2562 3795 4.
2638 3740 2681 3775 ⁴τ
2716 3738 2890 3796 Hebr.
2951 3756 3030 3806 rx,
3084 3742 3172 3812 27.
3250 3738 3295 3773 ‘3
3326 3738 3450 3812 ibid
3508 3742 3596 3807 26,

1879 3809 1994 3873 eat.
2029 3815 2117 3885 12,
2149 3830 2210 3869 n.
2244 3816 2297 3868 5.
2335 3833 2362 3862 ››
2437 3812 2483 3847 ⁸⁸
2509 3812 2709 3868 Matth.
2742 3827 2877 3878 xvn,
2908 3813 2960 3875 2,
2988 3814 3041 3877 6,
3116 3809 3166 3844 ⁵⁸
3196 3810 3378 3866 Exod.
3397 3827 3598 3866 χχχιιι.

2027 4035 2286 4101 Χριστός.

2029 4057 2429 4182 ἰὸῗιῖξηῖῗήετω
2456 4108 3059 4182 Οὴήεῑαπιηυίἀεοαητ.
3093 4108 3350 4182 Cyrillus
3379 4109 3601 4180 ubique

1953 4181 2193 4240 Patrem
2214 4181 2545 4253 nunquam,
2574 4181 2675 4236 sed
2694 4181 2902 4238 Filium
2928 4181 2989 4235 in
3016 4181 3210 4235 Veteri
3231 4183 3606 4236 Testamento

1954 4273 1990 4313 θ.
2017 4255 2325 4328 prophetis
2357 4254 2545 4309 visum
2606 4254 2902 4328 afﬁrmat:
2944 4253 3073 4308 vide
3128 4258 3237 4307 cat.
3280 4255 3363 4315 14,
3399 4270 3457 4309 n.
3485 4256 3554 4308 26
3584 4271 3604 4328 _;

1953 4325 2068 4385 cat.
2105 4325 2191 4392 (‘2,
2223 4344 2283 4382 ιι.
2321 4328 2406 4381 13.
2461 4328 2681 4407 Notum
2714 4326 3003 4407 estnhanc
3033 4341 3415 4381 communem
3446 4325 3602 4407 apud

1952 4408 2201 4465 veteres,
2236 4415 2355 4454 non
2391 4397 2585 4452 solum
2643 4398 3110 4463 ante-Nicaenos,
3168 4414 3373 4452 verum
3428 4397 3607 4453 etiam

1880 4486 1927 4553 Ι)
1959 4472 2400 4553 ροεινΝἱοεεηοε
2428 4471 2632 4553 Patres
2663 4470 2896 4550 Graecos
2917 4475 2976 4523 et
3006 4470 3245 4553 Latinos
3263 4476 3402 4553 ante
3424 4474 3617 4553 {tugu-

1961 4541 2183 4600 stinum
2213 4542 2571 4598 sententiam
2596 4541 2811 4613 fuisse,
2831 4541 3233 4613 apparitiones
3263 4543 3488 4597 Veteris
3509 4541 3613 4598 Te-

207 4604 618 4685 (§)_’Enc16ﬁ_,
649 4609 1165 4685 etc._Haac_verba
1211 4617 1277 4685 et
1318 4614 1632 4684 sequentia
1661 4629 1851 4685 usque
1962 4615 2242 4671 stamenti
2275 4615 2338 4669 in
2369 4613 2587 4683 quibus
2617 4614 2772 4667 Deus
2794 4604 3088 4683 loquitur,
3120 4629 3239 4667 non
3281 4612 3609 4685 DeoPatri,

108 4680 203 4757 ad
250 4679 643 4757 “6717331)6'3‘1,
670 4680 893 4757 exclus.
919 4679 1421 4757 citanturﬁaJoan:
1444 4679 1827 4757 Cyparissiot.

112 4753 397 4809 Decade
435 4753 487 4824 β,
518 4770 651 4824 cap.
682 4754 739 4820 4,
771 4753 843 4808 De
872 4758 1122 4823 apparit.
1156 4756 1267 4810 div.
1298 4753 1541 4812 luminis;

202 4826 300 4895 (4)
336 4824 409 4880 Ὁ
441 4822 699 4898 ἐνεργῶν,
752 4822 1083 4898 Articulum
1114 4824 1143 4878 ὁ
1174 4825 1515 4884 addidimus
1559 4844 1629 4884 ex
1660 4828 1827 4885 codd.

118 4895 282 4972 Boe‘
302 4904 371 4952 et
402 4895 686 4961 Casaub.,
737 4902 913 4967 atque
973 4896 1056 4972 ita
1110 4898 1342 4972 videtur
1398 4899 1610 4972 legisse
1643 4901 1829 4972 Cypa-

120 4968 471 5044 rissiotus,
502 4974 797 5044 quantum
828 4983 899 5023 ex
951 4970 1082 5044 ejus
1132 4968 1521 5044 translatione
1553 4988 1660 5044 per
1686 4968 1830 5027 Tur-

120 5040 398 5114 rianun)
433 5040 689 5114 intelligi
723 5045 937 5114 potest.
953 5040 1124 5114 ‘Loco
1144 5042 1174 5096 ὁ
1206 5040 1461 5114 ἐνεργῶν,
1485 5040 1615 5100 cod.
1650 5044 1830 5109 Coisl,

123 5064 398 5096 "duum
433 5064 689 5114 ιῐιιθιιιδι
723 5064 937 5111 μυωδι.
972 5064 1174 5096 ιιοοοο
1206 5064 1322 5113 ενερ
1362 5064 1461 5112 ων,
1485 5064 1615 5100 οοα.
1650 5064 1827 5109 00181,

123 5110 333 5168 habet
368 5110 654 5184 ἐνεργοῦν,
688 5110 846 5182 quod
877 5110 1134 5185 refertur
1152 5114 1225 5170 ad
1246 5064 1562 5185 πρέσωπον·
1590 5132 1827 5172 sensus-

123 5199 259 5254 que
296 5191 403 5240 est
439 5181 564 5260 non
618 5181 1077 5239 incommodus:
1137 5208 1164 5235 «
1199 5187 1248 5241 si
1279 5181 1603 5260 corporeus
1633 5188 1831 5260 vultus

127 5277 158 5301 τι
182 5255 646 5329 resplendens.
681 5271 805 5310 non
837 5260 1127 5325 quantum
1160 5255 1697 5329 poterat'efﬂcaciae
1726 5261 1832 5315 ha-

125 5348 156 5373 «
182 5326 355 5383 beris
387 5347 402 5384 :
431 5350 459 5378 »ι
491 5344 701 5383 vereor
731 5333 932 5381 tamen
992 5332 1057 5382 ut
1113 5326 1378 5387 efﬁcacia
1417 5377 1428 5396 ,
1462 5337 1520 5386 et
1551 5331 1829 5387 efﬁcacia:

125 5406 427 5469 potestas
459 5399 648 5455 vultui
680 5397 999 5465 tribuenda
1031 5399 1126 5455 sit.

212 5476 299 5544 ᾖξ’»)
332 5473 531 5544 ἸΙμῖν.
570 5474 655 5525 Ita
686 5471 817 5544 loco
871 5469 1000 5544 ὑμῖν
1039 5471 1397 5544 scripsimus
1427 5491 1496 5529 ex
1527 5473 1697 5529 codd.
1732 5472 1832 5528 Ot-

138 5543 302 5609 tob.,
340 5542 539 5611 Colb.,
570 5545 715 5610 Roe,
739 5542 1011 5604 Casaub.,
1038 5542 1224 5611 Bodl.,
1254 5546 1457 5601 Mero].
1492 5551 1551 5600 et
1580 5544 1826 5602 Grodec.

138 5614 315 5688 infra
348 5622 497 5673 ante
532 5611 1137 5688 K69:o;_articulum._6
1160 5616 1493 5688 adjecimus
1522 5633 1594 5674 ex
1621 5617 1823 5685 Coisl,

144 5687 296 5758 Roe,
316 5688 581 5748 Casaub.
592 5729 606 5755 ,
630 5684 850 5759 quibus
866 5690 1065 5742 tamen
1087 5686 1149 5742 in
1164 5684 1335 5748 codd.
1349 5684 1829 5761 prmtermittitur

1944 4703 2123 4759 quem
2146 4685 2430 4759 adversus
2448 4685 2756 4741 Gnosticos
2777 4701 3093 4759 nunquam
3106 4686 3298 4759 visum
3323 4684 3572 4740 defende
3588 4714 3605 4723 ο

1942 4755 2106 4822 bant,
2135 4758 2239 4813 sed
2270 4757 2418 4815 Filio
2442 4759 2675 4812 Patrem
2700 4756 2985 4812 revelanti
3002 4755 3368 4810 tribuendas.
3403 4758 3475 4809 At
3495 4770 3597 4809 ne-

1940 4832 2179 4903 gabant,
2212 4830 2299 4903 uti
2344 4828 2622 4903 Cyrillus.
2659 4828 2914 4882 Verbum
2947 4827 3008 4881 in
3032 4827 3279 4903 propria
3308 4831 3367 4903 e_t
3403 4826 3603 4879 divina

1943 4898 2278 4958 substantia
2305 4898 2494 4956 visum
2525 4916 2661 4956 esee
2687 4916 2700 4964 ;
2732 4915 2926 4969 neque
2949 4900 3106 4954 enim
3140 4898 3461 4952 mortalem
3498 4912 3595 4969 na-

1943 4981 2135 5030 turam
2150 4973 2296 5029 huic
2315 4972 2657 5043 conspectui
2689 4967 3040 5026 sustinendo
3064 4986 3268 5041 parem
3282 4985 3441 5043 esse;
3459 4967 3594 5043 vide

1941 5052 2000 5101 et
2030 5052 2126 5103 cat
2180 5049 2267 5110 12,
2294 5062 2355 5100 n.
2391 5039 2481 5099 13-
2515 5050 2573 5097 et
2632 5046 2696 5097 14
2725 5039 3299 5113 Ουορνορῐθὶίίιιιοά
3339 5039 3594 5113 Cyrillus

1939 5118 2044 5184 ait,
2077 5119 2264 5174 Deum
2294 5115 2654 5187 approbasse
2703 5110 2914 5187 Moysiis
2950 5110 3325 5187 desiderium
3356 5110 3594 5187 videndi

1942 5183 2217 5263 scienter,
2249 5183 2524 5263 γνῴἇτῶς,
2558 5183 3102 5263 divinamfaciem;
3138 5183 3593 5263 intelligendum

1940 5261 2013 5316 de
2046 5257 2303 5333 quadam
2333 5260 2525 5314 forma
2554 5257 2626 5333 ad
2659 5257 2874 5333 Moysis
2906 5261 3589 5333 capt_um_attemperata,

1941 5327 2119 5405 quain
2149 5333 2418 5390 Christus
2443 5329 2627 5405 Moysi
2668 5327 2960 5405 tuendam
3001 5327 3302 5405 obtulerit,
3356 5327 3594 5397 qualem

1938 5399 2244 5477 propheta)
2258 5403 2613 5477 cernebant:
2631 5400 2904 5477 videlicet
2916 5399 3371 5477 similitudinem
3392 5414 3595 5477 quam-

1938 5470 2075 5532 dam
2107 5477 2311 5547 glorim
2370 5472 2624 5547 Domini,
2687 5489 2804 5547 non
2866 5472 3057 5543 ipsam
3109 5472 3379 5547 gloriam.
3417 5470 3594 5547 utait

1938 5554 2051 5603 cat.
2085 5542 2137 5615 9",
2172 5566 2229 5603 n.
2268 5552 2288 5601 1
2354 5545 2516 5602 Unde
2552 5542 2907 5606 Dominum,"
2940 5560 3072 5597 cum
3110 5544 3321 5616 Moysis
3352 5542 3586 5616 deside-

1935 5613 2214 5687 rium,’ut
2244 5619 2369 5690 ipse
2423 5613 3326 5690 capere_poterat._adimpleret,
3359 5619 3414 5669 in
3446 5613 3586 5668 nube

1936 5685 2159 5747 tectum
2188 5685 2569 5748 descendis—se
2599 5685 2745 5742 dicit
2764 5687 3014 5745 inferius
3046 5685 3211 5744 num.
3244 5690 3297 5742 8.
