3974 6346
419 316 537 377 6⁵71

1496 310 1560 372 S.
1607 305 1928 372 CYRILLI
1971 303 2392 369 HIEROSOL.
2438 307 2806 371 ARCHIEP.

3740 314 3902 374 672

414 452 443 507 J
447 467 586 507 esus
602 449 888 506 Christus.
900 449 995 504 Ait
1013 447 1191 520 igitur
1209 444 1496 501 Dominus
1509 443 1582 500 ad
1600 443 1839 514 Moysen
1865 459 1878 497 :
1903 463 1932 491 ‹‹
1949 443 2068 514 Ego

2236 437 2339 514 ίγει
2365 441 2552 496 τοίνυν
2602 441 2805 516 Κύριος
2834 443 2975 518 πρὸς
3029 444 3122 499 τὸν
3185 446 3442 515 ﬂuuio-av-
3500 443 3652 520 Ἐγὼ
3707 465 3892 519 παρ-

418 563 446 590 ‹‹
483 538 800 612 prmteribo
824 539 987 610 prior
1016 544 1072 592 te
1103 535 1292 609 gloria
1344 550 1497 600 mea,
1531 537 1590 588 et
1619 531 1838 588 vocabo
1871 533 1930 586 in
1962 548 2072 588 no-

420 651 448 680 ‹‹
473 630 636 684 mine
660 627 893 682 Domini
917 643 1114 682 coram
1138 630 1193 680 te
1214 623 1280 678 5‘.
1309 646 1336 675 »
1363 625 1472 689 Qui
1498 623 1626 696 ipse
1649 622 1941 677 Dominus
1963 626 2070 688 est,

419 719 658 790 qualem
690 722 858 772 vocat
881 713 1466 777 Dominum?(‘.ernis,
1499 710 1797 784 quomodo
1825 711 2076 766 obscure

423 806 624 862 docuit
653 805 814 876 piam
845 805 916 858 de
933 806 1104 859 Patre
1133 809 1191 858 et
1221 802 1368 858 Filio
1399 802 1840 856 doctrinam.Et
1869 816 2074 855 rursus

431 897 494 952 in
523 893 1029 966 consequentibus
1062 893 1208 964 ipsis
1240 891 1439 946 verbis
1469 891 1756 962 scriptum
1782 889 2073 945 habetur:

427 1010 456 1039 «
484 983 1173 1041 EtdescenditDominus
1199 983 1258 1038 in
1287 982 1468 1041 nube.
1493 987 1551 1036 et
1571 996 1835 1052 praesens
1863 979 1944 1034 ibi
1964 979 2078 1035 fuit

424 1100 444 1126 ι
486 1076 595 1136 illi.
625 1081 682 1130 et
713 1074 934 1129 vocavit
965 1073 1209 1128 nomine
1237 1071 1471 1127 Domini
1499 1087 1513 1136 ;
1547 1076 1605 1126 et
1622 1070 1943 1142 prasterivit
1972 1070 2078 1124 Do-

423 1186 448 1218 α
479 1165 679 1221 minus
701 1169 840 1220 ante
862 1163 1074 1218 faciem
1098 1163 1248 1234 ejus,
1274 1160 1594 1216 etvocavit:
1628 1160 1935 1220 Dominus.
1961 1160 2077 1214 Do-

405 1245 444 1307 ”«
475 1255 676 1308 minus
710 1252 1055 1308 misericors
1078 1258 1135 1306 et
1152 1250 1438 1317 clemens,
1466 1249 1827 1322 longanimis
1851 1254 1909 1303 et
1927 1247 2076 1303 mul-

415 1365 442 1393 ‹‹
477 1349 550 1398 ιω
585 1340 1011 1398 misericordia
1037 1345 1096 1394 et
1117 1356 1320 1404 verus;
1341 1339 1708 1409 etjustitiam
1730 1337 2074 1392 custodiens

413 1454 442 1482 ‹‹
465 1437 522 1487 et
547 1431 774 1487 faciens
805 1428 1282 1486 misericordiam
1311 1428 1374 1482 in
1405 1427 1620 1494 millia,
1649 1426 1928 1482 auferens
1958 1427 2074 1482 ini-

417 1543 444 1573 ‹‹
469 1521 727 1593 quitates
775 1526 832 1575 et
888 1519 1215 1592 injustitias
1247 1522 1306 1572 et
1334 1523 1578 1589 peccata
1597 1518 1663 1572 ‘1.
1699 1540 1718 1568 ι
1759 1515 1981 1572 Deinde
2013 1517 2074 1571 in

417 1609 930 1683 consequentibus
964 1607 1362 1681 procumbens
1422 1609 1649 1679 Moyses
1707 1613 1765 1662 et
1820 1607 2076 1663 adorans

418 1718 618 1757 coram
651 1701 906 1755 Domino
939 1701 1039 1770 qui
1070 1697 1334 1765 vocabat,
1367 1700 1624 1768 Patrem,
1657 1698 1838 1754 dicit:
1888 1721 1916 1747 ‹‹
1951 1699 2078 1754 Una

420 1812 450 1841 «
481 1796 679 1846 autem
709 1789 1020 1862 gradiaris,
1055 1787 1324 1856 Domine,
1357 1788 1669 1843 nobiscum
1697 1786 1762 1844 ⁵⁸.

489 1879 587 1934 ῐΧ.
617 1879 807 1934 Habes
831 1879 1084 1951 primam
1099 1879 1252 1934 hanc
1274 1877 1864 1933 demonstrationem.
1883 1877 2075 1933 Aliam

413 1967 750 2025 evidentem
800 1969 1022 2040 accipe.
1049 1990 1078 2021 «
1105 1967 1264 2023 Dixit
1308 1967 1598 2022 Dominus
1623 1968 1874 2022 Domino
1901 1984 2034 2022 meo
2061 1981 2076 2022 :

415 2081 442 2109 ‹‹
465 2058 614 2114 Sede
637 2075 672 2114 a
693 2057 916 2112 dextris
935 2057 1086 2112 meis
1103 2055 1168 2112 ‘9.
1189 2077 1216 2107 γι
1237 2057 1526 2112 Dominus
1541 2057 1667 2111 hinc
1683 2055 1827 2111 dicit
1847 2058 2078 2112 Domino

417 2165 540 2204 non
555 2163 720 2204 servo
737 2147 812 2214 '0;
831 2146 936 2202 sed
950 2146 1200 2202 Domino
1215 2145 1456 2217 quidem
1473 2145 1863 2210 omnium,sui
1877 2151 2076 2201 autem

416 2237 564 2292 Filio
591 2237 683 2292 cui
719 2259 746 2286 «
775 2235 977 2292 omnia
1006 2235 1265 2306 subjecit
1297 2235 1363 2288 δι.
1399 2234 1646 2299 Quando
1677 2240 1876 2290 autem
1909 2234 2074 2304 dicit,

426 2349 448 2376 «ι
466 2325 627 2397 quod
639 2325 844 2380 omnia
858 2323 1128 2396 subjecta
1140 2323 1501 2390 suntei,sine
1515 2322 1696 2378 dubio
1711 2329 1930 2396 praeter
1941 2339 2075 2380 eum

424 2413 574 2484 «qui
608 2413 862 2484 subjecit
892 2413 945 2466 ei
975 2411 1178 2468 omnia
1195 2411 1263 2476 ⁸³,
1297 2417 1350 2465 et
1381 2427 1502 2481 quae
1531 2419 1836 2482 sequuntur
1861 2429 1874 2466 :
1906 2418 1971 2468 ut
2001 2413 2080 2468 sit

423 2523 451 2552 «
479 2503 634 2557 Deus
655 2502 932 2556 omniain
945 2500 1224 2556 omnibus
1245 2500 1309 2557 ⁸³.
1339 2520 1360 2549 ι
1387 2501 1665 2556 Omnium
1686 2503 1974 2558 Dominus
1989 2508 2082 2559 est

420 2589 765 2662 unigenitus
786 2591 1002 2645 Filius:
1027 2589 1211 2645 Filius
1241 2604 1377 2643 vero
1404 2591 1552 2644 I4!
1587 2596 1677 2645 est
1705 2591 1917 2659 Patris,
1951 2607 2076 2648 mo-

417 2695 546 2735 rem
571 2679 682 2752 ipsi
714 2694 926 2752 gerens
949 2678 1026 2751 (1)
1060 2678 1160 2750 qui
1191 2677 1569 2734 dominatum
1597 2695 1717 2734 non
1749 2682 2076 2753 usurpavit,

489 2807 532 2842 ⁸⁸
561 2805 742 2861 Exod.
776 2821 974 2872 xxxm,
1010 2807 1092 2859 19.
1173 2803 1218 2838 ⁵⁷
1249 2803 1429 2876 Exod.
1463 2804 1655 2876 xxxiv,
1687 2808 1804 2863 5-8.
1883 2807 1932 2844 ⁸⁸
1959 2809 2081 2868 ibid

417 2895 480 2946 ιι,
513 2879 564 2933 8.
643 2877 691 2913 ⁶²
720 2880 744 2931 Ι
775 2878 904 2932 Cor.
939 2893 1030 2944 xv,
1063 2879 1151 2931 27.
1228 2876 1274 2911 ⁸³
1305 2875 1448 2932 ibid.
1483 2879 1572 2932 28.

493 3007 570 3074 (1)
601 3007 804 3061 Morem
831 3018 1044 3074 gerens,
1075 3000 1353 3071 εὖπειτής.
1377 3004 1668 3060 Eumdem
1690 3007 1958 3074 Apostoli
1988 3009 2079 3065 lo-

421 3095 559 3136 cum
592 3076 890 3148 expedens
921 3081 1032 3130 cat.
1069 3078 1156 3148 iii,
1191 3092 1248 3148 ιι.
1283 3076 1380 3148 30,
1404 3076 1488 3131 ait
1506 3077 1718 3132 Filium
1742 3076 1904 3135 Patri
1937 3080 2076 3136 obe-

420 3151 568 3208 dire.
595 3171 623 3197 «
644 3146 763 3221 non
796 3153 1061 3221 coactam
1083 3146 1510 3208 obedientiam.
1543 3150 1646 3204 sed
1677 3158 2077 3221 spontaneum

419 3244 450 3274 α
477 3220 660 3277 animi
674 3219 1027 3292 obsequium
1038 3224 1448 3292 praestantem:
1469 3236 1663 3292 neque
1677 3219 1838 3278 enim
1851 3240 2085 3280 servum

422 3317 450 3344 ι(
471 3309 602 3349 esse
627 3296 696 3347 ut
711 3307 780 3346 ex
802 3291 1158 3347 necessitate
1177 3291 1677 3361 subjiciatur;sed
1711 3295 1998 3360 filium,ut
2013 3314 2084 3353 ex

423 3389 450 3417 «
471 3366 772 3420 voluntate
788 3371 847 3418 et
860 3379 1063 3419 amore
1077 3362 1416 3433 obsequens
1431 3365 1525 3418 sit.
1543 3387 1568 3413 ››
1585 3366 1740 3430 Quas
1753 3369 2084 3425 sententias

423 3439 720 3492 incertum
765 3435 1034 3490 videatur
1058 3451 1206 3489 num
1237 3434 1311 3489 de
1342 3435 1577 3491 Christo
1624 3437 1867 3494 homine
1901 3456 1976 3495 an
2009 3440 2082 3496 de

421 3509 610 3564 Verbo
642 3525 709 3562 ac
743 3507 889 3583 Filio
922 3506 1218 3583 inteliigat
1249 3523 1262 3562 :
1297 3513 1357 3583 at
1387 3524 1523 3583 eum
1547 3508 1651 3583 hic
1681 3509 1754 3565 de
1787 3512 2082 3583 superiori

421 3587 637 3636 natura
670 3579 1038 3635 mentionem
1071 3579 1264 3634 facere
1296 3579 1387 3633 vix
1419 3579 1666 3635 dubium
1690 3587 1812 3649 est;
1840 3579 1975 3639 cum
2008 3585 2082 3640 de

422 3670 490 3709 eo
523 3653 803 3726 loquatur
824 3653 926 3722 qui
966 3651 1040 3706 ab
1070 3656 1379 3726 aeternae
1395 3652 1567 3706 Patre
1598 3669 1717 3726 per,
1745 3657 2079 3726 generatio-

422 3742 562 3781 nem
594 3722 864 3796 omnium
897 3739 1100 3778 rerum
1154 3722 1491 3796 dominium
1522 3722 1774 3796 accepit.
1825 3727 2080 3784 Aliunde

421 3800 657 3853 Patrem
685 3795 794 3851 Fili
827 3797 1006 3851 etiam
1041 3795 1370 3867 secundum
1404 3795 1774 3867 superiorem
1804 3806 2079 3856 naturam

421 3869 669 3941 spectati
703 3872 880 3938 caput
909 3873 968 3920 et
997 3868 1182 3941 Deum
1214 3866 1359 3921 dicit
1388 3866 1500 3922 cat".
1564 3871 1650 3936 11,
1682 3886 1740 3923 ιι.
1780 3873 1845 3925 14
1876 3877 1936 3925 et
1968 3875 2032 3926 19
2062 3889 2074 3938 ;

423 3938 528 3996 sed
560 3941 678 3995 alio
707 3955 954 4010 prorsus
987 3938 1160 4010 modo
1193 3954 1371 4008 quam
1415 3945 1846 3996 creaturarum.
1881 3943 2076 4008 Quan-

423 4015 1020 4087 quam_auten_1_r_ecte
1051 4009 1287 4080 Gregor.
1324 4011 1478 4087 Na_z.,
1511 4018 1659 4068 orat.
1693 4013 1783 4077 36,
1808 4029 1864 4068 ιι.
1901 4015 1991 4087 23,
2015 4032 2077 4087 p.

426 4080 552 4146 580,
587 4081 746 4136 dicat
790 4080 1005 4136 Filium
1055 4087 1352 4151 quatenus
1399 4082 1553 4138 Deus
1587 4090 1677 4138 est
1704 4101 1898 4151 neque
1932 4080 2074 4141 obe-

424 4155 686 4209 dientem
710 4168 906 4223 neque
923 4151 1367 4223 inobedientem
1392 4169 1544 4215 esse,
1567 4155 1661 4210 his
1683 4151 2078 4213 nihilominus

423 4223 792 4298 temporibus
811 4222 1064 4298 innoxie
1095 4222 1402 4298 dicebatur
1434 4225 1646 4281 Filium
1679 4233 1976 4298 quatenus
2005 4229 2078 4284 fi-

415 4296 540 4350 ‘lius
557 4295 680 4354 est.
715 4301 774 4370 et
792 4295 1008 4370 divinae
1029 4295 1682 4370 generationisratione
1699 4295 1960 4370 quodam
1980 4316 2076 4356 re-

421 4373 514 4422 cto
550 4383 727 4421 sensu
741 4369 914 4422 Patre
932 4367 1146 4434 minor,
1163 4367 1276 4438 ipsi
1297 4367 1675 4438 obedientem
1691 4367 1842 4428 esse.
1866 4371 2074 4428 Plures

423 4437 1133 4513 hujusmodisententiai
1192 4437 1349 4510 apud
1408 4439 1696 4513 Hilarium
1730 4449 2071 4513 occurrunt,

421 4493 763 4589 praesertim
789 4509 979 4589 lib._v1
999 4511 1073 4565 De
1099 4493 1283 4589 ﬂint“,
1304 4528 1363 4566 ιι.
1390 4493 1458 4564 2ἧ
1480 4493 1828 4589 {libi—until:
1842 4493 2072 4584 ξ

2236 4493 2286 4570 ῐζ
2284 4493 2647 4589 ﬂia—11193;»

422 4581 510 4644 53.
545 4589 604 4638 et
636 4583 705 4636 De
726 4581 957 4651 Synod.,
989 4599 1051 4638 ιι.
1097 4584 1185 4636 51.
1237 4583 1431 4638 Unum
1477 4583 1676 4640 locum
1732 4588 1975 4643 afferam
2006 4581 2076 4644 ex

424 4655 526 4710 lib.
550 4671 617 4730 ui
643 4678 667 4702 u
693 4655 776 4730 _D_e
803 4655 1064 4730 Trin.,n_.
1091 4657 1186 4730 12;
1212 4655 1486 4730 Quisuon
1515 4657 1750 4730 Patrem
1783 4659 2076 4730 potiorem

427 4749 450 4778 α
469 4728 623 4802 conti
637 4727 855 4802 tebiiur
871 4725 1320 4802 utunigenituni
1334 4726 1407 4781 ab
1424 4726 1703 4802 ingenito.
1719 4769 1732 4784 .
1747 4725 1815 4784 ut
1825 4747 1960 4786 eum
1973 4731 2074 4802 qui

423 4821 450 4850 ‹‹
478 4800 710 4874 miserit
728 4799 891 4874 abeo
912 4799 1256 4874 quimissus
1274 4799 1444 4874 sit,‘ut
1457 4799 1754 4855 volentem
1775 4802 1848 4856 ab
1873 4818 1942 4858 eo
1974 4799 2076 4874 qui

421 4894 450 4922 «
471 4871 710 4926 obediat
731 4869 1263 4926 ?Phuebad.contra
1282 4869 1537 4926 Arianos
1559 4879 1689 4926 tom.
1722 4874 1790 4927 V.
1820 4875 1914 4929 Bib
1961 4869 2070 4930 FP.

412 4961 548 5014 pag.
574 4945 696 5004 303.
720 4967 742 4992 ‹ι
763 4942 1112 5012 Subjectum
1137 4941 1291 4996 Patri
1314 4941 1678 5014 Filium,non
1693 4945 1884 5000 Patris
1907 4952 1965 5000 et
1983 4946 2073 5000 Fi-

419 5038 446 5062 ‹‹
481 5015 543 5069 lii
561 5016 802 5070 nomine
826 5023 890 5068 ut
915 5020 1120 5068 sancta
1135 5020 1194 5068 et
1212 5013 1503 5068 catholica
1517 5014 1662 5070 dicit
1681 5017 2076 5083 Ecclesia,sed

416 5109 442 5134 (ι
459 5087 1085 5161 creatureconditione
1101 5085 1515 5161 profitemini.»
1533 5087 1746 5161 Omitto
1765 5089 2076 5161 episcopos

419 5164 694 5213 auctores
727 5159 785 5212 in
820 5157 1074 5212 concilio
1102 5156 1374 5210 formulae
1402 5157 1559 5227 apud
1576 5156 2071 5216 Athanfcomme-

421 5235 684 5301 morata),
711 5231 780 5284 De
808 5231 1022 5296 synod.,
1056 5245 1198 5283 num
1232 5230 1466 5301 26.7art.
1501 5232 1552 5293 9,
1589 5247 1658 5284 ex
1689 5247 1807 5301 qua
1837 5233 2072 5288 confes-

422 5299 590 5353 sione
619 5301 910 5373 nonnulla
940 5300 1513 5373 Cyrillusderivasse
1536 5299 1803 5369 videtur;
1829 5304 1931 5373 qui
1963 5305 2073 5359 Pa-

422 5376 571 5424 trem
605 5372 872 5425 omnium
906 5377 964 5425 et
986 5371 1116 5426 Filii
1139 5372 1316 5428 etiam
1347 5371 1645 5428 dominari
1676 5371 1918 5440 tranu'n,
1945 5394 2069 5428 παν-

420 5443 762 5567 ταέοοῦντος
815 5443 1055 5504 πάντων,
1116 5443 1204 5495 καὶ
1264 5441 1429 5496 αὐτοῦ
1458 5447 1554 5496 τοῦ
1584 5444 1737 5510 Υἱοῦ,
1771 5453 1831 5502 et
1859 5447 2070 5503 Filium

421 5529 488 5567 su
539 5513 752 5567 lectum
786 5513 1018 5567 docent.
1046 5515 1478 5567 Posterioribus
1501 5515 1680 5567 etiam
1703 5519 2070 5567 temnnrihm

421 5513 752 5589 subjectum
786 5513 1018 5589 docent.
1041 5515 1478 5589 Posterioribus
1501 5515 1682 5572 etiam
1703 5519 2072 5589 temporibus

423 5589 664 5658 sanctus
697 5585 980 5658 Paulinus
1039 5585 1321 5650 Nolanus,
1365 5585 1537 5658 epist.
1577 5591 1640 5642 19
1697 5606 1754 5645 n.
1787 5585 1844 5655 3,
1874 5591 2024 5646 dixit
2055 5609 2068 5646 :

423 5679 448 5704 ‹‹
481 5657 599 5735 Hoc
619 5657 732 5735 _Dei
765 5656 1028 5735 verbum.
1066 5659 1204 5725 quia
1255 5675 1374 5713 non
1403 5656 1762 5735 necessitate
1781 5663 2069 5735 subjecti,

423 5750 448 5778 «
484 5728 588 5802 sed
619 5727 722 5783 Dei
753 5727 1002 5802 aequalis
1027 5744 1296 5802 assensu.
1332 5735 1388 5784 et
1413 5731 1653 5802 pietatis
1703 5727 2070 5793 ofﬁcio'obeé

421 5822 448 5853 ι(
469 5800 642 5858 diens
663 5799 1046 5872 Patri’Filius,
1071 5799 1487 5860 humiliavit'se
1508 5819 1698 5876 usque
1718 5807 1794 5866 ad
1815 5813 2070 5866 mortem

2164 523 2478 600 οελεύσομαι
2535 529 2802 606 πρότερός
2883 551 2981 586 σου
3062 535 3132 606 τῇ
3214 529 3342 608 δόξῃ
3422 553 3532 607 μου
3595 539 3700 601 (2),
3773 532 3896 588 καὶ

2182 616 2398 674 καλέσω
2457 617 2510 673 ἐν
2569 617 2800 691 ὀνόματι
2875 621 3081 693 Κυρίου
3137 619 3374 677 ἐναντίον
3437 643 3534 676 σου
3572 666 3586 679 .
3651 623 3904 698 Κύριος

2182 705 2276 776 ὣν,
2309 713 2467 762 ποῖον
2500 708 2704 781 Κύριον
2726 708 2907 787 ,καλεῖ
2941 728 2954 779 ;
3015 710 3114 764 Καὶ
3177 709 3421 785 βλέπεις,
3483 710 3644 774 ὅπως
3681 711 3900 767 ἐπικε-

2181 796 2558 870 καλυμμὲνως
2615 795 2864 854 ἐδίδασκε
2917 799 2980 854 τὸ
3037 794 3254 862 εὐσεϐὲς
3309 799 3436 874 περὶ
3495 803 3726 874 Ila-spor;
3787 803 3900 856 καί

2183 885 2312 941 Υἱοῦ
2343 883 2601 964 δίδαγμα,
2636 887 2740 945 Καὶ
2771 885 2938 942 πάλιν
2991 888 3042 944 ἐν
3104 894 3223 952 τοῖς
3285 887 3405 962 ἑξῆς
3438 887 3746 963 αὐτολεξεὶ
3785 893 3896 965 γὲ-

2180 992 2435 1052 γραπται’
2499 976 2598 1032 Καὶ
2653 972 2855 1047 κατέϐη
2919 977 3115 1054 Κύριος
3172 977 3224 1033 ἐν
3279 977 3505 1056 νεφέλῃ,
3567 979 3668 1034 καὶ
3735 1000 3900 1053 παρ-

2181 1065 2310 1134 έστη
2343 1062 2490 1136 αὐτῷ
2522 1065 2652 1134 insi,
2685 1065 2776 1120 mi
2815 1065 3039 1122 ἐκάλεσε
3085 1071 3167 1138 τῷ
3223 1066 3450 1140 ὀνόματι
3511 1067 3738 1141 Κυρίου
3783 1073 3892 1142 (3]’

2180 1153 2271 1208 καὶ
2329 1156 2586 1227 παρῆλθε
2673 1153 2875 1228 Κύριος
2962 1155 3070 1231 πρὸ
3123 1156 3426 1231 προσώπου
3481 1155 3664 1212 αὐτοῦ
3705 1201 3723 1228 ,
3793 1158 3895 1213 καὶ

2181 1240 2454 1298 ἐκάλεσεν·
2519 1243 2722 1317 Κύριος
2757 1287 2771 1312 ,
2822 1245 3024 1316 Κύριος
3082 1244 3384 1319 οῗκτίρμων
3444 1245 3540 1301 καὶ
3607 1245 3898 1320 ἐλεήμων

2186 1325 2543 1405 μακρόθυμος
2589 1333 2679 1387 καὶ
2737 1329 3044 1396 πολυὲλεος
3098 1333 3190 1388 καὶ
3247 1332 3514 1404 ἀληθινὸς
3553 1380 3573 1407 ,
3627 1335 3735 1391 καὶ
3801 1335 3891 1390 δι-

2180 1420 2470 1491 κοιοσύνην
2529 1417 2806 1497 διατηρῶν
2838 1463 2855 1492 ,
2913 1423 3004 1476 καὶ
3061 1427 3236 1478 ποιῶν
3295 1421 3458 1486 ἔλεος
3517 1423 3608 1486 εἷς
3673 1425 3891 1501 χιλιά-

2183 1507 2298 1578 δας,
2358 1511 2601 1586 ἀφαιρῶν
2662 1511 2891 1584 ἀνομίας
2951 1511 3044 1567 καὶ
3102 1509 3318 1578 ἀδικίας
3370 1513 3464 1568 καὶ
3529 1515 3889 1591 ἁμαρτίας,

2185 1609 2316 1665 Εἶτα
2345 1607 2490 1678 ἑξῆς,
2547 1607 2724 1682 κύψας
2781 1614 3022 1678 Μωϋσῆς
3073 1609 3167 1664 καί
3218 1612 3614 1685 προσκυνήσας
3675 1615 3774 1684 (4)
3803 1611 3890 1667 ἐν-

2183 1697 2356 1752 ώπιον
2381 1701 2482 1752 τοῦ
2533 1697 2730 1773 Κυρίου
2767 1702 2868 1754 τοῦ
2909 1695 3213 1761 καλοῦντος
3261 1699 3356 1754 τὸν
3415 1700 3670 1774 Πατὲρα,
3707 1700 3887 1778 λέγει·

2110 1809 2154 1876 Β
2189 1787 2612 1860 Συμπορεύοητι
2646 1785 2740 1876 δή,
2775 1787 2958 1863 Κύριε,
2994 1791 3110 1860 μεθ’
3137 1790 3320 1876 ἡμῶν.

2257 1882 2331 1931 6'.
2394 1877 2588 1952 Ἔχεις
2635 1875 2840 1944 ταύτην
2897 1879 3126 1952 πρώτην
3183 1875 3455 1948 ἀπόδειξιν
3492 1897 3508 1912 ο
3567 1877 3738 1951 δέξαι
3791 1880 3882 1936 καὶ

2187 1963 2437 2040 δευτέραν
2503 1965 2755 2043 φανεράν.
2817 1967 2985 2023 Εἶπεν
3016 1967 3046 2022 ὁ
3097 1965 3298 2041 Κύριος
3351 1968 3432 2039 τῷ
3480 1968 3684 2043 Κυρίῳ
3747 1989 3882 2043 μου·

2189 2054 2366 2118 Κάθου
2421 2054 2474 2126 ἐξ
2535 2051 2722 2125 δεξιῶν
2787 2075 2913 2128 μου.
2976 2053 3174 2130 Κύριος
3207 2056 3393 2129 Κυρίῳ
3448 2061 3636 2113 ταῦτα
3699 2057 3881 2134 λέγει,

2185 2143 2249 2200 οὐ
2277 2141 2482 2217 δούλην
2543 2142 2690 2199 ἀλλὰ
2721 2143 2901 2218 Κυρίῳ
2935 2143 3029 2216 μὶν
3080 2149 3190 2200 τῶν
3248 2146 3490 2216 πάντων,
3519 2148 3647 2219 Υἱῷ
3677 2146 3748 2203 δὲ
3781 2149 3879 2204 αὖ·

2183 2238 2304 2304 τοῦ,
2364 2234 2410 2305 ᾧ
2459 2229 2634 2288 πᾶντα
2696 2233 2973 2306 ὑπέταξεν.
3031 2235 3196 2290 ’Ὁταν
3261 2230 3320 2289 δὲ
3375 2233 3526 2308 εἴπῃ,
3561 2234 3659 2290 δτι
3690 2237 3876 2292 πάντα

2186 2323 2338 2396 αὖτῷ
2368 2323 2745 2390 ὑποτέτακται,
2789 2318 2986 2390 δῆλον,
3045 2321 3129 2377 ὅτι
3187 2319 3340 2386 ἐκτὸς
3391 2328 3493 2378 τοῦ
3548 2324 3876 2397 ὑποτάξαν-

2183 2433 2278 2475 τος
2311 2411 2458 2485 αὐτῷ
2497 2412 2565 2468 τὰ
2619 2409 2814 2480 πάντα,
2873 2412 2963 2466 καὶ
3020 2414 3088 2466 τὰ
3144 2411 3266 2482 ἑξῆς
3320 2416 3416 2484 (5)⁶
3467 2410 3634 2490 ’ίναῇ
3667 2416 3697 2470 ὁ
3735 2416 3870 2478 Θεὸς

2183 2505 2255 2560 τὰ
2281 2501 2458 2558 πάντα
2512 2500 2564 2556 ὲν
2625 2507 2776 2557 πᾶσι.
2829 2501 3034 2574 Κύριός
3063 2499 3178 2556 ἐστι
3215 2505 3322 2557 τῶν
3375 2503 3599 2558 πάντων
3668 2506 3700 2560 ὁ
3767 2527 3869 2579 μου

2186 2594 2412 2668 νογενής
2439 2591 2584 2653 Υἱὸς·
2619 2591 2744 2652 Υἱὸς
2775 2587 2836 2646 δὶ
2876 2593 2976 2646 τοῦ
3026 2591 3239 2665 Πατρὸς
3295 2590 3578 2660 εὐπειθὴς.
3615 2594 3738 2669 οὐχ
3769 2597 3868 2672 ἀρ-

2188 2683 2362 2738 πάσας
2391 2681 2455 2736 τὸ
2510 2677 2797 2754 κυριεύειν,
2861 2677 3008 2735 ἀλλὰ
3064 2680 3192 2755 παρ’
3249 2677 3730 2754 αὐτοπροαιρὲτου
3765 2683 3868 2740 λα’

2089 2853 2102 2869 .
2137 2814 2196 2871 9.
2279 2811 2324 2847 ⁵⁸
2345 2808 2634 2873 Psal.clx,
2670 2810 2721 2864 1.
2794 2805 2892 2858 °°«
2928 2805 3054 2863 Vid.
3091 2811 3206 2864 cat.
3230 2809 3284 2880 ’1,
3310 2824 3370 2863 ιι.
3392 2808 3447 2863 2.
3477 2825 3506 2860 ι
3582 2809 3630 2846 ⁶¹
3664 2811 3868 2868 Hebr.

2192 3032 2221 3060 «
2245 3009 2473 3066 crucis:
2493 3031 2522 3058 »
2537 3013 2806 3080 etpoem.
2826 3009 3072 3080 32,7vers
3093 3008 3184 3076 83,
3205 3007 3279 3063 de
3303 3007 3412 3064 ﬁlii
3435 3009 3864 3068 incarnatione

2191 3088 2251 3138 et
2263 3083 2323 3138 in
2339 3088 2528 3137 terras
2540 3079 2796 3137 adventu
2813 3095 2883 3135 ex
2899 3079 3136 3134 decreto
3145 3079 3332 3135 Patris
3345 3080 3601 3152 loquens
3617 3082 3857 3139 scribit:

2192 3155 2395 3209 Paruit
2423 3153 2519 3208 ille
2563 3153 2734 3208 libens
2789 3153 2931 3206 Deus
2979 3154 3167 3207 omnia
3196 3169 3322 3207 cum
3375 3157 3546 3208 Patre
3605 3170 3852 3224 concors,

2457 3227 2808 3280 Communem
2835 3239 3036 3278 curans
3063 3241 3182 3278 rem
3211 3226 3421 3294 pietate
3442 3227 3584 3294 pari

2187 3298 2373 3353 Taceo
2391 3297 2572 3352 etiam
2587 3298 2790 3351 Patres
2805 3301 3032 3350 veteres
3045 3295 3147 3366 qui
3169 3295 3384 3350 Filium
3402 3297 3602 3352 Patris
3615 3314 3854 3354 servum

2187 3369 2386 3424 dicere
2417 3385 2538 3424 non
2570 3368 2896 3440 tinuerunt.
2927 3368 3178 3440 Tantum
3204 3367 3492 3440 adjiciam
3527 3369 3694 3426 hanc
3723 3371 3854 3428 Filii

2186 3457 2326 3513 erga
2345 3445 2576 3513 Patrem
2593 3437 2998 3513 obedientiam
3010 3443 3069 3513 et
3087 3437 3521 3513 subjec'tionem
3547 3458 3736 3512 quam
3756 3447 3854 3513 Cy-

2184 3511 2358 3568 rillus
2379 3512 2661 3578 admittit,
2681 3511 3009 3566 consistere
3031 3511 3092 3565 in
3115 3511 3377 3582 perfecta
3407 3511 3741 3570 voluntatis
3757 3511 3854 3570 in-

2184 3590 2289 3658 ter
2305 3583 2514 3640 ambos
2534 3583 2763 3639 unitate
2788 3599 2800 3649 ;
2835 3598 2976 3658 qua,
2999 3582 3155 3638 sicut
3175 3583 3393 3658 deitate
3417 3602 3608 3658 regno
3631 3592 3694 3641 et
3713 3603 3855 3658 ope-

2181 3657 2437 3719 ratione.
2463 3660 2606 3710 sunt
2622 3670 2810 3710 unum
2832 3653 3030 3722 ambo,
3054 3661 3120 3709 ut
3139 3655 3322 3710 tradit
3338 3660 3454 3710 cat.
3485 3653 3512 3710 ἰ
3525 3661 3550 3712 1
3565 3699 3580 3725 ,
3599 3675 3662 3714 ιι.
3689 3653 3773 3725 16]
3791 3663 3854 3714 ut

2184 3735 2386 3784 tamen
2403 3727 2588 3800 Filius
2607 3743 2642 3782 a
2662 3728 2834 3800 Patre
2855 3727 2984 3800 haec
3005 3726 3208 3800 omnia
3221 3727 3276 3800 vi
3293 3743 3415 3782 suae
3437 3731 3850 3800 generationis

2183 3799 2518 3872 acceperit:
2551 3814 2670 3870 qua
2692 3799 2767 3872 in,
2785 3813 2850 3872 re
2879 3797 3010 3872 sola
3030 3799 3159 3870 ejus
3189 3797 3487 3871 subjectio
3521 3802 3808 3857 consistit
3834 3817 3846 3858 :

2180 3869 2570 3951 nam'Filium
2623 3875 2682 3926 et
2739 3869 3358 3951 Spiritum.'sanctuin
3378 3887 3426 3951 a
3454 3873 3724 3951 generali
3755 3890 3845 3929 re-

2182 3959 2318 3998 rum
2349 3942 2619 4010 omnium
2651 3941 2934 3997 servitute
2965 3941 3193 4008 eximit,
3225 3949 3340 3998 cat.
3375 3944 3432 4010 8,
3463 3941 3524 3999 ιι.
3555 3947 3606 3998 5.

2255 4013 2332 4086 (2)
2356 4016 2433 4086 Τῇ
2463 4009 2592 4086 δόξῃ
2618 4031 2760 4086 μου.
2798 4013 3000 4086 Codd.
3059 4013 3236 4069 Coisl.
3273 4020 3333 4070 et
3360 4009 3546 4070 Ottob.
3575 4019 3635 4069 et
3661 4018 3835 4071 vetus

2180 4081 2290 4142 ms.
2314 4081 2580 4148 'Ge'n0v.,
2615 4081 2666 4158 ἔν
2697 4087 2766 4158 τῇ
2795 4081 2923 4158 δόξῃ
2958 4103 3084 4158 μου.
3113 4085 3339 4158 Caetera
3387 4087 3570 4158 hujus
3598 4087 3842 4144 Mosaici

2181 4157 2508 4214 testimonii
2538 4157 2717 4212 verba
2744 4156 2940 4228 paulo
2979 4156 3154 4212 aliter
3181 4157 3246 4213 in
3277 4156 3502 4228 nostris
3533 4159 3688 4215 LXX
3724 4159 3847 4216 edi-

2179 4229 2444 4302 tionibus
2476 4227 2793 4302 habentur}
2827 4230 2894 4302 In
2952 4231 3122 4302 Rom.
3184 4229 3278 4285 ed.
3307 4247 3320 4286 :
3354 4227 3589 4284 Καλέσω
3614 4229 3848 4302 nitesci-

2225 4300 2311 4385 ατί
2335 4298 2716 4385 μορ,.Κύριος
2761 4297 3002 4385 ἰνάντριόν
3062 4319 3158 4353 σου
3180 4317 3207 4385 ¹ε
3269 4302 3500 4385 corripi.
3541 4319 3556 4358 :
3617 4297 3847 4385 italiam

2204 4371 2265 4447 πὶ
2296 4369 2378 4444 τῷ
2408 4369 2638 4447 ᾲνᾴματί
2672 4390 2778 4444 μου
2811 4416 2834 4447 ,Α
2862 4369 3060 4447 Κύριος
3091 4415 3107 4441 ,
3127 4369 3535 4447 _etc_.__Aldina,
3571 4376 3846 4447 eticode‘x

2182 4443 2622 4501 Alexandrinus
2669 4443 2951 4570 proxime
2987 4443 3062 4500 ad
3115 4444 3446 4517 Cyrillum:
3501 4443 3742 4502 Καλέσω
3769 4443 3842 4519 τῷ

2185 4515 2412 4570 ὀνόματι
2445 4515 2647 4570 Κυρίου
2697 4515 2904 4570 ναντίον
2939 4534 3056 4570 σου.

2697 4534 2904 4570 ναντιον
2939 4534 3056 4570 σου.

2257 4586 2330 4660 (3)
2363 4586 2718 4662 roseam
2761 4587 2985 4662 Κυρίου.
3016 4589 3151 4662 H‘aac
3179 4587 3358 4662 verba
3411 4593 3473 4644 et
3514 4591 3847 4662 _sequentia

2187 4657 2378 4744 usque
2403 4657 2478 4716 ad
2509 4657 3258 4744 txdksqevl‘inclus.‘desunt
3301 4660 3363 4743 in
3421 4660 3553 4716 cod.
3586 4657 3762 4744 Colb.
3797 4669 3853 4744 et

2187 4733 2251 4788 in
2282 4731 2592 4804 impressis
2604 4737 2742 4789 ante
2759 4733 2945 4788 Oxon.
2969 4731 3320 4804 editionem,
3344 4732 3406 4786 in
3430 4748 3550 4803 qua
3571 4736 3853 4792 restituta

2187 4811 2329 4860 sunt
2349 4803 2422 4860 ex
2449 4804 2621 4860 codd.
2655 4806 2798 4872 Roe,
2830 4803 3103 4870 Casaub.,
3134 4820 3286 4859 vers.
3310 4805 3556 4860 Grodec.
3587 4814 3648 4862 et
3681 4824 3849 4864 sacro

2188 4882 2370 4932 textu.
2406 4877 2513 4948 His
2539 4876 2797 4948 adjunge
2850 4893 2994 4932 mss.
3030 4874 3208 4948 Cois],
3242 4877 3540 4948 etiOttob.
3579 4880 3658 4934 Ut
3687 4879 3848 4935 locus

2186 4949 2298 5003 iste
2327 4946 2710 5019 intelligatur,
2736 4946 3184 5019 observandum
3213 4947 3414 5014 verba,
3437 4949 3714 5007 Dominus
3749 4954 3846 5006 Do-

2184 5023 2379 5094 minus
2408 5017 2736 5094 misericors,
2789 5036 2921 5090 qua;
2955 5017 3213 5094 vulgatis
3252 5025 3462 5094 auctor
3517 5022 3710 5094 Moysi
3743 5023 3843 5078 tri-

2184 5090 2334 5156 buit,
2359 5092 2532 5162 juxta
2586 5091 2945 5162 interpretes
2991 5090 3128 5146 LXX
3163 5096 3222 5146 et
3251 5091 3562 5148 Hebraeum
3617 5090 3841 5150 textum

2184 5162 2374 5233 ipsius
2403 5163 2640 5218 Domini
2689 5163 2793 5234 qui
2844 5163 3026 5234 Moysi
3057 5163 3218 5234 visus
3249 5169 3341 5218 est
3368 5163 3546 5220 verba
3576 5183 3735 5222 esse.
3767 5169 3842 5223 Ea

2183 5251 2318 5288 vero
2349 5234 2603 5306 Cyrillus
2623 5234 2686 5289 in
2707 5233 3008 5310 Christum
3037 5233 3270 5310 confert
3289 5236 3360 5310 de
3384 5237 3556 5310 Patre
3586 5237 3840 5310 loquen—

2183 5312 2339 5360 tem:
2399 5305 2653 5377 Cumque
2711 5305 3002 5362 Dominus
3049 5305 3120 5362 de
3183 5307 3428 5362 Domino
3487 5305 3840 5375 dicatfhinc

2183 5378 2407 5449 optime
2441 5377 2652 5449 probat
2704 5384 2822 5434 tam
2877 5378 3179 5435 Christum
3219 5395 3402 5450 quam
3433 5380 3675 5438 Patrem
3706 5390 3836 5440 ante

2183 5450 2655 5506 incarnationem
2689 5450 3006 5506 Dominum
3039 5465 3190 5506 esse.

2255 5523 2325 5591 (4)
2357 5520 2462 5598 lia!
2493 5521 2856 5598 ποσιιυνήσας.
2895 5519 3249 5598 Iimqverba
3298 5521 3500 5582 addidi
3531 5540 3605 5580 ex
3637 5526 3829 5598 Coisl.,

2181 5595 2322 5657 Roe,
2355 5594 2628 5650 Casaub..
2661 5593 2880 5652 Ottob..
2905 5593 3082 5650 Grod°

2255 5665 2325 5735 (ὅ)
2359 5665 2462 5718 Καέ
2504 5663 2569 5719 τὰ
2621 5661 2767 5734 ἑξῆς.
2831 5668 2978 5720 Loco
3030 5665 3244 5720 horum
3301 5669 3621 5728 verborum
3681 5674 3829 5728 totus

2182 5737 2446 5809 Apostoli
2477 5737 2646 5794 locus
2675 5737 3034 5795 describitur
3051 5736 3115 5792 in
3139 5736 3310 5794 codd.
3342 5740 3534 5809 Colb.,
3558 5743 3754 5809 Bodl.,
3780 5747 3831 5800 et

2183 5789 2331 5866 ἶᾶίιῖ
2348 5789 2902 5869 ﬁngeretis;
2913 5789 3172 5868 Ηὁᾶιῶ
3183 5789 3249 5867 ’ἶ
3259 5789 3417 5868 τιιξξ
3424 5789 3600 5870 ’ἶᾶἴ
3606 5789 3826 5880 ἲὸἶέςῖ
