3974 6386
177 355 276 417 ϐΠ
962 372 1438 434 CATECHESIS
1485 375 1560 434 Χ.
1610 374 1711 435 DE
1755 374 1925 435 UNO
1969 375 2280 440 DOMINO
2322 381 2536 458 JESU,
2563 384 2927 445 CHRISTO.
3532 388 3653 448 678

186 490 306 569 api):
332 496 523 573 ἡμῶν
584 507 719 561 τῶν
762 501 1038 564 Ἰουδαίων
1098 504 1243 578 ναὸς,
1304 504 1415 581 οὐχ
1461 502 1540 561 ὅτ’
1582 506 1619 576 ἡ
1666 503 1864 581 ἀπόφα-

2054 527 2114 567 υη
2136 511 2181 548 ⁸⁸
2205 530 2219 580 ;
2242 511 2291 548 ⁸⁸
2320 515 2538 572 cecidit
2564 516 2676 572 hoc
2727 517 2887 590 quod
2933 518 3109 576 nobis
3165 536 3233 575 ex
3261 519 3507 576 adverso
3540 527 3651 591 est,

200 607 272 650 σις
294 592 396 643 τοῦ
429 599 641 649 πεσεῖν
680 595 850 665 αἰτία,
881 593 1009 651 ἀλλ’
1064 595 1165 655 ὃτι,
1196 597 1232 666 ἡ
1283 594 1524 672 ἁμαρτία
1568 599 1679 652 τῶν
1708 615 1864 671 παραι

2061 600 2327 661 dmorum
2360 606 2668 679 templum.
2703 609 2830 663 Non
2857 609 3016 680 quod
3049 626 3119 666 ea
3148 610 3445 666 sententia
3475 602 3657 665 fuerit

203 678 374 755 νόμων
406 681 620 759 γὲγονε
647 688 753 740 τοῦ
774 688 953 741 πεσεῖν
985 682 1152 744 αἰτία.

2076 692 2368 750 candendi
2410 711 2631 764 causa;
2695 696 2800 752 sed
2860 715 2991 754 eam
3055 699 3293 755 ruinam
3340 705 3653 772 peccatum

1988 778 2311 851 impiorum
2343 785 2608 841 attraxit.

2058 869 2182 924 XII.
2220 872 2382 927 Unus
2415 879 2505 930 est
2552 875 2839 931 Dominus
2886 877 3057 932 Iesus
3106 878 3397 945 Christus,
3431 894 3654 934 nomen

1987 957 2340 1017 admirabile
2364 979 2399 1017 a
2427 964 2734 1036 prophetis
2758 965 2998 1037 oblique
3029 969 3494 1038 praenuntiatum
3519 986 3533 1036 ;
3567 969 3652 1023 ait

1988 1047 2150 1103 enim
2189 1051 2373 1107 Isaias
2422 1053 2711 1125 propheta
2745 1070 2757 1108 :
2790 1058 2927 1112 Ecce
2954 1058 3210 1113 Salvator
3241 1060 3343 1113 tibi
3400 1060 3646 1121 advenit,

1989 1133 2192 1190 habens
2236 1139 2539 1194 mercedem
2567 1156 2723 1196 suam
2747 1139 2813 1197 ⁸⁷.
2847 1142 3015 1199 Jesus
3070 1150 3269 1200 autem
3325 1147 3483 1217 apud
3534 1147 3647 1200 He-

1987 1222 2180 1281 braaos
2212 1225 2641 1300 interpretatur
2660 1231 2959 1287 Salvator:
2993 1239 3053 1289 at
3079 1234 3417 1291 Judaaorum
3442 1236 3503 1290 in
3535 1236 3652 1290 Do-

1988 1313 2138 1384 mgni
2168 1316 2393 1372 caadem
2422 1317 2724 1375 furentem
2750 1321 3019 1378 animum
3037 1323 3370 1395 praavidens
3396 1325 3650 1397 prophe-

1987 1401 2324 1476 tiCagratia,
2340 1406 2809 1479 appellationem
2831 1413 2960 1482 ejus
2983 1412 3241 1481 obtexit;
3275 1430 3349 1469 ne
3378 1413 3426 1469 si
3452 1413 3650 1485 palam

1986 1491 2154 1562 prius
2187 1495 2424 1567 cognita
2453 1495 2684 1567 fuisset,
2715 1501 2981 1571 paratius
3004 1502 3452 1558 insidiarentur.
3478 1504 3649 1559 Jesus

1985 1597 2123 1637 vero
2156 1585 2471 1643 manifeste
2503 1594 2743 1644 vocatus
2776 1595 2885 1656 est,
2919 1607 3042 1646 non
3085 1593 3155 1647 ab
3205 1593 3506 1659 omnibus,
3542 1592 3647 1649 sed

290 860 382 918 IB'.
412 861 515 921 Εἷς
546 859 670 918 ἐστι
723 862 924 939 Κύριος
979 863 1192 934 Ἰησοῦς
1231 864 1487 938 Χριστὸς,
1546 858 1726 937 ὄνομα
1756 874 1884 928 θαυ-

215 950 420 1026 μαστὸν
476 950 587 1006 ὑπὸ
643 957 757 1007 τῶν
813 956 1108 1030 προφητῶν
1158 951 1408 1030 πλαγίως
1452 950 1881 1031 προαναφωνού-

213 1060 404 1114 μενον·
440 1037 596 1115 λέγει
647 1041 753 1117 γὰρ
811 1039 1035 1104 Ἡσαΐας
1093 1042 1123 1096 6
1174 1043 1489 1119 προφήτης*
1526 1040 1667 1098 Ἰδοὺ
1700 1042 1729 1097 6
1763 1047 1885 1096 Σω-

212 1132 322 1207 τήρ
388 1152 479 1186 σοι
537 1130 938 1207 παραγίνεται,
1023 1129 1169 1207 ἔχων
1234 1131 1325 1187 τὸν
1385 1133 1577 1188 ἑαυτοῦ
1638 1131 1829 1205 μισθόν
1867 1174 1881 1189 .

212 1222 428 1296 Σωτὴρ
488 1218 549 1276 δὶ
605 1221 755 1289 παρὰ
814 1215 1094 1297 Ἑϐραίοις
1140 1220 1416 1293 ὁΊησοῦς
1477 1221 1830 1297 ἑρμηνεύεται
1865 1238 1879 1253 ⁸

194 1313 267 1367 τὸ
294 1312 413 1387 γὰρ
460 1311 827 1387 Κυριοκτόνον
860 1313 934 1385 (1)
952 1314 1061 1366 τῶν
1096 1306 1373 1366 Ἰουδαίων
1419 1305 1816 1386 προϐλὲπουσα
1851 1312 1880 1380 ἦ

194 1400 546 1478 προφητική
578 1398 764 1475 χάρις,
795 1398 1034 1475 ἐκάλυψε
1082 1401 1185 1469 τήν
1240 1400 1635 1477 προσηγορίαν,
1680 1400 1769 1456 ’ίνα
1803 1401 1881 1475 μὴ

191 1490 265 1546 ἐκ
293 1494 406 1546 τοῦ
464 1486 777 1563 προειδέναι
834 1492 1039 1567 σαφῶς,
1100 1489 1337 1563 ἑτοίμως
1392 1485 1881 1559 ἑπιϐουλεῦσωσιν,

191 1582 438 1652 Ἰησοῦς
490 1576 552 1634 δὲ
581 1578 816 1650 ἐκλήθη,
848 1580 964 1654 οὐχ
995 1579 1099 1635 ὑπὸ
1131 1579 1454 1656 ἀνθρώπων,
1486 1578 1614 1636 ἀλλ’
1648 1580 1751 1636 ὑπὸ
1783 1581 1886 1655 ἀγ-

203 1668 400 1745 γέλου
429 1672 691 1748 φανερῶςο
727 1668 831 1724 οὐκ
863 1665 980 1740 ὶδίᾳ
1034 1667 1248 1740 ἐξουσίᾳ
1304 1665 1580 1738 ἐλθόντος,
1614 1669 1760 1726 ἀλλὰ
1790 1667 1864 1725 δυι

2054 1691 2061 1721 ι
2093 1674 2305 1746 angelo
2331 1693 2345 1742 ;
2371 1677 2526 1732 I48
2558 1678 2661 1749 qui
2694 1695 2817 1734 non
2858 1696 2966 1736 sua
2996 1681 3348 1736 auctoritate
3378 1681 3645 1751 veniens,

203 1758 384 1832 νὰμει
416 1762 544 1814 Θεοῦ
571 1757 996 1827 ἀποσταλέντος,
1026 1760 1129 1844 τοῐξ
1177 1756 1436 1834 λεγοντος
1470 1759 1607 1833 πρὸς
1636 1760 1728 1814 τὸν
1760 1759 1864 1814 Ἰω·

2056 1762 2092 1818 d
2110 1763 2311 1822 divina
2325 1772 2617 1838 potestate
2638 1769 3265 1844 missus,aitJosepho:
3296 1796 3312 1821 ι
3340 1775 3418 1827 Ne
3438 1772 3648 1840 timeas

188 1849 343 1923 σῆρ·
411 1848 504 1917 Μὴ
565 1842 813 1924 φοϐηθῇς
873 1841 1210 1922 παραλαϐεῖν
1272 1847 1499 1923 Μαριὰμ
1550 1849 1652 1918 τὴν
1695 1852 1864 1924 γυναῖι

188 1939 267 1961 αλ
337 1957 427 1961 _-,,
469 1956 484 1961 _
549 1937 603 1961 Α
826 1937 875 1961 2,.
942 1935 1072 1961 ,ητα
1451 1936 1502 1961 ιη
1564 1937 1837 1961 "niam

2054 1869 2343 1910 tssumere
2361 1857 2605 1913 Mariam
2647 1859 2961 1933 conjugem
2989 1866 3181 1930 tuam;
3208 1861 3368 1933 quod
3403 1862 3566 1917 enim
3590 1862 3651 1916 in

181 1939 268 1993 κσὶ
328 1957 437 1992 σου
469 1956 484 1968 ·
547 1937 611 1993 τὸ
665 1936 764 2012 γὰρ
823 1937 877 1993 ἐν
936 1935 1072 2011 αὐτῇ
1129 1937 1384 2013 γεννηθὲν
1446 1936 1506 1993 ἐκ
1564 1937 1864 2011 Πνεύματοι

2054 1958 2112 1997 ea
2141 1949 2350 2001 natum
2383 1950 2493 2012 est,
2517 1946 2590 2002 de
2623 1948 2847 2019 Spiritu
2871 1956 3073 2005 sancto
3098 1956 3188 2006 est
3235 1952 3434 2007 Pariet
3451 1956 3652 2008 autem

178 2026 368 2103 ἄγξω.»
421 2025 585 2082 ἐστί.
644 2025 854 2097 Τὲξεται
944 2024 1003 2082 δὲ
1085 2027 1201 2082 υἱὸν
1236 2070 1253 2098 ,
1337 2027 1428 2082 καὶ
1506 2026 1756 2091 καλέσεις
1813 2029 1876 2085 τὸ

181 2114 396 2191 ὄνομα
445 2117 617 2173 αὐτοῦ
671 2119 910 2187 Ἰησοῦν.
943 2115 1047 2174 Καὶ
1105 2116 1203 2185 τὴν
1262 2115 1437 2171 αῗτίαν
1466 2123 1567 2187 τῆς
1595 2137 1874 2194 προσηγο-

180 2207 324 2279 pia:
376 2203 682 2268 ἀποδιδοὺς
737 2203 936 2268 εὐθέως
994 2203 1163 2279 λέγει·
1223 2204 1399 2267 Αὐτὸς
1456 2204 1558 2280 γὰρ
1590 2206 1749 2261 σώσει
1782 2206 1871 2261 τὸν

182 2294 335 2352 λαὸν
375 2296 552 2351 αὐτοῦ
610 2294 716 2349 ἀπὸ
773 2299 885 2350 τῶν
942 2295 1223 2368 ἁμαρτιῶν
1279 2294 1478 2351 αὐτῶν.
1537 2295 1598 2352 Ὁ
1640 2292 1874 2368 μηδέπω

177 2384 491 2460 γεννηθεὶς
522 2389 641 2446 πῶς
676 2382 808 2439 λαὸν
839 2378 959 2458 ἔχει
993 2428 1007 2453 ,
1041 2383 1243 2452 νόησον
1281 2425 1295 2450 ,
1329 2382 1375 2438 εί
1412 2383 1488 2457 μὴ
1522 2385 1612 2439 καὶ
1640 2384 1748 2461 πρὸ
1775 2388 1873 2441 τοῦ

188 2476 539 2551 γεννηθῆναι
595 2474 686 2543 ἦν.
750 2472 855 2530 Καὶ
912 2476 1073 2528 τοῦτο
1104 2474 1132 2527 6
1162 2474 1455 2550 προφήτης
1486 2471 1544 2528 ἐκ
1574 2472 1872 2546 προσώπου

196 2562 388 2619 αὑτοῦ
443 2582 623 2637 σησινο
683 2566 782 2619 Ἐκ
833 2562 1058 2624 κοιλίας
1119 2562 1331 2637 μητρός
1396 2583 1506 2635 μου
1564 2561 1786 2619 ἐκάλεσε
1808 2562 1873 2619 τὸ

212 2648 404 2724 ὄνομά
432 2672 547 2723 μου·
581 2650 675 2707 διὰ
731 2653 795 2708 τὸ
853 2649 1146 2726 προλέγειν
1208 2650 1300 2706 τὸν
1361 2649 1619 2727 ἄγγελον,
1650 2652 1734 2709 ὅτι
1768 2654 1872 2724 Ἰη·

212 2745 348 2805 σοῧς
392 2741 745 2812 κληθήσεται.
806 2740 910 2799 Καὶ
967 2739 1130 2796 πάλιν
1189 2741 1312 2815 περὶ
1364 2745 1466 2808 τῆς
1527 2741 1630 2797 ὑπὸ
1686 2742 1870 2818 Ἠρώ-

206 2827 307 2886 δου
337 2834 415 2904 (2)
464 2825 773 2901 ἐπιϐουλῆς
823 2829 992 2906 λέγει’
1053 2830 1152 2886 Καὶ
1212 2831 1318 2886 ὑπὸ
1369 2830 1470 2901 τὴν
1534 2831 1741 2903 σκέπην
1771 2838 1872 2903 τῆς

193 2921 400 2998 χειρὸς
427 2920 597 2976 αὐτοῦ
627 2916 827 2996 ἔκρυψέ
852 2942 941 2994 με.

271 3012 375 3069 II".
412 3011 635 3079 Ἰησοῦς
671 3010 852 3067 τοίνυν
907 3010 1017 3067 ἐστὶ
1075 3009 1215 3066 κατᾶ
1275 3011 1369 3084 μὶν
1423 3006 1713 3085 Ἐϐραίους
1746 3017 1869 3067 Σω-

191 3102 301 3178 τὴρ
338 3145 351 3168 ,
416 3101 564 3157 κατὰ
618 3098 676 3156 δὲ
725 3101 826 3170 τήν
886 3098 1130 3158 Ἐλλάδα
1185 3099 1460 3177 γλῶσσαν,
1522 3101 1550 3156 6
1604 3099 1864 3176 ἰώμενος.

2054 3113 2175 3179 nat,
2200 3107 2261 3163 in
2280 3107 2483 3181 lingua
2504 3125 2640 3164 vero
2673 3111 2874 3166 Graeca
2894 3128 3016 3166 eum
3042 3110 3143 3181 qui
3165 3118 3327 3166 sanat
3348 3112 3414 3169 ’³.
3450 3113 3644 3178 Quan-

194 3188 427 3260 Ἒπειόἠ
462 3189 653 3266 ἰατρός
706 3189 817 3246 ἐστι
874 3193 1069 3266 ψυχῶν
1124 3189 1215 3246 καὶ
1275 3188 1567 3263 σωμάτων,
1594 3192 1683 3247 καὶ
1708 3193 1864 3267 θερα-

2060 3196 2303 3269 quidem
2335 3198 2673 3254 animarum
2706 3206 2796 3255 est
2827 3206 2889 3254 et
2918 3218 3235 3273 corporum
3267 3201 3555 3270 medicus,
3591 3207 3649 3257 et

188 3283 406 3351 πευτὴς
439 3278 790 3353 πνευμάτων
836 3280 1061 3358 τυφλῶν
1122 3279 1218 3353 μὲν
1274 3277 1548 3350 αἲσθητῶν
1611 3292 1864 3357 θεραπευ-

2057 3287 2260 3342 iritum
2301 3293 2573 3343 curator:
2638 3306 2740 3344 eos
2798 3272 3042 3360 quidem
3102 3291 3205 3362 qui
3259 3291 3646 3347 sensibilibus

181 3372 313 3441 τῆς,
349 3374 701 3448 φωταγογῶν
732 3366 790 3425 δὲ
839 3372 914 3444 (3)
969 3370 1065 3432 τὰς
1126 3366 1391 3433 διανοίαςο
1442 3367 1652 3444 χωλῶν
1681 3391 1864 3448 φαινο-

2054 3376 2171 3431 ulis
2202 3378 2341 3432 caeci
2376 3383 2518 3433 sunt
2547 3394 2791 3445 sanans,
2825 3380 3128 3435 mentibus
3167 3396 3301 3437 vero
3348 3381 3526 3437 etiam
3557 3381 3643 3436 lu-

1991 2051 2021 2081 α
2051 2031 2266 2100 ﬁlium,
2290 2039 2349 2089 et
2368 2035 2603 2091 vocabis
2624 2053 2845 2093 nomen
2867 2040 2917 2109 ej
2929 2056 2995 2093 us
3012 2040 3182 2095 Jesus
3203 2038 3270 2095 ⁸⁸.
3299 2059 3330 2092 υ
3353 2041 3534 2112 Cujus
3555 2057 3655 2111 ap-

1985 2120 2330 2193 pellationis
2362 2141 2603 2180 causam
2636 2126 2917 2189 reddens,
2950 2127 3114 2182 illico
3148 2129 3430 2199 subjicit:
3466 2153 3493 2179 «
3523 2129 3652 2201 Ipse
3721 2196 3723 2199 η

1987 2233 2016 2263 ‹‹
2047 2214 2206 2268 enim
2239 2213 2467 2270 salvum
2495 2215 2673 2271 faciet
2693 2216 2979 2287 populum
3007 2234 3181 2274 suum
3199 2235 3234 2273 a
3263 2219 3522 2290 peccatis
3555 2234 3648 2273 eo-

1987 2318 2192 2357 «rum.
2219 2323 2246 2351 »
2269 2301 2319 2335 3°
2348 2303 2457 2369 Qui
2488 2304 2758 2359 nondum
2778 2310 2955 2360 natus
2987 2310 3097 2368 est,
3127 2307 3425 2377 quomodo
3457 2323 3644 2379 popu-

1983 2389 2110 2446 lum
2129 2391 2365 2461 habeat,
2391 2394 2657 2465 concipe,
2689 2394 2805 2449 nisi
2832 2400 2989 2450 esset
3012 2401 3334 2467 antequam
3366 2412 3643 2452 nascere-

1981 2485 2098 2535 tur.
2123 2482 2194 2535 Et
2214 2482 2328 2537 hoc
2353 2488 2444 2538 est
2462 2482 2622 2554 quod
2644 2499 2712 2538 ex
2737 2483 2868 2554 ejus
2892 2500 3155 2555 persona
3169 2485 3313 2540 dicit
3334 2486 3644 2557 propheta:

1983 2592 2011 2619 «
2038 2571 2118 2625 De
2143 2576 2344 2626 ventre
2367 2573 2574 2628 matris
2597 2589 2745 2627 mea)
2769 2574 3000 2629 vocabit
3017 2591 3238 2630 nomen
3265 2592 3466 2630 meum
3488 2576 3534 2611 9°
3569 2592 3583 2642 ;
3618 2597 3647 2625 ››

1983 2659 2123 2730 quia
2144 2676 2360 2732 nempe
2383 2661 2660 2733 praedixit
2679 2662 2925 2735 angelus
2949 2663 3145 2734 ipsum
3166 2669 3442 2720 vocatum
3464 2665 3536 2720 iri
3558 2665 3646 2719 Je-

1983 2765 2116 2804 sum
2143 2765 2156 2804 :
2190 2750 2526 2821 iterumque
2550 2750 2622 2806 de
2654 2751 2903 2806 Herodis
2934 2751 3171 2807 insidiis
3202 2753 3322 2807 ait:
3350 2775 3378 2803 ‹‹
3412 2752 3529 2807 Sub
3555 2757 3649 2808 te-

1983 2860 2012 2889 «
2044 2845 2328 2912 gumento
2359 2856 2575 2896 manus
2608 2857 2731 2897 suae
2761 2841 3042 2898 absondit
3063 2859 3156 2896 me
3187 2840 3252 2897 9'.
3286 2865 3316 2894 »

2050 3018 2200 3074 XIII.
2233 3019 2370 3074 Jesu
2402 3019 2604 3090 itaque
2627 3020 2802 3092 juxta
2852 3020 3131 3077 Hebraeos
3177 3023 3255 3093 (5)
3300 3022 3647 3078 Salvatorem

186 3465 378 3535 μένων
444 3459 655 3536 ἰατρὸς,
713 3458 803 3514 καὶ
856 3456 1121 3535 ποδηγῶν
1184 3457 1313 3522 τοὺς
1363 3458 1733 3534 ἁμαρτωλοὺς
1790 3460 1867 3523 είς

190 3552 526 3625 μετάνοιαν*
600 3549 773 3625 λέγων
832 3553 912 3623 τῷ
968 3546 1368 3624 παραλυτικῷ·
1427 3548 1638 3620 Μηκέτι
1689 3549 1866 3625 ἀμάρ.

180 3658 343 3696 τανε·
396 3640 517 3707 καὶ,
566 3644 732 3717 ’Δρον
791 3640 884 3695 τὸν
945 3633 1277 3715 κράϐϐαιτον
1340 3639 1433 3693 σὸν
1486 3639 1577 3693 καὶ
1634 3639 1865 3713 περιπά-

186 3729 561 3798 τει.³Επειδή
590 3729 690 3803 γὰρ
752 3725 844 3784 διὰ
900 3730 999 3799 τὴν
1052 3734 1154 3799 τῆς
1212 3731 1400 3804 ψυχῆς
1435 3727 1701 3803 ἁμαρτίαν
1733 3749 1868 3805 παρ-

198 3816 389 3887 ελύθη
445 3817 508 3871 τὸ
543 3822 700 3892 σῶμα
754 3818 1187 3896 προεθεράπευσε
1240 3818 1341 3887 τὴν
1404 3818 1613 3893 ψυχὴν,
1659 3816 1746 3873 ἳνα
1776 3818 1866 3874 ἐπ-

196 3908 389 3981 αγάγῃ
422 3908 496 3977 (4)
525 3907 612 3963 καὶ
635 3911 719 3980 τῷ
758 3907 971 3981 σώματι
1001 3909 1101 3978 τήν
1142 3906 1309 3964 ἴασιν.
1341 3905 1411 3963 Ei’
1440 3928 1519 3969 τις
1548 3906 1729 3962 τοίνυν
1756 3907 1862 3963 πά-

188 4014 324 4072 σχει
352 3997 456 4066 τήν
516 3999 702 4073 ψυχὴν
760 3996 815 4054 ἐν
847 3997 1162 4073 ἁμαρτίαις,
1220 3995 1339 4073 ἔχει
1379 3997 1472 4052 τὸν
1529 3996 1738 4074 ἰατρόν·
1769 3997 1859 4053 καὶ

179 4084 243 4141 εἴ
287 4108 383 4150 τις
437 4083 792 4162 ὀλιγόπιστος
849 4086 1078 4143 ἐνταῦθα
1111 4131 1125 4158 ,
1195 4084 1400 4161 λεγὲτω
1456 4085 1594 4160 πρὸς
1647 4085 1808 4142 αὐτόν
1844 4105 1858 4119 ·

179 4178 396 4247 Βοήθει
433 4196 547 4249 μου
575 4179 644 4251 τῇ
684 4177 926 4250 ἀπιστίᾳ.
961 4174 1037 4234 Εἴ
1080 4196 1163 4239 τις
1221 4174 1313 4231 καὶ
1345 4180 1682 4249 σωματικοῖς
1712 4195 1861 4251 περι-

175 4260 467 4337 ϐέϐληται
513 4266 727 4339 πάθεσι,
781 4266 857 4340 μή
917 4264 1235 4335 ἀπιστείτω,
1266 4262 1415 4321 ἀλλὰ
1466 4267 1859 4342 προσφχὲσθω

1977 3481 2116 3520 men
2148 3465 2475 3533 inducens;
2500 3465 2851 3523 claudorum
2871 3468 3197 3525 visibilium
3217 3470 3644 3543 medicus,peo—

1976 3560 2367 3627 catorumque
2396 3554 2579 3628 pedes
2601 3556 2674 3613 ad
2706 3558 3119 3628 paenitentiam
3138 3558 3400 3632 dirigens
3422 3560 3524 3631 qui
3546 3559 3637 3615 di-

1976 3644 2057 3700 cit
2084 3645 2415 3717 paralytico
2444 3648 2554 3701 :Ne
2584 3647 2823 3717 amplius
2837 3662 3028 3716 pecces
3053 3646 3101 3681 9³
3119 3653 3178 3703 et
3202 3665 3220 3702 :
3258 3647 3405 3703 Tolle
3431 3650 3639 3718 graba-

1975 3739 2090 3787 tum
2121 3740 2297 3800 tuum,
2330 3740 2383 3788 et
2408 3734 2632 3789 ambula
2678 3733 2745 3788 9“.
2790 3734 2836 3770 ’5
2863 3736 3156 3799 Quoniam
3203 3736 3363 3789 enim
3392 3741 3637 3807 pr0pter

1972 3822 2187 3878 animaa
2219 3829 2530 3894 peccatum
2560 3824 2820 3896 paralysi
2839 3823 3127 3879 traditum
3150 3840 3367 3895 corpus
3400 3824 3630 3892 fuerat;

1970 3911 2137 3985 prius
2165 3914 2391 3968 curavit
2410 3912 2696 3980 animam,
2719 3918 2784 3968 ut
2804 3913 3019 3968 deinde
3042 3912 3276 3984 corpori
3299 3929 3535 3984 quoque
3552 3912 3634 3969 af-

1968 3999 2154 4055 ferret
2184 3999 2567 4056 medicinam.
2589 4001 2645 4055 Si
2668 4002 2841 4073 cujus
2864 4001 3043 4074 igitur
3064 4016 3235 4056 mens
3250 4006 3633 4072 peccatorum

1970 4090 2321 4162 aagritudine
2371 4096 2664 4159 teneatur,
2698 4090 2999 4146 medicum
3031 4090 3241 4146 habet:
3276 4092 3324 4147 si
3368 4092 3501 4163 quis
3534 4091 3632 4146 hic

1969 4185 2060 4236 est
2090 4180 2340 4236 modicas
2373 4180 2536 4248 ﬁdei,
2569 4179 2727 4236 dicat
2770 4181 2859 4236 illi
2886 4198 2898 4235 :
2932 4181 3158 4252 Adjuva
3184 4182 3635 4240 incredulitatem

1968 4286 2145 4325 meam
2174 4269 2237 4325 ”.
2292 4269 2349 4325 Si
2381 4269 2516 4342 quis
2569 4270 2748 4325 etiam
2798 4272 3102 4343 corporeis
3152 4277 3515 4343 occuppatus
3546 4278 3637 4329 est

241 4460 295 4497 ⁸⁵
329 4459 544 4518 Matth.
581 4479 731 4526 xxxv.
764 4465 816 4518 2.
891 4462 936 4498 ⁸⁸
971 4461 1095 4519 Vid.
1131 4463 1245 4517 cat.
1279 4461 1333 4531 6,
1365 4475 1426 4516 n.
1459 4460 1511 4517 6.
1587 4458 1632 4495 °"
1661 4460 1775 4532 I_sa.
1805 4476 1864 4517 ι]

2054 4507 2060 4519 .
2134 4462 2180 4497 ⁸⁸
2206 4462 2407 4518 Matth.
2437 4479 2475 4529 ι,
2507 4466 2597 4529 26,
2632 4464 2720 4519 2t.
2754 4460 2803 4497 3°
2831 4463 2977 4518 ibid.
3011 4466 3100 4519 21.
3178 4462 3225 4499 ⁹⁰
3253 4466 3365 4520 Isa.
3397 4482 3548 4532 XLIX,
3580 4471 3633 4524 1.

166 4533 215 4572 ιι
252 4532 441 4611 ibid,
466 4535 650 4611 εμπ
708 4534 831 4590 «id
863 4533 1050 4611 homil
1105 4533 1169 4590 in
1200 4530 1332 4589 Par.
1365 4553 1394 4582 ››
1427 4547 1487 4588 n.
1521 4534 1573 4588 2.
1652 4530 1891 4591 “Joan.
1926 4550 1979 4603 ν,
2016 4536 2102 4589 ιι.
2178 4533 2228 4569 οι
2257 4533 2402 4590 ibid.
2426 4534 2480 4589 8.
2556 4534 2606 4569 οε
2654 4557 2682 4587 ‹‹
2722 4535 2846 4591 Vid.
2882 4536 3089 4593 homil.
3152 4536 3217 4591 in
3247 4530 3566 4611 Paralatyt.
3603 4560 3633 4591 »

166 4622 235 4664 n.
283 4609 387 4662 21.
465 4603 517 4639 9°
547 4607 721 4665 Marc.
754 4623 834 4676 ix,
859 4609 947 4663 23.

250 4795 342 4878 (η
397 4794 472 4878 T6
495 4794 634 4878 ’.γὰρ
685 4792 1072 4878 Κυριοκτόνον.
1276 4792 1519 4878 reposui
1581 4793 1855 4878 ex'codd.

1969 4796 2242 4853 vocabuli
2271 4798 2441 4853 Iesus
2469 4796 3025 4869 interpretationem
3078 4813 3200 4851 uno
3247 4794 3424 4850 verbo
3452 4807 3635 4869 supra

167 4863 371 4952 Cois].
407 4873 469 4921 et
489 4863 884 4952 Genovefapo,
913 4868 977 4923 in
999 4883 1117 4952 quo
1130 4863 1386 4952 habetur
1406 4869 1629 4952 tamen,
1666 4865 1862 4952 Κυριο-
1890 4907 1936 4952 n
1972 4869 2318 4952 complexus
2350 4863 2646 4952 est,_‘dum'
2670 4870 2754 4925 ait
2784 4886 2949 4952 num.
2970 4871 3037 4950 _4,
3089 4869 3289 4952 Iesum
3321 4863 3633 4952 a‘salutari

164 4937 424 4992 κτόνων·
462 4955 599 5010 cum
634 4942 697 4995 in
731 4940 908 4996 editis
954 4935 1129 5004 esset,
1160 4937 1223 5010 το
1250 4935 1353 5009 γὰρ
1409 4939 1517 4990 τῶν
1554 4935 1858 5010 Κυριοκτό-

166 5032 311 5065 νων.
355 5009 553 5084 Simili
594 5011 898 5084 loquendi.
913 5012 1101 5084 modo
1121 5008 1375 5066 habetur
1403 5013 1518 5065 cat.
1555 5008 1646 5077 I3,
1671 5026 1733 5066 n.
1767 5012 1858 5078 38,

164 5084 237 5138 τὸ
260 5080 605 5155 παράνομον
634 5076 744 5155 τῶν
773 5076 1257 5155 ἐπιϐουλευόντων..

246 5148 805 5226 (2)”Ὑπὸ’Ἡρώδου.
858 5155 1005 5211 Male
1062 5155 1124 5210 in
1181 5149 1550 5226 θάιίιὶεηὺπὶρ
1580 5148 1858 5226 ⁹1Ιρώὸου.

170 5224 691 5284 Εῐῂθοᾶδιυωθι
741 5228 944 5295 Coisl.,
1005 5228 1144 5294 Roe,
1201 5224 1448 5281 Casaub.
1484 5224 1549 5279 In
1582 5224 1858 5281 Genovef.

168 5300 479 5367 habetur,
512 5297 640 5357 ἀπό.

250 5372 346 5446 (3)
387 5363 755 5446 Φωταγωγῶν
791 5366 869 5446 δέ.
903 5370 1263 5446 Particulam
1312 5363 1370 5420 δὲ
1419 5366 1550 5422 loco
1580 5367 1670 5421 καί
1703 5370 1859 5425 scri-

167 5445 430 5515 psimus
465 5458 537 5499 ex
565 5442 765 5508 Coisl.,
801 5444 943 5509 Roe,
965 5442 1214 5515 Casaub.

250 5516 342 5589 (4)
380 5514 691 5589 Ἐπαγάγῃτ
729 5508 936 5589 Melius
977 5508 1385 5589 quamﬁnj-m
1420 5509 1579 5589 quod
1608 5511 1863 5589 habetur

175 5582 1013 5659 in‘impressis'fSequimur—
1044 5584 1217 5642 codd.
1265 5582 1408 5652 ace,
1453 5582 1728 5653 Gasaub.,
1761 5585 1863 5640 Ot-

172 5659 566 5803 to?6)1esu...
604 5733 783 5803 inccta
836 5730 1114 5798 Hebrxos,
1167 5733 1279 5803 6310'
1326 5722 1860 5803 Duplicemvh-anc’

177 5796 531 5860 secundum
555 5796 860 5860 Hebraicis
882 5806 942 5857 et
960 5796 1174 5859 Grmcm
1194 5799 1412 5871 linguas
1435 5796 1859 5873 etymoligiam,

1971 4934 2277 4997 medicina
2304 4941 2670 5016 appellatum
2703 4957 2852 4996 esse.
2886 4934 3058 5016 I>rior
3078 4938 3322 5016 quidem
3342 4936 3413 5016 de
3446 4934 3637 5016 Salva-

1972 5019 2105 5087 tore
2123 5010 2647 5087 etymologiapvera
2676 5018 2767 5068 est
2791 5029 2804 5077 ;
2849 5011 3040 5087 altera
3058 5027 3149 5087 -ex
3175 5010 3599 5087 ϐρῶσίς-ρεσυῇ
3614 5036 3630 5048 ο

1971 5085 2087 5140 sita
2117 5077 2294 5157 paulo
2321 5077 2631 5151 subtilior;
2654 5102 2795 5157 nam
2827 5081 3182 5157 vocabulum
3214 5097 3361 5157 pure
3386 5077 3633 5157 Ilebrai-

1972 5150 2134 5224 cum;
2164 5173 2275 5212 nec
2304 5158 2574 5214 Graecum
2604 5156 2728 5212 ullo
2759 5154 2933 5210 modo
2967 5170 3096 5210 esse
3125 5150 3349 5207 notavit
3377 5150 3631 5220 Chryso-

1973 5230 2191 5284 stomui
2225 5229 2386 5283 hom.
2419 5232 2532 5283 2m
2562 5229 2743 5284 Matth
2772 5268 2786 5289 ,
2817 5244 2873 5297 p.
2910 5226 2995 5279 17.
3024 5225 3254 5280 Placuit
3273 5230 3476 5297 tamen
3507 5224 3636 5276 haec

1972 5300 2334 5372 etymologia
2388 5300 2595 5355 multis
2625 5300 2708 5353 uti
2758 5296 3013 5372 Eusebio
3037 5296 3496 5372 _Caesar_.,_lib._1v
3528 5297 3631 5349 De-

1970 5368 2169 5427 monst.
2201 5368 2422 5442 euang”
2479 5389 2607 5443 cap.
2646 5374 2733 5438 10,
2785 5385 2914 5443 pag.
2954 5369 3055 5422 164
3086 5386 3098 5435 ;
3129 5369 3383 5443 λΕρὶρῙη
3418 5368 3629 5443 hmres.

1970 5460 2126 5510 xxnx,
2177 5461 2237 5498 n.
2272 5438 2360 5510 4;’
2405 5438 2632 5498 auctori
2693 5438 3050 5510 Dialogorum
3106 5441 3173 5495 de
3200 5438 3473 5494 Tfinitate
3524 5438 3632 5492 sub

1973 5515 2282 5571 Athanasii
2343 5515 2608 5581 nomine,
2643 5529 2893 5585 operum
2946 5514 3075 5584 ejus
3124 5518 3246 5567 tom
3319 5516 3380 5571 Η,
3416 5528 3469 5581 p.
3504 5512 3630 5585 519ἶ

1973 5590 2232 5653 num.5;
2262 5588 2387 5641 Tito
2446 5582 2749 5641 Bostrerisi
2795 5600 2898 5638 seu
2929 5582 3157 5639 auctori
3219 5582 3634 5639 commentarii

1972 5660 2033 5713 in
2061 5660 2267 5730 Lucam
2295 5659 2427 5730 ejus
2456 5658 2701 5713 nomine
2743 5656 2962 5728 vulgati
2995 5657 3071 5730 ad
3100 5673 3228 5728 cap.
3265 5673 3302 5723 ι,
3337 5672 3489 5709 vers.
3524 5656 3585 5706 31
3617 5670 3631 5715 ;

1974 5729 2195 5786 Basilio
2216 5727 2605 5788 Grahunaticte
2632 5745 2692 5803 p,
2725 5731 2853 5797 595,
2885 5732 2946 5783 et
2974 5727 3131 5785 aliis.
