3974 6376
214 371 325 431 681

965 360 1450 437 CATECHESIS
1490 371 1565 434 x.
1611 361 1715 434 DE
1756 348 1918 431 UN'O
1961 355 2280 434 homno
2320 373 2518 438 JESU
2559 376 2919 441 cums'ro.

3525 365 3650 438 θεά

217 528 327 563 των
428 510 804 582 ἀμεταθέτων,
888 508 942 565 ἐν
1049 510 1129 574 οἷς
1222 507 1486 566 ἀδύνατον
1580 504 1879 582 ψεύσασθαι

2038 504 2103 563 ile
2132 509 2289 567 144
2318 517 2396 568 est
2422 516 2649 570 mentiri
2678 517 2865 583 Deum,
2895 521 3112 587 ﬁrmam
3139 515 3272 585 ﬁdei
3318 515 3649 571 consolatio-

218 597 370 666 Θεὸν,
430 598 661 674 ἰσχυρὰν
719 597 1064 674 παράκλησιν
1121 598 1371 676 ἱέςιωμεν
1441 605 1542 669 τῆς
1619 596 1878 664 πίστεως.

215 688 265 743 οἱ
295 687 539 760 Χριστὸν
570 688 784 759 Ἰησοῦν
815 689 937 744 Υίὸν
970 693 1105 745 Θεοῦ
1132 686 1591 765 καταδεχόμενον

285 778 392 832 IE'.
425 781 629 831 Τοῦτον
663 778 756 833 τὸν
805 778 1041 849 Χριστὸν
1091 779 1532 855 παραγενόμενον
1569 777 1879 853 ἠρνήσαντο

216 865 313 937 μὲν
345 865 398 919 οἱ
432 863 716 936 Ἰουδαῖοι,
751 863 1005 940 δαίμονες
1035 864 1094 923 δὶ
1122 866 1516 942 ὡμολόγησαν.
1576 865 1734 926 Ἀλλ’
1780 866 1881 922 οὐκ

210 954 407 1030 ἠγνόει
438 959 636 1010 τοῦτον
672 957 701 1010 ὁ
732 958 1033 1033 προπάτωρ
1089 952 1280 1028 Δαϐἰδ,
1330 956 1529 1032 λέγων·
1579 956 1881 1031 Ἡτοίμασα

212 1042 426 1120 λύχνον
467 1050 550 1116 τῷ
606 1048 828 1122 Χριστῷ
875 1068 1000 1120 μου.
1033 1046 1133 1102 Καὶ
1165 1048 1219 1103 οἱ
1252 1048 1347 1121 μὲν
1391 1045 1599 1124 λύχνον
1650 1049 1881 1104 εἶναιτὸ

210 1134 477 1211 λαμπρὸν
526 1144 631 1208 τῆς
690 1137 1029 1216 προφητείας
1076 1140 1449 1214 ἡρμήνευσαν·
1484 1141 1538 1195 οἳ
1569 1137 1626 1195 δὲ
1652 1139 1745 1195 τὸν
1777 1138 1878 1194 λύ-

208 1247 377 1301 χνον,
401 1227 507 1296 τήν
537 1227 943 1306 ἀναληφθεῖσαν
975 1229 1036 1284 ἐκ
1085 1230 1358 1304 Παρθένου
1409 1231 1603 1305 σάρκα,
1650 1230 1790 1286 κατά
1816 1230 1879 1285 τὸ

206 1315 258 1371 ἐν
289 1320 378 1388 τῷ
411 1316 764 1390 Ἀποστόλῳ·
808 1323 1057 1393 Ἔχομεν
1118 1315 1177 1374 δὲ
1225 1318 1318 1375 τὸν
1367 1320 1637 1391 θησαυρὸν
1682 1323 1876 1375 τοῦτον

208 1403 258 1461 ἒν
315 1405 667 1483 ὀστρακίνοις
726 1406 989 1466 σκεύεσιν.
1038 1409 1157 1466 Οὐκ
1210 1408 1402 1484 ἠγνόει
1459 1410 1879 1485 τοῦτονὸπρο-

209 1500 396 1575 φήτης
460 1497 665 1573 λέγων·
765 1499 870 1555 Καὶ
954 1497 1318 1576 ἀπαγγέλλων
1401 1499 1479 1565 είς
1559 1500 1880 1574 ἀνθρώπους

214 1586 307 1641 τὸν
343 1588 581 1663 Χριστὸν
622 1588 813 1647 αὐτοῦ.
872 1586 1026 1658 ᾜδει
1079 1593 1271 1645 τοῦτον
1331 1589 1422 1645 καὶ
1476 1591 1706 1661 Μωσῆς,
1755 1585 1877 1665 ᾔδει

223 1681 411 1731 τοῦτον
440 1676 529 1732 καὶ
562 1674 806 1748 Ἡσαΐας,
863 1672 985 1752 ᾔδει
1038 1682 1231 1734 τοῦτον
1291 1678 1382 1735 καὶ
1438 1679 1722 1755 Ἱερεμίας.
1782 1677 1880 1733 οὖ-

225 1762 340 1829 δείς
361 1771 460 1820 τῶν
494 1770 797 1842 προφητῶν
838 1766 1023 1842 ἠγνόει
1080 1771 1300 1827 τοῦτον.
1363 1769 1700 1843 Ἐπέγνωσαν
1749 1772 1879 1823 τοῦ-

1992 615 2118 654 nem
2146 601 2438 661 habeamus
2465 603 2509 671 ³,
2543 622 2654 661 nos
2683 606 2786 679 qui
2816 605 3118 662 Christum
3153 606 3355 662 Iesum
3404 604 3506 660 Dei
3556 604 3653 659 Fi-

1992 686 2144 745 lium
2169 692 2512 765 recipimus.

2065 780 2187 837 XV.
2209 781 2377 840 Hunc
2388 785 2689 842 Christum
2711 784 2950 858 quando
2982 784 3224 841 advenit
3243 801 3530 859 negavere
3550 785 3651 840 Ju-

1993 866 2108 924 daai
2127 869 2482 939 ﬁdaamones
2505 891 2640 930 vero
2653 875 2911 932 confessi
2933 874 3248 931 sunt5.Sed
3268 891 3391 931 non
3414 875 3651 948 ignora-

1991 957 2095 1016 bat
2122 960 2295 1017 illum
2324 964 2665 1035 patriarcha
2690 964 2896 1034 David,
2928 981 3063 1021 cum
3094 965 3355 1020 diceret:
3381 987 3409 1015 «
3443 964 3654 1020 Paravi

1996 1048 2349 1108 «lucernam
2361 1054 2595 1109 Christo
2612 1070 2746 1110 meo
2763 1052 2787 1088 ⁸
2806 1053 2981 1110 ».A1ii
2992 1054 3234 1126 quidem
3249 1053 3558 1109 lucernam
3570 1052 3657 1107 in-

1993 1140 2304 1212 terpretati
2335 1147 2477 1198 sunt
2507 1142 2579 1198 de
2637 1144 2967 1216 prophetiae
3018 1143 3337 1216 splendore
3388 1144 3498 1212 (2);
3551 1140 3655 1197 alii

1990 1247 2128 1287 vero
2149 1248 2258 1305 per
2279 1233 2611 1303 lucernam,
2645 1241 3017 1308 assumptam
3041 1252 3113 1292 ex
3142 1235 3379 1308 Virgine
3409 1251 3651 1291 carnem

1990 1320 2366 1390 intellexere,
2380 1323 2555 1396 juxta
2576 1323 2728 1380 illud
2759 1325 2919 1397 quod
2949 1324 3109 1397 apud
3140 1324 3492 1396 Apostolum
3523 1329 3650 1379 est:

1996 1430 2019 1460 α
2049 1412 2349 1469 Habemus
2372 1414 2723 1470 thesaurum
2750 1415 2936 1471 istum
2958 1414 3021 1471 in
3043 1415 3202 1470 vasis
3240 1414 3524 1470 ﬁctilibus
3544 1414 3566 1447 ’⁷
3598 1436 3651 1466 ››.

1989 1503 2117 1557 Non
2138 1501 2451 1574 ignorabat
2471 1502 2630 1559 hunc
2645 1504 2938 1576 propheta
2958 1504 3060 1575 qui
3074 1503 3325 1559 aiebatza
3342 1505 3414 1558 Et
3426 1520 3657 1560 annun-

1989 1612 2018 1642 «
2044 1591 2200 1646 tians
2219 1592 2567 1649 hominibus
2588 1592 2891 1648 Christum
2913 1610 3088 1649 suum
3104 1593 3126 1628 ⁸
3141 1613 3169 1645 ιι
3182 1634 3194 1647 .
3220 1592 3655 1648 Noveratillum

1990 1683 2049 1735 et
2070 1681 2332 1753 Moyses;
2360 1686 2606 1738 noverat
2628 1682 2844 1748 Isaias;
2871 1687 3119 1738 noverat
3135 1686 3195 1738 et
3213 1681 3498 1736 Jeremias
3517 1698 3529 1735 :
3549 1698 3656 1737 ne-

1943 1776 1946 1779 ‘
1988 1786 2086 1824 mo
2111 1769 2284 1825 illum
2317 1786 2387 1826 ex
2424 1771 2734 1843 prophetis
2764 1771 3074 1845 ignoravit.
3106 1773 3489 1842 Agnoverunt
3519 1787 3657 1825 eum

212 1877 305 1910 τον
338 1857 424 1910 καὶ
462 1853 741 1929 δαίμονες·
805 1856 1073 1927 Ἐπετίμα
1130 1857 1233 1933 γὰρ
1288 1857 1493 1921 αὐτοῖς·
1554 1857 1646 1914 καί
1697 1878 1875 1930 σησιν·

2038 1859 2104 1914 νεὶ
2121 1876 2360 1932 quoque
2383 1859 2708 1916 daemones.
2730 1883 2759 1911 «
2782 1860 3134 1933 Increpabat
3147 1861 3308 1917 enim
3327 1861 3490 1933 ipsos
3514 1877 3527 1927 ;
3549 1882 3575 1908 »
3600 1864 3658 1915 et

207 1944 291 1999 ὅτι
347 1942 576 2019 ᾔδεισαν
630 1945 791 2000 αὐτὸν
849 1946 1083 2022 Χριστὸν
1138 1949 1296 2007 εἶναι,
1354 1949 1665 2025 Ἀρχιερεῖς
1709 1949 1877 2025 ἠγνό-

204 2050 370 2104 ησαν,
393 2034 488 2089 καὶ
514 2032 767 2107 δαίμονες
797 2034 1194 2112 ὡμολόγησαν·
1250 2035 1532 2114 ἀρχιερεῖς
1580 2038 1879 2114 ἠγνόησαν,

207 2125 299 2181 καὶ
334 2126 478 2201 γυνή
516 2130 848 2200 Σαμαρεῖτις
905 2127 981 2201 (1)
1038 2125 1325 2203 ἐκήρυσσε,
1386 2127 1640 2204 λέγουσα·
1697 2133 1881 2197 Δεῦτε,

206 2214 353 2271 ἴδετε
418 2216 731 2290 ἄνθρωπον,
789 2216 851 2278 ’ὸς
908 2216 1023 2272 εἶπέ
1083 2238 1178 2291 μοι
1236 2218 1411 2274 πάντα
1466 2219 1568 2274 ὅσα
1622 2218 1877 2291 ἐποίησα·

216 2310 352 2383 μήτι
385 2306 548 2369 οὗτός
579 2305 720 2362 ἐστιν
753 2308 782 2362 ὁ
812 2308 1053 2383 Χριστός
1079 2328 1094 2378 ;

298 2488 388 2556 Ιζ.
418 2486 596 2549 Οὗτος
638 2487 852 2557 Ἰησοῦς
909 2489 1142 2564 Χριστός
1203 2486 1370 2560 ἐστιν,
1425 2490 1452 2545 ὁ
1509 2488 1881 2567 παραγενόμε-

242 2597 336 2640 νος
358 2575 642 2651 ἀρχιερεὺς
669 2579 779 2631 τῶν
816 2573 1135 2649 μελλόντων
1185 2578 1419 2654 ἀγαθῶν·
1450 2579 1479 2634 ὁ
1511 2577 1601 2634 διὰ
1626 2579 1690 2635 τὸ
1716 2579 1882 2657 ἄφθο-

250 2686 339 2720 νον
367 2671 463 2733 τῆς
490 2665 744 2736 θεότητος
797 2671 959 2721 πᾶσιν
1016 2669 1155 2740 ἡμῖν
1215 2665 1479 2741 μεταδοὺς
1536 2671 1637 2735 τῆς
1693 2669 1885 2724 ἑαυτοῦ

249 2754 630 2830 προσηγορίας.
663 2752 919 2818 Βασιλεῖς
981 2757 1076 2830 μὲν
1134 2756 1237 2832 γὰρ
1296 2754 1598 2831 ἅνθρωποι,
1659 2757 1887 2814 ἀκοινώ-

237 2867 388 2916 νητον
448 2844 588 2916 πρὸς
647 2844 969 2919 ἀνθρώπους
1026 2841 1220 2922 ἔχουσι
1272 2854 1375 2918 τῆς
1455 2846 1734 2923 βασιλείας
1784 2848 1885 2917 τὴν

224 2933 623 3011 προσηγορίαν·
685 2935 897 3003 Ἰησοῦς
955 2931 1013 2989 δὲ
1069 2936 1304 3011 Χριστὸς
1388 2940 1524 2992 Θεοῦ
1603 2937 1730 3001 Υἱὸς
1787 2931 1887 3005 ὥν,

222 3024 588 3101 Χριστιανοὺς
618 3021 902 3089 καλεῖσθαι
962 3027 1113 3099 ἡμᾶς
1169 3027 1527 3100 κατηξίωσεν.
1560 3026 1721 3084 Ἀλλ’
1777 3025 1891 3102 έρεῖ

221 3135 327 3178 τις·
359 3115 567 3170 Καινὸν
598 3114 660 3169 τὸ
686 3110 863 3187 ὄνομα
890 3118 999 3169 τῶν
1052 3116 1414 3192 Χριστιανῶν,
1464 3117 1553 3172 γαὶ
1595 3116 1704 3191 πρὸ
1758 3113 1890 3172 τού-

218 3227 316 3261 του
357 3204 464 3261 οὐκ
501 3203 871 3260 ἐπολιτεύετο.
909 3204 1021 3263 Κτὶ
1054 3204 1122 3261 τὰ
1166 3205 1628 3279 καινοποιούμενα
1671 3202 1892 3261 πολλά-

216 3316 304 3357 κις
328 3294 684 3369 ἀντιλέγεται
741 3291 831 3349 διὰ
858 3296 919 3349 τὸ
951 3295 1120 3368 ξένον.
1179 3294 1642 3371 Ποοησφαλίσατο
1669 3299 1832 3352 τοῦτο
1863 3295 1892 3352 ὁ

216 3387 523 3463 προφήτης
554 3383 753 3459 λέγων·
804 3385 942 3447 Τοῖς
1003 3384 1059 3440 δὲ
1118 3382 1444 3442 δουλεύουσί
1506 3406 1598 3460 μοι
1656 3385 1888 3457 ἐπικλη-

218 3476 454 3545 θήσεται
508 3469 685 3547 ὄνομα
769 3473 973 3543 καινὸν,
1032 3474 1061 3530 ὃ
1120 3472 1555 3550 εὐλογηθήσεται
1643 3474 1732 3531 ἐπὶ
1786 3481 1890 3546 τῆς

216 3567 345 3641 γῆς.
410 3563 782 3637 Ἐἱξετάσωμεν
860 3563 988 3626 τοὺς
1071 3562 1389 3629 Ἰουδαίους·
1463 3564 1759 3622 Δουλεύετε
1809 3569 1892 3635 τῷ

222 3654 414 3726 Κυρίῳ
444 3652 480 3721 ἢ
524 3648 627 3721 cii;
661 3648 866 3723 δείξατε
919 3650 1011 3707 οὖν
1061 3654 1124 3709 τὸ
1170 3649 1347 3726 ὄνομα
1401 3655 1553 3726 ὑμῶν
1583 3654 1646 3709 τὸ
1675 3672 1888 3710 καινον·

227 3738 620 3817 ’Ῑυυδαῖοιγάρ
650 3742 741 3795 καὶ
786 3741 1123 3817 Ἰσραηλῖται
1189 3742 1279 3798 ἐπὶ
1339 3743 1583 3808 Μωσέως
1638 3744 1730 3799 καὶ
1781 3747 1890 3799 τῶν

244 3827 431 3884 ἄλλων
464 3834 748 3908 πρεφητῶν
782 3828 1086 3904 ἐκαλεῖσθε,
1133 3832 1225 3887 καὶ
1280 3832 1416 3906 μετά
1460 3835 1559 3902 τὴν
1610 3832 1671 3889 ἐκ
1715 3828 1892 3888 Βαϐυο

242 3917 417 3981 λῶνος
445 3917 727 3992 ἐπάνοδον,
749 3920 870 3991 (καὶ
904 3922 1069 3997 μέχρι
1125 3926 1228 3976 τοῦ
1283 3923 1575 3997 παρόντος·
1635 3926 1743 3978 ποῦ
1801 3923 1890 3977 οὗν

227 4009 292 4063 τὸ
321 4005 502 4083 ὄνομα
525 4011 588 4065 τὸ
618 4010 801 4065 καινόν
833 4029 848 4079 ;
889 4011 1083 4084 Ἡμεῖς
1111 4008 1188 4084 δὲ,
1223 4009 1413 4081 ἐπειδὴ
1448 4009 1782 4085 δουλεύομεν
1811 4016 1894 4085 τῷ

226 4100 436 4175 Κυρίῳ,
470 4098 679 4175 ἔχομεν
710 4101 775 4155 τὸ
806 4097 982 4173 ὄνομα
1010 4102 1074 4156 τὸ
1104 4103 1312 4157 καινόν·
1358 4104 1542 4159 καινόν
1606 4104 1723 4177 μὲν,
1765 4100 1893 4159 ἀλλ’

225 4186 407 4263 ὄνομα
466 4190 530 4244 τὸ
588 4189 797 4256 καινὸν,
859 4183 887 4244 ὅ
944 4188 1374 4266 εὐλογηθήσεται
1458 4191 1548 4248 ἐπὶ
1602 4199 1706 4263 τῆς
1764 4199 1892 4267 γῆς.

224 4276 632 4355 Περιεδράξατο
677 4281 778 4348 τῆς
808 4277 1138 4353 οἴκουμένης
1190 4284 1351 4336 τοῦτο
1396 4282 1459 4337 τὸ
1501 4277 1695 4355 ὄνομα.
1747 4282 1895 4338 Ἰου-

222 4369 375 4426 δαῖοι
411 4370 509 4443 μὲν
540 4372 642 4445 γὰρ
678 4367 849 4445 μέχρι
896 4370 1084 4446 χώρας
1127 4371 1298 4439 τινὸς,
1352 4373 1669 4445 Χριστιανοὶ
1712 4368 1770 4428 δὲ
1799 4372 1895 4447 μέ-

300 4541 323 4577 3
356 4540 535 4597 Hebr.
566 4557 646 4606 v1,
684 4543 769 4595 l8.

873 4540 893 4575 ‘
925 4541 1091 4597 Joan.
1127 4559 1244 4610 XIX,
1277 4545 1364 4597 l5.
1469 4540 1493 4576 ⁵
1523 4543 1666 4599 Duc.
1699 4560 1772 4610 1v,
1804 4542 1895 4599 41.

222 4614 252 4649 9
283 4616 421 4670 Luc.
454 4629 533 4680 1v,
564 4615 657 4668 41.
735 4612 779 4648 ¹⁰
807 4611 937 4669 Vid.
965 4613 1110 4670 hom.
1143 4616 1203 4669 in
1231 4614 1482 4686 Paralyt.
1515 4630 1573 4672 η.
1607 4616 1660 4682 5,
1689 4622 1742 4671 et
1772 4622 1884 4672 cat.

2040 4631 2099 4672 n.
2137 4616 2223 4671 14.

226 4704 357 4758 va,
395 4688 483 4753 l‘a’,
518 4687 606 4742 16.

334 4870 384 4921 ll
408 4870 572 4921 Σαμα

304 4868 384 4938 (1)
408 4868 760 4992 Σαμαρεῖτις.
814 4868 903 4919 Ita
933 4868 1285 4937 scripsimus
1331 4882 1401 4921 ex
1432 4881 1599 4922 sacro
1626 4869 1811 4933 textu,
1845 4868 1901 4920 et

233 4937 565 5026 postulanti
610 4937 1116 5026 us‘gra‘mma‘ticaa
1138 4936 1666 5026 legibusg‘qua‘rnviis
1691 4937 1901 5026 inaedi-

234 5008 309 5067 tis
342 5017 405 5066 et
437 5027 578 5065 mss.
612 5008 926 5073 habeatur,
961 5008 1331 5082 Σαμαρεῦεης.
1368 5008 1481 5082 Sed
1509 5010 1684 5066 facile
1716 5008 1899 5065 libra-

230 5084 305 5138 rii
339 5103 353 5135 ι
398 5084 460 5136 in
494 5101 527 5148 η
564 5085 937 5137 commutant
964 5098 1035 5135 ex
1066 5081 1197 5137 seni
1230 5081 1465 5137 vicinia.

303 5159 378 5215 l2)
409 5153 523 5209 Alii
561 5153 785 5223 quidem
835 5152 1134 5225 lucernam,
1178 5158 1289 5209 etc.
1322 5156 1624 5209 Lucernam
1654 5153 1728 5208 de
1758 5171 1900 5225 pro-

224 5225 805 5299 phetiaintelligunt
826 5224 1000 5279 multi
1021 5241 1091 5279 ex
1111 5225 1424 5292 Patribus;
1458 5225 1520 5280 in
1553 5224 1900 5297 primis’Eu-

225 5297 457 5363 Sehius,
497 5297 594 5353 lib.
627 5314 682 5351 1v
714 5299 990 5351 Demonst.
1025 5313 1244 5367 evang.,
1281 5314 1411 5368 cap.
1448 5299 1535 5364 16,
1568 5313 1698 5369 pag.
1756 5300 1896 5352 187:

227 5372 443 5433 Hilam,
470 5372 526 5424 in
554 5369 757 5439 psalm.
791 5384 978 5428 cxxxr.
1013 5384 1071 5423 n.
1106 5370 1196 5436 28,
1229 5370 1331 5439 qui
1354 5376 1555 5424 tamen
1582 5368 1899 5440 speciatim

224 5444 525 5498 Joannem
547 5440 874 5513 Baptistam
899 5457 934 5495 a
953 5440 1184 5495 Christo
1208 5440 1518 5496 lucernam
1531 5441 1900 5513 appellatum

226 5520 458 5579 monet,
492 5530 713 5583 nempe
743 5512 910 5567 Joan.
942 5528 999 5579 ν,
1031 5514 1099 5566 36
1139 5513 1513 5583 Quapropter
1537 5513 1900 5569 Athanasius

228 5587 291 5642 in
328 5588 493 5641 hunc
532 5583 859 5655 psalmum,
892 5583 1061 5655 Greg.
1081 5585 1384 5655 Nyssenus
1406 5584 1469 5637 in
1492 5584 1682 5640 altera
1701 5584 1906 5641 lauda-

228 5661 400 5715 tione
431 5659 487 5712 S.
524 5655 921 5728 Stephani,_p.
957 5656 1083 5723 328,
1125 5655 1305 5728 apud,
1332 5656 1606 5728 Zacagn.,
1656 5662 1794 5726 etc.,
1826 5656 1901 5713 de

233 5732 468 5787 Joanne
498 5726 765 5801 Baptista
792 5726 1113 5799 plusquam
1142 5726 1433 5799 propheta
1463 5726 1578 5785 hoc
1602 5728 1907 5803 interpre-

518 5848 788 5908 eraos.
834 5845 928 5907 Gn
944 5886 961 5904 .
1002 5842 1291 5906 XXXIII.

1989 1948 2249 2017 additur,
2272 1971 2301 2000 «
2326 1948 2470 2020 quia
2488 1954 2780 2006 noverant
2799 1951 2999 2022 ipsum
3022 1966 3152 2006 esse
3166 1949 3467 2005 Christum
3490 1951 3529 2002 θ.
3556 1948 3602 1985 1'
3624 1971 3654 2000 »

1992 2038 2303 2110 Principes
2324 2038 2701 2095 sacerdotum
2733 2039 3103 2111 ignoravere,
3137 2046 3197 2095 et
3227 2038 3485 2095 confessi
3516 2044 3657 2094 sunt

1991 2128 2318 2185 dmmones.
2344 2127 2656 2201 Principes
2679 2129 3059 2185 sacerdotum
3084 2129 3532 2202 ignorabant,et
3552 2128 3657 2183 Sa-

1989 2219 2288 2276 maritana
2317 2217 2537 2275 mulier
2565 2216 2946 2291 praedicabat,
2978 2219 3184 2274 dicens
3218 2235 3231 2273 :
3265 2240 3293 2269 α
3318 2217 3547 2285 Venite,
3568 2218 3654 2272 vi-

1991 2331 2021 2360 ‹‹
2054 2308 2191 2364 dete
2222 2308 2531 2364 hominem
2562 2308 2664 2380 qui
2698 2307 2848 2363 dixit
2870 2307 3019 2363 mihi
3041 2307 3249 2363 omnia
3277 2324 3653 2379 quascunque

1990 2397 2127 2455 feci.
2161 2400 2369 2454 Nonne
2408 2398 2506 2453 hic
2536 2402 2627 2453 est
2654 2397 2924 2453 Christus
2951 2399 2995 2434 ιι
3031 2418 3059 2447 ››
3081 2397 3110 2453 ?

2064 2489 2209 2544 XVI.
2246 2488 2351 2543 Hic
2376 2488 2546 2543 Iesus
2575 2487 2842 2543 Christus
2872 2490 2963 2542 est
2992 2486 3095 2559 qui
3116 2486 3359 2543 advenit
3385 2485 3656 2558 pontifex

1991 2577 2331 2633 futurorum
2360 2576 2656 2633 bonorum
2688 2577 2754 2645 1⁸,
2788 2576 2891 2648 qui
2948 2581 3194 2649 prOpter
3241 2576 3480 2632 deitatis
3530 2593 3653 2632 sua)

1995 2667 2494 2729 munificentiam.
2526 2667 2841 2723 nobiscum
2872 2666 3150 2722 omnibus
3181 2682 3350 2722 suam
3387 2666 3652 2738 appella-

1996 2758 2223 2814 tionem
2254 2756 2734 2814 communicavit.
2768 2758 2955 2829 Reges
3004 2756 3280 2812 homines
3326 2772 3447 2811 non
3498 2773 3659 2811 com-

1998 2848 2365 2905 municatam
2389 2846 2620 2903 caeteris
2652 2847 2879 2903 habent
2905 2847 3081 2920 regiae
3114 2847 3422 2918 dignitatis
3453 2845 3662 2917 appel-

1997 2941 2310 2997 lationem.
2335 2941 2506 2996 Jesus
2535 2957 2672 2996 vero
2699 2940 2969 2996 Christus
2991 2939 3093 2995 Dei
3138 2939 3322 2994 Filius
3373 2955 3510 2993 cum
3559 2939 3656 3007 sit,

1999 3030 2474 3086 Christianorum
2498 3046 2609 3085 nos
2645 3028 2936 3101 appellari
2962 3026 3238 3102 dignatus
3269 3031 3359 3083 est
3386 3027 3656 3083 nomine.

1998 3120 2238 3185 Verum,
2271 3118 2509 3190 inquiet
2532 3117 2772 3188 aliquis,
2809 3134 3029 3173 novum
3052 3122 3160 3185 est,
3185 3116 3660 3172 Christianorum

2001 3223 2244 3277 nomen,
2277 3211 2339 3263 et
2357 3211 2496 3262 ante
2525 3207 2651 3261 haec
2682 3205 3048 3262 inauditum:
3072 3206 3239 3261 novis
3261 3210 3459 3261 autem
3481 3205 3662 3260 rebus

2004 3313 2163 3369 saape
2188 3295 2642 3368 propteripsam
2663 3295 2989 3351 novitatem
3020 3294 3468 3351 contradicitur.
3502 3296 3663 3350 PI‘EB-

2000 3386 2304 3458 occupavit
2336 3386 2450 3440 hoc
2496 3384 2787 3457 propheta
2837 3385 3158 3456 inquiens:
3196 3406 3224 3435 ‹‹
3248 3384 3659 3440 Servientibus

2000 3497 2029 3527 «
2062 3475 2210 3531 mihi
2236 3475 2579 3546 imponetur
2599 3490 2820 3529 nomen
2842 3490 3082 3541 novum,
3099 3474 3257 3545 quod
3274 3473 3664 3529 benedicetur

2001 3588 2030 3617 »
2059 3583 2239 3638 super
2260 3570 2482 3620 terram
2506 3562 2553 3599 ¹³
2577 3586 2625 3618 ››.
2650 3564 2997 3629 Quaeramus
3029 3578 3099 3618 ex
3128 3561 3347 3617 Judmis
3372 3578 3386 3615 :
3420 3562 3662 3616 Servitis

2001 3657 2275 3723 Domino,
2308 3669 2498 3709 necne
2519 3654 2547 3708 ‘I
2577 3653 2874 3709 ostendite
2901 3652 3080 3724 igitur
3095 3651 3242 3706 mihi
3268 3668 3491 3706 nomen
3533 3667 3664 3705 ves-

2003 3750 2160 3801 trum
2191 3760 2429 3800 novum.
2461 3742 2647 3798 Judaei
2697 3742 2859 3798 enim
2891 3746 2948 3796 et
2976 3740 3260 3795 Israelita;
3290 3739 3663 3795 vocabamini

2002 3842 2130 3893 tum
2152 3836 2366 3908 Moysis
2391 3840 2449 3891 et
2472 3835 2727 3891 aliorum
2744 3833 3170 3906 prOphetarum
3193 3832 3343 3888 145
3370 3836 3661 3903 tempore,

2003 3930 2130 3982 tum
2154 3929 2291 3998 post
2307 3922 2569 3979 reditum
2591 3940 2621 3978 e
2644 3921 2968 3995 Babylone,
2984 3925 3043 3976 et
3062 3921 3135 3976 ad
3153 3920 3280 3976 haec
3300 3936 3489 3991 usque
3514 3926 3663 3975 tem-

2002 4032 2180 4089 pora:
2215 4014 2461 4070 ubinam
2491 4013 2672 4086 igitur
2701 4028 2921 4067 novum
2978 4027 3199 4066 nomen
3220 4010 3248 4066 ?
3276 4012 3392 4065 Nos
3441 4014 3661 4078 autem,

2004 4102 2497 4177 quandoquidem
2521 4102 2769 4158 Domino
2793 4101 3106 4169 servimus,
3134 4116 3353 4156 novum
3373 4098 3664 4155 habemus

2003 4210 2231 4250 nomen
2274 4209 2289 4250 :
2351 4209 2554 4249 novum
2602 4190 2752 4247 illud
2838 4190 3123 4263 quidem;
3180 4206 3400 4245 novum
3459 4193 3664 4245 tamen

2004 4299 2250 4351 nomen,
2284 4304 2313 4334 «
2346 4282 2505 4355 quod
2536 4280 2927 4338 benedicetur
2956 4297 3135 4353 super
3189 4285 3449 4336 terram:
3484 4301 3514 4329 »
3545 4284 3667 4334 ter-

2006 4389 2136 4429 ram
2156 4372 2502 4429 universam
2533 4370 2824 4443 corripuit
2852 4369 2967 4427 hoc
2987 4386 3230 4426 nomen.
3260 4369 3448 4426 Judaei
3479 4369 3666 4441 siqui-

2649 4540 2672 4576 "
2702 4540 2753 4596 ΙΙ
2778 4541 2908 4596 Cor.
2940 4557 3012 4605 1v,
3045 4542 3098 4594 ’7.
3202 4539 3223 4575 ⁸
3254 4540 3435 4594 Amos
3468 4555 3541 4606 ιν,
3578 4540 3663 4593 13.

2910 4611 2957 4648 ¹²
2987 4610 3133 4668 Heb.
3167 4629 3243 4679 ιχ,
3279 4611 3364 4665 11.
3470 4611 3517 4644 ¹³
3548 4612 3663 4666 Isa.

1992 4541 2015 4577 ⁶
2045 4540 2203 4599 Psal.
2238 4559 2426 4599 cxxxi.
2460 4544 2547 4597 17.

2330 4587 2569 4672 mea.
2605 4630 2624 4670 ι
2677 4587 2801 4681 ,Ξοῖ

611 4866 760 4924 εἴτις.
814 4863 903 4919 Ita
933 4864 1285 4937 scripsimus
1331 4882 1401 4921 ex
1432 4881 1599 4922 sacro
1626 4869 1811 4933 textu,
1845 4868 1906 4920 et
1932 4867 1978 4933 D
2008 4870 2233 4922 tantur.
2287 4866 2422 4922 Alia
2448 4882 2586 4921 vero
2631 4862 3028 4937 intsi'tretatio
3081 4860 3186 4937 εξο-
3214 4876 3395 4915 carne
3446 4860 3663 4937 Christi

2012 4939 2354 4995 communis
2375 4942 2466 4994 est
2493 4936 2652 5009 apud
2682 4931 3346 5009 interpretes.l_labetur
3365 4931 3523 5009 apud
3548 4934 3664 4987 Eu-

2014 5010 2163 5081 seb.,
2195 5010 2296 5065 lib.
2334 5026 2389 5065 ιν
2415 5003 2588 5075 Deiri,
2610 5024 2739 5079 cap.
2768 5003 2860 5072 t6,
2886 5022 3016 5081 pag.
3053 5005 3262 5081 188,9t
3282 5003 3506 5081 libiv‘n,
3533 5020 3660 5074 cap.

2011 5086 2064 5146 2,
2100 5076 2159 5153 p.
2191 5084 2329 5147 348;
2365 5083 2533 5153 Greg.
2575 5076 2730 5153 Nai,
2760 5079 3034 5153 orat._42,
3066 5076 3477 5153 n.‘62,_p._694
3502 5092 3656 5153 gau-

2009 5145 2238 5209 ctorem
2269 5145 2657 5225 Paraplirasis
2702 5151 2759 5205 in
2794 5150 3038 5225 Psalmos
3067 5163 3102 5202 a
3129 5145 3407 5225 Corderio
3449 5147 3623 5225 editae
3650 5165 3662 5215 ;

2007 5219 2443 5281 Theodoretum
2466 5225 2527 5278 in
2550 5223 2730 5293 hujus
2750 5220 2965 5293 psalmi
2989 5219 3419 5275 commentario
3442 5236 3455 5285 ;
3479 5219 3661 5293 Chro-

2007 5299 2259 5353 matium
2284 5290 2770 5367 Aquileiensem;
2785 5292 3072 5367 concione
3089 5294 3110 5344 l
3126 5332 3140 5358 ,
3163 5312 3190 5340 ‹‹
3229 5293 3315 5367 ηε
3329 5298 3461 5345 octo
3479 5290 3667 5367 beati-

2010 5370 2114 5425 tud
2145 5411 2160 5437 ,
2186 5369 2308 5424 Bib.
2341 5364 2449 5424 PP.
2479 5366 2683 5439 Lugd.,
2721 5387 2748 5414 »
2778 5370 2921 5439 tom.
2959 5365 3022 5427 V,
3053 5379 3185 5435 pag.
3218 5365 3353 5439 980;
3386 5380 3503 5439 quo
3535 5364 3666 5439 loco

2008 5434 2200 5497 multa
2215 5441 2287 5496 de
2312 5457 2380 5495 ea
2402 5456 2463 5495 re
2496 5434 2794 5494 dissertet.
2821 5437 3043 5491 Revera
3073 5434 3458 5506 proPheticus
3490 5435 3669 5501 huius

2009 5513 2124 5569 loci
2151 5529 2363 5569 sensus
2390 5518 2480 5566 est
2495 5511 2566 5566 de
2590 5508 2824 5564 Davidis
2844 5507 3168 5578 semine,ac
3195 5506 3573 5578 potissimum
3597 5507 3669 5562 de

2010 5586 2266 5648 Christo,
2298 5584 2397 5657 qui
2430 5580 2666 5638 Davidis
2696 5579 2876 5645 illius,
2910 5581 3041 5657 ejus
3071 5577 3230 5657 sedis
3260 5596 3329 5634 ac
3359 5579 3526 5652 regni
3569 5595 3666 5634 su-

2010 5656 2276 5715 blimiori
2306 5650 2488 5714 sensu
2516 5656 2887 5710 restaurator
2920 5650 2956 5708 a
2982 5652 3103 5707 Deo
3133 5650 3309 5708 datus
3338 5650 3450 5707 est;

3274 5846 3276 5849 ’
3304 5841 3384 5900 23
