3974 6360
196 268 315 336 109

932 271 1416 339 CATECHESIS
1456 271 1559 337 XI.
1606 267 1709 330 DE
1748 261 1959 331 FILIO
2000 262 2133 333 DEI
2175 263 2646 347 UNIGENITO,
2691 273 2867 337 ITC.

3488 289 3609 351 ’110

166 406 378 481 genuit
410 408 595 465 Deum
629 423 861 474 verum,
915 408 1239 466 Emmanuel
1294 407 1663 483 appellatum
1696 401 1773 457 ’0:
1833 414 2009 472 porro
2069 399 2423 459 Emmanuel
2474 402 2935 480 interpretatum
2993 411 3264 473 redditur
3319 420 3607 478 Nobiscum

171 497 318 552 Deus
358 495 428 551 εί.

244 584 354 642 ΙΕ’.
386 584 487 639 Καὶ
518 582 698 648 θέλεις
753 588 979 660 γνῶναι,
1037 585 1122 642 ὅτι
1180 580 1312 649 Θεός
1369 585 1539 658 ἐστιν,
1570 589 1598 642 6
1630 582 1689 640 ἐκ
1718 590 1803 640 Παλ

2020 583 2136 639 XV.
2172 582 2268 637 Vis
2300 588 2499 641 autem
2530 603 2886 659 cognoscere
2916 592 3105 649 Deum
3136 611 3266 653 esse
3324 615 3462 655 eum
3501 601 3603 672 qui

174 674 305 749 τρὸς
368 675 651 749 γεννηθεὶς
704 675 795 729 καὶ
848 673 1068 749 ὕστερον
1152 674 1617 752 ἐνανθρωπήσαςς
1683 676 1803 730 ἆκοι

2017 690 2022 726 ;
2051 674 2223 729 Patre
2255 679 2430 730 natus
2462 680 2572 745 est,
2604 682 2928 750 posteaque
2957 682 3135 739 homo
3184 686 3373 744 factus
3395 689 3422 744 τε
3467 690 3605 746 audi

168 768 270 819 τοῦ
297 765 594 841 προφήτου
625 763 901 840 λέγοντος’
934 763 1111 827 Οὗτος
1142 767 1172 821 ὸ
1202 766 1333 828 Θεὸς
1389 768 1573 839 ἡμῶν,
1632 763 1695 820 οὐ
1746 761 1845 819 λο-

1355 856 1566 929 Ἑξεὸρε
1670 858 1842 910 πᾶσαν

171 855 503 927 γισθτςσεται
587 850 768 928 ἔτερος
849 855 989 928 πρὸς
1077 853 1264 912 αὐσόν.

1951 762 2303 833 prophetam
2330 764 2626 821 dicentem
2653 784 2666 821 :
2703 790 2730 817 «
2764 769 2867 824 Hic
2899 776 2990 826 est
3019 774 3175 829 Deus
3206 783 3428 846 noster,
3489 796 3611 835 non

1960 870 1982 899 ε
2016 852 2390 923 reputabitur
2418 854 2571 910 alius
2599 856 2879 914 adversus
2910 877 3067 916 eum.
3114 864 3343 921 lnvenit
3371 884 3613 924 omnem

166 939 300 998 ὁδὸν
376 942 717 1017 ἐπιστήμης,
802 942 890 999 καὶ
975 941 1174 1000 ἔδωκεν
1254 944 1424 1015 αὐτὴν
1508 938 1706 1001 Ἰακὼϐ
1764 964 1803 998 τι

2017 941 2167 997 viam
2198 942 2485 1012 scientiae,
2522 949 2580 999 et
2606 944 2771 1001 dedit
2798 965 2930 1004 eam
2959 951 3138 1006 Jacob
3170 970 3354 1024 puero
3386 974 3516 1024 suo,
3552 962 3613 1013 et

164 1029 330 1087 παιδὶ
382 1032 573 1100 αὐτοῦ,
627 1033 720 1087 καὶ
781 1029 1002 1108 Ἰσραὴλ
1058 1038 1138 1106 τῷ
1186 1034 1538 1109 ἠγαπημένῳ
1599 1034 1688 1089 ὑπ’
1746 1032 1848 1088 αὐ-

172 1126 292 1178 τοῦ.
332 1121 493 1180 Μετὰ
517 1126 681 1176 τοῦτο
735 1120 823 1176 ἐπὶ
880 1129 979 1192 τῆς
1036 1125 1139 1200 γῆς
1206 1122 1387 1200 ὣφθη,
1444 1123 1536 1178 καὶ
1582 1127 1700 1186 τοῖς
1752 1123 1845 1178 ἄν·

1950 1052 1978 1080 ‹‹
2013 1032 2197 1087 Israel
2228 1032 2446 1088 dilecto
2477 1050 2512 1090 a
2543 1051 2624 1090 se.
2658 1037 2799 1091 Post
2829 1038 2956 1094 haec
2988 1040 3049 1095 in
3082 1047 3238 1098 terra
3253 1045 3411 1101 visus
3434 1052 3611 1114 est,et

1950 1143 1979 1172 «
2011 1138 2146 1177 cum
2170 1122 2514 1179 hominibus
2537 1133 2918 1184 conversatus
2936 1135 3026 1185 est
3050 1132 3094 1165 ²²
3118 1153 3166 1187 ι.
3191 1134 3398 1191 Cernis
3421 1136 3606 1192 Deum

171 1212 426 1287 θρώποις
502 1210 930 1288 συνανεστράφηο
1016 1211 1248 1274 Κλὲπεις
1315 1212 1447 1268 Θεὸν
1537 1211 1673 1285 μετᾶ
1741 1212 1803 1281 τή

2017 1214 2083 1263 νει
2112 1207 2303 1282 legem
2329 1226 2437 1282 per
2467 1213 2705 1283 Moysen
2738 1214 2916 1271 latam
2958 1218 3417 1278 inhumanatum
3441 1224 3468 1278 Ἰ
3494 1226 3609 1279 Ac-

171 1300 424 1363 Μωσέως
500 1299 824 1374 νομοθεσίαν
910 1299 1439 1377 ἑνανθρωπήσαντα;
1519 1304 1674 1376 Δέξαι
1753 1322 1803 1357 xc

2017 1314 2080 1370 pe
2097 1303 2156 1353 et
2174 1298 2430 1354 alterum
2443 1299 2768 1358 divinitatis
2786 1305 3001 1361 Christi
3018 1309 3426 1368 testimonium
3448 1313 3608 1384 quod

169 1388 430 1466 δευτέραν
465 1389 763 1466 μαρτυρίαν
793 1396 892 1459 τῆς
948 1392 1195 1464 Χριστοῦ
1251 1390 1535 1463 θεότητος,
1582 1392 1682 1460 τὴν
1745 1391 1841 1467 ἀρ-

164 1480 304 1543 τίως
395 1477 842 1554 ἆνεγνωσμένηνθ
903 1480 964 1538 Ὁ
1025 1481 1222 1557 θρόνος
1287 1502 1409 1551 σου,
1469 1482 1499 1536 6
1552 1481 1705 1547 Θεὸς,
1763 1480 1841 1544 εἷς

166 1572 266 1626 τὸν
298 1569 471 1625 αἰῶνα
497 1573 601 1624 τοῦ
630 1568 849 1632 αἰῶνος.
880 1570 995 1628 Ἵνα
1049 1571 1154 1646 γὰρ
1216 1572 1320 1644 μή,
1363 1568 1454 1626 διὰ
1500 1572 1601 1640 τὴν
1650 1566 1842 1648 ἕνσαρ-

1954 1386 2130 1442 modo
2163 1387 2385 1443 lectum
2417 1394 2526 1445 est.
2564 1410 2592 1442 α
2622 1392 2891 1449 Thronus
2923 1400 3083 1467 tuus,
3115 1400 3293 1471 Deus,
3326 1402 3387 1456 in
3420 1419 3611 1458 seacu-

1956 1499 1986 1530 «
2016 1477 2147 1533 lum
2176 1478 2380 1534 saaculi
2413 1479 2458 1514 ³³
2484 1501 2514 1529 ››
2539 1498 2553 1546 ;
2585 1498 2726 1537 nam
2757 1488 2824 1538 ut
2851 1501 2925 1540 ne
2949 1504 3019 1541 ex
3050 1490 3364 1546 occasione
3396 1492 3526 1564 ejus
3546 1492 3610 1549 in

1950 1582 2129 1623 carne
2158 1566 2447 1624 adventus
2481 1569 2554 1625 ad
2585 1570 2711 1626 hmo
2737 1571 2868 1629 loca
2887 1575 2981 1645 (3),
3006 1577 3350 1635 crederetur
3373 1597 3510 1636 eum
3538 1597 3609 1637 ex

181 1679 280 1714 κον
313 1660 409 1727 τὴν
438 1656 666 1713 ἐνταῦθα
694 1655 997 1732 γενομὲνην
1028 1658 1354 1733 παρουσίαν,
1412 1661 1653 1734 νομισθῇ
1710 1680 1803 1732 μετ

2017 1655 2218 1712 ὀἰεοῑιι
2248 1657 2322 1713 ad
2353 1657 2591 1715 deitatis
2623 1660 2862 1717 culmen
2892 1670 3099 1736 postea
3127 1670 3489 1738 pervenisse,
3513 1671 3609 1725 di-

179 1751 355 1804 ταῦτα
379 1746 452 1809 εἲς
505 1748 795 1822 προκοπὴν
853 1744 1029 1803 ἐλθεῖν
1093 1746 1376 1819 θεότητος,
1437 1747 1583 1824 λέγει
1635 1745 1841 1826 σαφῶς·

1948 1744 2032 1800 cit
2066 1749 2268 1816 aperte
2294 1762 2307 1801 :
2349 1766 2375 1797 ιι
2406 1748 2728 1820 Propterea
2751 1752 2923 1806 unxit
2952 1758 3007 1808 te
3039 1755 3215 1826 Deus,
3244 1758 3398 1814 Deus
3447 1764 3607 1827 tuus,

171 1836 277 1891 Διά
340 1840 503 1891 τοῦτο
554 1830 749 1911 ἔχρισέ
807 1856 866 1890 σε
923 1837 952 1892 6
1012 1837 1168 1906 Θεὸς,
1228 1838 1257 1893 6
1314 1838 1445 1901 Θεὸς
1504 1859 1602 1894 σου
1656 1836 1803 1895 ἔλαια

2017 1833 2143 1888 oleo
2184 1833 2603 1891 exsultationis
2661 1838 2819 1895 ultra
2875 1850 3183 1899 consortes
3230 1851 3361 1903 tuos
3393 1847 3438 1882 2‘
3463 1865 3532 1904 »:
3565 1847 3613 1883 ³⁵

162 1930 246 1999 (1)
310 1923 699 2001 ἀγαλλιάσεως
757 1924 902 1999 παρὰ
955 1924 1089 1989 τοὺς
1151 1927 1428 2002 μετόχους
1505 1948 1622 1984 σου.
1701 1925 1803 1984 Βλὲ

2017 1922 2154 1979 dent
2181 1923 2481 1980 Christum
2514 1926 2699 1982 Deum
2725 1944 2759 1983 a
2789 1930 2961 1986 Patre
2991 1933 3110 1988 Deo
3144 1940 3395 1992 unctum
3416 1936 3444 1992 ?

164 2036 289 2077 πεις
323 2016 560 2083 Χριστὸν
595 2014 747 2082 Θεὸν,
784 2015 888 2070 ὑπὸ
919 2014 1133 2092 Πατρὸς
1164 2020 1301 2072 Θεοῦ
1330 2016 1634 2093 χριόμενον
1662 2036 1676 2087 ;

232 2106 333 2174 Ιζ’.
399 2102 590 2165 Θὲλεις
669 2100 912 2177 δέξασθαι
969 2104 1060 2159 καὶ
1115 2105 1306 2182 τρίτην
1367 2107 1666 2181 μαρτυρίαν
1735 2111 1835 2177 τῆς

157 2195 409 2266 Χριστοῦ
442 2192 736 2263 θεότητοςς
767 2193 928 2248 ἄκουε
983 2191 1210 2249 Ἡσαΐου
1271 2193 1559 2271 λὲγοντος·
1609 2194 1833 2253 Έκοπί-

162 2304 287 2339 ασεν
346 2282 629 2357 Αἴγυπτος
705 2281 796 2337 καὶ
873 2282 1116 2358 ἐμπορία
1197 2283 1505 2342 Αἰθιόπων·
1565 2283 1658 2340 καὶ
1719 2285 1834 2358 μετ’

159 2373 353 2449 ὀλίγα·
420 2373 521 2429 Καὶ
614 2370 667 2427 ἐν
727 2372 812 2428 σοὶ
897 2371 1305 2448 προσεύξονται,
1390 2372 1473 2430 δτι
1542 2373 1593 2429 ἐν
1662 2374 1747 2429 σοὶ
1807 2374 1835 2431 6

168 2462 311 2526 Θεός
355 2462 488 2531 ἐστι,
544 2461 636 2516 καὶ
696 2459 795 2516 οὐκ
851 2455 963 2516 ἔστι
1026 2462 1159 2525 Θεὸς
1210 2461 1358 2531 πλὴν
1413 2467 1532 2522 σοῦ.
1594 2463 1670 2518 Σὺ
1728 2464 1833 2540 γὰρ

172 2553 223 2607 εἷ
259 2552 291 2605 6
352 2553 496 2622 Θεὸς,
549 2552 645 2606 καὶ
702 2552 807 2606 οὐκ
860 2549 1113 2627 ᾔδειμεν,
1173 2553 1201 2608 6
1260 2554 1391 2616 Θεὸς
1450 2558 1546 2609 τοῦ
1602 2554 1832 2630 Ἰσραὴλ

188 2642 401 2716 σωτήρ.
431 2640 650 2704 Βλέπεις
685 2640 814 2697 Θεὸν
846 2642 937 2696 τὸν
972 2642 1121 2713 Υἱὸν,
1154 2635 1356 2719 ἔχοντα
1386 2641 1439 2698 ἐν
1478 2643 1655 2717 ἑαυτῷ
1702 2643 1833 2701 Θεὸν

180 2730 273 2785 τὸν
324 2729 545 2801 Πατέρα,
609 2731 910 2807 μονονουχὶ
967 2733 1032 2787 τὸ
1090 2731 1221 2788 αὐτὸ
1270 2731 1527 2807 λέγοντα,
1587 2732 1720 2808 ὅπερ
1778 2732 1832 2790 ἐν

173 2818 534 2896 Εὖαγγελίοις
594 2818 833 2897 εἴρηκεν·
892 2820 955 2879 '0
1008 2821 1196 2893 Πατήρ
1257 2819 1310 2876 ἐν
1366 2820 1516 2895 ἐμοὶ,
1572 2823 1724 2900 κάγὼ
1776 2821 1833 2878 ἐν

161 2913 241 2981 τῷ
270 2907 447 2984 Πιτρί
479 2910 574 2984 (2).
608 2908 723 2967 Οὐκ
756 2906 996 2985 εἴρηκεν,
1026 2910 1088 2967 Ὁ
1118 2911 1306 2986 Πατήρ
1340 2909 1456 2983 εἰμι
1501 2908 1629 2986 ἐγὼ,
1681 2907 1833 2981 ἀλλ’,

159 3000 222 3053 '0
252 2999 444 3075 Πατὴρ
491 2998 546 3053 ἐν
607 2998 757 3072 ἐμοὶ,
814 2999 968 3075 κάγὼ
1027 2998 1079 3054 ἐν
1138 3003 1219 3073 τῷ
1275 2997 1468 3076 Ιιατρί·
1525 2999 1617 3056 καὶ
1668 2999 1835 3056 πάλιν

162 3089 267 3145 οὐκ
296 3092 439 3161 εἶπε,
472 3088 615 3164 Ἐγὼ
644 3089 736 3145 καὶ
768 3090 797 3145 6
828 3090 1016 3167 Πατήρ
1057 3088 1114 3145 ἓν
1166 3089 1306 3165 εἰμὶ,
1355 3088 1504 3163 ἀλλ’,
1552 3089 1695 3167 Ἐγὼ
1741 3092 1829 3148 καὶ

159 3179 189 3234 6
248 3180 440 3251 Πατὴρ
499 3175 555 3233 ἓν
618 3177 797 3253 ἐσμέν·
848 3177 942 3235 ἵνα
1032 3182 1172 3253 μήτε
1258 3179 1831 3257 ἀπαλὶοτριώσωμεν,

166 3272 309 3341 μήτε
338 3265 688 3347 συναλοιφὴν
746 3269 1104 3346 υἱοπατορίας
1147 3266 1522 3344 ἐργασώμεθα.
1572 3272 1691 3341 Ἐν,
1741 3268 1833 3326 διὰ

2025 2102 2167 2159 XVI.
2201 2102 2301 2159 Vis
2331 2109 2389 2159 et
2427 2104 2671 2160 tertium
2704 2105 2810 2160 tibl
2839 2106 2966 2163 dari
3025 2109 3350 2168 divinitatis
3390 2114 3608 2171 Christi

1953 2193 2408 2249 testimonium?
2436 2193 2573 2249 audi
2604 2196 2819 2251 Isaiam
2869 2197 3203 2255 dicentem:
3236 2224 3264 2252 «
3300 2203 3612 2260 Laboravit

1957 2302 1980 2333 ι
1999 2285 2279 2356 Αέςγρῐιιε
2292 2288 2352 2338 et
2366 2283 3036 2358 negotiatiaxEthiopum
3049 2287 3152 2345 εδ.»
3167 2292 3237 2345 Et
3249 2298 3382 2363 post
3395 2308 3605 2364 pauca:

1951 2395 1979 2424 «
2005 2374 2075 2427 Et
2094 2372 2157 2427 in
2186 2376 2243 2427 te
2265 2372 2707 2444 supplicabunt,
2737 2375 3022 2445 quoniam
3054 2378 3116 2433 in
3140 2385 3195 2435 te
3219 2382 3373 2439 Deus
3405 2389 3513 2451 est,
3549 2388 3610 2439 et

1949 2485 1977 2514 ‹‹
2003 2479 2124 2519 non
2147 2468 2237 2518 est
2259 2463 2417 2518 Deus
2437 2468 2655 2535 praater
2678 2466 2840 2520 te.Tu
2864 2466 3025 2521 enim
3046 2485 3107 2524 es
3128 2470 3607 2538 Deus,etnescie-

1950 2576 1979 2607 «
2001 2555 2235 2621 hamus,
2258 2555 2414 2610 Deus
2436 2555 2673 2611 Israelis
2692 2556 2945 2613 salvator
2970 2558 3017 2592 ³⁷
3033 2582 3085 2615 ››.
3116 2562 3286 2617 Vides
3308 2564 3495 2619 Deum
3521 2566 3609 2620 Fi-

1946 2646 2116 2713 lium,
2148 2643 2471 2700 habentem
2501 2644 2562 2700 in
2590 2646 2911 2719 semetipso
2942 2649 3127 2705 Deum
3158 2653 3396 2708 Patrem
3425 2671 3439 2709 :
3474 2660 3608 2711 tan-

1946 2739 2075 2789 tum
2104 2750 2226 2790 non
2256 2734 2369 2789 hoc
2398 2734 2596 2806 ipsum
2627 2734 2947 2805 dicentem,
2980 2740 3139 2809 quod
3173 2741 3236 2796 in
3276 2743 3606 2815 Evangeliis

1947 2821 2096 2877 dixit
2120 2838 2133 2875 :
2158 2843 2185 2871 «
2210 2819 2384 2876 Pater
2401 2820 2463 2876 in
2481 2838 2598 2892 me,
2614 2827 2672 2877 et
2688 2840 2794 2895 ego
2812 2823 2874 2879 in
2901 2827 3073 2881 Patre
3094 2826 3139 2863 ²⁸
3164 2851 3213 2883 ››.
3228 2831 3356 2886 Non
3376 2831 3481 2898 ait,
3502 2833 3608 2888 Pa-

1946 2916 2037 2966 ter
2062 2926 2194 2966 sum
2226 2926 2331 2983 ego
2359 2935 2374 2976 ;
2407 2910 2533 2978 sed,
2562 2933 2582 2960 ι
2611 2916 2782 2967 Pater
2801 2913 2864 2968 in
2886 2921 3069 2985 me,et
3099 2933 3203 2990 ego
3236 2918 3298 2974 in
3330 2921 3542 2976 Patre:
3573 2941 3603 2972 »

1944 3015 2206 3069 rursum,
2234 3015 2357 3055 non
2387 2998 2554 3070 dixit,
2585 3001 2702 3071 Ego
2735 3006 2793 3056 et
2821 3003 2997 3058 Pater
3024 3020 3212 3061 unum
3267 3024 3398 3063 sum
3425 3026 3440 3075 ;
3473 3008 3600 3077 sed,

1948 3112 1976 3141 ‹‹
1992 3090 2109 3162 Ego
2124 3094 2181 3143 et
2196 3090 2372 3144 Pater
2387 3105 2575 3144 unum
2599 3106 2805 3146 sumus
2822 3090 2868 3125 ’9
2882 3114 2910 3142 »
2928 3111 2943 3160 ;
2959 3092 3083 3149 aout
3096 3112 3288 3167 neque
3307 3097 3606 3154 abaliene-

1943 3198 2099 3248 mus,
2132 3195 2326 3251 neque
2376 3178 2912 3252 ﬁlio-paternitatis
2958 3184 3373 3244 confusionem
3419 3189 3601 3247 facia-

1943 3287 2099 3327 mus.
2136 3270 2331 3335 Unam,
2363 3274 2608 3340 propter
2647 3271 2798 3327 157
2864 3271 3190 3330 divinitatis
3246 3277 3601 3351 dignitatem

160 3360 226 3413 τὸ
255 3357 401 3413 κατᾶ
422 3357 527 3426 τήν
561 3344 789 3428 θεότητα
819 3344 1052 3432 ἀξίωμα*
1088 3355 1278 3428 ἐπειδὴ
1329 3357 1460 3424 Θεὸς
1504 3359 1636 3415 Θεὸν
1684 3357 1803 3434 ἒγὲν

2038 3376 2052 3427 ;
2086 3357 2383 3429 siquidem
2415 3359 2570 3414 Deus
2604 3359 2786 3415 Deum
2825 3363 3050 3434 genuit.
3104 3344 3601 3440 Unumxpropter

230 3485 281 3521 ⁸ο
311 3487 429 3541 Isa.
463 3502 563 3554 vn,
596 3487 683 3543 14,
761 3485 803 3520 ²¹
836 3486 1038 3541 Matth.
1069 3502 1112 3554 ι,
1139 3484 1234 3541 23.
1313 3484 1362 3521 ²²
1392 3486 1643 3541 Baruch.
1678 3503 1764 3553 ιιι,
1798 3490 1803 3535 J

230 3558 340 3611 :br.
375 3575 418 3611 ι-
450 3561 506 3611 9.
610 3556 660 3592 ’⁵
694 3556 825 3611 Vid.
856 3564 968 3611 cat.
1002 3559 1090 3611 10.
1121 3574 1183 3611 ιι.
1214 3559 1269 3611 4.
1300 3563 1353 3611 et
1386 3558 1453 3611 14
1481 3575 1606 3611 sun.
1639 3575 1699 3611 ιι.
1756 3561 1803 3611 1.

2082 3484 2129 3518 ³³
2158 3484 2313 3540 Psal.
2344 3496 2375 3533 τ(
2398 3498 2448 3541 Li

2017 3556 2122 3611 [3a.
2182 3572 2309 3611 XLV.
2382 3556 2448 3610 14

2109 3597 2122 3611 ο
2182 3596 2309 3622 αυτ,
2385 3596 2468 3612 εἷο

155 3558 340 3614 Hebr.
375 3575 418 3628 ι,
450 3561 506 3613 9.
610 3556 660 3592 ³⁵
694 3556 825 3628 Yid.
856 3564 968 3613 cat.
1002 3559 1090 3625 10,
1121 3574 1183 3613 ιι.
1214 3559 1269 3627 4,
1300 3563 1353 3613 et
1386 3558 1453 3612 14
1481 3575 1606 3628 sup.
1639 3575 1699 3613 ιι.
1756 3561 1807 3612 1.

2082 3483 2129 3518 ³³
2158 3482 2313 3540 Psal.
2344 3496 2508 3567 serv,
2542 3485 2620 3567 665'
2659 3485 2802 3567 Il_e_b_.
2866 3489 2988 3567 I,u8.
3061 3490 3111 3567 ff
3143 3492 3297 3567 Psal.
3353 3512 3498 3567 χειν,
3533 3502 3601 3566 7;

2573 3552 2620 3589 ²⁷
2676 3556 2821 3613 ibid.
2884 3552 2969 3615 15.
3060 3559 3109 3595 εδ
3147 3564 3313 3620 Joan.
3347 3552 3604 3635 χιν,’11ί

165 3629 220 3665 ³9
245 3627 417 3685 Joan.
451 3648 511 3698 x,
544 3630 632 3685 30.
708 3627 757 3666 ³ο
792 3629 917 3686 Vid.
941 3634 1049 3685 cat.
1078 3631 1133 3696 4,
1165 3646 1227 3685 n.
1258 3631 1313 3689 8.
1346 3636 1397 3684 et
1423 3627 1562 3698 infr.
1595 3646 1656 3685 n.
1692 3633 1756 3684 17
1787 3646 1803 3684 ε

158 3754 583 3828 ptahaCyrillo
616 3755 1045 3828 propositionis
1078 3772 1202 3811 sua;
1229 3753 1504 3827 probatio
1557 3770 1628 3810 ex
1659 3757 1834 3828 _Apo-

167 3825 316 3899 stoli
350 3826 496 3895 loco,
526 3825 708 3899 Caput
730 3825 962 3884 Christu
1008 3829 1185 3883 Deus:
1218 3825 1359 3883 nam
1391 3831 1587 3898 caput,
1630 3825 1830 3899 domi-

161 3898 339 3953 nium
372 3902 427 3953 et
457 3899 860 3972 principatum
889 3898 1210 3972 signiﬁcat,
1257 3904 1324 3972 ut
1352 3903 1411 3972 et
1438 3899 1598 3972 hunc
1628 3898 1829 3955 locum

159 3970 498 4026 retractans
530 3970 736 4027 auctor
766 3976 880 4027 cat.
916 3970 1003 4038 13,
1039 3988 1207 4027 ιιιιιιι.
1240 3971 1329 4039 23,
1364 3970 1597 4025 videtur
1628 3987 1831 4026 sume-

154 4059 248 4111 re,
273 4042 382 4098 sed
406 4042 482 4098 ad
504 4042 939 4099 humanitatem
959 4043 1248 4099 referens.
1268 4044 1582 4110 Praeterea,
1618 4042 1829 4098 eodem

156 4113 723 4188 modo‘intelligunt
752 4114 1084 4188 Orientales
1137 4113 1400 4188 epiSCOpi
1455 4113 1516 4188 in
1566 4113 1829 4188 formula

156 4187 305 4242 anni
337 4186 466 4250 344,
495 4185 653 4257 apud
678 4187 838 4255 Ath.,
884 4188 963 4243 De
988 4185 1411 4257 synod.,num._
1439 4187 1527 4252 26,
1562 4191 1672 4241 art.
1709 4187 1831 4257 3ret

158 4262 223 4314 9:
248 4274 434 4332 quem
465 4255 662 4314 locum
685 4257 937 4332 Cyrillus
958 4255 1080 4332 przn
1104 4256 1293 4332 oculis
1323 4255 1555 4332 videtur
1584 4256 1829 4332 habuis-

156 4346 245 4385 se.
266 4328 437 4384 Ἐιιηι
471 4334 671 4384 tamen
700 4328 798 4384 hic
820 4328 1166 4401 principium
1195 4328 1531 4401 intelligere
1558 4330 1830 4401 satisgar-

150 4401 589 4529 gnmenti’est:
624 4405 681 4455 1ο
702 4400 861 4483 quod
883 4400 1043 4484 idem
1065 4401 1143 4457 sit
1173 4417 1340 4482 error
1370 4400 1551 4471 quem
1582 4400 1826 4467 refellit,

198 4490 275 4528 uo
311 4472 512 4529 ἀργας.
548 4480 608 4528 et
638 4473 754 4528 duo
812 4478 1113 4529 inuenitos
1168 4471 1527 4529 admittere:
1558 4472 1619 4526 2ο
1667 4472 1826 4529 quod

198 4490 281 4546 uo,
311 4472 512 4545 ἀρχάς,
548 4480 608 4528 et
638 4471 754 4528 duo
801 4472 1113 4546 ingenitos
1168 4471 1527 4546 admittere;
1558 4472 1826 4546 ZLquod

147 4543 587 4619 probetunam
628 4561 758 4619 esse
790 4543 970 4619 ἀρχήν
1007 4562 1078 4601 ex
1108 4561 1177 4601 eo
1208 4544 1369 4616 quod
1399 4544 1591 4619 Pater
1610 4543 1830 4600 Filium

151 4616 459 4697 genuerit.
490 4616 1116 4697 Verumhm'dsecum
1160 4632 1284 4672 non
1322 4618 1658 4697 pugnanti
1686 4632 1828 4697 nam

151 4684 569 4771 princiqatum
600 4688 857 4771 Cyrillus
887 4705 959 4745 ex
988 4684 1526 4771 ratione'prihcipii
1547 4684 1821 4771 deducit;

154 4758 221 4816 et
253 4758 577 4831 quamdam
601 4758 1164 4833 Filii,generationis
1191 4758 1664 4826 titulo,admittit
1684 4758 1822 4814 sub-

149 4833 487 4906 jectiouem
521 4849 658 4906 erga
687 4833 946 4906 Patrem.
978 4833 1121 4889 Vide
1153 4837 1265 4888 cat.
1302 4833 1388 4899 10,
1413 4847 1472 4886 n.
1506 4833 1559 4885 9.

231 4901 736 4976 (i)’E)t¢tOV.—ilta
796 4903 939 4976 editi
999 4921 1210 4960 omnes
1268 4908 1327 4958 et
1374 4918 1518 4976 mss.
1580 4905 1826 4976 excepto

154 4970 306 5040 Roe,
342 4982 402 5031 et
430 4975 682 5033 Casaub.
718 4976 780 5030 in
813 4975 1031 5046 quibus
1064 4976 1337 5043 habetur,
1370 4970 1567 5044 ἐλαίῳ.
1591 4970 1744 5046 Tum
1764 4972 1829 5029 in

150 5038 427 5119 Apostoli
451 5064 629 5121 quam
653 5047 715 5101 in
739 5038 1115 5121 Psalmorum
1134 5038 1578 5121 textu’legitu’r,
1613 5038 1824 5121 ἔλαιον,

157 5116 356 5191 eoque
386 5116 564 5175 modo
596 5120 813 5175 iterum
845 5118 989 5192 legit
1014 5119 1270 5191 Cyrillus
1300 5123 1412 5173 cat.
1447 5120 1537 5192 2‘1,
1570 5133 1630 5172 n.
1664 5118 1717 5171 2.
1743 5116 1830 5171 Li-

154 5187 274 5246 nea
306 5192 606 5263 sequenti,
643 5206 848 5264 vpcem
878 5187 1009 5264 Θεόν
1040 5187 1175 5264 quae
1199 5196 1333 5262 post
1363 5187 1690 5264 χριόμενον,
1717 5204 1826 5259 po-

153 5264 275 5319 sita
304 5260 453 5330 erat,
486 5280 557 5320 ex
588 5262 758 5318 codd.
794 5261 992 5318 Ottob.
1024 5260 1652 5329 CoislfRoefCasaub.
1686 5264 1823 5315 ante

156 5333 269 5408 ῥπὸ
305 5336 513 5408 Πατρός
543 5333 1002 5408 collocavimus:
1037 5341 1096 5391 et
1126 5351 1196 5390 ex
1243 5331 1389 5408 eisd.
1430 5333 1825 5408 vocemhesoﬁ

156 5406 256 5463 hic
289 5402 691 5464 necessariam
709 5403 1059 5477 adiecimus.
1085 5404 1420 5477 Notandum
1446 5404 1520 5477 in_
1532 5402 1822 5477 explicato

153 5495 190 5534 a
218 5480 439 5551 Cyrilio
470 5478 691 5552 psalmi
723 5473 1088 5545 testimonio,
1136 5493 1329 5544 voces,
1362 5474 1391 5528 ὁ
1422 5473 1573 5542 Θεός,
1606 5473 1825 5531 vocali-

150 5550 213 5604 di
247 5568 393 5607 casu
424 5552 606 5613 sumi.
642 5548 798 5605 sicut
824 5549 995 5623 vulgo
1026 5566 1063 5606 a
1092 5549 1388 5623 Patribus.
1435 5546 1667 5603 Videsis
1697 5549 1821 5603 Eu-

148 5623 391 5680 sebium
423 5625 488 5680 in
518 5625 685 5679 hune
714 5620 1341 5692 psalmi'versiculum.

223 5696 305 5769 (2)
329 5695 498 5774 Κάγὼ
547 5692 604 5749 ἐν
660 5687 743 5763 τῷ
806 5691 994 5767 ιιατρι.
1057 5695 1286 5750 Desunt
1340 5691 1469 5747 hinc
1527 5687 1706 5747 verba
1760 5688 1823 5746 in

1940 3751 2118 3808 Coisl.
2170 3753 2317 3815 Roe,
2351 3750 2594 3807 Casaub.
2631 3757 2689 3807 et
2746 3753 3016 3811 Grodecii
3062 3758 3354 3816 versione.
3417 3764 3600 3820 Paulo

1943 3829 2222 3905 posttres
2270 3823 2629 3905 posteriores
2686 3824 2816 3905 loco
2869 3827 3203 3905 verborum,
3263 3831 3402 3905 Ἐγὼ
3449 3833 3537 3887 καὶ
3572 3835 3601 3889 6

1942 3889 2128 3974 ῌατήρ
2160 3889 2226 3974 ἓν
2248 3889 2385 3964 εἶμι,
2411 3895 2655 3974 habent,
2686 3895 2841 3974 Ἐγώ-
2885 3897 3059 3974 εἰμι-ὁ
3091 3889 3298 3974 Πατήρ.
3336 3889 3417 3959 Ἰῐι
3465 3907 3596 3963 cod.

1942 3966 2136 4043 O_ttob_.
2171 3972 2439 4043 utraque
2462 3966 2769 4043 leguntur'
2797 3966 3070 4043 εἰσιόὐκ
3118 3966 3355 4043 εἷ’ρήὲιεν,
3390 3977 3450 4032 '0
3484 3983 3598 4031 Πα.

1942 3991 2136 4023 υιιυυ.
2175 3991 2423 4038 utraque
2462 3991 2740 4038 leguntur
2797 3991 2919 4024 SIC:
2971 3991 3070 4025 ουκ
3118 3993 3161 4027 ει
3204 3995 3355 4043 ηκεν,
3408 3991 3450 4032 υ
3484 3991 3598 4031 υα.

1937 4038 2191 4126 2⁵θεῖμὲ
2224 4036 2354 4126 ἐγεδν
2386 4034 2712 4126 nunc»
2865 4041 3107 4126 δειᾳεῆρ
3157 3991 3393 4126 ἓξ³ν,εῖμι,
3447 4046 3599 4118 ἀλλ’,

1941 4106 2104 4194 Ἑνώ,
2129 4106 2431 4194 ἐἰοεςιοοο
2462 4106 2655 4194 ἀλλ’ἑ
2675 4113 2833 4194 quod
2864 4114 3016 4194 nihil
3048 4106 3347 4194 signiﬁcat
3382 4106 3604 4194 'legen.’

1941 4178 2498 4308 du'm'conf'icerem,
2532 4178 2567 4250 ἤ
2600 4178 2808 4241 ἄλλως.
2843 4208 2871 4235 ‹‹
2897 4189 3023 4242 Non
3047 4178 3231 4245 diiit:
3266 4194 3441 4248 Pater
3456 4178 3601 4250 sum

1944 4276 1972 4305 «
1991 4272 2127 4308 ego:
2153 4271 2218 4308 ve
2265 4254 2441 4308 aliter
2460 4271 2473 4308 :
2491 4256 2607 4308 an
2632 4261 2690 4308 et
2710 4256 2886 4308 Pater
2905 4275 3089 4308 unum
3114 4279 3241 4308 sum
3273 4286 3298 4308 ιι
3318 4284 3329 4295 -
3347 4265 3447 4308 and
3488 4271 3580 4308 pta

1944 4276 1972 4305 «
1991 4272 2127 4328 ego;
2153 4254 2243 4308 vel
2265 4254 2441 4309 aliter
2460 4271 2473 4308 :
2491 4256 2607 4327 Ego
2632 4261 2690 4311 et
2710 4256 2886 4314 Pater
2905 4275 3091 4316 unum
3114 4279 3245 4318 sum
3271 4286 3298 4314 ››
3317 4284 3330 4331 ;
3347 4265 3472 4333 sed,
3488 4271 3601 4322 etc.

2013 4363 2092 4434 (5)
2130 4363 2196 4418 Ut
2225 4378 2294 4415 ne
2324 4378 2393 4415 ea:
2432 4362 2734 4431 occasione,
2796 4371 2906 4421 etc.
2958 4366 3122 4423 Pauli
3170 4370 3607 4429 Samosatensis

1942 4434 2242 4512 sententia
2263 4439 2409 4512 erat.
2425 4450 2605 4504 quam
2628 4452 2784 4507 saepe
2806 4437 3063 4508 Cyrillus
3088 4441 3247 4509 ferit,
3280 4445 3603 4512 Christum,

1937 4522 2075 4580 cum
2096 4506 2266 4580 homo
2290 4510 2524 4580 tantum
2556 4506 2734 4574 esset,
2769 4525 2838 4563 ex
2855 4506 3137 4580 profectu
3163 4506 3503 4571 assecutum
3536 4506 3604 4571 ut

1938 4578 2093 4633 Deus
2126 4577 2313 4632 ﬁeret.
2353 4578 2413 4630 V.
2447 4583 2562 4633 cat.
2600 4582 2686 4645 12,
2719 4596 2778 4634 ιι.
2834 4577 2887 4635 3ῖ
2952 4584 3067 4639 Nec
3112 4586 3368 4643 multum
3428 4589 3601 4642 dissi-

1938 4649 2101 4729 milis
2130 4648 2488 4729 Arianorum
2522 4652 2839 4729 sententia,
2874 4652 3164 4729 aientium
3203 4659 3390 4713 Deum
3424 4659 3603 4729 hujus

1937 4721 2239 4791 profectus
2260 4721 2572 4791 praescium
2598 4723 2847 4791 gratiam
2876 4724 3199 4782 divinitatis
3222 4730 3453 4784 Christo
3484 4721 3601 4785 an-

1937 4793 2179 4863 ticipato
2210 4792 2560 4847 contulisse.
2599 4792 2738 4848 Vide
2784 4796 3027 4863 Athan.,
3077 4805 3227 4854 orat.
3260 4817 3299 4863 1,
3332 4817 3499 4855 num.
3532 4804 3602 4855 44-

1937 4870 1997 4945 et
2013 4867 2102 4920 49.
2119 4865 2375 4945 Cyrillus
2396 4864 2621 4945 itaque,
2646 4871 2721 4945 ut_
2738 4866 2892 4921 hanc
2914 4868 3323 4938 opinationem
3356 4876 3598 4939 evertat,

1938 4937 2126 4992 Deum
2157 4936 2375 5007 ipsum,
2406 4952 2528 4991 non
2561 4936 2891 5003 hominem,
2942 4936 3191 4995 unctum
3248 4959 3317 4997 ex
3370 4936 3595 4998 aeterno

1937 5023 1973 5063 a
2002 5009 2119 5063 Deo
2151 5008 2334 5084 fuisse
2366 5007 2580 5084 prpbat
2607 5010 2719 5063 hoc
2761 5010 2976 5084 psalmi
3003 5012 3367 5084 gversiculo;
3418 5031 3597 5084 quem

1938 5085 2138 5155 tamen
2154 5079 2529 5155 _Athanasius
2562 5079 2953 5155 locucitato.
3001 5083 3253 5139 Basilius
3298 5079 3598 5155 psalmum

1936 5152 2118 5207 istum
2150 5151 2575 5221 interpretans,
2607 5152 2681 5207 ad
2712 5152 3144 5209 humanitatem
3177 5151 3391 5211 Christi
3444 5159 3601 5212 refe—

1935 5229 2097 5297 runt.
2141 5222 2564 5297 De_divinitate
2596 5240 2731 5278 cum
2777 5225 2994 5295 Cyrillo
3052 5226 3336 5297 intelligit
3382 5230 3596 5286 Euseb.

1934 5295 2176 5374 Caesam,
2210 5294 2448 5367 Gregor.
2483 5296 2803 5365 Nyssenus,
2826 5294 2902 5351 ac
2932 5298 3105 5368 pauci
3155 5294 3279 5355 alii"
3302 5302 3601 5374 interpre-

1936 5372 2044 5423 tes.

2009 5473 2087 5545 (4)
2124 5474 2302 5530 Unum
2338 5478 2575 5543 propter
2600 5473 2915 5531 divinitatis
2940 5474 3266 5544 dignitatum
3290 5485 3398 5535 etc.
3437 5483 3599 5545 Qua-

1935 5545 2270 5616 druplicem
2302 5545 2686 5600 commendat
2730 5547 2924 5602 Patris
2974 5554 3033 5602 et
3080 5550 3211 5604 Filii
3264 5554 3597 5609 unitatem:

1934 5616 2886 5699 divinitatis,_regni,hvolunta_ti_s,
2939 5623 2997 5674 et
3042 5636 3289 5699 Operam
3327 5641 3349 5699 :_
3392 5630 3602 5699 contra

1932 5688 2188 5747 Arianos
2218 5686 2322 5761 qui
2343 5686 2717 5773 divinitatem
2732 5689 2889 5759 Filii,
2920 5686 3386 5767 nunchpationis
3412 5695 3601 5752 solius
