3974 6344
191 401 309 459 713

931 395 1412 458 CATECHESIS
1456 390 1560 454 XI.
1607 389 1710 450 DE
1753 383 1964 447 FILIO
2009 386 2138 447 DEI
2184 391 2644 468 UNIGENITO,
2691 393 2866 456 ETC.

3500 403 3619 462 714

180 529 533 604 Ὄμοιοςγᾶρ
591 527 643 582 ἂν
703 547 862 582 πασιν
921 529 948 582 6
1003 527 1124 588 Υἱὸς
1181 530 1261 598 τῷ
1309 519 1678 600 γεγεννηκότι·
1715 519 1828 588 ζωὴ

2024 517 2127 573 bus
2164 522 2324 577 enim
2354 523 2607 595 genitori
2652 523 2860 580 similis
2920 530 3010 580 est
3052 526 3322 595 Filius”;
3373 530 3492 585 vita
3541 548 3613 587 ex

182 617 240 671 ἐκ
286 623 436 686 ζωῆς
490 615 790 692 γεννηθεὶς.
845 615 932 671 καὶ
1001 620 1114 693 φῶς
1141 615 1199 670 ἐκ
1256 615 1460 692 φωτὸς,
1516 609 1746 682 δύναμις
1780 608 1838 664 ἐκ

181 705 488 779 ὃυναμεως,
574 706 702 768 Θεὸς
762 705 821 761 ἐκ
878 709 1039 764 Θεοῦ.
1103 705 1204 762 Καὶ
1263 702 1676 779 ἆπαράλλακτοι
1735 707 1834 769 τῆς

177 795 439 866 θεότητος
519 797 569 850 οἱ
630 795 975 870 χαρακτῆρες
1032 794 1163 849 εἰσιν
1222 793 1273 849 ἐν
1329 797 1408 863 τῷ
1460 792 1596 863 Υἱῳ·
1661 789 1751 844 καὶ
1807 790 1834 843 6

172 883 530 954 καταξιωθεὶς
589 881 722 939 ἰδεῖν
783 885 909 938 Υἱοῦ
968 884 1235 953 θεότητα,
1291 877 1510 957 ἔρχεται
1570 879 1645 942 εἷς
1703 878 1835 933 ἀπό-

175 975 369 1029 λαυσιν
433 977 531 1028 τοῦ
585 975 997 1048 γεγεννηκότος.
1058 973 1168 1028 Οὐκ
1225 972 1355 1044 ἐμὸς
1388 972 1416 1025 6
1449 970 1639 1046 λόγος,
1691 966 1836 1023 ἀλλᾶ

167 1067 264 1117 τοῦ
328 1066 657 1138 μονογενοῦς
707 1064 854 1117 Υἱοῦο
926 1067 1200 1120 Τοσοῦτον
1264 1062 1465 1136 χρόνον
1532 1061 1648 1132 μεθ’
1681 1059 1833 1130 ὑμῶν

169 1152 306 1222 εἶμι,
371 1154 464 1206 καὶ
525 1151 624 1206 οὐκ
680 1147 919 1227 ἔγνωκάς
977 1173 1066 1224 με,
1135 1149 1431 1220 Φίλιππε;
1489 1149 1517 1203 6
1575 1148 1831 1224 ἑωρακὼς

166 1239 285 1313 ἐμὲ,
341 1242 552 1316 ἑώρακε
604 1241 696 1295 τόν
756 1242 986 1316 Πατέρα.
1039 1241 1144 1297 Καὶ
1200 1238 1293 1294 ’ίνα
1349 1238 1485 1294 εἷ’πω
1543 1237 1827 1310 συντομώ-

163 1351 347 1406 τερον,
387 1333 528 1402 μήτε
581 1331 936 1404 χωρίζωμεν,
996 1331 1135 1402 μήτε
1194 1330 1529 1407 συναλοιφὴν
1586 1325 1832 1402 ἐργαζώ-

168 1422 327 1491 μεθα·
390 1421 483 1474 καὶ
544 1423 683 1492 μήτε
740 1419 1038 1495 ἀλλότριόν
1110 1440 1244 1474 ποτε
1325 1423 1422 1474 τοῦ
1483 1419 1692 1493 Πατρὸς
1753 1422 1830 1490 (1)

168 1507 326 1583 εἴπῃς
367 1511 462 1564 τὸν
518 1510 663 1580 Υἱὸν,
729 1511 867 1582 μήτε
921 1507 1182 1584 καταδὲξῃ
1237 1509 1364 1571 τοὺς
1421 1509 1702 1582 λέγοντας,
1735 1509 1826 1563 τὸν

175 1601 386 1669 [larisa
409 1599 544 1653 ποτε
589 1599 680 1672 μὲν
739 1599 969 1672 Πατέρα,
1028 1599 1162 1654 ποτὶ
1193 1597 1250 1653 δὲ
1308 1599 1430 1653 Υἱὸν
1464 1598 1620 1652 εἴναι·
1657 1595 1827 1652 ἀλλό-

177 1709 306 1762 τρια
335 1688 426 1764 γαρ
481 1688 570 1742 καὶ
635 1683 796 1757 ἀσεϐῆ
852 1692 1039 1759 ταῦτα,
1097 1689 1183 1744 καὶ
1245 1688 1344 1743 οὐκ
1404 1685 1730 1756 Ἐκκλησίας
1761 1685 1829 1739 τὰ

173 1776 500 1853 διδάγματα·
536 1775 664 1832 ἀλλ’
695 1779 723 1832 ὁ
759 1779 962 1854 Πατήρ,
1018 1780 1283 1852 γεννήσας
1339 1777 1429 1832 τὸν
1473 1778 1613 1844 (ἱὸν,
1647 1773 1828 1849 ἔμεινε

164 1869 379 1942 Ηατὴρ,
411 1867 503 1921 καὶ
565 1867 667 1921 οὐκ
722 1865 1052 1937 ἠλλοίωται.
1113 1867 1315 1944 Σοφίαν
1371 1865 1671 1942 ἐγέννησεν,
1701 1863 1904 1955 ἀλλ’Β

157 1957 259 2012 οὐκ
321 1958 484 2018 αὐτὸς
549 1954 748 2031 ἄσορος
817 1956 1046 2033 ἐγένετοο
1109 1957 1199 2012 καὶ
1254 1954 1480 2030 δύναμιν
1532 1957 1820 2030 γεννήσας,

153 2047 257 2102 οὐκ
287 2043 577 2117 ἠσθένησε·
619 2046 746 2101 Θεὸν
797 2047 1058 2122 γεννήσας
1119 2047 1220 2101 οὑκ
1277 2045 1436 2108 αὐτὸς
1493 2053 1594 2114 τῆς
1629 2043 1823 2114 θεότη-

152 2159 247 2198 τος
281 2136 556 2211 ἐστερήθη
589 2139 683 2207 (2)⁶
713 2136 803 2190 καὶ
835 2136 959 2191 οὕτε
999 2158 1051 2191 τι
1086 2137 1245 2198 αὐτὸς
1280 2135 1530 2192 ἀπώλεσε
1566 2133 1822 2208 μειωθεὶς

155 2231 189 2297 ἢ
227 2225 593 2296 ἀλλοιωθείς,
625 2224 752 2280 οὕτε
781 2227 808 2280 ὁ
838 2227 1111 2300 γεννηθεὶς
1135 2222 1251 2301 ἔχει
1275 2247 1327 2280 τι
1360 2223 1571 2280 λεῖπον.
1597 2222 1825 2286 Τέλειος

156 2319 182 2371 ὁ
217 2319 488 2391 γεννήσας
539 2313 746 2369 τέλειον
807 2315 868 2369 τὸ
925 2316 1200 2390 γεννηθὲν·
1262 2315 1392 2375 Θεὸς
1453 2314 1479 2368 ὁ
1534 2315 1824 2392 γεννήσας,

164 2407 359 2467 Θεὸςὸ
400 2403 705 2480 γεννηθείς·
767 2405 897 2467 Θεὸς
958 2405 1052 2476 μὶν
1105 2408 1213 2458 τῶν
1274 2404 1514 2459 πάντων
1575 2402 1704 2457 Θεὸν
1766 2399 1823 2456 δὲ

166 2495 402 2562 ἑαυτοῦ,
458 2494 552 2549 τὸν
609 2495 823 2567 Ηατὲρα
875 2493 1332 2569 ἐπιγραφόμενος.
1369 2491 1446 2550 Οὐ
1503 2492 1606 2568 γὰρ
1667 2491 1820 2546 ἐπαι-

182 2582 437 2658 σχῦνεται
478 2582 687 2651 λέγων·
738 2577 1042 2638 ’Δναόαίνω
1101 2591 1236 2658 πρὸς
1286 2584 1380 2637 τὸν
1445 2583 1659 2656 Πατέρα
1719 2603 1823 2654 μου

183 2674 273 2726 καὶ
330 2674 531 2749 Πατέρα
593 2673 745 2746 ὑμῶν
822 2674 940 2746 (3),
999 2672 1085 2726 καὶ
1149 2671 1278 2727 Θεόν
1343 2693 1448 2746 μου
1483 2715 1496 2742 ,
1554 2671 1644 2726 καὶ
1694 2672 1824 2727 Θεὸν

183 2763 354 2835 ὑμων.

237 2852 338 2907 ΙΘ“.
366 2848 530 2906 Ἀλλ’
556 2848 651 2905 ’ίνα
696 2852 771 2924 μὴ
806 2849 1060 2926 νομίσῃς,
1094 2849 1176 2906 ὅτι
1211 2850 1421 2922 ὁμοίως
1452 2855 1548 2905 τοῦ
1580 2852 1708 2906 Υἳοῦ
1737 2850 1827 2906 καὶ

166 2945 278 2996 τῶν
338 2940 658 3014 κτισμάτων
706 2939 815 2996 ἐστὶ
872 2941 1080 3016 Ηατήρ,
1149 2937 1551 2996 ὑποδιὲστειλεν
1607 2939 1658 2995 ἐν
1709 2941 1828 3002 τοῖς

172 3031 319 3103 ἑξῆς.
380 3032 460 3089 Οὐ
515 3033 619 3107 γὰρ
680 3033 822 3087 εἶπεν
885 3027 1190 3090 Ἀναϐαίνω
1268 3031 1403 3107 πρὸς
1463 3032 1553 3086 τὸν
1615 3032 1831 3107 Πατέρα

174 3119 478 3193 ἡμῶν,“ίνα
515 3122 590 3194 μὴ
651 3121 910 3176 κοινωνία
961 3120 1178 3198 γένηται
1234 3125 1342 3177 τῶν
1395 3123 1722 3194 ποιημάτων
1758 3125 1828 3194 (4)

171 3212 304 3286 πρὸς
337 3211 434 3266 τὸν
487 3212 797 3285 Μονογενῆ·
832 3207 997 3280 ἀλλὰ,
1057 3211 1267 3287 Πατέρα
1329 3231 1436 3284 μου
1487 3211 1576 3265 καὶ
1621 3212 1831 3286 Πατέρα

1948 613 2081 666 vitea
2109 611 2364 681 genitus,
2401 617 2458 666 et
2487 611 2693 667 lumen
2726 630 2796 667 ex
2828 613 3078 681 lumine,
3132 617 3318 672 virtus
3373 635 3442 671 ex
3499 619 3614 673 vir-

1949 705 2094 769 tute,
2129 702 2283 754 Deus
2315 717 2386 754 ex
2418 701 2533 755 Deo
2562 717 2574 755 :
2610 707 2666 755 et
2706 703 2874 758 nulla
2905 703 2967 757 in
3001 721 3064 758 re
3096 704 3442 760 differentes
3471 712 3613 762 sunt

1949 790 2185 844 deitatis
2217 790 2591 844 characteres
2641 792 2702 844 in
2735 791 2903 859 Filio,
2955 794 3178 864 quique
3231 794 3607 851 divinitatem

1944 879 2077 934 Filii
2110 879 2308 934 videre
2342 879 2557 951 dignus
2589 885 2679 934 est
2709 881 2967 944 habitus,
3000 882 3159 937 idem
3180 885 3252 938 ad
3287 885 3610 942 fruendum

1945 968 2278 1040 genitorem
2311 972 2544 1021 evectus
2578 973 2686 1022 est.
2735 971 2860 1023 Non
2911 987 3081 1026 meus
3131 973 3226 1027 hic
3275 991 3469 1030 sermo
3499 981 3609 1045 est,

1945 1058 2051 1113 sed
2081 1057 2374 1130 unigeniti
2409 1057 2539 1112 Filii
2569 1074 2580 1110 :
2621 1060 2796 1112 Tanto
2816 1066 3054 1130 tempore
3083 1063 3359 1116 vobiscum
3393 1081 3532 1134 sum,
3558 1072 3612 1120 et

1943 1163 2056 1201 non
2087 1149 2390 1215 cognovisti
2414 1163 2520 1213 me,
2553 1147 2812 1218 Philippe
2833 1151 2860 1202 ?
2890 1152 2986 1218 qui
3016 1151 3154 1204 vidit
3183 1169 3286 1220 me,
3319 1153 3461 1207 vidit
3495 1157 3604 1208 Pa-

1946 1245 2085 1291 trem
2107 1238 2171 1291 ³ο.
2218 1239 2410 1306 Atque
2437 1235 2484 1270 ⁴⁰
2511 1241 2576 1290 ut
2620 1237 3105 1308 compendiosius
3159 1240 3375 1309 dicam,
3409 1259 3604 1313 neque

1943 1341 2290 1396 separemus
2322 1341 2517 1396 neque
2572 1325 2988 1381 confusionem
3019 1328 3306 1384 faciamus
3341 1348 3354 1386 :
3406 1348 3604 1402 neque

1941 1415 2207 1471 alienum
2240 1431 2505 1486 unquam
2534 1432 2568 1470 a
2600 1417 2772 1471 Patre
2809 1417 3022 1472 Filium
3082 1418 3303 1474 dixeris
3340 1437 3352 1473 :
3409 1438 3605 1492 neque

1939 1504 2075 1559 illos
2107 1504 2421 1559 admiseris
2455 1505 2557 1574 qui
2590 1504 2816 1572 dicunt,
2870 1507 3103 1560 Patrem
3137 1507 3460 1578 aliquando
3494 1512 3606 1565 Pa-

1941 1600 2093 1649 trem
2129 1611 2279 1661 esse,
2310 1599 2368 1649 et
2411 1593 2736 1665 aliquando
2792 1596 3045 1651 Filium:
3097 1598 3297 1653 aliena
3355 1600 3516 1654 enim
3547 1605 3607 1654 et

1939 1684 2123 1756 impia
2173 1688 2312 1739 sunt
2346 1684 2493 1752 haac,
2553 1701 2674 1739 non
2729 1685 3006 1741 Ecclesia)
3063 1687 3460 1755 documenta;
3497 1690 3602 1744 sed

1940 1774 2093 1828 158
2127 1775 2300 1828 Pater
2323 1773 2522 1844 genito
2547 1773 2693 1828 Filio
2722 1775 3013 1830 remansit
3035 1777 3230 1846 Pater,
3257 1783 3313 1831 et
3336 1795 3454 1832 non
3478 1795 3606 1834 mu-

1938 1868 2095 1919 tatus
2127 1867 2253 1918 est:
2288 1861 2652 1932 Sapientiam
2681 1861 2724 1897 ⁴¹
2779 1865 3003 1935 genuit,
3047 1882 3249 1920 verum
3301 1885 3422 1921 non
3479 1868 3605 1938 ipse

1938 1947 2232 2018 sapientia
2263 1945 2584 2001 destitutus
2637 1952 2728 2000 est
2757 1963 2769 2000 :
2823 1952 2882 2002 et
2929 1949 3207 2004 virtutem
3235 1949 3282 1984 ⁴²
3309 1968 3603 2022 generans

1933 2053 2057 2091 non
2087 2035 2364 2089 inﬁrmus
2396 2035 2598 2088 evasit.
2627 2035 2809 2089 Deum
2841 2052 3135 2107 generans
3168 2055 3276 2092 nec
3310 2039 3435 2108 ipse
3469 2040 3600 2094 dei-

1937 2131 2055 2182 tate
2089 2124 2379 2195 spoliatus
2411 2122 2542 2189 fuit,
2579 2139 2689 2177 nec
2722 2123 3048 2194 quidquam
3091 2125 3217 2196 ipse
3263 2126 3600 2198 deperdidit

1933 2217 2290 2271 imminutus
2323 2213 2414 2268 vel
2465 2218 2726 2269 mutatus
2758 2232 2770 2281 ;
2805 2231 2916 2270 nec
2947 2215 3049 2270 ille
3082 2217 3181 2287 qui
3215 2219 3450 2289 genitus
3483 2226 3594 2287 est,

1934 2305 2200 2395 defectus
2214 2303 2541 2395 quidquam
2564 2303 2777 2395 habet:
2809 2303 3108 2375 perfectus
3138 2308 3594 2395 estquigenuit,

1933 2394 2264 2467 perfectum
2297 2393 2454 2464 quod
2483 2392 2751 2465 genitum
2782 2398 2890 2448 est.
2917 2395 3071 2449 Deus
3094 2401 3183 2450 est
3212 2397 3310 2466 qui
3343 2399 3552 2469 genuit
3580 2392 3593 2452 ξ

1935 2483 2091 2537 Deus
2123 2481 2224 2552 qui
2247 2481 2480 2553 genitus
2504 2485 2628 2545 est;
2653 2481 2922 2534 omnium
2945 2482 3189 2551 quidem
3211 2484 3383 2551 Deus,
3407 2486 3595 2540 Deum

1935 2576 2138 2626 tamen
2168 2585 2364 2637 suum,
2397 2570 2635 2624 Patrem
2655 2569 2962 2625 ascribens
2987 2588 3000 2636 ;
3025 2588 3145 2626 non
3169 2573 3331 2627 enim
3363 2579 3601 2630 veretur

1937 2661 2136 2716 dicere
2173 2675 2185 2714 :
2219 2657 2469 2714 Ascendo
2528 2659 2602 2712 ad
2659 2660 2882 2714 Patrem
2915 2676 3113 2728 meum,
3161 2667 3212 2716 et
3257 2667 3478 2718 Patrem
3507 2681 3601 2718 ve-

1936 2758 2129 2818 strum,
2166 2757 2216 2806 et
2249 2751 2417 2804 Deum
2447 2766 2648 2818 meum,
2671 2755 2722 2805 et
2753 2752 2921 2805 Deum
2949 2758 3187 2806 vestrum
3217 2751 3282 2806 ⁸³.

2012 2841 2156 2896 ΧΙΧ.
2191 2840 2236 2874 ⁴⁴
2265 2839 2379 2894 Sed
2410 2844 2474 2894 ut
2502 2856 2577 2894 ne
2610 2839 2936 2905 existimes,
2968 2840 3139 2896 illum
3169 2841 3379 2896 eodem
3418 2843 3596 2900 modo

1940 2931 2071 2986 Filii
2105 2935 2164 2985 et
2193 2934 2606 2984 creaturarum
2647 2946 2775 2984 esse
2807 2931 3063 2998 Patrem,
3097 2930 3368 2985 distinxit
3410 2932 3471 2986 in
3505 2949 3600 2988 se-

1944 3019 2286 3092 quentibus.
2322 3020 2447 3073 Non
2498 3017 2658 3073 enim
2710 3018 2860 3073 dixit
2893 3036 2904 3073 :
2958 3020 3229 3076 Ascendo
3256 3021 3330 3076 ad
3362 3024 3598 3078 Patrem

1942 3115 2237 3175 nostrum,
2265 3125 2340 3164 ne
2373 3113 2783 3164 creaturarum
2812 3125 2948 3164 cum
2974 3110 3283 3183 unigenito
3329 3128 3602 3167 commu-

1944 3199 2101 3255 nitas
2124 3197 2546 3253 induceretur:
2583 3197 2687 3252 sed
2718 3200 2939 3254 Patrem
2969 3217 3145 3265 meum
3169 3207 3219 3256 et
3239 3203 3463 3257 Patrem
3492 3219 3604 3257 ves-

178 3262 304 3286 “Τ”
351 3262 424 3266 ’“’
488 3262 774 3285 ”’“”νἸ“7Ί
836 3262 997 3280 ’“’””“⁷
1058 3262 1266 3287 *’““ὝΓ“
1329 3262 1429 3284 δ”τ’
1490 3262 1575 3265 ”“’
1621 3262 1828 3286 _""l'"

175 3305 355 3376 ὑμῶν,
415 3303 584 3358 εἶπενο
644 3301 828 3366 ἄλλως
886 3303 1022 3375 ἐμοῦ
1079 3303 1215 3358 κατᾶ
1273 3302 1452 3380 φύσιν,
1511 3303 1601 3358 καὶ
1641 3299 1828 3365 ἄλλως

2024 3305 2112 3354 im,
2146 3286 2264 3352 ait;
2317 3287 2492 3342 aliter
2549 3303 2772 3355 meum,
2834 3289 3165 3346 secundum
3214 3297 3512 3360 naturam,
3546 3298 3606 3347 et

171 3396 329 3467 ὑμῶν
370 3393 512 3467 κατᾶ
567 3391 877 3467 θέσινξλκαὶ
926 3392 1124 3467 ’πάλινο
1157 3393 1324 3467 ,πρὸς
1377 3394 1468 3448 τὸν
1531 3393 1660 3467 Θεόν
1724 3415 1828 3467 μου

168 3463 260 3521 καί
292 3466 428 3522 Θεὸν
463 3466 638 3538 ὑμῶν’
683 3463 866 3528 ἄλλως
921 3464 1078 3538 ἐμοῦ,
1137 3463 1232 3527 ὡς’
1272 3466 1398 3520 Υἲοῦ
1454 3465 1682 3540 γνησίου
1726 3463 1828 3521 ’καὶ

174 3559 536 3629 μονογενοῦς,
591 3554 686 3608 καὶ
732 3552 919 3616 ἄλλως
954 3555 1130 3627 ὑμῶν,
1164 3555 1240 3616 ὡς
1291 3552 1827 3631 δημιουργημάτων.

171 3646 307 3705 Θεὸς
336 3644 514 3698 τοίνυν
540 3643 800 3711 ἀληθινός
843 3643 985 3698 ἐστιν
1014 3645 1041 3698 6
1073 3645 1198 3707 Υἱὸς
1220 3648 1318 3698 τοῦ
1349 3649 1503 3714 Θεοῦ,
1536 3644 1642 3715 πρὸ
1695 3645 1832 3698 πάν-

172 3754 286 3787 των
330 3737 435 3786 τῶν
494 3733 705 3788 αἰώνων
763 3730 1176 3808 ἂνεκδιηγήτως
1227 3733 1526 3807 γεννηθείςι
1559 3732 1832 3795 πολλάκις

174 3822 281 3898 γὰρ
316 3818 542 3894 λέγωτὸ
583 3820 714 3876 αὐτὸ
772 3823 908 3896 πρὸς
973 3823 1136 3895 ὑμᾶς,
1191 3820 1281 3877 τίνοι
1335 3823 1615 3896 ἐντυπωθῇ
1681 3823 1831 3895 ὑμῶν

169 3916 339 3966 τοῦτο
369 3912 439 3982 τῇ
470 3908 703 3982 διανοίᾳ.
739 3910 842 3968 Καὶ
875 3912 958 3966 ὅτι
993 3912 1087 3983 μὲν
1121 3913 1148 3964 6
1181 3913 1310 3973 Θεὸς
1340 3912 1462 3967 Υἱὸν
1497 3910 1636 3988 ἔχει,
1668 3915 1830 3968 τοῦτο

1939 3377 2115 3433 aliter
2143 3381 2426 3443 vestrum,
2459 3377 2790 3432 secundum
2821 3378 3226 3450 adoptionem.
3256 3382 3598 3453 lterumque

1940 3467 2013 3521 ad
2043 3467 2208 3521 Deum
2266 3483 2463 3534 meum,
2497 3472 2548 3520 et
2599 3469 2772 3521 Deum
2818 3475 3096 3534 vestrum;
3149 3470 3324 3525 aliter
3375 3488 3602 3542 meum,

1944 3561 2227 3626 tanquam
2257 3555 2525 3627 germani
2557 3560 2615 3610 et
2663 3556 2954 3628 unigeniti
3013 3558 3144 3628 filii,
3176 3565 3235 3615 et
3263 3561 3438 3615 aliter
3468 3577 3599 3616 ves-

1941 3650 2121 3709 trum,
2183 3649 2469 3714 tanquam
2527 3644 2926 3714 opificiorum.
2989 3647 3144 3702 Deus
3212 3649 3392 3720 igitur
3428 3666 3602 3705 verus

1947 3739 2037 3787 est
2067 3733 2248 3787 Filius
2281 3732 2406 3798 Dei,
2439 3737 2577 3787 ante
2607 3733 2810 3788 omnia
2851 3735 3070 3790 saecula
3120 3737 3607 3793 inenarrabiliter

1944 3823 2210 3896 genitus:
2247 3838 2402 3892 saape
2434 3821 2596 3876 enim
2637 3821 2797 3876 idem
2830 3821 2994 3878 vobis
3040 3824 3366 3896 ingemino,
3399 3832 3464 3881 ut
3493 3827 3607 3881 hoc

1944 3911 2132 3968 menti
2157 3916 2364 3966 vestra)
2382 3911 2762 3982 imprimatur
2774 3910 2843 3966 ⁴⁵.
2868 3913 2936 3967 Et
2957 3914 3115 3984 quod
3130 3914 3372 3986 quidem
3392 3916 3608 3972 Filium

243 4031 288 4065 ³³
330 4032 439 4085 Vid
467 4038 574 4084 cat.
607 4033 661 4099 4,
696 4047 752 4085 n.
785 4031 819 4082 7
849 4037 899 4084 et
920 4046 1042 4101 sup.
1077 4033 1216 4085 11.4.
1278 4029 1326 4064 39
1355 4033 1522 4086 Joan.
1558 4049 1666 4099 xxv,
1701 4035 1752 4086 9.
1805 4031 1828 4065 “

2027 4037 2135 4084 eat.
2166 4031 2218 4097 4,
2245 4046 2305 4083 n.
2339 4032 2369 4082 7
2399 4045 2521 4099 sup.
2556 4045 2615 4084 n.
2654 4031 2718 4082 16
2743 4045 2757 4097 ;
2781 4031 2893 4084 vid.
2919 4037 3027 4086 cat.
3051 4032 3140 4102 16,
3165 4049 3224 4089 n.
3257 4035 3310 4087 4.
3345 4031 3385 4068 ⁴¹
3423 4034 3443 4089 Ι
3473 4037 3603 4090 Cor.

171 4123 210 4171 1,
242 4103 336 4156 2-4.
388 4101 435 4136 ⁸2
467 4103 610 4157 ibid.
671 4104 716 4137 ⁸³
743 4103 908 4158 Joan.
944 4121 1038 4172 xx,
1075 4105 1159 4158 l7.
1191 4103 1239 4137 ⁴⁴
1278 4105 1404 4158 Vid.
1437 4111 1546 4160 cat.
1582 4107 1633 4173 7,
1668 4121 1726 4159 n.
1762 4107 1813 4159 7.

2024 4119 2135 4172 mp.
2171 4119 2230 4156 n.
2265 4102 2348 4155 11.

247 4229 332 4301 (1)
367 4230 474 4279 Τοῦ
509 4227 735 4301 Πατρός.
771 4228 904 4283 Hmc
927 4227 1103 4301 verba
1135 4227 1543 4301 supplevimus
1566 4227 1831 4301 excodd.

178 4299 386 4362 Coisl.,
423 4297 638 4368 Ottob.,
671 4302 811 4364 Roe,
870 4299 1119 4354 Casaub.
1173 4297 1345 4354 Grod.
1409 4301 1556 4354 Loco
1585 4297 1713 4360 τοὺς
1747 4299 1835 4354 λέ-

178 4391 402 4446 γοντας,
436 4370 615 4426 iidem
658 4377 900 4442 excepto
932 4371 1125 4426 Ottob.
1159 4371 1400 4438 habent,
1431 4375 1527 4424 τοῦ
1558 4370 1836 4444 λὲγοντος.

252 4446 332 4514 (2)
376 4444 698 4515 Ἐστερήθη.
759 4443 824 4515 In
858 4443 1013 4515 Acod.
1064 4443 1241 4515 Coisl.
1277 4449 1411 4515 post
1432 4441 1727 4515 ἐστερήθη,
1757 4445 1840 4515 ita

252 4463 332 4514 (Ζ)
394 4463 698 4514 ιστερηυη.
759 4463 824 4498 in
883 4463 1013 4498 coa.
1064 4463 1241 4499 UOISI.
1277 4463 1411 4515 posr.
1439 4463 1836 4516 εστερηθη,ιιᾶ

176 4515 427 4604 legitur:
463 4513 584 4568 οὔτε
640 4534 693 4567 τι
750 4512 912 4575 αὐτὸς
969 4519 1069 4583 τῆς
1118 4513 1378 4583 θεότητος
1429 4512 1716 4589 ἐστερήθη,
1745 4514 1836 4569 καὶ

177 4606 307 4641 ουτε
334 4607 408 4640 τι.

255 4660 330 4728 (3)
361 4658 562 4727 Ύμῶν.
596 4659 661 4713 In
695 4659 827 4722 hoc,
878 4663 936 4714 et
982 4674 1116 4713 mox
1167 4657 1440 4729 sequenti
1497 4659 1650 4729 loco,
1679 4664 1838 4714 recte

178 4729 474 4784 Millesius
507 4731 844 4786 emendavit
866 4731 1190 4801 impressos
1212 4730 1312 4799 qui
1340 4729 1838 4800 ferebaiit,-huaiv.

181 4802 676 4857 Emendationem
713 4803 954 4858 firmant
975 4819 1182 4856 omnes
1209 4801 1338 4856 cod.
1357 4818 1500 4856 mss.
1529 4809 1850 4874 etcompa-

181 4874 336 4928 ratio
360 4874 474 4946 loci
509 4874 778 4946 paralleli
812 4880 926 4929 cat.
963 4877 1013 4941 7,
1049 4892 1106 4928 n.
1142 4878 1192 4929 7.
1230 4877 1378 4946 Ante
1411 4877 1528 4934 τοῖς
1561 4872 1710 4942 ἑξῆς,
1745 4872 1848 4946 po-

185 4946 420 5000 suimus
451 4944 605 5001 ἐπίοι
662 4946 833 5001 codd.
891 4948 1029 5009 Roe,
1070 4945 1318 5001 Casaub.
1356 4951 1414 4999 et
1445 4946 1618 5002 Grod.
1653 4948 1716 5000 In
1747 4944 1850 5001 Ot-

184 5017 312 5071 tob.
351 5024 460 5079 est,
477 5017 662 5077 αὐτοῖς
680 5016 824 5088 ἑξῆς.
852 5019 1032 5071 Porro
1057 5017 1183 5072 haac
1197 5016 1397 5088 Cyrilli
1415 5017 1850 5072 animadversio

184 5090 249 5143 in
276 5089 455 5143 verba
485 5090 724 5153 Christi,
760 5089 918 5160 quod
952 5105 1070 5142 non
1095 5089 1312 5143 dixerit
1332 5091 1550 5144 Patrem
1581 5098 1850 5156 nostrum,

187 5168 241 5214 et
279 5163 448 5215 Deum
478 5170 747 5224 nostrum,
780 5159 884 5214 sed
919 5161 1255 5231 utrobique,
1289 5178 1466 5214 meum
1497 5169 1546 5215 et
1575 5169 1812 5216 vestrum
1839 5177 1850 5214 :

186 5249 330 5287 raro
351 5233 653 5288 invenitur
669 5233 825 5305 apud
854 5233 1085 5286 Graecos
1112 5250 1124 5299 ;
1151 5232 1304 5303 apud
1325 5233 1560 5305 Latinos
1577 5234 1856 5304 frequen-

191 5305 332 5359 tius.
357 5307 509 5360 lnter
532 5304 787 5370 Graecos,
813 5304 1425 5374 DamascenusCyrilli
1443 5304 1639 5360 locum
1664 5306 1856 5360 imita-

192 5384 291 5430 tus
322 5377 554 5432 videtur
585 5377 690 5431 lib.
725 5393 775 5430 IV
811 5379 884 5430 De
914 5375 1019 5444 ﬁde
1049 5376 1292 5439 orthod-,
1327 5393 1453 5447 cap.
1489 5379 1541 5443 8,
1576 5394 1710 5431 cum
1746 5377 1855 5431 hoc

188 5448 563 5514 discrimine,
596 5447 755 5518 quod
777 5447 953 5520 verba
978 5448 1140 5501 Deum
1165 5464 1358 5513 meum,
1387 5454 1453 5520 ut
1473 5465 1681 5502 omnes
1705 5465 1855 5520 pene

186 5521 292 5592 qui
329 5523 486 5576 hunc
511 5521 715 5592 locum
736 5519 1107 5592 edisseruere
1141 5521 1363 5592 Patres,
1393 5519 1462 5592 de
1486 5519 1856 5592 humanitate

181 5590 405 5647 Christi
440 5593 601 5648 dicta
633 5591 812 5656 velit;
859 5607 993 5644 cum
1049 5590 1305 5660 Cyrillus
1334 5590 1511 5644 etiam
1545 5591 1618 5646 ad
1671 5592 1858 5646 subli-

183 5664 438 5720 miorem
475 5671 757 5719 naturam
817 5662 1052 5716 referat.
1097 5668 1178 5716 Ita
1215 5668 1413 5716 autem
1446 5661 1591 5716 dicit
1622 5666 1857 5718 Patrem

187 5736 317 5791 Filii
346 5738 439 5792 sui
475 5738 664 5790 Deum
696 5750 845 5801 esse,
872 5740 936 5787 ut
965 5733 1134 5788 nulla
1165 5733 1458 5788 divinitati
1489 5735 1619 5806 ejus
1652 5737 1756 5791 fiat
1779 5737 1861 5790 in-

525 5866 795 5925 PATROL.
840 5864 954 5922 Gn.
1000 5860 1269 5922 XXXIII.

1940 4227 2125 4298 juria,
2181 4227 2375 4296 sitque
2408 4241 2442 4279 a
2473 4225 2758 4281 creaturis
2812 4228 3088 4284 universa
3140 4247 3202 4284 re
3253 4237 3517 4286 secretus
3550 4237 3610 4287 et

1949 4305 2181 4371 tantum
2207 4299 2360 4352 Deus
2392 4303 2888 4371 verusquantum
2940 4300 3127 4371 ipsius
3160 4304 3350 4358 Pater.
3386 4303 3607 4358 Eodem

1949 4371 2020 4424 de
2045 4370 2219 4424 modo
2239 4374 2481 4424 sanctus
2505 4368 2783 4442 Hilarius,
2811 4370 2910 4424 lib.
2942 4368 2999 4425 i1
3025 4375 3099 4426 De
3132 4375 3286 4430 Trin.
3318 4392 3375 4430 n.
3406 4379 3493 4442 11,
3512 4379 3618 4432 Pa-

1949 4448 2102 4496 trem
2134 4442 2364 4496 ratione
2395 4441 2803 4512 generationis
2854 4443 3040 4498 Deum
3094 4445 3226 4499 Filii
3278 4441 3503 4502 dictum
3537 4449 3620 4502 ait

1949 4515 2110 4568 hunc
2142 4515 2335 4588 ipsum
2369 4512 2567 4588 locum
2601 4513 2993 4584 expendendo
3025 4532 3036 4568 :
3074 4517 3279 4588 sicque
3315 4519 3622 4574 concludit

1951 4603 2010 4640 n.
2037 4589 2134 4639 l2:
2167 4583 2193 4633 ἱ(
2220 4585 2354 4638 Hinc
2386 4584 2466 4638 ita
2497 4583 2906 4640 demonstrata
2958 4593 3119 4655 sunt,
3152 4583 3217 4643 u—t
3239 4595 3298 4644 et
3339 4591 3618 4646 nativitas

1952 4680 1980 4707 «
2007 4659 2191 4710 Deum
2216 4655 2659 4710 substitutionis
2683 4673 2803 4710 sum
2827 4660 3232 4727 conﬁteretur,
3258 4667 3317 4715 et
3339 4661 3618 4715 substitu-

1959 4752 1985 4778 ‹‹
1999 4729 2081 4783 tio
2097 4733 2322 4802 naturze
2342 4727 2782 4802 conscientiam
2795 4744 2913 4802 non
2930 4736 3152 4802 taceret
3169 4748 3180 4784 :
3197 4733 3486 4802 prolitens
3501 4733 3613 4786 sibi

1958 4824 1986 4850 ‹‹
2014 4802 2250 4854 Patrem
2305 4801 2490 4871 Deum
2541 4799 2696 4871 Deus
2727 4800 2908 4854 Filius
2939 4801 3080 4854 dum
3113 4817 3183 4855 ex
3198 4799 3273 4858 eo
3308 4804 3610 4871 nascitur;

1961 4897 1988 4924 «
2019 4878 2300 4926 caeterum
2333 4870 2404 4924 ad
2438 4870 2495 4923 id
2528 4870 2684 4939 quod
2712 4871 2864 4925 Deus
2896 4879 3008 4936 est,
3042 4878 3230 4928 totum
3257 4873 3483 4928 habens
3513 4870 3618 4929 na-

1969 4965 1989 4992 ι
2017 4943 2208 4998 turale
2241 4941 2397 5012 quod
2432 4943 2584 4996 Deus
2612 4957 2624 5007 ;
2659 4947 2716 4995 et
2748 4942 2851 4996 lib.
2888 4959 3047 5005 1v,u.
3083 4947 3148 4996 53
3176 4962 3190 5010 ;
3219 4946 3440 5000 Idcirco
3467 4947 3620 5001 Deus

1965 5039 1993 5067 «
2027 5017 2156 5085 ejus
2189 5021 2296 5080 est,
2333 5012 2503 5085 quia,
2527 5028 2598 5066 ex
2631 5029 2700 5067 eo
2735 5019 2913 5068 natus
2946 5015 3005 5067 in
3039 5015 3225 5070 Deum
3258 5023 3368 5070 est.

2036 5084 2112 5157 (4)
2136 5088 2256 5141 Τῶν
2277 5084 2648 5158 ποιημάτων,
2683 5091 2812 5158 etc.
2851 5086 2911 5158 ln
2946 5086 3122 5158 Coisl,
3158 5089 3282 5142 sic:
3314 5093 3422 5140 τῶν
3457 5107 3623 5157 ποιη-

1968 5154 2151 5228 μάτων
2193 5154 2446 5229 πρὸςτὸνή
2489 5155 2736 5223 Ποιητήν
2792 5155 2906 5229 καὶ.
2941 5154 3245 5229 Μονογενῆ.
3281 5166 3346 5215 In
3394 5162 3513 5215 Roe
3571 5154 3629 5217 et

1965 5227 2477 5302 Casaub.;fusius,
2531 5229 2641 5302 τῷν
2693 5227 3022 5302 ποιημάτων
3056 5227 3194 5302 πρὸς
3226 5230 3318 5283 τὸν
3352 5231 3624 5301 Ιίοιητὴν,

1965 5301 2187 5354 καὶτῶν
2222 5297 2439 5352 δούλων
2493 5298 2630 5369 πρὸς
2683 5298 2773 5350 τὸν
2811 5297 3120 5374 Μονογενῆ,
3155 5325 3182 5352 ‹‹
3217 5297 3630 5360 creaturarum

1967 5397 1996 5424 ‹‹
2031 5377 2494 5449 cum__c_rea_tore,
2559 5375 2617 5424 et
2675 5387 2980 5449 servorum
3036 5391 3170 5428 cum
3230 5377 3560 5449 unigenito.
3601 5396 3629 5426 μ

1969 5449 2144 5501 Recte
2180 5443 2439 5497 Milesius
2473 5457 2543 5495 ex
2589 5441 2761 5499 codd.
2798 5446 2914 5499 Roe
2975 5451 3033 5499 et
3088 5441 3636 5503 Casaubvrestituit

1970 5517 2148 5592 bach),
2179 5520 2316 5592 post
2344 5513 2434 5565 καὶ
2489 5511 2701 5592 Πατέρα
2755 5531 3037 5592 sequens.
3065 5519 3276 5592 APaulo
3302 5527 3455 5592 post,
3497 5527 3636 5576 ante

1968 5584 2156 5647 ἄλλως
2181 5584 2370 5656 ὖμὼν,
2424 5584 2735 5654 posuimus
2791 5584 2880 5639 καί
2937 5605 3007 5643 ex
3053 5589 3255 5656 Coisl.,
3289 5584 3538 5647 Casaub.
3573 5597 3639 5646 ut

1969 5662 2223 5735 habetur
2255 5660 2313 5711 in
2355 5657 2638 5735 membro
2693 5667 2986 5729 sequente
3035 5662 3122 5714 καὶ
3159 5659 3347 5727 ἄλλως
3379 5663 3531 5735 ὖμων
3564 5663 3640 5724 ὡς

1972 5731 2038 5802 δη
2049 5749 2285 5805 μιουργη
2297 5727 2504 5800 μάτων.

3272 5867 3351 5924 23
