3974 6422
313 383 414 451 717
1102 404 1588 469 CANECHESIS
1631 402 1733 466 xv.
1778 401 2133 467 nummo
2175 400 2312 468 DEI
2355 403 2817 484 UNIGENITO,
2867 408 3045 474 ETC.
3670 418 3791 478 ns

323 545 402 621 σκε
429 529 529 587 τὸν
564 535 833 613 Πατέρα.
893 539 1081 616 Ἀρχὴ
1134 540 1238 616 γὰρ
1295 539 1428 595 Υῖοῢ
1487 537 1750 616 ἄχρονος,
1811 540 2005 594 ἀκατά-

2155 541 2350 614 ιὶρὶιιιιι
2384 544 2672 616 temporis
2696 560 2929 618 expers,
2960 545 3596 621 Patrem.Principium
3616 565 3787 608 nam-

336 614 573 693 ληπτος.
599 622 887 704 ἄναρχος,
916 614 1218 703 6
1250 630 1403 705 πηγὴ
1451 614 1573 684 τοῖἱψ
1604 635 1708 699 τῆς
1739 626 2005 685 δικαιοσύ-

2155 649 2266 705 [ue,
2318 634 2450 690 Filii
2511 637 2799 709 temporis
2843 638 3141 708 nescium,
3192 639 3787 712 incomprehensum,

344 734 437 784 νης
461 721 757 791 ποταμοῦ,
787 723 889 774 τοῦ
920 723 1284 794 Μονογενοῢς,
1334 720 1361 774 6
1420 721 1632 788 Πατὴρ,
1693 721 1720 774 6
1763 720 2005 795 γεννήσας

2155 722 2421 795 ιιιὶιιοίρὶο
2481 740 2714 793 carens,
2758 727 2934 781 Pater
2972 732 3063 782 est
3095 745 3108 782 :
3141 728 3276 784 fons
3313 728 3584 785 ﬂuminis
3606 731 3787 802 justi-

356 805 508 862 αὐτὸν
539 808 732 872 καθὼς
767 806 911 864 οἶδεν
959 808 1117 872 αὐτὸς
1158 808 1345 883 μόνος.
1407 808 1513 866 Καὶ
1563 807 1738 871 θέλεις
1793 813 2005 884 γνῶναι.

2155 812 2225 867 iaa
2256 810 2324 873 ‘9.
2351 813 2651 885 Unigeniti
2678 815 2988 884 nimirum,
3024 818 3218 883 Pater,
3241 818 3343 889 qui
3376 818 3573 889 ipsum
3604 836 3783 893 gene-

2124 902 2276 958 ravit
2297 902 2451 958 sicut
2479 904 2642 959 novit
2662 904 2791 975 ipse
2824 905 3013 961 solus.
3036 906 3137 961 Vis
3159 912 3360 962 autem
3393 924 3591 976 nosse,
3626 909 3786 979 quod

2125 990 2306 1047 etiam
2330 998 2590 1048 aeternus
2621 1010 2725 1049 rex
2757 999 2847 1048 est
2893 996 3179 1051 Dominus
3197 1000 3404 1052 noster
3421 998 3592 1052 Jesus
3614 997 3783 1053 Chri-

2126 1086 2251 1137 stus
2270 1080 2505 1153 ‘Iipsum
2525 1098 2732 1138 rursus
2750 1082 2888 1139 audi
2903 1083 3204 1139 dicentem
3225 1101 3239 1139 :
3260 1108 3280 1134 ‹
3304 1085 3605 1142 Abraham
3618 1093 3789 1158 pater

2128 1190 2154 1223 ιι
2172 1176 2366 1226 vester
2386 1171 2703 1228 exsultavit
2721 1178 2788 1228 ut
2814 1171 3037 1228 videret
3065 1173 3224 1228 diem
3254 1189 3456 1229 meum
3481 1191 3493 1227 :
3518 1180 3578 1229 et
3617 1174 3781 1244 vidit,

2121 1283 2149 1311 «
2179 1260 2489 1335 etgavisus
2512 1266 2602 1316 est
2621 1260 2686 1318 ⁵ο.
2722 1282 2750 1311 ››
2772 1262 3020 1326 Deinde,
3037 1279 3174 1317 cum
3196 1263 3255 1317 id
3273 1261 3420 1318 dure
3447 1262 3786 1335 acciperent

2120 1349 2563 1423 Judaei.aliquid
2578 1350 2726 1423 ipsis
2747 1351 2942 1407 adhuc
2955 1351 3162 1407 durius
3184 1351 3329 1408 dicit
3348 1368 3361 1406 ε
3378 1374 3407 1403 ‹‹
3422 1352 3781 1423 Priusquam

2123 1438 2463 1494 «Abraham
2480 1439 2783 1512 ﬁeret,ego
2809 1456 2944 1495 sum
2959 1438 3001 1475 ⁵¹
3013 1482 3025 1493 .
3037 1462 3065 1490 ››
3088 1441 3429 1513 Iterumque
3450 1440 3524 1496 ad
3542 1443 3780 1497 Patrem

2121 1529 2321 1595 dicit,«
2344 1530 2415 1584 Et
2444 1546 2605 1586 nunc
2635 1528 2904 1602 gloriﬁca
2925 1546 3020 1586 me
3050 1530 3336 1599 tu,Pater,
3369 1530 3527 1602 apud
3552 1534 3777 1586 temet-

2122 1641 2149 1668 ‹‹
2171 1619 2389 1691 ipsum,
2407 1619 2595 1690 gloria
2616 1634 2796 1691 quam
2812 1618 3016 1687 habui,
3050 1624 3374 1691 antequam
3392 1620 3653 1675 mundus
3683 1635 3778 1675 es-

2124 1730 2145 1759 ιι
2174 1708 2447 1781 set,apud
2466 1713 2522 1764 te
2534 1708 2640 1763 “.»
2653 1708 2859 1764 Palam
2893 1709 3053 1764 enim
3074 1709 3189 1763 hoc
3212 1707 3363 1763 dixit
3386 1724 3400 1762 :
3423 1708 3779 1779 Priusquam

319 1790 498 1867 εἶχον
528 1792 632 1860 τὴν
666 1791 813 1866 παρᾶ
842 1789 926 1846 σοὶ
959 1788 1139 1862 δόξαν.
1201 1791 1303 1849 Καὶ
1359 1789 1550 1863 πάλιν,
1607 1792 1731 1849 Ὀτι
1786 1792 2005 1867 ἠγάπη-

2155 1796 2379 1852 ιιιιιᾶιιε
2402 1797 2594 1868 ﬂeret,
2655 1814 2760 1871 ego
2805 1796 3103 1852 habebam
3133 1796 3291 1868 apud
3316 1801 3374 1852 te
3404 1796 3677 1869 gloriam.
3710 1799 3782 1852 Et

310 1880 430 1946 σάς
470 1902 544 1954 με
572 1883 683 1954 πρὸ
712 1875 1030 1952 καταϐολῆς
1053 1881 1290 1955 κόσμου,
1341 1881 1541 1958 λέγων,
1576 1886 1760 1962 σαφῶς
1819 1904 2004 1961 φησιν,

2155 1906 2329 1945 ursus
2350 1889 2549 1944 aiens:
2590 1912 2610 1938 ι
2647 1889 2796 1955 Quia
2824 1889 3087 1944 dilexisti
3110 1905 3206 1945 me
3238 1894 3376 1945 ante
3400 1889 3779 1945 constitutio-

301 1973 406 2028 ὅτι
446 1968 638 2027 ἀΐδιον
667 1968 788 2047 ἓχω
815 1972 924 2042 τήν
953 1971 1101 2046 παρᾶ
1130 1971 1216 2028 σοὶ
1246 1969 1421 2045 δόξαν.

2178 1995 2318 2034 nem
2342 1978 2554 2034 mundi
2574 1977 2681 2046 '5',»
2711 1977 3028 2034 manifeste
3059 1977 3242 2033 dicit:
3268 1982 3555 2034 aeternam
3585 1978 3776 2034 habeo

2078 2142 2082 2147 .
2113 2067 2272 2139 apud
2303 2073 2359 2123 te
2389 2067 2665 2141 gloriam.

2182 2157 2314 2213 XXI.
2334 2157 2656 2214 Credamus
2686 2157 2868 2229 igitur
2885 2176 2912 2209 ιι
2931 2156 2993 2211 in
3016 2171 3204 2211 unum
3227 2156 3547 2212 Dominum
3569 2157 3771 2212 Jesum

2109 2247 2443 2305 «Christum
2453 2245 2795 2310 ,FiliumDei
2807 2245 3185 2318 unigenitum
3195 2245 3318 2316 ;qui
3331 2247 3578 2300 exPatre
3592 2251 3772 2300 natus

2112 2341 2245 2393 «est
2262 2338 2414 2392 Deus
2426 2322 2598 2415 verus
2610 2339 2747 2391 ante
2762 2334 2965 2391 omnia
2982 2334 3230 2391 saecula:
3249 2351 3357 2406 per
3368 2350 3546 2405 quem
3558 2334 3764 2391 omnia

362 898 439 953 ὃτι
468 896 560 952 καὶ
591 896 823 960 αἰώνιός
855 899 965 953 ἐστι
1003 894 1259 974 βασιλεὺς
1303 897 1330 951 6
1360 898 1559 972 Κύριος
1599 900 1760 972 ἡμῶν
1794 899 1870 971 (1)
1906 897 2019 967 Ἰη-

349 992 481 1050 σοῦς
514 987 760 1061 Χριστός
797 1007 811 1057 ;
845 986 1008 1045 ἄκουε
1030 987 1194 1043 πάλιν
1229 986 1396 1043 αὐτοῦ
1429 985 1709 1062 λέγοντος·
1769 984 2021 1063 Ἀϐραὰμ

355 1078 386 1132 6
443 1078 635 1152 Πατὴρ
700 1077 851 1151 ὑμῶν
910 1073 1311 1151 ἠγαλλιάσατο,
1362 1075 1450 1131 ἳνα
1508 1070 1596 1150 ἴδῃ
1648 1076 1750 1145 τήν
1808 1073 2019 1151 ἡμέραν

334 1167 442 1237 τὴν
507 1166 674 1241 ἐμήν·
742 1166 831 1221 καὶ
892 1163 1023 1237 εἶδε,
1107 1166 1196 1222 καὶ
1260 1162 1460 1241 ἐχάρη.
1545 1166 1695 1237 Εἶτα,
1755 1163 2016 1241 σκληρῶς

334 1260 514 1311 τοῦτο
544 1251 992 1329 καταδεξαμένων
1023 1258 1131 1310 τῶν
1175 1251 1474 1324 Ἰουδαίων,
1530 1255 1594 1311 τὸ
1651 1254 1881 1318 ἐκείνοις
1937 1248 2015 1309 ἔτι

330 1343 731 1421 σκληρότερον
814 1341 982 1420 λέγει’
1069 1343 1200 1420 Πρίν
1263 1339 1513 1419 Ἀϐραὰμ
1572 1345 1841 1420 γενέσθαι,
1908 1341 2015 1421 ἐγώ

320 1435 481 1508 εἰμι·
549 1440 644 1489 καί
693 1431 861 1490 πάλιν
916 1435 1055 1510 πρὸς
1110 1434 1205 1489 τὸν
1264 1433 1473 1507 Πατέρα
1525 1434 1700 1510 λέγει’
1771 1432 1871 1490 Καὶ
1923 1437 2012 1489 νῦν

319 1522 575 1598 ’δόξασόν
634 1545 701 1597 με
756 1523 844 1594 σὺ.
904 1524 1104 1599 Πάτερ,
1164 1524 1315 1607 ποιεά
1366 1527 1594 1596 σεαυτῄ
1665 1526 1735 1590 τῆ
1790 1520 1919 1599 δόξῃ
1976 1524 2016 1596 ᾗ

315 1613 519 1679 εἶχον,
583 1613 692 1688 πρὸ
751 1616 851 1667 τοῦ
905 1612 999 1668 τὸν
1053 1612 1261 1685 κόσμον
1314 1613 1472 1681 εἶναι,
1546 1612 1693 1689 παρᾶ
1749 1613 1856 1668 σοι’
1917 1634 2014 1667 σα-

318 1704 451 1777 φῶς
484 1700 593 1776 γὰρ
627 1698 865 1774 εἲρηκεν,
899 1698 984 1755 ὅτι
1020 1700 1153 1775 Πρὶν
1185 1700 1279 1755 τὸν
1315 1700 1524 1773 κόσμον
1570 1702 1838 1778 γενέσθαι,
1899 1698 2010 1776 ἐγὼ

395 2153 547 2208 KA‘.
584 2149 933 2225 Πιστεύωμεν
986 2152 1061 2226 (2)
1115 2150 1302 2207 τοίνυν
1361 2150 1438 2217 εἷς
1508 2151 1603 2208 ἓνα
1647 2150 1850 2228 Κύριον
1890 2153 2005 2222 ’ῐη-

299 2244 465 2296 σοῦν
558 2239 815 2317 Χριστὸν,
875 2239 970 2295 τὸν
1018 2240 1144 2295 Υἱὸν
1225 2246 1327 2297 τοῦ
1387 2245 1521 2297 Θεοῦ
1574 2242 1665 2296 τὸν
1711 2241 2000 2316 μονογενῆ

306 2331 421 2385 τὸν
521 2328 586 2384 ἐκ
666 2333 762 2385 τοῦ
849 2329 1060 2406 Πατρὸς
1159 2331 1481 2407 γεννηθέντα
1538 2331 1666 2387 Θεὸν
1742 2329 2001 2402 ἀληθινὸν

311 2421 445 2496 πρὸ
509 2420 729 2475 πάντων
785 2423 894 2475 τῶν
968 2419 1205 2476 αἰώνων·
1266 2418 1336 2476 δι’
1389 2421 1450 2476 οὗ
1528 2421 1596 2477 τὰ
1652 2421 1828 2477 πάντα
1883 2419 2002 2497 ἐγέ-

314 2529 480 2565 νετο·
514 2507 623 2565 εἴτε
653 2511 758 2583 γὰρ
813 2508 1024 2585 θρόνοι,
1086 2506 1194 2567 εἷίεε
1249 2512 1595 2586 κυριότητες,
1645 2508 1752 2566 sifts
1807 2510 2004 2586 ἀρχαὶ,

335 2598 458 2654 εἶτε.
488 2599 742 2670 ἐξουσίαι,
774 2599 841 2654 τὰ
868 2598 1041 2655 πάντα
1086 2596 1156 2655 δι’
1214 2599 1380 2656 αὐτοῦ
1438 2600 1668 2675 ἐγένετο,
1700 2599 1789 2656 καὶ
1843 2598 2001 2655 οὐδὲν

343 2692 460 2743 τῶν
501 2691 778 2763 γεννητῶν
840 2688 1173 2765 ὖπεξῄρηται
1220 2695 1320 2759 τῆς
1372 2688 1612 2761 ἐξουσίας
1669 2688 1852 2744 αὐτοῦ.
1901 2695 2003 2744 Φι-

344 2777 575 2851 μούσθω
606 2785 751 2835 πᾶσα
779 2777 1009 2857 αἵρεσις,
1034 2777 1328 2858 διαφόρους
1374 2781 1608 2852 ποιητὰς
1649 2779 1737 2836 καὶ
1795 2801 2005 2856 κοσμο-

333 2868 541 2934 ποιοὺς
566 2866 876 2945 εἴσάγουσα·
907 2870 1196 2944 φιμούσθω
1228 2869 1447 2949 βλασφη
1459 2875 1634 2945 μοῦσα
1654 2870 1883 2948 γλῶσσα
1910 2869 2003 2927 τᾶν

332 2960 583 3037 Χριστὸν
612 2960 706 3017 τὸν
738 2960 862 3014 Υἱὸν
895 2966 992 3016 τοῦ
1019 2965 1173 3015 Θεοῦο
1235 2962 1626 3039 φιμούσθωσαν
1659 2964 1711 3016 οὶ
1756 2960 2007 3037 λέγοντες

334 3052 433 3106 τὸν
462 3050 623 3119 ἣλιον
656 3050 791 3106 εἶναι
819 3050 912 3106 τὸν
945 3048 1198 3124 Χριστόν·
1233 3049 1399 3121 ἡλίου
1422 3059 1525 3127 γάρ
1559 3049 1669 3106 ἐστι
1733 3046 2007 3126 δημιουρ-

334 3140 459 3215 γὸς,
497 3140 608 3215 οὐχ
637 3137 840 3211 ὁῆλιος
863 3141 890 3195 ὁ
923 3138 1270 3217 φαινόμενος.
1306 3138 1704 3214 Φιμούσθωσαν
1739 3140 1791 3195 οἱ
1823 3134 2010 3215 λέγον-

334 3252 431 3293 τος
469 3228 722 3307 ἆγγὲλων
754 3226 1163 3306 δημιούργημα
1188 3227 1280 3286 τᾶν
1312 3229 1543 3304 κόσμον,
1578 3230 1629 3285 οἱ
1659 3229 1722 3286 τὸ
1752 3233 1849 3285 τοῦ
1882 3230 2000 3285 Μο-

335 3323 603 3395 νογενοῦς
634 3318 849 3393 ἀξίωμα
876 3320 1249 3395 παραρπάζειν
1314 3317 1672 3396 βουλόμενοι.
1724 3317 1849 3374 Εἵτε
1896 3319 2001 3395 γὰρ

338 3408 518 3485 ὁρατὰ
548 3408 657 3463 εἴτε
686 3409 909 3484 ἀόρατα,
966 3408 1074 3465 εἳτε
1133 3408 1316 3484 θρόνοι
1375 3407 1483 3465 εἵτε
1521 3407 1864 3483 κυριότητες,
1897 3405 2004 3463 εἴτε

337 3518 394 3552 τι
456 3495 887 3570 ὀνομαζόμενον,
948 3497 1124 3553 πάντα
1177 3493 1269 3551 διὰ
1321 3501 1418 3552 τοῦ
1475 3499 1709 3573 Χριστοῦ
1759 3495 1999 3573 ἐγένετο.

344 3585 659 3645 Βιασιλεύει
688 3591 801 3643 τῶν
833 3589 923 3643 ὑπ’
952 3586 1118 3643 αὐτοῦ
1147 3606 1351 3659 πεποιη
1363 3587 1682 3661 μὲνων,οὐκ
1702 3587 1998 3662 ἀλλοτρίαν

343 3678 739 3754 αἰχμαλωσίαν
771 3677 1035 3755 ἁρπάσας,
1067 3676 1217 3736 ἀλλὰ
1272 3676 1430 3735 ΐδίων
1482 3677 1996 3754 δημιουργημάτων

353 3767 680 3844 βασιλεύων,
710 3770 892 3834 καθὼς
925 3769 953 3824 6
1010 3768 1401 3846 ECIYY_E)\tO"C'I‘]¢
1458 3770 1677 3844 εἴρηκεν
1711 3769 1995 3840 Ἰωάννης

2112 2448 2137 2481 α
2151 2427 2309 2483 facta
2320 2426 2537 2483 sunt“.
2554 2446 2582 2475 ››
2597 2424 2725 2480 Sive
2743 2424 2905 2479 enim
2925 2423 3148 2491 throni,
3164 2423 3287 2479 sive
3301 2423 3763 2492 dominationes,

2109 2516 2228 2572 sive
2252 2515 2644 2588 principatus,
2679 2514 2797 2569 sive
2815 2518 3163 2585 potestates,
3197 2513 3399 2568 omnia
3418 2529 3526 2584 per
3568 2513 3766 2584 ipsum

2107 2606 2264 2663 facta
2286 2610 2425 2662 sunt
2445 2604 2512 2674 ⁸⁵,
2536 2609 2595 2662 et
2614 2603 2783 2660 nulla
2802 2607 3219 2677 generatarum
3233 2619 3435 2658 rerum
3450 2602 3581 2673 ejus
3602 2607 3770 2673 pote-

2110 2696 2247 2754 stati
2272 2696 2575 2752 subtracta
2631 2698 2738 2750 est.
2774 2693 3157 2749 Obmutescat
3185 2691 3381 2747 omnis
3412 2692 3660 2747 haeresis
3681 2691 3774 2746 di-

2108 2804 2309 2843 versos
2328 2786 2585 2842 factores
2620 2785 2694 2855 (3)
2751 2788 2811 2839 et
2867 2781 3077 2838 mundi
3131 2786 3405 2837 auctores
3454 2781 3771 2837 inducens.

2111 2877 2535 2948 Compescatur
2567 2873 2770 2947 lingua
2799 2871 3099 2928 Christum
3131 2871 3234 2927 Dei
3256 2870 3472 2926 Filium
3488 2870 3769 2942 blasphe-

2112 2965 2250 3021 miis
2282 2964 2640 3031 verberans;
2672 2962 3088 3018 obmutescant
3119 2960 3219 3032 qui
3260 2960 3334 3032 (4)
3390 2960 3576 3016 solem
3637 2976 3767 3015 esse

2113 3055 2415 3111 Christum
2447 3054 2656 3109 dicunt
2688 3073 2702 3119 ;
2735 3051 2879 3108 solis
2912 3050 3072 3106 enim
3104 3055 3196 3107 est
3251 3049 3484 3117 artifex,
3526 3066 3647 3104 non
3681 3048 3771 3105 sol

2113 3145 2223 3201 iste
2258 3144 2639 3216 conspicuus.
2671 3142 3105 3209 Conticescant,
3141 3140 3241 3212 qui
3281 3139 3574 3195 mundum
3602 3139 3772 3194 aiunt

2117 3234 2466 3308 angelorum
2489 3231 2793 3305 opiﬁcium
2816 3248 2835 3286 :
2867 3231 2970 3303 qui
2992 3231 3149 3286 100
3196 3229 3497 3303 Unigeniti
3545 3245 3769 3301 praero-

2115 3324 2367 3398 gativam
2411 3322 2690 3378 invadere
2720 3320 2949 3395 volunt.
3006 3319 3133 3375 Sive
3165 3319 3329 3374 enim
3357 3317 3618 3374 visibilia
3648 3318 3767 3373 sive

2111 3412 2457 3482 invisibilia,
2492 3412 2611 3468 sive
2661 3410 2865 3466 throni
2916 3409 3037 3465 sive
3064 3408 3503 3465 dominationes
3541 3405 3612 3478 ⁵⁸,
3645 3407 3765 3462 sive

2113 3502 2406 3575 quidquid
2428 3518 2649 3557 nomen
2679 3500 2861 3556 habet
2884 3497 3165 3569 57,0mnia
3179 3514 3287 3570 per
3306 3496 3773 3555 Christumfacta

2112 3598 2273 3650 sunt.
2308 3594 2535 3665 Regnat
2563 3591 2747 3647 Filius
2777 3590 2841 3645 in
2872 3606 2970 3645 res
2999 3605 3035 3644 a
3060 3604 3123 3644 se
3151 3586 3338 3643 factas
3365 3604 3377 3642 :
3422 3603 3543 3642 non
3576 3586 3774 3642 aliena

2111 3681 2309 3754 spolia
2333 3680 2597 3752 rapiens,
2626 3678 2732 3735 sed
2752 3677 2997 3750 prapria
3020 3675 3082 3732 in
3112 3692 3297 3748 opera
3324 3692 3576 3748 regnum
3601 3692 3772 3731 exer-

2109 3784 2273 3838 cens,
2304 3768 2461 3824 sicut
2499 3766 2860 3840 evangelista
2905 3767 3163 3821 Joannes
3192 3763 3343 3819 dixit
3374 3782 3388 3820 :
3414 3764 3613 3820 Omnia
3660 3778 3769 3834 per

421 3896 471 3931 ⁴³
493 3898 646 3953 Psal.
678 3914 806 3965 va,
836 3900 889 3952 5.
920 3896 970 3933 ⁵⁸
995 3897 1162 3954 Joan.
1195 3914 1316 3965 vui,
1340 3900 1428 3953 56.
1460 3895 1507 3933 ⁵¹
1540 3896 1683 3954 ibid.
1716 3899 1804 3953 58.
1836 3895 1886 3930 ⁵³
1906 3896 2005 3952 Joa

2155 3911 2241 3963 ιιι,
2273 3896 2327 3948 5.
2357 3894 2404 3930 ⁸³
2461 3892 2605 3948 ibid.
2656 3894 2745 3948 24.
2801 3891 2849 3927 ⁸⁴
2900 3893 3068 3948 Joan.
3098 3907 3139 3959 ι,
3171 3892 3225 3948 3.
3257 3890 3302 3925 ⁵⁸
3349 3889 3575 3947 Coloss.
3607 3905 3650 3957 ι,
3684 3890 3774 3946 16.

345 3967 394 4003 ⁵⁸
422 3968 569 4025 ibid.
601 3970 645 4005 ⁸⁷
674 3970 890 4042 Ephes.
923 3986 964 4038 ι,
996 3972 1085 4024 21.

345 4095 680 4154 excludunt
697 4095 770 4150 ab
800 4095 1173 4151 humanitate
1202 4095 1420 4151 Christi
1447 4095 1859 4153 adorationem
1890 4094 2005 4167 ipsi

346 4169 639 4229 debitam,
667 4184 802 4223 cum
863 4173 976 4223 cat.
1014 4170 1101 4231 12,
1135 4184 1193 4223 ιι.
1248 4168 1338 4234 33,
1370 4168 1605 4225 adorari
1632 4168 1845 4239 jubeat
1870 4184 2007 4223 eum

347 4242 454 4313 qui
486 4256 560 4295 ex
592 4240 827 4313 Virgine
856 4244 1031 4313 natus
1056 4244 1156 4313 est
1191 4243 1294 4306 ;et
1310 4244 1437 4295 tum
1468 4245 1580 4313 cat.
1613 4242 1668 4309 4,
1700 4257 1760 4296 ιι.
1794 4240 1848 4307 3,
1876 4246 2009 4313 tum

343 4311 463 4370 cat.
500 4313 589 4379 13,
623 4311 844 4383 saepius
872 4311 1295 4383 cruciﬁxuma
1324 4316 1448 4366 toto
1480 4311 1622 4367 orbe
1653 4312 1887 4367 adorari
1903 4311 2008 4367 ob—

346 4388 547 4442 servet
578 4400 592 4438 :
628 4382 859 4439 tantum
882 4383 942 4437 in
973 4383 1209 4438 Christo
1240 4382 1676 4440 humanitatem
1730 4383 1919 4439 solam
1951 4387 2011 4439 et

344 4456 575 4513 nudam
609 4455 837 4527 respici
861 4455 1139 4527 prohibet
1166 4453 1445 4527 Cyrillus,
1495 4456 2009 4526 attentionemque

345 4528 651 4602 potiorem
682 4526 755 4583 ad
786 4526 847 4582 id
872 4526 1130 4602 quodin
1186 4526 1421 4602 Christo
1479 4528 1849 4602 praecipuum
1882 4531 2009 4602 _est,

350 4598 412 4657 et
442 4598 604 4655 unde
634 4604 759 4654 tota
818 4614 1001 4654 sacras
1053 4598 1410 4654 humanitati
1469 4598 1748 4671 dignitas,
1803 4598 2011 4655 haberi

346 4672 644 4746 praecipit.
676 4671 742 4727 Id
754 4686 887 4725 cum
903 4687 1011 4746 per
1040 4686 1102 4726 se
1132 4675 1449 4746 patet,tuxn
1476 4688 1547 4727 ex
1566 4671 2013 4743 comparatione

2116 4091 2368 4148 dicendo
2394 4108 2408 4159 ;
2433 4089 2784 4164 quosvariis
2813 4088 2962 4164 locis
2990 4088 3213 4164 refellit
3238 4103 3250 4143 :
3284 4088 3407 4164 sive
3428 4087 3775 4164 mundnm‘a

2115 4158 2403 4236 pluribus
2426 4158 2756 4236 conditum,
2783 4161 2875 4236 vel
2905 4161 3098 4236 simul
3118 4160 3523 4236 operantibus,
3556 4159 3646 4214 vel
3679 4158 3769 4214 di-

2116 4232 2317 4293 versas
2344 4241 2543 4299 partes
2569 4233 2985 4299 condentibus,
3009 4232 3366 4289 afﬁrmando
3394 4249 3406 4299 ;
3430 4248 3569 4287 nam
3594 4248 3663 4286 ea
3675 4248 3774 4287 ve-

2118 4314 2315 4386 t_e_ru_m
2347 4304 2761 4386 Gngsticprum
2781 4305 3079 4386 sententia
3094 4304 3226 4386 fuit.
3257 4304 3525 4386 Secundo
3547 4304 3772 4386 eoanui

2119 4380 2419 4436 Christum
2443 4381 2545 4436 Dei
2569 4379 2785 4434 Filium
2816 4376 3317 4449 blasphemabant
3348 4392 3478 4432 :eos
3506 4375 3773 4449 intelligo

2161 4452 2220 4507 ui
2253 4452 2344 4507 vel
2374 4452 2672 4506 Christum
2702 4446 3002 4522 negabant
3021 4448 3306 4505 creatoris
3354 4448 3533 4522 hujus
3567 4446 3775 4522 mundi

2161 4469 2220 4507 ιιι
2253 4469 2344 4507 vel
2374 4469 2672 4506 unrlsmm
2702 4469 3002 4522 negabant
3021 4469 3306 4505 creatoris
3354 4469 3533 4519 DUJUS
3568 4469 3773 4503 mundi

2117 4469 2355 4590 gilium,
2415 4525 2733 4594 ipsumque
2789 4526 3467 4594 creatorem,ut_omnes
3491 4520 3773 4594 Gnostici,

2120 4596 2402 4661 Marcion,
2439 4591 2586 4663 'etc.,
2618 4591 2846 4649 catech.
2877 4598 2928 4657 7,
2962 4612 3021 4650 ιι.
3055 4595 3107 4660 6,
3167 4592 3259 4647 vel
3292 4593 3393 4662 qui
3432 4607 3566 4663 eum
3591 4591 3774 4663 justis

2119 4667 2465 4723 hominibus
2495 4666 2788 4738 aequalem
2812 4664 3061 4738 aiebant
3079 4668 3191 4720 cat.
3222 4666 3275 4731 7,
3309 4680 3368 4718 ιι.
3403 4666 3456 4731 7,
3476 4662 3575 4738 vel
3596 4662 3777 4738 Maria

349 4732 644 4801 similium
677 4732 1152 4813 sententiarum;
1170 4749 1237 4798 ut
1265 4732 1378 4798 cat.
1414 4745 1467 4811 3,
1498 4760 1560 4799 ιι.
1594 4746 1646 4799 3.
1681 4732 1794 4799 c‘at.
1824 4746 1909 4811 17,
1942 4759 2003 4798 ιι.
2038 4743 2084 4808 D
2118 4740 2522 4810 antiquiorem
2566 4732 3023 4813 'inﬁciabantur
3075 4740 3188 4813 cat.
3240 4738 3330 4813 12,
3364 4751 3424 4813 n.
3470 4734 3504 4787 3
3536 4750 3552 4813 ξ
3587 4732 3677 4787 vel
3708 4733 3774 4788 in

351 4819 447 4879 35,
480 4819 592 4871 cat.
625 4818 716 4881 22,
748 4830 809 4869 ιι.
842 4817 895 4868 6.

426 4889 504 4953 (1)
538 4884 734 4958 Κύριος
775 4886 956 4957 ἡμῶν.
1017 4885 1400 4957 Scripsimus,
1457 4886 1642 4956 ἡμῶν,
1703 4902 1775 4941 ex
1822 4884 2000 4958 codd.

347 4957 548 5017 Ottob.
583 4966 643 5014 et
670 4958 938 5029 Grodecii
960 4958 1251 5020 versione,
1285 4958 1415 5029 ipso
1442 4974 1624 5014 sensu
1640 4957 2001 5029 postulante.

424 5033 502 5101 (2)
535 5028 900 5100 Πιστεύωμεν.
962 5032 1043 5086 Ita
1100 5028 1449 5101 scripsimus
1506 5047 1578 5086 ex
1627 5028 1779 5086 vers.
1831 5029 2008 5085 Grod.

350 5099 512 5159 Editi
544 5118 753 5159 omnes
784 5107 844 5157 et
874 5118 1016 5157 mss.
1076 5099 1424 5171 πιστέύομεν,
1477 5102 1766 5158 credimus.
1827 5101 2010 5157 Paulo

349 5181 511 5248 post,
545 5175 675 5248 loco
704 5173 836 5248 θεὸν
866 5173 1607 5248 ἀληθινόνηυθιιιῃ-υθτιιρηη
1648 5173 1913 5248 habetan
1948 5173 2011 5227 in

351 5242 529 5304 codd.
562 5246 765 5312 Coisl.,
795 5248 937 5313 Roe,
970 5244 1242 5310 Casaub,
1291 5243 1414 5297 Υἱὸν
1471 5242 1755 5313 ἀληθινόν,
1814 5245 2013 5299 Filium

352 5334 570 5376 verum.
600 5321 676 5373 At
704 5317 867 5389 prior
895 5316 1071 5372 lectio
1097 5323 1223 5373 tum
1253 5334 1351 5389 ex
1376 5317 1550 5372 titulo
1609 5317 2011 5389 catecheseos,

354 5397 486 5447 tum
515 5407 586 5446 ex
613 5387 780 5445 num.
816 5390 903 5447 14.
953 5388 1052 5461 ubi
1101 5389 1213 5444 iste
1264 5387 1519 5444 refertur
1563 5388 1825 5461 Symboli
1878 5387 2016 5444 arti-

354 5462 550 5529 culus,
580 5469 636 5517 et
670 5466 794 5516 toto
827 5459 1211 5517 catecheseos
1243 5476 1419 5530 scopo
1454 5467 1513 5517 et
1551 5459 1847 5529 instituto,
1879 5475 2017 5515 vera

356 5533 807 5606 comprobatur.

432 5603 516 5677 (3i
542 5607 796 5661 Diversos
818 5606 1084 5677 factores,
1116 5608 1245 5677 etc.
1265 5603 1477 5677 Multas
1500 5604 1771 5677 hareses
1797 5605 1859 5659 in
1904 5603 2017 5658 hoc

350 5674 700 5736 loco'notat.
733 5676 1000 5732 Primum
1023 5691 1125 5733 eos
1147 5675 1249 5746 qui
1282 5674 1547 5731 diversos
1568 5675 1778 5732 mundi
1815 5680 2018 5732 aucto-

349 5768 447 5807 res
482 5747 854 5806 inducebant
885 5763 898 5801 :
931 5747 1049 5804 sive
1081 5746 1266 5802 alium
1299 5747 1565 5819 corporis
1596 5753 1655 5803 et
1674 5748 1860 5803 alium
1893 5751 2020 5802 ant-

351 5836 491 5891 maa,
525 5820 715 5878 alium
743 5818 899 5879 lucis
922 5818 1427 5891 tenebrarumque
1449 5819 1635 5876 alium
1656 5819 2022 5875 conditorem

2116 4807 2526 4868 creaturarum
2556 4826 2877 4866 numerum
2910 4807 3384 4880 relegabanttaut
3412 4808 3773 4880 contrancum

2118 4886 2291 4939 Patre
2323 4881 2789 4956 confundebant,
2814 4885 2926 4956 cat.
2954 4876 3138 4956 11,jn._
3160 4880 3245 4931 17.
3271 4876 3464 4956 Tertio
3488 4876 3773 4956 quiChri—

2119 4960 2277 5012 stum
2311 4954 2499 5010 solem
2522 4954 2703 5009 istum
2733 4952 3010 5008 aiebant:
3043 4950 3143 5006 isti
3174 4954 3313 5003 sunt
3363 4947 3668 5001 Manichaei
3701 4963 3773 5001 ex

2122 5033 2234 5083 cat.
2270 5029 2322 5094 6,
2356 5043 2414 5081 ιι.
2447 5028 2532 5098 13,
2557 5032 2618 5080 et
2644 5030 2741 5098 cat
2785 5025 2873 5089 15,
2906 5041 2966 5079 ιι.
3004 5025 3055 5078 3.
3091 5023 3481 5098 Quartomeo's.
3513 5018 3614 5088 qui
3655 5034 3770 5098 an-

2121 5098 2283 5171 gelos
2310 5089 2894 5171 mundi—conditores
2925 5093 3284 5171 statuebant.
3309 5089 3773 5171 Ita-‘Sirnon'Ma-

2121 5160 2295 5241 gnus,
2330 5169 2637 5235 Basilides,
2696 5167 2990 5241 Nicolaus,
3019 5162 3362 5241 Menander,
3400 5160 3770 5241 Borboriani,

2122 5233 2460 5305 Cerinthus,
2495 5233 2872 5301 Saturninus.
2907 5233 3773 5310 apostolici,test_e_Ammonio,

2125 5314 2325 5370 Caten.
2359 5315 2417 5368 in
2436 5315 2598 5369 Joan.
2632 5329 2760 5384 cap.
2796 5328 2837 5374 ι,
2872 5312 2901 5365 3
2928 5305 3056 5384 {De
3086 5305 3524 5384 Simgnelﬂago
3548 5312 3778 5384 certum

2126 5402 2197 5441 ex
2229 5388 2477 5450 Irenaeo,
2511 5384 2614 5441 lib.
2647 5401 2685 5453 ι,
2705 5378 2847 5453 ὀδρ.
2880 5383 2970 5447 23,
3004 5398 3064 5436 n.
3099 5383 3171 5453 2;
3216 5378 3646 5453 Deltienandro
3695 5391 3781 5453 ex

2127 5402 2197 5441 ex
2230 5399 2477 5450 Irenaeo,
2511 5399 2614 5441 Ill).
2647 5401 2685 5453 Ι,
2719 5400 2787 5439 ca
2834 5425 2847 5439 .
2881 5399 2970 5447 κύ,
3004 5399 3064 5436 n.
3099 5399 3171 5444 z;
3216 5399 3293 5433 ue
3325 5399 3646 5433 menauuro
3709 5399 3780 5431 ex

2127 5456 2361 5515 eodem.
2384 5456 2551 5520 ibid.,
2586 5473 2646 5511 ιι.
2681 5458 2712 5510 5
2741 5476 2755 5524 ;
2781 5399 2854 5511 ge
2901 5452 3243 5518 Saturnino,
3277 5449 3445 5524 ibid,
3506 5466 3634 5521 cap.
3687 5450 3780 5516 24,

2126 5546 2187 5585 ιι.
2224 5532 2245 5583 1
2286 5548 2300 5596 ;
2334 5528 2406 5584 de
2466 5522 2750 5589 Basilide.
2809 5524 2978 5590 ibid.,
3038 5541 3099 5580 ιι.
3133 5526 3165 5580 8
3198 5526 3257 5579 et
3286 5523 3319 5577 4
3351 5538 3365 5589 ;
3408 5522 3785 5596 Carpocrate,

2126 5616 2257 5672 cap.
2290 5592 2380 5670 25,
2411 5616 2471 5655 ιι.
2504 5602 2527 5656 1
2560 5597 2901 5665 ;Cerintho,
2935 5613 3064 5669 cap.
3089 5599 3247 5664 26,n.
3284 5598 3305 5648 1
3337 5611 3351 5662 ;
3384 5598 3443 5649 et
3467 5592 3789 5665 epriph.,

2127 5673 2340 5729 haeres.
2373 5688 2568 5729 xxvm.
2603 5687 2663 5728 ιι.
2694 5673 2716 5724 1
2744 5688 2758 5729 :
2792 5668 3001 5725 omitto
3043 5668 3212 5725 alios.

2328 5715 2340 5728 ι
2374 5709 2568 5739 ΔΑνιΙιν
2604 5709 2663 5728 ιι.
2698 5709 2716 5724 ι
2744 5712 2758 5736 ς
2792 5709 3001 5725 vuln-vv
3043 5709 3212 5725 ωιινυο

2202 5745 2279 5816 (4)
2312 5742 2642 5814 Manichmi,
2677 5759 2749 5798 ex
2772 5747 2886 5798 cat.
2920 5743 3009 5809 15,
3037 5758 3098 5796 ιι.
3130 5742 3182 5795 3.
