3974 6430
376 444 499 510 ’131

1176 462 1664 525 CATECHESIS
1709 463 1820 526 XI.
1864 461 1968 522 ms
2013 461 2225 522 FILIO
2269 461 2396 524 DEI
2441 463 2894 539 UNIGENITO,
2943 465 3114 526 ETC.

3748 458 3866 526 7i?

389 584 599 646 διωτοῦ
625 595 868 674 Πατέρα
920 598 950 655 6
1007 600 1343 676 Μονογενὴς,
1401 598 1587 677 φησίνο
1649 598 1727 658 Οὐ
1774 596 1994 654 δύναται

2204 600 2321 655 ait:
2354 604 2477 658 Non
2502 609 2688 674 potest
2716 603 2893 659 Filius
2932 605 3117 672 facere
3148 619 3184 658 a
3211 605 3499 673 semetipso
3528 605 3858 675 quidquam,

402 681 534 746 Υἱὸς
565 692 757 741 ποιεῖν
790 687 888 768 ἀφ’
909 689 1105 744 ἑαυτοῦ
1165 686 1345 762 οὐδὲν,
1403 688 1493 745 ἐὰν
1559 692 1635 763 μή
1691 709 1745 744 τι
1809 686 1988 765 βλέτιῃ
2016 690 2092 762 (1)

417 774 510 831 τὸν
570 777 797 854 Πατέρα
878 782 1161 835 ποιοῦντα⁶
1246 777 1279 834 ἄ
1341 777 1443 857 γὰρ
1524 777 1584 834 ἄν
1667 777 1873 841 ἐκεῖνος
1932 780 2090 852 ποιῇ,

430 862 596 923 ταῦτα
622 866 774 923 καῖό
835 869 963 932 Υἱὸς
1019 868 1229 942 ὁμοίως
1287 874 1454 925 ποιεῖ·
1499 868 1589 925 καὶ
1649 868 1838 926 πάλιν·
1900 870 2089 945 Πατήρ

433 977 540 1031 μου
590 954 697 1019 ἓως
758 955 880 1030 ἄρτι
939 957 1244 1034 ἐργάζεται,
1304 960 1460 1035 κάγὼ
1545 959 1872 1035 ἐργάζομαι·
1931 955 2089 1014 οὐδε-

432 1053 557 1121 μιᾶς
586 1042 758 1118 οὔσης
815 1045 870 1103 ἐν
920 1052 1039 1110 τοῖς
1092 1047 1486 1124 ἐργαζομένοις
1543 1047 1948 1119 ἐναντιότητος.
2006 1048 2088 1106 Τὰ

423 1137 527 1212 γὰρ
557 1135 667 1210 ἐμὰ
694 1135 892 1207 πάντα,
924 1135 991 1192 σά
1030 1135 1168 1194 ἐστι’
1220 1137 1318 1199 καὶ
1360 1140 1428 1194 τὰ
1483 1139 1571 1206 σὰ,
1630 1137 1755 1212 ἐμὰ,
1816 1137 1980 1217 φησῖν
2030 1138 2081 1194 ἐν

421 1225 796 1301 Εὖαγγελίοις
843 1226 871 1281 6
930 1225 1155 1302 Κύριος.
1216 1226 1322 1283 Καὶ
1378 1226 1541 1283 τοῦτό
1591 1226 1734 1283 ἐστιν
1790 1226 2083 1303 ἐπιγνῶναι

420 1321 611 1394 σαφῶς
643 1315 703 1372 ἐκ
728 1320 832 1382 τῆς
859 1315 1101 1380 Παλαιᾶς
1138 1316 1229 1373 καὶ
1288 1319 1493 1389 Καινῆς
1534 1320 1830 1389 Διαθήκης.
1863 1320 1925 1377 Ὁ
1978 1320 2081 1395 γὰρ

416 1405 626 1484 λέγων,
715 1409 1045 1480 Ποιήσωμεν
1105 1406 1393 1483 ἃνθρωπον
1451 1410 1569 1465 κατ’
1627 1407 1810 1465 εἷ’κόνα
1880 1410 2082 1483 ἠμετὲ-

411 1517 520 1573 ραν
573 1495 668 1551 καὶ
726 1498 846 1552 καθ’
901 1496 1193 1569 ὁμοίωσιν,
1270 1496 1490 1562 πάντως
1546 1499 1629 1554 ὅτι
1685 1498 1793 1554 τινὶ
1850 1499 2079 1576 παρόντι

410 1583 873 1661 προσδιελέγετο.
929 1582 1243 1665 Σαφέστατα
1300 1583 1359 1642 δὲ
1419 1585 1632 1662 μᾶλλον
1666 1587 1694 1643 6
1753 1584 2080 1661 Ψαλμῳδὸς

416 1675 666 1749 εἴρηκεν·
725 1673 897 1738 Αὐτὸς
965 1676 1100 1747 εἶπε,
1149 1675 1239 1732 καὶ
1325 1675 1682 1753 ἐγενήθησαν·
1763 1678 1925 1741 αὐτὸς
1991 1676 2079 1733 ἐν-

412 1764 696 1835 ετείλατο,
758 1766 849 1821 καὶ
898 1764 1240 1837 ἐκτίσθησαν·
1271 1767 1347 1832 ὡς
1404 1767 1500 1841 μὲν
1549 1772 1646 1822 τοῦ
1703 1768 1912 1843 Πατρὸς
1986 1766 2076 1822 ἐν-

401 1852 766 1927 τελλομένου
812 1853 903 1910 καὶ
962 1851 1241 1930 λέγοντος,
1287 1860 1386 1911 τοῦ
1442 1853 1501 1912 δὲ
1552 1857 1682 1912 Υἱοῦ
1721 1857 1946 1930 νεύματι
1977 1857 2076 1913 αό-

400 1947 517 1998 τοῦ
546 1944 916 2036 (mra-nivea
946 1940 1435 2036 δημιουργοῆντος.
1499 1947 1604 2003 Καὶ
1655 1951 1820 2003 τοῦτο
1877 1969 2070 2021 μυστι-
2104 1970 2154 2036 Β

403 2038 534 2095 κῶς
562 2033 592 2087 6
625 2029 748 2088 Ἰὼϐ
790 2032 996 2110 ἔλεγεν
1048 2035 1105 2089 Ὅ
1159 2034 1390 2098 τανύσας
1444 2037 1536 2092 τὸν
1595 2036 1822 2112 οὐρανὸν
1887 2038 2073 2111 μόνος,

403 2122 515 2176 καὶ
601 2127 915 2196 περιπατῶν
989 2123 1063 2186 ὡς
1141 2123 1225 2178 ἐπ’
1283 2121 1516 2201 ἐδάφους
1601 2124 1691 2181 ἐπὶ
1773 2125 2071 2197 θαλάσσης·

404 2208 610 2282 δηλῶν
640 2217 759 2275 τοῖς
788 2215 1029 2282 νοοῦσιν,
1053 2213 1137 2269 ὅτι
1163 2214 1190 2268 6
1220 2210 1311 2269 διὰ
1366 2222 1466 2285 τῆς
1511 2216 1812 2290 παρουσίας
1843 2238 2073 2292 περιπα-

402 2306 530 2357 τῶν
563 2300 653 2355 ἐπὶ
683 2308 783 2372 τῆς
809 2299 1111 2373 θαλάσσης,
1166 2302 1326 2366 οὗτος
1374 2306 1442 2373 ἦν
1499 2305 1528 2360 6
1576 2305 1684 2381 πρὸ
1710 2305 1908 2362 τούτου
1963 2312 2070 2363 τῶν

403 2391 672 2466 οὐρανῶν
702 2393 966 2463 ποιητής.
1000 2392 1104 2450 Καὶ
1134 2391 1301 2448 πάλιν
1335 2393 1363 2447 6
1397 2392 1594 2468 Κύριός
1624 2397 1702 2469 (3)
1760 2415 1948 2473 φησιν·
1997 2398 2071 2453 ’Ἠ

405 2478 482 2535 σὺ
512 2474 701 2535 λαϐὼν
729 2487 833 2556 γῆν
892 2479 1099 2552 πηλὸν,
1158 2480 1401 2546 ἔπλασας
1462 2487 1627 2554 ζῶον,
1680 2484 1771 2539 καὶ
1826 2484 2069 2557 λαλητὸν

416 2568 580 2625 αὐτὸν
635 2564 763 2633 ἔθου
818 2568 905 2625 ἐπὶ
953 2577 1054 2641 τῆς
1110 2578 1265 2647 γῆς;
1326 2572 1439 2628 εἶτα
1495 2572 1642 2643 ἑξῆς·
1729 2574 2068 2651 Ἀνοίγονται

427 2654 489 2713 ὂέ
532 2679 613 2713 σοι
670 2654 830 2738 φόϐῳ
903 2658 1074 2716 πύλαι
1156 2661 1406 2731 θανάτου,
1473 2662 1725 2737 πυλωροὶ
1810 2663 1868 2720 δὲ
1934 2665 2068 2737 ᾅδου

423 2744 627 2810 ἰδόντες
661 2769 721 2803 σε
750 2747 983 2821 ἔπτηξαν
1019 2776 1034 2820 ς
1067 2747 1282 2821 δηλῶν,
1327 2749 1413 2807 δτι
1445 2751 1473 2807 6
1524 2752 1600 2817 είς
1630 2750 1765 2824 ᾅδου
1785 2753 2065 2821 κατελθὼν

409 2834 502 2890 διὰ
530 2834 970 2915 φιλανθρωπίαν,
1020 2838 1177 2902 οὗτος
1237 2839 1289 2911 ἐξ
1342 2841 1525 2917 ἀρχῆς
1572 2841 1631 2897 ἐκ
1686 2848 1875 2913 πηλοῦ
1930 2865 2064 2900 κατ-

404 2925 664 2982 εσκεύασε
691 2927 783 2982 τὸν
815 2924 1099 3003 ἄνθρωπον
1111 2971 1124 2985 .

485 3016 1053 3073 ΚΔ“.Ἔστιτοίνυνό
1110 3018 1367 3092 Χριστὸς,
1422 3019 1451 3075 ό
1509 3022 1635 3084 Υἱὸς
1693 3027 1792 3078 τοῦ
1839 3029 1973 3080 Θεοῦ
2033 3027 2060 3080 6

410 3107 721 3181 μονογενὴς
749 3106 838 3162 καὶ
894 3111 994 3162 τοῦ
1050 3108 1264 3182 κόσμου
1321 3113 1584 3183 ποιητής,
1646 3113 1732 3167 Ἐν
1793 3115 1897 3189 γὰρ
1980 3119 2060 3188 τῷ

397 3194 607 3269 κόσμῳ
645 3198 735 3265 ἧν,
795 3196 885 3252 καὶ
943 3196 971 3251 6
1051 3196 1259 3271 κόσμος
1316 3194 1388 3254 δι’
1446 3199 1609 3255 αὐτοῦ
1667 3200 1894 3277 ἐγένετω
1945 3204 2056 3275 καὶ,

398 3282 481 3346 εἷς
506 3286 576 3339 τὰ
599 3281 713 3340 ’ἰδια
762 3284 920 3357 ἦλθε,
975 3287 1154 3349 καθὼς
1210 3289 1360 3361 ἡμᾶς
1407 3285 1648 3347 διδάσκει
1701 3293 1766 3349 τὸ
1815 3293 2053 3370 Εὐαγγὲ-

397 3373 549 3429 λιον.
581 3373 659 3432 Οὐ
689 3370 854 3449 μόνον
888 3373 946 3432 δὲ
974 3380 1081 3432 τῶν
1115 3379 1483 3451 φαινομένων,
1513 3379 1661 3437 ἀλλὰ
1697 3382 1789 3438 καὶ
1828 3388 1937 3439 τῶν
1973 3387 2050 3459 μὴ

402 3464 751 3543 φαινομένων
797 3465 1024 3541 νεύματι
1082 3468 1289 3542 Πατρὸς
1347 3473 1587 3543 ποιητής
1640 3472 1782 3528 ἐστιν
1843 3473 1871 3530 6
1928 3479 2058 3551 Χρι-

404 3551 556 3614 στός.
619 3554 705 3610 Ἑν
767 3553 916 3626 αὖτῷ
992 3557 1071 3627 (4)
1128 3558 1230 3632 γὰρ
1279 3555 1497 3629 ἐκτίσθη
1553 3561 1622 3615 τὰ
1676 3562 1868 3633 πάντα,
1920 3566 2057 3619 κατὰ

404 3642 503 3697 τὸν
560 3640 922 3713 ’Δπόστολον,
968 3644 1038 3700 τὰ
1084 3643 1143 3700 ἐν
1210 3650 1326 3709 τοῖς
1384 3647 1638 3723 οὐρανοῖς
1692 3652 1782 3706 καὶ
1844 3655 1912 3709 τὰ
1968 3654 2055 3709 ἐπὶ

408 3738 510 3802 τῆς
561 3739 684 3807 γῆς,
744 3734 811 3789 τὰ
893 3734 1062 3810 ὀρατᾶ
1111 3734 1204 3791 καὶ
1258 3736 1327 3791 τὰ
1381 3738 1605 3812 ἀόρατα·
1667 3738 1775 3797 ε’ίτε
1848 3744 2055 3818 θρόνοι,

415 3818 517 3876 ι’ίτε
577 3822 921 3894 κυριότητες’
1006 3824 1117 3879 εἴτε
1220 3824 1415 3901 ἀρχαὶ,
1475 3825 1581 3883 εἴτε
1660 3829 1915 3904 ἐξουσίαν
1992 3834 2059 3889 τὰ

404 3911 579 3966 πάντα
634 3909 707 3966 δι’
778 3911 966 3983 αὐτοῦ,
1025 3914 1113 3968 καὶ
1175 3913 1252 3977 εἰς
1283 3914 1445 3971 αὐτὸν
1504 3912 1763 3975 ἔκτισται·
1813 3922 1903 3977 καὶ
1959 3923 2054 3979 αό-

392 3996 490 4062 τός
551 4000 661 4056 ἐστι
714 4001 822 4077 πρὸ
880 4004 1124 4072 πάντων,
1207 4002 1299 4059 καί
1380 4006 1447 4060 τὰ
1529 4010 1706 4065 πάντα
1789 4010 1842 4067 ἐν
1911 4013 2057 4087 αὐτῷ

393 4093 715 4163 συνέστηκε.
750 4087 859 4146 Κᾶν
892 4089 1021 4154 τοὺς
1050 4091 1255 4156 αἰῶνας
1313 4093 1514 4160 αὖτοὺς
1561 4097 1742 4176 εἳπῃς,
1799 4103 1891 4158 καὶ
1937 4104 2060 4159 τού-

2203 691 2316 747 nisi
2344 693 2482 763 quid
2507 692 2713 748 viderit
2742 694 2964 748 Patrem
3001 696 3316 762 facientem.
3353 695 3481 758 Quae
3536 697 3678 748 enim
3701 696 3848 750 161

2202 781 2298 837 ille
2326 784 2542 851 fecerit,
2575 783 2687 838 haec
2714 789 2768 838 et
2799 783 2974 838 Filius
3001 783 3261 839 similiter
3290 783 3433 852 facit
3491 781 3558 838 ⁸ο.
3616 786 3683 838 Et
3732 786 3850 839 ite-

2200 888 2335 926 rum
2357 889 2377 927 :
2406 874 2576 927 Pater
2603 888 2752 928 meus
2780 889 2951 944 usque
2996 873 3157 927 modo
3188 880 3472 942 operatur,
3506 879 3557 927 et
3586 890 3685 943 ego
3717 891 3846 945 ope-

2196 977 2294 1016 ror
2316 961 2361 999 ⁸1
2399 978 2413 1029 ;
2446 961 2612 1017 nulla
2643 978 2886 1033 prorsus
2918 962 2980 1016 in
3002 961 3095 1017 his
3128 962 3228 1032 qui
3252 968 3579 1033 operantur
3610 970 3850 1019 contra-

2194 1050 2426 1106 rietate.
2451 1052 2575 1106 Mea
2604 1052 2766 1106 enim
2796 1051 2985 1107 omnia
3013 1057 3109 1107 tua
3137 1058 3284 1118 sunt,
3320 1058 3370 1106 et
3425 1058 3521 1107 tua
3574 1070 3715 1122 mea,
3768 1054 3849 1109 ait

2195 1139 2259 1195 in
2279 1139 2615 1213 Evangeliis
2644 1141 2934 1196 Dominus
2953 1139 3021 1194 ⁸2.
3056 1140 3222 1206 Quod
3253 1140 3499 1212 quidem
3529 1148 3732 1213 aperte
3757 1161 3849 1198 co-

2192 1246 2480 1303 gnoscere
2511 1230 2670 1296 licet,
2706 1235 2826 1286 tam
2858 1247 2928 1285 ex
2968 1230 3160 1287 Veteri
3197 1246 3377 1298 quam
3435 1247 3504 1285 ex
3562 1248 3710 1286 novo
3742 1234 3849 1287 Te—

2194 1323 2511 1375 stamento.
2541 1319 2651 1384 Qui
2681 1319 2842 1375 enim
2874 1319 3018 1375 dicit
3050 1337 3063 1375 :
3124 1322 3412 1374 Faciamus
3442 1320 3715 1375 hominem
3775 1322 3849 1375 ad

2190 1410 2489 1478 imaginem
2515 1414 2761 1464 nostram
2785 1415 2839 1464 et
2890 1409 2966 1464 ad
3020 1410 3441 1465 similitudinem
3465 1409 3509 1443 ⁸³
3543 1426 3556 1476 ς
3599 1410 3843 1464 omnino

2188 1505 2549 1572 prmsentem
2601 1500 2864 1571 aliquem
2920 1499 3356 1571 alloquebatur.
3399 1501 3678 1555 Omnium
3708 1518 3843 1555 vero

2189 1589 2567 1661 apertissime
2599 1588 2994 1645 Psalmidicus
3026 1589 3109 1643 ait
3136 1606 3149 1643 :
3180 1590 3301 1659 Ipse
3351 1589 3518 1655 dixit,
3580 1596 3631 1642 et
3687 1592 3843 1657 facta

2187 1685 2312 1735 sunt
2343 1696 2362 1734 :
2390 1680 2508 1749 ipse
2554 1679 2861 1742 mandavit,
2895 1684 2946 1732 et
3006 1682 3193 1732 creata
3246 1684 3375 1732 sunt
3399 1677 3489 1742 e3;
3552 1683 3838 1748 tanquam

2186 1772 2363 1826 Pater
2392 1770 2636 1841 quidem
2667 1768 2992 1825 mandante
3011 1773 3070 1823 et
3090 1767 3344 1834 dicente,
3369 1768 3514 1822 Filio
3532 1784 3666 1822 vero
3688 1774 3840 1823 nutu

2186 1860 2317 1930 ejus
2349 1860 2552 1915 omnia
2580 1858 2898 1914 efﬁciente.
2932 1856 3100 1924 Quod
3132 1857 3311 1912 etiam
3333 1856 3437 1912 Job
3470 1858 3716 1929 mystice
3749 1857 3840 1910 di-

2184 1950 2317 2004 xit:
2351 1951 2456 2014 Qui
2491 1949 2740 2004 extendit
2796 1948 2994 2005 caelum
3049 1947 3213 2011 solus,
3273 1953 3324 2000 et
3373 1946 3620 2000 ambulat
3676 1962 3841 2015 super

2180 2043 2328 2096 mari
2357 2048 2621 2111 tanquam
2650 2056 2815 2110 super
2851 2039 2963 2094 solo
2991 2036 3039 2072 ⁸⁸
3072 2055 3085 2104 ;
3118 2037 3595 2109 intelligentibus
3656 2038 3839 2108 signi-

2182 2131 2391 2197 ﬁcans,
2427 2129 2586 2202 quod
2618 2130 2718 2200 qui
2762 2128 2905 2183 dum
2964 2128 3061 2182 hic
3118 2132 3460 2182 versaretur
3517 2126 3842 2181 ambulavit

2182 2236 2363 2291 super
2393 2218 2564 2284 mari,
2591 2218 2641 2272 is
2674 2223 2799 2273 erat
2821 2217 2922 2288 qui
2954 2216 3134 2271 cmlos
3166 2221 3342 2270 antea
3368 2214 3736 2269 condiderat.
3772 2218 3840 2268 Et

2178 2326 2389 2366 rursus
2418 2308 2706 2364 Dominus
2737 2307 2821 2362 ait
2852 2323 2864 2360 :
2891 2307 3006 2361 Aut
3033 2313 3095 2361 tu
3122 2321 3340 2360 sumens
3393 2311 3598 2358 terram
3636 2304 3833 2372 lutum,

2176 2401 2392 2470 ﬁnxisti
2420 2401 2785 2464 animantem,
2818 2402 2871 2451 et
2911 2395 3170 2465 loquendi
3226 2397 3282 2449 vi
3328 2392 3634 2463 praeditum
3691 2394 3837 2448 illud

2169 2490 2410 2561 posuisti
2436 2504 2602 2558 super
2632 2492 2840 2541 terram
2860 2483 2906 2519 56
2926 2484 3183 2539 ?deinde
3208 2485 3268 2537 in
3292 2482 3826 2552 consequentibus:

2176 2581 2526 2650 Aperiantur
2553 2593 2682 2632 vero
2712 2575 2815 2630 tibi
2835 2590 2957 2645 prae
2989 2576 3183 2628 timore
3205 2579 3383 2643 portw
3434 2575 3647 2637 mortis,
3670 2574 3827 2641 jani-

2176 2676 2428 2739 toresque
2456 2669 2668 2736 inferni
2686 2665 2931 2720 videntes
2961 2670 3011 2718 te
3050 2665 3351 2717 timuerunt
3380 2663 3423 2696 ⁸⁷
3450 2661 3477 2716 ?
3507 2661 3827 2716 Declarans

2173 2759 2461 2814 nimirum
2493 2772 2631 2811 eum
2664 2755 2764 2826 qui
2796 2755 2855 2809 in
2886 2752 3187 2809 infernum
3210 2758 3452 2823 prepter
3469 2767 3635 2806 suam
3666 2751 3830 2805 boni-

2173 2854 2357 2904 tatem
2387 2845 2719 2911 descendit,
2753 2844 2950 2916 ipsum
2982 2858 3111 2898 esse
3147 2843 3246 2913 qui
3275 2841 3347 2896 ab
3380 2841 3549 2895 initio
3596 2858 3669 2895 ex
3701 2840 3824 2895 luto

2170 2937 2478 2993 hominem
2520 2934 2872 2991 construxit.

2242 3027 2436 3082 XXIV.
2465 3026 2570 3080 Est
2598 3024 2778 3097 igitur
2800 3022 3091 3087 Christus,
3123 3020 3307 3076 Filius
3339 3019 3441 3075 Dei
3479 3019 3825 3091 unigenitus

2170 3123 2229 3173 et
2257 3114 2466 3172 mundi
2498 3115 2767 3169 eﬂ'ector.
2805 3113 2871 3166 In
2902 3110 3106 3167 mundo
3137 3110 3297 3164 enim
3330 3115 3473 3173 erat,
3505 3115 3556 3162 et
3586 3110 3823 3164 mundus

2163 3225 2266 3280 per
2288 3210 2470 3277 ipsum
2494 3207 2679 3274 factus
2710 3210 2787 3259 est
2817 3201 2886 3257 ‘3.
2920 3204 3010 3269 Et,
3044 3200 3105 3255 in
3128 3202 3366 3271 propria
3392 3202 3541 3255 venit
3579 3198 3648 3265 69,
3675 3201 3827 3254 sicut

2167 3313 2279 3353 nos
2310 3295 2484 3351 docet
2510 3292 3047 3366 Evangelium.Non
3077 3297 3278 3346 autem
3311 3306 3517 3344 eorum
3534 3308 3663 3360 quae
3683 3306 3826 3343 con-

2167 3340 2279 3353 ..νυ
2311 3340 2484 3351 “es-
2512 3340 3047 3366 _..._o---_-..--.--_
3080 3340 3278 3346 ﬁ---“
3316 3340 3401 3344 _-_
3425 3340 3517 3344 ᾖ---
3539 3340 3660 3360 τ.--

2084 3340 2131 3412 c
2171 3384 2505 3457 spiciuntur
2525 3381 2743 3449 solum,
2768 3379 2873 3435 sed
2904 3384 2963 3434 et
2993 3396 3199 3434 eorum
3233 3395 3365 3450 quae
3397 3396 3517 3433 non
3549 3378 3824 3433 videntur

2165 3483 2317 3533 nutu
2346 3473 2540 3530 Patris
2568 3472 2758 3527 factor
2778 3475 2869 3526 est
2896 3469 3164 3524 Christus
3224 3470 3321 3540 (5).
3380 3471 3445 3523 In
3494 3472 3612 3539 ipso
3662 3469 3819 3524 enim

2167 3572 2354 3621 creata
2402 3568 2530 3619 sunt
2562 3562 2766 3627 omnia,
2809 3559 2983 3631 juxta
3010 3558 3383 3628 Apostolum,
3434 3576 3557 3629 quae
3602 3567 3727 3614 sunt
3757 3562 3816 3614 in

2166 3658 2313 3713 catis
2338 3662 2534 3724 etquae
2560 3666 2727 3721 super
2780 3656 3008 3711 terram,
3058 3647 3305 3702 visibilia
3360 3655 3410 3702 et
3465 3648 3816 3713 invisibilia;

2146 3754 2280 3805 'sive
2311 3741 2499 3799 throni
2528 3743 2641 3796 sive
2669 3739 3086 3801 dominationes,
3131 3738 3241 3791 sive
3298 3739 3652 3806 principatus
3708 3740 3819 3792 sive

2159 3840 2478 3909 potestates,
2533 3832 2719 3886 omnia
2769 3844 2876 3899 per
2926 3828 3106 3897 ipsum
3158 3832 3209 3879 et
3280 3828 3341 3879 in
3398 3829 3580 3896 ipsum
3632 3835 3821 3882 creata

2165 3932 2313 3983 sunt.
2350 3925 2413 3978 Et
2441 3924 2560 3992 ipse
2584 3925 2662 3974 est
2693 3924 2820 3972 ante
2868 3931 3074 3977 omnes.
3131 3921 3183 3969 et
3234 3917 3422 3968 omnia
3460 3918 3517 3968 in
3547 3917 3666 3985 ipso
3696 3933 3823 3971 con-

2167 4022 2319 4073 stant
2337 4012 2405 4068 τθ.
2437 4012 2627 4066 Etiam
2662 4009 2709 4063 si
2742 4006 2873 4078 ipsa
2897 4005 3119 4060 dixeris
3151 4004 3389 4071 saecula,
3423 4004 3638 4059 horum
3662 4023 3818 4075 quo—

2171 4123 2308 4179 que,
2341 4108 2492 4158 nutu
2521 4098 2735 4166 Patris,
2767 4096 2957 4153 factor
2987 4101 3077 4150 est
3104 4096 3273 4149 Jesus
3305 4095 3593 4149 Christus.
3631 4098 3823 4151 Novis-

463 4221 706 4304 staloan'.
740 4221 984 4304 1119;“:
1020 4220 1164 4277 ibid.
1204 4221 1287 4304 ιλ
1321 4221 1560 4304 5:19am
1594 4245 1734 4304 xm,
1768 4231 1933 4304 10.7”
1965 4234 2041 4289 Ge

2209 4235 2299 4288 26.
2324 4229 2374 4266 ⁶⁴
2399 4227 2556 4285 Psal.
2585 4240 2777 4295 omn,
2807 4227 2858 4279 ὅ.
2892 4222 2941 4257 ⁸⁵
2967 4221 3094 4278 Job.
3128 4238 3204 4289 1x,
3238 4223 3292 4276 8.
3325 4222 3370 4257 ⁸⁸
3401 4221 3528 4277 Job.
3589 4240 3820 4291 xxxvm,

388 4294 478 4349 M.
500 4291 550 4329 ⁸⁷
574 4292 718 4347 ibid.
752 4293 839 4347 17.
871 4290 915 4327 ⁸⁸
943 4292 1111 4349 Joan.
1144 4310 1183 4359 ι,
1222 4297 1311 4349 10.
1344 4294 1393 4332 ⁸⁸
1417 4297 1563 4353 ibid.
1599 4302 1685 4356 11.
1713 4290 1759 4345 ’⁷ο
1779 4303 2004 4362 Coloss.
2036 4321 2045 4361 1

2200 4309 2314 4368 >1⁸7.

387 4444 499 4521 est.
526 4436 983 4521 .LO‘COHXPILOTOF,
1007 4436 1191 4492 iidem
1274 4439 1447 4496 codd.
1511 4443 1760 4514 habent,
1818 4447 2131 4521 Κυρίου.])

386 4509 564 4570 Grod.
601 4507 971 4581 ἱρείη-θεοῦ.

460 4585 535 4649 (1)
571 4574 757 4647 Μήντι
790 4574 988 4653 βλέπῃ.
1024 4579 1195 4653 _Editi
1252 4601 1357 4642 τις.
1420 4586 1882 4648 Emendavimus
1972 4609 2045 4648 ex

286 4700 289 4703 γ
388 4651 1375 4742 Cpisl.._hoeiACasaubhlnnotis
1418 4660 1700 4742 supponit
1757 4663 2048 4742 _Millesius

339 4755 346 4759 -
396 4726 457 4781 id
489 4741 551 4780 se
584 4722 956 4791 emendasse,
1018 4724 1212 4780 adhuc
1272 4722 1593 4785 tamen‘in
1651 4738 1813 4789 textu
1862 4742 2054 4791 reten-

397 4804 549 4864 tum,
579 4815 683 4854 τις.

462 4869 538 4941 (2)
565 4865 810 4941 Νεξίιματι
836 4864 1125 4941 aii-comm
1157 4867 1330 4941 codd.
1366 4871 1569 4941 Coisl.,
1622 4876 1765 4941 Roe,
1797 4879 2048 4936 Casaub.

392 4938 612 4997 desunt
641 4940 735 4994 has
774 4955 968 4994 voces.
1003 4940 1116 4994 Nos
1174 4938 1347 4995 αὐτοῦ
1404 4938 1760 5004 addidimus
1808 4966 1878 5005 ex
1924 4952 2052 5007 sola

393 5029 548 5069 vers.
592 5010 769 5067 Grod.
803 5027 938 5066 cum
970 5011 1030 5065 in
1064 5011 1241 5068 editis
1273 5020 1332 5069 et
1379 5031 1518 5072 mss.
1554 5017 1727 5077 desit.

464 5085 541 5155 (3)
565 5082 671 5139 Καὶ
704 5078 935 5155 natiue
962 5079 1098 5155 Εᾷρ.
1158 5086 1279 5140 Roe
1338 5092 1396 5141 et
1450 5090 1724 5149 Casaub..
1789 5091 1886 5148 Καὶ
1945 5092 2047 5147 πά-

394 5150 482 5234 λιν
512 5150 648 5234 πρὸς
676 5151 835 5207 αὐτὸν
851 5151 900 5234 _6
959 5150 1182 5234 Κόρμος·
1236 5159 1327 5234 Et_
1357 5175 1547 5234 rursus
1597 5164 1671 5217 ad
1717 5167 1901 5234 ipsum
1943 5168 2050 5221 Do-

392 5223 591 5304 minus.
630 5228 908 5304 _choyﬁy
941 5223 1331 5304 ap}_65_y._quod
1364 5229 1581 5304 legitur
1636 5234 1700 5289 in
1734 5223 1930 5291 'editis
1991 5243 2048 5293 et

392 5299 520 5375 cod.
548 5299 751 5375 Cojsly
778 5297 1120 5375 juxta‘LXX
1150 5297 1741 5375 Rpmanaaveditionis
1765 5327 1776 5375 ;
1796 5308 2050 5364 habetur

394 5370 460 5448 in_
489 5369 657 5427 codd.
688 5369 916 5448 (_)tt_obL1
944 5370 1062 5448 Roe
1094 5371 1454 5448 et_C_asaub.,
1484 5381 1588 5448 γῆς
1618 5369 1822 5446 πηλόν,
1889 5386 1953 5435 ut
1983 5381 2045 5435 in

394 5443 488 5524 ed:
517 5441 762 5524 μοῐρρι..
780 5441 921 5497 LXX
948 5458 967 5524 ;_
994 5446 1056 5524 at
1085 5441 1515 5524 editio‘Aldina
1543 5441 1742 5506 habet
1773 5441 1889 5524 ani)
1944 5458 2047 5524 γῆς

385 5512 805 5594 π-ηλόν.-Ρίιῑιιο
840 5517 997 5594 past,
1028 5512 1318 5594 lpco‘xz‘L
1342 5515 1409 5571 τὰ
1460 5517 1609 5594 ἑξῆς,
1667 5512 2042 5594 scripsimus,

386 5582 682 5663 sitgégjc,
716 5582 991 5663 ex_c’odd.
1033 5584 1251 5663 Ottob.,
1281 5588 1423 5663 R_oe,
1475 5582 1747 5663 casaub.,
1791 5582 1968 5651 Coisl.

460 5654 645 5735 (Ιηᾞν
680 5654 848 5735 adtigi.
884 5658 979 5735 Ita
1017 5654 1465 5735 emendavimus
1516 5679 1584 5719 ex
1637 5654 1841 5735 Coi'sl.,
1899 5668 2041 5733 Roe,

391 5728 647 5858 agant
681 5732 742 5783 et
767 5743 932 5783 sacro
965 5732 1126 5783 textu
1163 5745 1177 5795 ;
1210 5745 1351 5785 nam
1382 5731 1443 5788 in
1487 5735 1661 5793 editis
1718 5728 1957 5812 legitur,
1988 5728 2039 5792 ἐν

518 5820 587 5857 ω.

518 5820 587 5857 ω.

2233 4449 2307 4519 (5)
2340 4446 2448 4504 Sed
2463 4452 2750 4519 eteorum
2779 4453 2908 4511 quae
2936 4454 3049 4519 non
3103 4437 3380 4508 videntur,
3443 4445 3551 4494 etc.
3613 4439 3824 4519 visibi-

2160 4510 2309 4576 lium
2334 4526 2391 4574 et
2432 4510 2821 4573 invisibilium
2856 4510 3098 4566 nomine
3118 4527 3222 4581 [res
3254 4528 3553 4582 corporeae
3611 4517 3669 4566 et
3726 4514 3822 4569 in-

2163 4608 2465 4664 corporeas
2485 4606 2531 4664 ra
2560 4584 2833 4664 Patribus
2865 4582 3161 4664 designari
3195 4584 3409 4664 solent.
3448 4583 3815 4664 Vident-1mg.

2163 4655 2331 4741 Nysi.
2367 4663 2539 4741 D_e_iis
2567 4660 2909 4741 quimature
2956 4655 3364 4735 abwipiuntur,_
3395 4672 3523 4725 pag.
3588 4657 3710 4741 3:25.
3745 4655 3819 4711 Ᾱι

2162 4726 2259 4791 hic
2289 4733 2543 4805 Cyrillus
2574 4726 2964 4805 invisibilium
2989 4741 3188 4805 rerum
3203 4726 3447 4805 nomine
3470 4726 3813 4805 angelorum

2161 4796 2403 4862 ordines
2436 4804 2699 4859 diversos
2730 4800 2962 4854 videtur
2990 4796 3346 4867 intelligere,
3382 4802 3447 4849 ut
3477 4802 3536 4851 et
3573 4804 3685 4852 cat.
3720 4801 3810 4860 23.

2160 4895 2218 4933 n.
2253 4881 2306 4933 6.
2343 4877 2503 4933 Ferit
2530 4876 2643 4930 hoc
2674 4873 2804 4927 loco
2839 4868 3116 4924 Marcioni
3153 4868 3451 4929 haeresim,
3487 4885 3618 4939 quas
3640 4874 3708 4923 ut
3732 4872 3816 4925 ait

2161 4951 2557 5020 Hieronymus
2579 4943 2842 5020 epistola
2861 4941 2937 4996 ad
2964 4940 3411 5020 Pammachium
3434 4939 3648 5020 veteris
3655 4941 3810 5020 edit.

2158 5024 2247 5087 6t,
2277 5039 2335 5076 n.
2372 5011 2479 5076 38:
2513 5011 2770 5087 Alterum
2814 5014 3035 5087 bonum,
3074 5011 3327 5087 alterum
3364 5013 3591 5087 justum
3647 5012 3811 5068 Deum

2156 5081 2358 5163 ferens,
2411 5093 2571 5147 illum
2627 5086 3009 5163 invisibitium,
3069 5082 3212 5136 hunc
3260 5081 3567 5163 _visibilium
3617 5089 3811 5163 asserit

2157 5153 2479 5220 creatorem.
2516 5159 2873 5216 Manichaeos
2929 5153 3471 5227 quoquegalterum
3524 5157 3809 5227 corporis,

2161 5238 2375 5291 animm
2406 5236 2661 5290 alterum
2692 5224 3069 5298 conditorum
3113 5224 3485 5298 afﬁrmantes
3513 5224 3811 5298 respicere

2162 5310 2373 5380 potuit.
2409 5304 2794 5380 Szeculorum,
2821 5295 3040 5380 ςιιζώνονΖ
3073 5297 3314 5380 nomine
3337 5315 3469 5380 quae
3502 5295 3631 5367 ipsa
3659 5318 3808 5380 quo-

2163 5370 2277 5444 que
2307 5398 2343 5435 a
2372 5379 2603 5433 Christo
2633 5375 2790 5430 facta
2818 5370 2982 5433 dicit,
3014 5370 3286 5425 fortassis
3309 5376 3535 5444 certum
3568 5370 3811 5443 angelo-

2155 5441 2286 5506 rum
2320 5449 2593 5506 ordinem
2625 5445 2910 5518 designat.
2950 5444 3160 5518 Notum
3181 5450 3271 5518 est
3293 5441 3450 5496 enim
3469 5443 3542 5497 ab
3561 5441 3808 5514 Ign‘atio,

2153 5525 2334 5583 Epist.
2366 5522 2440 5576 ad
2471 5515 2778 5575 TraltianJ
2816 5531 2881 5569 n.
2951 5517 3004 5581 5,
3053 5515 3279 5569 Constit.
3314 5520 3487 5583 apost.
3545 5522 3806 5581 auctore,

2155 5584 2255 5649 lib.
2294 5611 2415 5662 vm,
2450 5608 2578 5663 cap.
2616 5594 2716 5643 1'3:
2746 5584 3804 5663 Eusebio,_Delaudibus‘Constantinj'.

2153 5683 2280 5749 σερε
2318 5670 2365 5732 ιν
2402 5657 2541 5747 res?
2568 5663 2670 5716 θοθ
2698 5657 3093 5749 ληίιειτυςέἓέλ
3125 5659 3803 5749 ἓξὲξῗννέτῖχρηωςὲν

2154 5729 2377 5807 αἲῶνας,
2402 5729 2527 5792 sive
2558 5732 2777 5789 saacula
2804 5730 3059 5803 angelici
3117 5729 3345 5785 ordinis
3392 5732 3652 5800 speciem
3699 5747 3805 5784 nu-

2152 5809 2396 5867 merari.
