3974 6404
254 356 363 425 725

1162 379 1641 451 GATECHESIS
1685 382 1820 453 XII.
1867 392 1973 455 DE
2015 393 2355 458 CHRISTO
2397 394 2886 458 INCARNATO.

3620 398 3741 460 726

276 592 2878 633 _._.______________________________________

1500 794 2231 896 ΚΑΤΗΧΗΣΙΣ
2319 802 2471 897 ΙΒ²

1748 997 2256 1059 ΦΘΤΙΖΟΜΕΝΩΝ
2265 1040 2277 1053 .

261 1177 367 1233 Ἐν
428 1174 849 1250 Ἰεροσολύμοις
913 1174 1319 1252 σχεδιασθεῦα,
1409 1177 1485 1241 εἰς
1558 1178 1646 1246 τὸ,
1734 1180 2094 1254 Σαρκωθέντα
2177 1182 2257 1252 (1)
2337 1180 2429 1237 καὶ
2509 1181 3023 1256 ένανθρωπήσανταο
3105 1181 3195 1239 καί
3269 1184 3583 1259 ἄνάγνωσις
3669 1185 3728 1242 iv

332 1263 451 1320 τοῧ
510 1263 755 1322 Ἡσαΐου·
811 1267 912 1324 Καὶ
965 1267 1262 1342 προσέθετο
1340 1269 1542 1344 Κύριος
1628 1266 1871 1339 λαΛῆσαι
1954 1273 2034 1343 τῷ
2120 1270 2319 1345 Ἀχάζ,
2403 1270 2604 1346 λέγων·
2692 1271 2918 1344 Ait-opai.
3005 1276 3215 1346 σεαυτῷ
3293 1277 3546 1346 σημεῖον·

3639 1260 3731 1330 καὶ

327 1353 507 1424 ἑξῆς·
566 1351 708 1412 Ἰδοὺ
758 1358 794 1425 ἡ
852 1357 1117 1429 παρθένος
1176 1356 1229 1412 έν
1286 1358 1477 1434 γαστρί
1565 1356 1822 1433 λήψεται.
1908 1359 2001 1414 καὶ
2079 1360 2286 1431 τέξεται
2368 1361 2508 1429 υἱὸν,
2595 1362 2687 1416 καὶ
2767 1359 3064 1418 καλέσουσι
3149 1362 3212 1417 τὸ
3293 1356 3474 1435 ὄνομα
3556 1361 3714 1418 αὐτοὶ

230 1432 682 1516 ’Βμμανουὴλ,
713 1444 803 1501 καὶ
830 1444 900 1501 τὰ
923 1442 1072 1517 ἑξῆς.

883 1757 1600 1851 CATECHESIS
1651 1764 1815 1849 XII
1860 1762 2431 1851 ILLUMINA

1534 1761 1600 1849 'S
1651 1764 1815 1849 XII
1860 1762 2957 1853 ILLUMINANDOBUM
3004 1754 3103 1850 (³).

204 1910 418 1965 1⁸8
462 1910 894 1984 Hierosolymis
923 1928 995 1969 ex
1024 1917 1293 1985 tempore
1323 1914 1730 1985 pronuntiata,
1765 1915 1829 1969 in
1850 1914 2002 1969 illud
2026 1931 2039 1969 :
2074 1937 2095 1964 ι
2119 1916 2230 1980 Qui
2253 1915 2600 1971 incarnatus
2626 1921 2686 1970 et
2706 1916 3133 1973 inhumanatus
3159 1920 3267 1972 est.
3296 1939 3319 1967 ι
3351 1918 3422 1989 Et
3440 1917 3617 1973 lectio
3646 1933 3716 1974 ex

308 2001 534 2055 Isaia:
571 2023 600 2050 «
620 2002 690 2055 Et
711 2001 930 2073 adjecit
961 2002 1249 2058 Dominus
1270 2002 1436 2075 loqui
1466 2003 1542 2059 ad
1573 2005 1782 2072 Achaz,
1816 2004 2057 2059 dicens:
2090 2006 2232 2060 Pete
2267 2005 2371 2059 tibi
2406 2005 2517 2076 ipsi
2546 2006 2822 2077 signum;
2851 2027 2879 2055 »ι
2913 2011 2972 2061 et
3002 2006 3187 2062 infra:
3214 2029 3243 2057 ‹‹
3277 2008 3424 2062 Ecce
3455 2006 3615 2080 virgo
3647 2007 3710 2063 in

302 2111 342 2139 ‹‹
388 2096 582 2146 utero
607 2091 876 2163 accipiet,
908 2097 967 2148 et
994 2093 1189 2164 pariet
1221 2093 1432 2163 filium,
1467 2098 1526 2149 et
1554 2093 1850 2150 vocabunt
1878 2110 2102 2150 nomen
2134 2095 2265 2166 ejus
2307 2095 2664 2151 Emmanuel
2688 2095 2735 2129 ’⁸³
2760 2112 2773 2162 ;
2806 2116 2836 2146 »
2870 2101 2935 2150 et
2959 2111 3094 2167 quas
3125 2101 3483 2166 sequuntur.

312 2371 415 2429 ΑΖ
487 2367 732 2445 Ἀγνείας
785 2366 1081 2447 σύντροφοι
1137 2371 1230 2426 καὶ
1317 2372 1677 2449 σωφροσύνης
1763 2373 1881 2445 μαθπ

2140 2376 2166 2431 [.
2201 2373 2482 2430 Puritatis
2526 2373 2756 2429 alumni
2813 2373 2889 2445 (4)
2944 2378 3002 2429 et
3057 2374 3347 2430 castitatis
3400 2373 3709 2446 discipuli,

223 2460 373 2529 ταὶ,
410 2459 514 2515 τὸν
575 2457 633 2515 ἐκ
691 2458 969 2533 Παρθένου
1022 2463 1095 2533 (3)
1152 2462 1470 2536 γεννηθέντα
1526 2462 1679 2527 Θεὸν,
1737 2460 1792 2539 ἀπ

2143 2480 2242 2518 um
2266 2481 2333 2518 ex
2354 2464 2590 2537 Virgine
2613 2470 2819 2518 natum
2845 2464 3041 2534 plenis
3064 2464 3334 2519 castitate
3352 2462 3528 2518 labiis
3559 2463 3712 2520 cele-

249 2555 506 2623 μεστοῖς
534 2548 780 2625 χείλεσιν
812 2551 1233 2625 ἀνυμνήσωμεν·
1269 2553 1339 2610 Οἱ
1396 2556 1494 2607 τοῦ
1549 2557 1756 2624 νοητοῦ
1813 2574 1945 2629 προ-

262 2635 463 2694 ϐάτου
506 2644 602 2694 τῶν
664 2644 838 2714 κρεῶν
902 2636 1226 2713 μεταλαϐεῖν
1284 2641 1729 2715 καταξιούμενοι,
1779 2664 1942 2722 κεφα-

264 2727 388 2800 λήν
449 2729 577 2801 μετᾶ
630 2733 740 2785 τῶν
796 2727 981 2784 ποδῶν
1048 2725 1466 2804 μεταλάϐωμεν·
1537 2732 1784 2809 κεφαλῆς
1847 2733 1939 2806 μὲν

253 2828 370 2890 τῆς
436 2821 691 2891 Θεότητος
751 2822 1077 2895 νοουμένης,
1139 2819 1326 2877 ποδῶν
1384 2819 1442 2877 δὲ
1494 2830 1597 2893 τῆς
1652 2823 1939 2899 ἀνθρωπό-

246 2932 439 2981 τητος
508 2906 1026 2985 ἐκλαμϐανομένης,
1116 2913 1185 2970 Ol.
1256 2917 1365 2968 τῶν
1451 2914 1619 2990 ἁγίων
1698 2914 1937 2991 Εὐαγγέ-

248 2999 405 3056 λὶων
466 2999 751 3074 ἀκροαταὶ,
815 3001 1041 3078 Ἰωάννῃ
1110 3006 1190 3074 τῷ
1266 3002 1527 3080 Θεολόγῳ
1603 3002 1936 3077 πεισθῶμεν

250 3090 315 3145 Ὀ
348 3091 462 3166 γὰρ
514 3089 706 3159 εἰπὼν,
766 3091 854 3148 Ἐν
914 3091 1063 3168 ἀρχῇ
1123 3092 1193 3161 ἦν
1251 3092 1278 3146 ὁ
1339 3093 1537 3167 Λόγος,
1590 3093 1681 3148 καὶ
1737 3095 1765 3148 ὁ
1825 3095 1935 3150 Λό-

1312 3184 1443 3246 Θεὸς
1521 3183 1588 3254 ἦν
1646 3185 1674 3239 ὁ
1733 3184 1930 3261 Λόγος·

909 3271 1014 3327 Καὶ
1099 3272 1129 3325 ὁ
1217 3272 1398 3347 Λόγος
1483 3274 1612 3349 σὰρξ
1700 3273 1932 3349 ἐγένετο.

248 3201 352 3255 γος
412 3181 485 3249 ἦν
548 3181 683 3251 πρὸς
725 3181 818 3237 τὸν
891 3183 1047 3249 Θεὸν,
1132 3182 1225 3237 καὶ

251 3268 363 3340 hui
371 3290 515 3345 γαγε
608 3269 778 3346 λέγων
789 3314 802 3339 ,

2052 2553 2296 2608 bremus
2325 2553 2432 2618 Qui
2458 2551 2885 2607 intellectualis
2901 2553 3025 2609 ovis
3047 2554 3121 2623 (5)
3149 2552 3432 2608 carnibus
3454 2553 3607 2608 vesci
3633 2553 3716 2607 di-

2052 2644 2151 2717 gni
2169 2643 2860 2715 habemur,caputsimul
2873 2660 3010 2698 cum
3030 2643 3283 2714 pedibus
3297 2659 3603 2698 sumamus
3618 2642 3666 2678 ⁷³
3695 2662 3708 2711 ;

2054 2733 2364 2789 divinitate
2395 2751 2502 2805 per
2531 2739 2728 2803 caput,
2760 2732 3135 2787 humanitate
3178 2749 3315 2787 vero
3371 2748 3478 2804 per
3527 2733 3708 2804 pedes

2051 2825 2377 2881 intellecta.
2413 2824 2518 2889 Qui
2555 2828 2759 2878 sancta
2789 2824 3065 2878 audimus
3113 2822 3448 2895 Evangelia,
3492 2824 3704 2879 Joanni

2049 2914 2343 2987 Theologo
2374 2913 2685 2969 audientes
2717 2913 2904 2968 simus
2932 2930 2944 2966 :
2978 2912 3079 2967 ille
3102 2913 3263 2967 enim
3280 2917 3591 2983 postquam
3616 2912 3704 2966 di-

2049 3006 2172 3060 xit:
2206 3026 2235 3054 ‹‹
2266 3006 2332 3057 In
2364 3003 2660 3075 principio
2695 3007 2822 3057 erat
2852 3001 3131 3062 Verbum,
3165 3006 3224 3055 et
3272 3001 3529 3056 Verbum
3575 3006 3707 3056 erat

2051 3118 2078 3146 ‹‹
2093 3094 2252 3167 apud
2265 3096 2449 3149 Deum
2462 3098 2538 3158 ,et
2552 3094 2705 3146 Deus
2721 3097 2847 3146 erat
2861 3091 3115 3146 Verbum
3127 3088 3205 3159 74;
3228 3112 3255 3139 »
3271 3090 3409 3145 dein
3427 3089 3700 3161 subjecit,

2048 3184 2283 3241 dicens:
2301 3206 2327 3232 α
2346 3185 2416 3237 Et
2434 3181 2689 3237 Verbum
2703 3197 2838 3237 caro
2852 3179 3073 3236 factum
3088 3178 3237 3235 est”
3252 3202 3300 3234 ››.
3317 3182 3518 3252 Neque
3541 3180 3703 3236 enim

2047 3275 2277 3331 nudum
2307 3272 2615 3327 hominem
2646 3272 2895 3327 adorare
2926 3271 3015 3327 fas
3048 3276 3139 3326 est
3165 3289 3178 3339 ;
3206 3286 3318 3327 nec
3373 3271 3561 3326 Deum
3610 3287 3702 3327 so-

330 3395 383 3431 τ²
412 3397 530 3453 Isa.
562 3413 661 3463 vn,
694 3400 779 3452 10.
857 3398 904 3434 ⁷³
931 3398 1114 3457 Exod.
1147 3416 1248 3467 xu,
1281 3402 1334 3455 9.
1414 3399 1460 3435 7‘
1487 3400 1654 3457 Joan.
1687 3419 1725 3468 ι,
1761 3405 1811 3458 1.
1888 3398 1899 3432 "

694 3400 779 3452 10.
857 3398 904 3434 ⁷³
931 3398 1114 3457 Exod.
1147 3416 1248 3467 xu,
1281 3402 1334 3455 9.
1414 3399 1460 3435 7‘
1487 3400 1654 3457 Joan.
1687 3419 1725 3468 ι,
1761 3405 1811 3458 1.
1888 3398 1939 3435 ’⁷⁵
1968 3399 2114 3457 ibid.
2149 3402 2235 3463 i4.

334 3525 415 3599 (ῃ)
450 3523 823 3599 summa”.
861 3525 1047 3599 Hujus
1078 3527 1237 3581 vocis
1287 3527 1417 3582 loco
1468 3527 1724 3599 Cyrillus
1773 3528 1933 3599 hunc
1964 3528 2011 3594 Β
2040 3525 2438 3599 vescebantur
2453 3542 2478 3599 ;_
2499 3524 2561 3578 in
2595 3524 2771 3599 tertio
2796 3539 3010 3599 omnes
3026 3541 3281 3599 prorsus
3300 3525 3404 3599 qui
3431 3523 3703 3599 aderant,

261 3595 592 3669 articulum
618 3597 887 3669 referens
934 3598 1114 3669 hujus
1170 3604 1289 3669 cat,
1335 3616 1396 3655 n.
1455 3595 1542 3665 13⁷,
1590 3600 1818 3665 scribit,
1876 3596 1929 3650 ἐν

268 3665 432 3742 σαρκὶ
464 3667 920 3742 παραγενόμενον.
955 3665 1106 3725 Αἱιιθ
1154 3668 1349 3742 Ἀχάζ,
1402 3670 1732 3741 adjecimus
1785 3671 1931 3727 arti-

270 3740 478 3795 culum
505 3742 585 3810 τῷ
607 3757 678 3795 ex
710 3741 839 3796 cod.
872 3742 1047 3796 Coisl.
1081 3747 1141 3796 et
1184 3740 1351 3799 sacro
1402 3740 1584 3797 textu.
1639 3744 1786 3797 Loco
1828 3761 1930 3794 κα-

274 3807 519 3864 λέσουοι.
552 3812 722 3864 codd.
757 3813 930 3864 Coisl.
965 3820 1023 3864 et
1063 3814 1256 3864 Ottob.
1312 3814 1533 3864 habent
1574 3819 1639 3864 ut
1686 3814 1748 3864 in
1789 3831 1928 3864 nro-

318 3812 519 3879 ὲσουσι,
552 3812 722 3867 codd.
757 3813 930 3867 Coisl.
965 3820 1023 3868 et
1063 3814 1256 3869 Ottob.
1310 3814 1533 3869 habent
1574 3819 1639 3868 ut
1686 3814 1749 3868 in
1789 3831 1928 3885 pro-

319 3883 510 3965 betico
543 3882 1034 3965 ςοχῐιιριαᾉεσεφς,
1096 3886 1351 3965 ροεαὺτίες
1395 3892 1463 3965 at
1500 3885 1754 3957 Cyrillus
1803 3888 1929 3965 ipse

319 3900 510 3938 neuco
543 3900 725 3946 tenu,
766 3900 1034 3952 καλεσεις,
1096 3900 1351 3949 vocatus:
1402 3900 1463 3941 at
1500 3900 1754 3957 Cyrinus
1803 3902 1929 3957 ipse

269 3900 451 4027 Bujus
481 3961 593 4029 cat.
630 3973 687 4011 ne
722 3959 810 4022 21,
846 3956 1008 4029 legit,
1036 3953 1350 4029 καλέσουσι.
1384 3959 1523 4023 Quae
1556 3974 1661 4012 vox
1694 3963 1931 4029 sumpta

269 4044 339 4083 ex
374 4028 577 4083 Matth.
614 4045 650 4091 ι,
685 4030 738 4092 3,
794 4028 950 4084 hunc
1006 4028 1174 4085 Isaiaa
1232 4029 1431 4085 locum
1475 4029 1791 4086 referente.
1834 4028 1931 4085 ’lta

270 4100 908 4175 tamenmultil’atres
939 4100 1154 4174 legere,
1188 4107 1256 4157 ut
1287 4103 1454 4175 Greg.
1490 4104 1658 4174 Nyss.
1708 4102 1770 4157 in
1801 4106 1924 4157 nat.

266 4172 515 4232 Christi.
548 4188 603 4242 p.
638 4174 763 4233 344,
794 4178 905 4227 etc.

339 4244 417 4315 (2)
448 4242 658 4337 ἒξεὼὶιᾶ
685 4248 775 4299 est
804 4245 1077 4315 sequenti
1139 4244 1233 4300 die
1282 4249 1418 4316 post
1463 4245 1923 4316 praecedentem,

472 4335 570 4439 ἣν
612 4383 691 4469 ,ἐξ
720 4382 1049 4469 ηυᾳξθῇθου.
1118 4387 1463 4469 ᾼΓῐὶορὶιιω
1484 4459 1498 4469 ‘
1520 4385 1613 4469 τόν
1693 4388 1924 4469 ᾳάςμᾴί.

267 4476 403 4538 mus
420 4475 497 4538 ex
522 4458 689 4538 codd.
714 4460 891 4538 Coisl.
918 4462 1080 4538 393.,
1118 4463 1260 4538 R_oe,
1292 4459 1540 4538 Ca_s_au_b.
1579 4460 1721 4515 Poot
1773 4459 1922 4538 956v,

266 4529 598 4605 additurin
637 4531 815 4605 Coisl.
874 4529 1075 4605 Λόγόν,
1137 4534 1306 4605 Πραγῃ
1358 4532 1607 4605 Verbum,
1670 4548 1736 4587 ac
1791 4537 1927 4605 post

264 4599 478 4676 χείλενξι
511 4602 571 4676 in
601 4602 811 4676 eodem
843 4609 902 4657 et
932 4599 991 4659 in
1018 4606 1155 4676 Reg.
1192 4604 1489 4676 adjicitur,
1522 4602 1609 4655 καὶ
1672 4599 1919 4670 συνεὶδήι

266 4673 402 4746 iam;
432 4673 656 4745 ἀγαθῆς,
693 4697 720 4724 ‹‹
744 4675 936 4746 plenis
958 4673 1246 4732 castitatis
1267 4673 1326 4730 et
1344 4675 1515 4729 bonaa
1539 4675 1921 4731 conscientia)

268 4769 295 4795 α
326 4745 500 4801 labiis
522 4745 912 4802 celebremus.
939 4769 965 4795 υ
998 4748 1320 4818 Sequentia
1342 4746 1414 4801 de
1446 4748 1790 4803 confitenda
1809 4748 1918 4803 hu-

267 4818 554 4899 manitate
586 4818 763 4899 simul
787 4819 1250 4899 c_um_divinitate
1270 4819 1599 4899 C_hristi,_ex
1618 4836 1920 4899 compara-

268 4891 427 4944 ﬁone
482 4891 613 4961 agni

267 4962 438 5035 epist.
476 4963 596 5025 187,
627 4962 912 5032 adjuncta
939 4965 1140 5035 phrasi
1173 4981 1241 5019 ex
1268 4970 1385 5035 cat.
1420 4964 1475 5029 4,
1504 4979 1562 5016 n.
1593 4965 1645 5018 9.

337 5032 413 5103 (4)
444 5030 716 5089 Puritatis
743 5030 972 5090 alumni.
1011 5036 1103 5090 Sic
1134 5034 1368 5089 reddidi
1424 5051 1626 5090 vocem
1684 5030 1918 5106 ἁγνείας,

265 5121 407 5175 qum
436 5122 777 5176 quanquam
812 5106 967 5177 apud
993 5112 1269 5162 auctores
1290 5106 1727 5162 ecclesiasticos
1745 5106 1918 5161 casti-

266 5182 445 5251 tatem
475 5178 884 5251 omnem,sive
914 5179 1387 5251 virginumtsive
1419 5178 1750 5251 viduorum.
1801 5178 1918 5231 sive

266 5248 1090 5332 conjugumsignificetppu‘d
1104 5250 1390 5321 Cyrillum
1417 5257 1640 5332 tamen,
1662 5250 1710 5303 si
1736 5266 1919 5332 unum

267 5320 455 5394 locum
490 5320 773 5392 excipias,
805 5320 1161 5394 virginalem,
1200 5339 1437 5393 semper
1485 5321 1917 5377 continentiam

267 5392 543 5473 designat.
574 5394 639 5473 In
663 5394 774 5473 hoc
799 5392 1062 5473 exordio.
1091 5394 1345 5466 Cyrillus
1384 5394 1782 5473 tribushujus
1816 5410 1915 5473 pe-

708 4891 985 4954 aschalis,
1043 4891 1390 4948 transcribit
1421 4890 1474 4944 S.
1510 4890 1675 4946 Nilus
1715 4890 1817 4946 lib.
1853 4908 1914 4962 ιι,
1948 4896 1993 4964 C

2042 3598 2369 3668 baptizatos
2392 3602 2451 3651 et
2466 3596 2868 3667 baptizandos.
2898 3595 3067 3668 Gadit
3088 3596 3266 3668 igitur
3278 3594 3572 3650 Albertini
3597 3594 3703 3650 ob-

2033 3667 2218 3741 jectio
2241 3675 2450 3724 contra
2479 3668 2701 3741 realem
2734 3667 3001 3741 corporis
3029 3667 3251 3741 Christi
3277 3668 3697 3741 manducatio-

2039 3738 2178 3796 nem
2209 3741 2349 3795 inde
2377 3740 2581 3812 petita,
2610 3739 2771 3812 quod
2802 3738 3183 3809 baptizandos
3214 3738 3471 3812 Cyrillus
3501 3739 3699 3812 carnis

2040 3812 2253 3867 Christi
2284 3809 2606 3882 participes
2624 3809 2861 3872 efﬁciat.
2892 3825 3142 3879 eamque
3174 3809 3698 3882 manducationem

2039 3881 2357 3939 concludat
2379 3885 2441 3937 in
2464 3884 2579 3938 fide
2601 3883 2929 3936 divinitatis
2948 3887 3007 3936 et
3027 3881 3419 3936 humanitatis
3446 3882 3594 3951 ejus.
3623 3884 3701 3936 At

2038 3956 2229 4028 prime
2254 3955 2313 4009 in
2336 3957 2458 4034 hoc
2473 3955 2747 4034 membro
2780 3952 3477 4034 bapti-zatos‘alloq‘uiturg
3504 3968 3699 4034 quan-

2040 4023 2220 4098 quam
2250 4044 2371 4082 non
2404 4026 2664 4081 diffiteor
2692 4023 2955 4080 idem'ad
2987 4023 3394 4098 baptizandos
3420 4023 3550 4098 dici
3592 4041 3692 4095 po-

2038 4095 2245 4166 thiss'e,
2280 4117 2429 4170 quos
2452 4105 2563 4153 cat.
2602 4103 2649 4163 1,
2674 4115 2733 4152 ιι.
2766 4101 2815 4152 1.
2843 4118 2868 4170 κα
2892 4095 3315 4168 mysteriorum
3338 4095 3697 4170 Christipar-

2038 4171 2248 4243 ticipes
2274 4167 2509 4237 n'dicit;
2544 4186 2663 4224 non
2715 4167 3043 4243 quidemre
3068 4175 3119 4222 et
3155 4171 3360 4237 gratia,
3396 4167 3498 4221 sed
3526 4184 3691 4243 poca-

2038 4239 2183 4298 tione
2216 4243 2408 4298 solum
2441 4248 2497 4296 et
2525 4246 2687 4297 certa
2718 4241 3195 4311 exspectatione;
3231 4256 3500 4309 quosque
3523 4239 3694 4294 bonis

2035 4315 2315 4386 baptismi
2347 4315 2670 4385 anticipato
2704 4313 2815 4367 frui
2836 4314 3058 4386 passim
3080 4313 3345 4386 inculcat
3390 4313 3452 4364 2°
3477 4312 3692 4386 Quam-

2035 4382 2129 4441 vis
2153 4386 2302 4442 fides
2343 4388 2403 4441 in
2462 4382 2783 4450 Christum,
2833 4382 3103 4456 quaedam
3149 4384 3398 4455 mystica
3442 4382 3519 4456 sit
3562 4383 3692 4456 ejus

2034 4459 2515 4514 manducationis
2565 4458 2817 4528 species,
2876 4474 2946 4511 ea
3003 4462 3204 4511 tamen
3264 4473 3385 4510 non
3441 4455 3695 4528 destruit

2033 4531 2258 4586 realem
2287 4533 2415 4599 ejus
2449 4530 2509 4584 in
2540 4526 2913 4584 Eucharistia
2942 4528 3502 4584 manducationem:
3538 4526 3691 4599 nihil

2034 4604 2194 4658 enim
2228 4597 2512 4674 praecipui
2543 4618 2725 4674 supra
2753 4602 3233 4674 catechumenos,
3268 4599 3485 4674 quibus
3544 4597 3690 4674 ﬁdes

2032 4675 2094 4729 in
2125 4670 2428 4729 Christum
2456 4670 2879 4744 imperabatur,
2916 4672 3268 4727 habuissent
3298 4670 3538 4744 ﬁdeles;
3564 4670 3691 4739 qui-

2029 4746 2141 4801 bus
2175 4753 2371 4802 tamen
2395 4741 2767 4800 Eucharistia
2798 4750 3081 4814 tanquam
3106 4744 3315 4814 ingens
3340 4741 3686 4814 favor.cate-

2031 4818 2342 4874 chumenis
2374 4835 2495 4873 non
2540 4822 2788 4885 negatus
2840 4811 3032 4870 sol—um
3082 4811 3198 4868 sed
3234 4819 3292 4885 et
3331 4811 3684 4885 occultatus,

2033 4890 2581 4945 commendabatur.
2616 4883 2767 4954 Quin
2800 4888 2917 4941 imo
2951 4885 3055 4940 illa
3084 4901 3191 4956 per
3221 4884 3397 4956 ﬁdem
3430 4883 3683 4956 manda-7

2030 4964 2205 5029 catio,
2251 4963 2533 5034 supponit
2586 4977 2706 5034 pro
2753 4955 3141 5034 fundamento
3198 4955 3421 5034 realem
3470 4955 3687 5034 Christi

2034 5026 2785 5105 participationem(istius
2816 5047 2923 5105 per
2979 5030 3159 5105 fidem
3207 5026 3688 5105 manducationis

2034 5098 2313 5178 figuram;
2348 5112 2407 5160 et
2437 5098 2851 5178 argumentum
2885 5101 3085 5173 Cyrilli
3118 5099 3277 5178 quod
3310 5103 3466 5153 totus
3498 5098 3691 5178 Chrisf

2031 5170 2126 5232 tuis
2158 5170 2601 5233 credendus‘sit
2622 5175 2763 5247 quia
2786 5170 2942 5229 totus
2963 5170 3380 5247 manducatur,
3397 5170 3692 5247 supponit

2032 5255 2088 5304 et
2119 5266 2337 5321 agnum
2373 5241 2936 5321 paschalémjotum
2968 5262 3001 5299 a
3031 5241 3270 5321 Iudaeis,
3305 5247 3365 5298 et
3389 5242 3689 5321 Christum

2030 5313 2219 5376 totum
2246 5339 2280 5377 a
2314 5313 2592 5376 fidelibus
2621 5318 2859 5374 realiter
2916 5314 3361 5371 manducatum.
3396 5313 3688 5369 Caeterum

2028 5393 2133 5447 illa
2163 5393 2374 5464 capitis
2397 5400 2457 5448 et
2485 5390 2705 5464 pedum
2747 5388 2881 5461 agni
2912 5387 3208 5459 paschalis
3238 5386 3565 5464 adChristi
3598 5385 3689 5440 di-

268 5458 421 5537 riodi
442 5465 728 5537 membris
759 5466 874 5520 tria
903 5458 1214 5520 hominum
1246 5482 1465 5537 genera
1493 5466 1639 5520 mihi
1683 5458 1918 5520 videtur
2025 5458 2336 5520 vinitatem
2368 5471 2427 5519 et
2449 5458 2884 5537 humanitatem
2907 5458 3406 5537 accommodatio,
3426 5474 3687 5537 commu-

271 5535 506 5619 alloqui.
536 5541 597 5619 in
626 5537 819 5619 primo
849 5535 1488 5619 virginesetpmlibes,
1536 5554 1685 5619 quos
1737 5537 1913 5619 etiam

2026 5537 2121 5591 nis
2151 5544 2241 5591 est
2271 5537 2429 5607 apud
2460 5538 2691 5591 Graecos
2714 5540 2773 5588 et
2803 5533 3042 5588 Latinos
3063 5534 3290 5601 Patres,
3310 5535 3449 5587 ante
3473 5535 3532 5586 et
3551 5535 3686 5602 post

271 5609 331 5663 in
354 5608 464 5662 ﬁne
481 5608 864 5665 catecheseos
885 5608 1159 5665 convenit
1180 5609 1333 5664 sicut
1351 5608 1545 5676 initio,
1561 5608 1621 5664 in
1654 5609 1914 5664 secundo
2024 5608 2466 5676 Berengarium.

274 5679 474 5754 fideles
526 5681 853 5752 baptizatos
910 5682 1010 5753 qui
1065 5680 1446 5754 Eucharistiaa
1514 5681 1911 5754 participant;

275 5751 740 5825 Christique’per
770 5751 986 5824 agnuin
1013 5752 1356 5809 Paschalem
1380 5751 1611 5826 ﬁgurati
1634 5751 1912 5810 carnibus

2095 5684 2168 5752 (ὅ)
2199 5674 2414 5737 Christi
2444 5695 2549 5753 per
2576 5693 2795 5751 agnum
2833 5676 3178 5748 paschalem
3205 5674 3463 5749 ﬁgurati.
