3974 6352
22 376 127 435 131
921 363 1404 429 OATECHESIS
1445 362 1577 425 XII.
1623 362 1726 424 DE
1770 362 2114 427 CHRISTO
2155 366 2643 434 INCARNATO.
3374 383 3488 443 738

43 505 341 583 μονογενὶς
406 507 667 578 σημεῖον
744 503 833 556 τοῦ
903 500 1343 575 παραγενομένου
1423 493 1720 574 βασιλέως.

1915 516 1933 556 3
1964 517 1997 556 e
2023 501 2263 575 regibus
2301 504 2472 560 Jesus
2520 504 2584 560 in
2635 505 2801 578 pullo
2849 524 3103 567 onerum
3135 512 3287 569 168
3321 514 3490 569 inex-

47 596 233 657 Μόνος
285 592 580 669 βασιλέων
651 593 875 662 Ἰησοῦς,
929 589 1014 644 ἐπὶ
1071 587 1262 645 πῶλον
1321 587 1561 656 ἐκάθιζεν
1595 585 1726 640 ἀσα-

1916 596 2007 647 rto
2031 594 2204 661 sedit,
2228 612 2363 651 cum
2390 596 2923 655 acclamationibus
2942 603 3095 674 regis
3118 603 3311 659 instar
3333 605 3492 659 Jero-

49 693 121 761 γῆ
154 686 255 757 (4),
319 684 441 756 μετ’
500 680 798 760 εὐφημιῶν
846 680 918 740 ὡς
962 678 1217 754 βασιλεὺς
1268 676 1344 739 εἰς
1389 678 1490 745 τήν
1520 678 1732 750 ’ἱερου-

1915 681 2129 752 lymam
2162 684 2503 757 ingrediens
2533 685 2597 743 ³⁸.
2649 688 2800 753 Quid
2844 695 3045 746 autem
3074 692 3217 748 facit
3245 708 3348 748 rex
3380 694 3492 748 iste

48 774 249 846 σαλήμ
281 771 714 847 εἴσερχόμινος.
747 768 841 824 Καὶ
889 766 943 824 τί
989 772 1139 824 ποιεῖ
1169 767 1327 829 οὗτος
1361 765 1536 822 ἐλθὼν
1570 765 1598 819 6
1633 764 1733 839 βα-

1915 770 2158 827 veniens
2183 772 2211 826 ‘l
2244 792 2265 823 ι
2296 775 2366 828 Et
2388 779 2451 829 tu
2473 775 2535 829 in
2560 777 2850 848 sanguine
2868 781 3210 835 testamenti
3236 781 3494 837 emisisti

45 863 287 933 σιλεός;
349 861 450 915 Καὶ
515 859 583 915 σὺ
641 858 697 914 ἐν
754 858 941 931 αἳματι
1024 854 1292 928 διαθήκης
1352 853 1734 929 ἐξαπέστειλας

1915 862 2126 919 rinctos
2158 868 2290 919 tuos
2320 882 2391 921 ex
2420 866 2553 922 lacu
2580 884 2796 939 aquam
2828 885 2950 925 non
2980 870 3237 927 habente
3259 873 3326 928 “.
3355 895 3382 922 υ

45 953 328 1025 δεσμίους
358 970 461 1005 σου
493 949 556 1004 ὲκ
588 946 794 1005 λάκκου
815 946 912 1003 οὐκ
940 941 1169 1021 ἔχοντος
1200 944 1370 1022 ὕδωρ.

118 1043 233 1100 ΙΔ“.
275 1039 437 1098 Ἀλλ’
470 1037 738 1114 ἐνεχώρει
789 1038 882 1110 μὲν
939 1036 1032 1091 καὶ
1081 1036 1169 1091 ἐπὶ
1217 1035 1408 1091 πῶλον
1459 1039 1729 1102 καθεσθῆ-

41 1150 158 1187 ναι*
190 1129 301 1192 δὸς
331 1127 391 1185 δὲ
418 1130 502 1203 (2)
532 1134 763 1202 σημεῖον
811 1129 949 1199 ἡμῖν
1004 1123 1245 1199 μᾶλλον,
1278 1129 1383 1180 ποῦ
1415 1125 1670 1195 στήσεται
1702 1123 1731 1177 6

48 1218 462 1296 εἰσερχόμενος
524 1214 798 1291 βασιλεύς.
861 1216 959 1268 Καὶ
1015 1214 1080 1270 τὸ
1136 1218 1371 1287 σημεῖον
1405 1214 1482 1286 μή
1518 1211 1730 1285 μακρὰν

49 1309 139 1371 δὸς
168 1311 285 1377 τῆς
334 1306 582 1376 πόλεως,
641 1304 728 1359 ἵνα
768 1312 846 1377 μη
907 1303 1284 1380 ἀγνοήσωμενο
1319 1300 1476 1379 ἐγγὺς
1505 1299 1563 1356 δὶ
1592 1303 1732 1373 ἡμῖν

42 1394 139 1459 δὸς
168 1396 244 1450 τὸ
313 1397 550 1465 σημεῖον
608 1389 1052 1468 ὀφθαλμοφανὶς,
1104 1386 1194 1443 ἵνα
1237 1388 1328 1444 καὶ
1378 1386 1435 1443 ἐν
1472 1390 1542 1461 τῇ
1570 1384 1731 1441 πόλει

35 1487 209 1546 ὄντες
243 1482 346 1538 τὸν
370 1481 543 1537 τόπον
577 1482 972 1553 θεωρήσωμεν.
1004 1479 1069 1536 Ὀ
1127 1476 1185 1533 δὶ
1241 1479 1536 1556 προφήτης
1563 1474 1730 1531 πάλιν

35 1574 424 1649 ἀποκρίνεται
480 1570 677 1647 λέγων’
761 1570 870 1625 Καὶ
945 1570 1240 1639 στήσονται
1298 1568 1350 1622 οἳ
1411 1563 1575 1628 πόδες
1630 1565 1731 1620 αὐ-

43 1668 163 1720 τοῦ
197 1664 261 1719 Ea
317 1665 384 1736 τῇ
438 1662 621 1737 ἡμέρᾳ
679 1658 858 1734 ἐκείνῃ
918 1658 1007 1714 ἐπὶ
1054 1659 1119 1713 τὸ
1166 1654 1296 1732 ὅρος
1334 1660 1441 1713 τῶν
1472 1653 1731 1724 Ἐλαιῶν,

40 1757 116 1809 τὸ
244 1752 529 1807 κατέναντι
634 1747 1004 1825 Ἰερουσαλὴμ
1077 1746 1129 1819 ἐξ
1228 1747 1533 1804 ἀνατολῶν.
1610 1746 1733 1820 Ἆρ’

1908 1043 2002 1099 ΧΙ.
2037 1045 2215 1115 Atqui
2247 1045 2377 1100 ﬁeri
2422 1062 2566 1103 sane
2610 1053 2844 1119 poterat
2871 1055 2936 1104 ut
2964 1050 3128 1122 pullo
3159 1051 3451 1108 insideret
3477 1070 3490 1119 ;

1837 1131 1913 1187 da
1942 1132 2117 1188 nobis
2148 1134 2347 1205 potius
2378 1135 2635 1208 signum,
2668 1138 2914 1194 ubinam
2943 1141 3230 1195 consistet
3256 1158 3359 1196 rex
3390 1142 3493 1213 qui

1839 1220 2220 1293 ingreditur?
2250 1224 2321 1278 Et
2349 1225 2585 1296 signum
2619 1227 2861 1298 quidem
2909 1245 2984 1283 ne
3016 1229 3252 1284 dederis
3282 1231 3494 1301 procul

1839 1326 1874 1366 a
1891 1310 2147 1379 civitate,
2175 1316 2243 1367 ut
2270 1329 2391 1369 non
2414 1314 2793 1386 ignoremus;
2822 1317 3059 1373 dederis
3080 1335 3216 1374 vero
3240 1319 3413 1374 nobis
3431 1320 3494 1375 in

1840 1402 2114 1472 proximo
2142 1402 2378 1474 signum
2410 1404 2599 1459 oculis
2631 1406 3041 1477 conspicuum,
3075 1414 3141 1462 ut
3182 1413 3241 1463 et
3278 1409 3340 1463 in
3365 1410 3497 1480 ipsa

1839 1489 1985 1545 urbe
2016 1497 2321 1547 versantes
2350 1492 2550 1548 locum
2580 1496 3058 1567 contemplemur
3084 1496 3496 1569 (4).Pr0pheta

1840 1595 1976 1634 vero
2008 1597 2218 1637 rursus
2247 1583 2591 1653 respondet,
2624 1585 2790 1640 aiens
2817 1602 2829 1640 :
2864 1609 2890 1635 ι(
2923 1587 2995 1639 Et
3042 1586 3285 1642 stabunt
3315 1587 3497 1658 pedes

1840 1690 1869 1718 «
1904 1668 2035 1740 ejus
2067 1670 2131 1724 in
2165 1670 2261 1726 die
2306 1671 2412 1726 illa
2455 1690 2636 1744 super
2665 1679 2931 1729 montem
2981 1674 3301 1743 Olivarum,
3339 1675 3498 1745 quod

1839 1779 1867 1807 ‹‹
1903 1764 1994 1812 est
2024 1774 2054 1812 e
2085 1760 2328 1831 regione
2362 1761 2733 1817 Hierusalem
2757 1762 2831 1818 ad
2862 1762 3247 1819 Orientem”.
3278 1786 3297 1812 ι
3340 1765 3502 1818 Νιιιι-

41 1844 159 1899 οὐκ
218 1838 383 1897 ἔνδον
436 1839 604 1902 ἑστώς
659 1860 745 1901 τις
799 1836 886 1893 ἐπὶ
954 1838 1194 1908 πόλεως,
1251 1841 1444 1913 θεωρεῖ
1494 1835 1587 1891 τὸν
1639 1833 1731 1891 τό-

1915 1847 1989 1902 [id
2007 1849 2227 1920 aliquis
2246 1850 2410 1906 intus
2432 1856 2597 1908 stans
2615 1852 2676 1909 in
2694 1853 2929 1908 civitate
2949 1853 3144 1910 locum
3163 1870 3286 1909 non
3305 1852 3504 1909 videt?

44 1954 163 1988 πον
198 1952 213 2002 ;

117 2024 241 2080 IB’.
280 2022 529 2095 Ἓχομεν
562 2016 657 2074 δύο
702 2037 926 2091 σημεια,
974 2016 1068 2072 καὶ
1114 2015 1296 2091 τρίτον
1348 2014 1727 2088 ἐπιθυμοῦμεν

45 2117 286 2186 μαθεῖν.
353 2108 511 2180 Εἰπὲ,
565 2107 620 2163 τί
700 2112 849 2162 ποιεῖ
903 2104 1346 2183 παραγενόμενος
1404 2105 1432 2159 6
1490 2104 1729 2181 Κύριος;

47 2201 241 2274 Φησὶν
302 2199 484 2259 ἄλλος
538 2198 849 2276 προφήτης·
927 2194 1068 2251 Ἰδοὺ
1126 2197 1155 2250 6
1213 2196 1341 2257 Θεὸς
1398 2197 1582 2268 ἡμῶν·
1640 2193 1731 2250 καὶ

53 2294 211 2363 δξῆς·
283 2290 462 2352 Αὐτὸς
518 2289 632 2359 ἣξει
685 2288 776 2342 καὶ
834 2286 998 2340 σώσει
1050 2287 1198 2359 ἡμᾶς
1277 2280 1412 2340 Τότε
1466 2285 1732 2359 ἀνοιχθή,

55 2402 259 2435 σονται
322 2376 606 2453 ὀφθαλμοὶ
665 2375 907 2450 τυφλῶν,
985 2373 1076 2430 καὶ
1151 2371 1265 2428 ὦτα
1320 2377 1519 2451 κωφῶν
1568 2372 1733 2427 ἀκού-

62 2489 291 2526 σονται*
367 2468 491 2523 τότε
565 2465 744 2521 ἀλεῖτι
818 2465 894 2527 ὡς
968 2461 1172 2538 ἔλαφος
1245 2464 1274 2518 6
1350 2460 1567 2538 χωλὸς,
1642 2462 1734 2517 καὶ

66 2561 265 2636 τρανῆ
335 2553 473 2612 ἔσται
545 2554 773 2633 γλῶσσα
867 2552 1218 2630 μογιλάλων.
1323 2554 1573 2627 Λεγέσθω
1677 2549 1736 2607 δὲ

77 2654 233 2723 ἡμῖν
265 2649 353 2702 καὶ
386 2645 516 2719 ἄλλη
579 2644 871 2722 μαρτυρία.
932 2644 1131 2719 Κύριον
1194 2641 1373 2717 λὲγεις
1404 2642 1732 2718 ἐρχόμενον,

86 2740 133 2795 ὦ
189 2744 460 2817 προφῆτα,
517 2740 725 2810 σημεῖα
798 2734 857 2790 ὁὶ
937 2735 1038 2790 ὅσα
1111 2730 1391 2807 μηδέποτε
1445 2733 1734 2809 γεγένηται

77 2832 359 2885 ποιοῦνταο
417 2832 579 2882 ποῖον
642 2826 802 2901 σαφὲς
878 2822 971 2879 καὶ
1043 2819 1233 2898 ἕτερον
1292 2820 1510 2897 λέγεις;
1561 2821 1737 2883 Αὐτὸς

69 2920 286 2995 Κύριος
358 2916 438 2979 εἷς
511 2914 689 2991 κρίσιν
766 2911 988 2990 ἔρχεται
1069 2912 1204 2985 μιτᾶ
1274 2915 1384 2965 τῶν
1438 2906 1739 2983 πρεσϐυτὲ-

72 3031 187 3086 ρων
246 3011 346 3062 τοῦ
405 3005 564 3073 λαοῦ,
639 3004 731 3060 καὶ
812 3004 949 3077 μετᾶ
1020 3006 1130 3057 τῶν
1208 3000 1492 3076 ἀρχόντων
1549 3000 1736 3058 αὐτοῦ.

75 3084 323 3171 Σημεῖον
386 3094 678 3172 ἐξαίρετον·
742 3092 1015 3163 Δεσπότης
1072 3091 1176 3147 ὑπὸ
1226 3088 1440 3146 δούλων
1499 3084 1740 3166 πρεσϐυ-

78 3191 247 3264 τὲρων
277 3188 628 3261 κρινόμενος,
651 3183 740 3239 καὶ
768 3180 1127 3257 ἀνεχόμενος.

1913 2027 2035 2081 XII.
2071 2026 2366 2084 Habemus
2416 2027 2532 2083 duo
2592 2029 2775 2101 signa,
2833 2035 2892 2084 et
2939 2031 3181 2085 tertium
3222 2030 3498 2100 cupimus

1841 2113 2168 2170 addiscere.
2199 2116 2301 2172 Dic
2333 2117 2475 2187 quid
2504 2117 2768 2173 facturus
2822 2119 2899 2173 sit
2944 2118 3268 2173 adveniens
3297 2118 3501 2172 Domi-

1843 2219 1956 2258 nus
1976 2204 2003 2258 ?
2028 2204 2350 2259 Dicitalter
2368 2206 2695 2277 pr0pheta:
2727 2226 2749 2255 ι
2774 2208 2921 2261 Ecce
2948 2208 3103 2261 Deus
3124 2212 3327 2261 noster
3347 2222 3360 2259 :
3383 2225 3409 2256 ι
3442 2210 3503 2261 et

1844 2292 2186 2365 deinceps,«
2210 2294 2336 2365 ipse
2358 2295 2554 2351 veniet
2570 2301 2628 2350 et
2648 2296 2898 2351 salvabit
2914 2299 3211 2352 nos.Tunc
3227 2295 3500 2367 aperien-

1844 2403 1872 2431 «
1900 2386 1995 2436 tur
2012 2382 2167 2437 oculi
2191 2399 2506 2448 caecorum,
2521 2390 2579 2439 et
2599 2400 2774 2440 aures
2796 2385 3115 2441 surdorum
3135 2384 3460 2439 exaudient
3482 2403 3498 2449 ;

1845 2495 1872 2521 ‹‹
1901 2476 2043 2526 tunc
2077 2471 2250 2527 saliet
2278 2472 2469 2527 instar
2497 2474 2651 2528 cervi
2685 2473 2957 2539 claudus,
2988 2479 3046 2528 et
3075 2472 3350 2545 expedita
3391 2472 3506 2527 erit

1845 2583 1873 2610 «
1896 2560 2102 2632 lingua
2120 2560 2433 2615 balborum
2460 2560 2525 2614 2‘.
2553 2585 2575 2613 ι
2614 2561 2854 2617 Dicatur
2873 2562 3047 2616 nobis
3069 2566 3128 2616 et
3150 2559 3314 2616 aliud
3336 2559 3506 2615 testi-

1844 2649 2136 2706 monium.
2153 2650 2472 2705 Dominum
2496 2651 2644 2706 dicis
2665 2657 3000 2717 venturum,
3024 2668 3057 2705 ο
3084 2650 3395 2721 propheta,
3422 2648 3505 2703 si-

1846 2754 1981 2811 gna,
2010 2739 2212 2809 qualia
2242 2755 2556 2811 nunquam
2581 2740 2827 2797 fuerunt
2853 2740 3029 2807 facta,
3056 2744 3393 2812 patrantem
3418 2738 3464 2773 ³⁵
3489 2754 3502 2793 :

1847 2828 2184 2899 cujusmodi
2207 2829 2369 2884 aliud
2391 2830 2774 2885 manifestum
2798 2830 2946 2885 dicis
2962 2829 2989 2883 Ἰ
3014 2850 3037 2880 a
3063 2830 3194 2900 Ipse
3216 2827 3505 2883 Dominus

1850 2940 1875 2966 ‹‹
1907 2917 1968 2971 in
1982 2917 2282 2989 judicium
2314 2919 2477 2974 venit
2496 2936 2630 2975 cum
2654 2918 3017 2991 presbyteris
3047 2917 3254 2989 populi
3285 2921 3344 2972 et
3368 2933 3505 2972 cum

1855 3030 1875 3055 ι
1913 3009 2286 3080 principibus
2318 3010 2448 3081 ejus
2469 3009 2536 3066 ’6.
2571 3032 2600 3061 »
2646 3012 2890 3084 Signum
2922 3009 3221 3082 singulare
3254 3025 3322 3063 ac
3351 3024 3507 3079 pras-

1850 3098 2094 3169 cipuum
2125 3116 2136 3154 :
2170 3101 2457 3157 Dominus
2487 3117 2523 3156 a
2553 3102 2738 3157 servis
2785 3100 3149 3173 presbyteris
3172 3100 3501 3172 judicatus,

1852 3192 1911 3243 et
1939 3189 1997 3244 id
2029 3190 2283 3261 patiens.

146 3240 238 3244 ψ.
281 3240 333 3261 ..Γ
384 3240 389 3241 ,
441 3240 454 3259 _
590 3240 628 3254 ,,
866 3240 904 3257 η
941 3240 953 3255 ,
1090 3240 1101 3243 _

146 3279 247 3337 11".
305 3280 488 3331 Ταῦτα
543 3273 1005 3349 ἀναγινώσκοντες
1063 3266 1322 3329 Ἰουδαῖοι
1372 3268 1472 3324 οὐκ
1500 3268 1734 3324 ἀκούου-

1919 3240 2543 3351 illiillaaclegentes
2572 3279 2757 3335 Judaai
2802 3296 2922 3335 non
2952 3279 3227 3345 audiunt,
3260 3277 3506 3333 obtura-

83 3384 181 3424 σιν⁶
215 3361 415 3422 ἔϐυσαν
447 3364 552 3439 γὰρ
598 3363 667 3418 τὰ
722 3360 836 3417 ὦτα
888 3368 993 3431 τῆς
1043 3356 1293 3435 καρδίας,
1332 3359 1425 3413 ἳνα
1460 3360 1536 3432 μὴ
1570 3358 1739 3413 ἀκού-

82 3479 269 3515 σωσιν.
314 3451 478 3511 Ἀλλ’
540 3455 707 3527 ἡμεῖς
764 3449 1058 3524 πιστεύμεν
1120 3448 1196 3511 εἰς
1254 3450 1465 3519 Ἰησοῦν
1499 3448 1733 3521 Χριστὸν

82 3548 132 3603 ἰν
209 3544 370 3622 σαρκὶ
470 3541 907 3618 παραγενόμενον
1013 3542 1088 3612 (3)
1189 3538 1280 3593 καὶ
1384 3537 1734 3610 ὲνανθρωπή-

82 3659 265 3695 σαντα·
328 3632 515 3706 ἐπειδὴ
575 3631 763 3696 ἄλλως
821 3632 922 3688 οὐκ
977 3630 1319 3706 ἐχωροῦμεν.
1380 3626 1605 3698 Ἐπειδὴ
1632 3628 1732 3706 γὰρ

150 3762 438 3892 ’ίίέίειιῑὶλ
467 3778 584 3832 xxI,
618 3764 671 3816 ‘7.
776 3759 825 3795 ³³
852 3759 1092 3815 Zachar.
1126 3775 1207 3828 x1,
1240 3760 1324 3813 ll.

82 3857 159 3907 ει,
198 3857 291 3892 ιιι.

86 3964 192 4029 καὶ,
227 3964 361 4020 loco
389 3960 504 4017 οὐχ’
541 3959 926 4017 emendatum
979 3974 1050 4014 ex
1104 3959 1269 4029 Reg.,
1302 3958 1443 4026 Roe,
1475 3955 1729 4014 Casaub.

218 4035 347 4091 rod.

88 4039 517 4186 Θίᾶἷῖῗῶλυη.
560 4146 576 4163 .
623 4147 635 4159 .
670 4103 866 4186 ἅισαγῆ.
924 4102 1147 4186 vocem.
1196 4097 1502 4186 ἀσαγῆμοι(
1558 4115 1736 4186 ‘pura

90 4170 431 4254 conjectura
462 4178 558 4232 hic
591 4170 951 4254 scripsimus,
978 4174 1231 4254 habetur
1255 4170 1322 4225 in
1342 4171 1516 4254 editis
1548 4170 1733 4254 ἀργῇ,

90 4243 299 4308 silentii
321 4266 578 4316 vacuum,
607 4243 774 4303 nullo
804 4261 1003 4307 sensu,
1037 4244 1227 4300 nihilo
1259 4243 1474 4316 melius
1503 4243 1565 4316 in
1596 4243 1733 4315 Reg.

93 4332 148 4379 et
174 4322 355 4382 Coisl.
390 4315 571 4377 codd.
596 4319 902 4392 scriptum,
933 4320 1078 4392 πᾶσα
1111 4316 1167 4392 ,ἡ
1216 4320 1309 4387 γῆ·
1345 4315 1584 4392 scripsit
1609 4316 1738 4370 sine

92 4396 271 4469 dubio
328 4393 605 4469 Cyrinus,
638 4387 861 4469 νδιξυγῇ,
912 4388 1047 4469 ju_g_i
1098 4387 1569 4469 inexpertum,_in
1621 4404 1738 4469 qu_o

87 4468 287 4540 pullus
317 4457 500 4540 as'inaq
528 4457 703 4519 matri
717 4457 1022 4540 subjugali
1046 4459 1367 4532 apponitur
1386 4458 1513 4540 ενοι
1542 4457 1737 4532 eam,

87 4530 455 4612 postremum
482 4530 943 4612 hoc_nulla_alia
970 4533 1044 4612 de
1069 4530 1249 4612 causa
1277 4530 1535 4612 praetuli,
1560 4530 1740 4612 quam

87 4605 248 4683 quod
280 4607 774 4683 minorivulgata}
805 4605 1081 4683 lectionis
1125 4605 1454 4683 mutatione
1484 4608 1738 4683 constat.

88 4673 155 4740 ac
186 4682 355 4756 praaf.
388 4679 609 4756 codicis
630 4673 949 4756 'scriptura
993 4681 1297 4756 utcunque
1330 4673 1737 4756 adumbratur.

90 4744 385 4811 Préterea
409 4752 677 4808 Justinus
707 4744 952 4819 martyr,
986 4748 1157 4818 cujus
1188 4744 1317 4801 sine
1349 4744 1528 4819 dubio
1561 4745 1744 4819 libros

91 4827 389 4882 evolverat
406 4823 682 4896 Cyrillus,
706 4817 1172 4896 hancLZachariaa
1195 4817 1569 4896 prophetiam
1594 4817 1743 4896 edis-

93 4914 301 4954 serens
332 4888 542 4966 Dialog.
575 4911 697 4976 cum
729 4892 1037 4963 Tryphone,
1070 4888 1213 5012 pagf
1245 4892 1371 4975 2713,
1405 4888 1638 4960 pullum
1670 4889 1742 4944 de

93 4987 210 5012 nnn
242 4969 302 5012 in
334 4968 648 5012 nmnheha
678 4971 865 5012 vocat-
925 4961 953 5012 6
1010 4961 1145 5012 ἇσαγ
1173 4981 1212 5012 .c
1271 4958 1481 5012 πωλος.
1519 4967 1577 5012 et
1616 4978 1741 5012 ma-

93 4987 210 5042 quo
242 4969 311 5042 in
334 4958 866 5042 prophetiauvocat,
925 4961 978 5042 6‘
1010 4958 1212 5034 ἀσὶιγῆς
1271 4958 1481 5042 πῶλος.
1519 4967 1741 5042 atuma-

94 5031 268 5108 trem,
291 5031 634 5108 ἡῖδπόσαγής
655 5031 1059 5108 SvocSanctus
1083 5031 1319 5108 quoque
1345 5032 1530 5108 Nilus,
1552 5032 1743 5108 lib,_n,

94 5059 268 5108 trem,
291 5059 326 5108 η
355 5059 528 5093 υποσα
568 5059 634 5104 ης
655 5059 1059 5096 ovoc.auu0tus
1083 5059 1319 5105 quuquu
1345 5059 1530 5099 unus,
1553 5059 1655 5098 ιιυ,
1683 5059 1743 5101 ιι,

94 5114 267 5196 epist.
300 5114 386 5178 81,
416 5059 669 5166 asellum
701 5105 999 5180 Evangelii
1029 5104 1317 5192 appellat,
1346 5103 1541 5190 ἀσαγῆ.
1568 5104 1747 5159 ΕιιΙο-

94 5202 222 5248 gius
254 5184 529 5240 eumdem
589 5180 840 5237 asellum
899 5184 1087 5242 vocat,
1149 5174 1343 5248 ἀναγη,
1376 5177 1743 5248 immundum,

1074 5218 1087 5242 ,
1150 5217 1343 5243 ......l.,,
1381 5217 1743 5243 ...πηιυνωιυιη

136 5256 300 5312 omil.
326 5257 384 5310 in
400 5252 825 5325 festuquaﬁlmt,
849 5250 1009 5325 inter
1033 5247 1421 5325 CyrilliﬂAlex.
1444 5247 1743 5325 homilias.

95 5330 264 5383 Forte
295 5317 472 5383 etiam
503 5324 742 5395 scripsit
792 5317 1285 5394 Cyrillus,'&0tﬁ,
1324 5343 1344 5368 ι
1382 5319 1549 5375 nullo
1584 5335 1744 5375 mor-

102 5421 121 5447 ι
926 5414 954 5443 »
991 5463 1006 5487 ‘I
1172 5458 1224 5487 §l
1326 5461 1482 5487 .IJ')‘

165 5474 238 5542 (2)
294 5458 390 5531 Δὶς
446 5466 525 5538 δέ,
582 5463 1111 5542 etc._Particulam
1144 5458 1227 5542 _8é
1284 5461 1626 5518 addidimus
1675 5478 1748 5519 ex

97 5533 302 5617 Boisil,
324 5544 493 5617 Reg,
514 5533 669 5617 'Rpe,
702 5536 977 5617 Casaub”
1010 5533 1184 5591 Grod.

166 5616 243 5686 (3)
288 5601 377 5671 Ἔν
413 5601 590 5686 υσᾶρκὶ
640 5601 1158 5686 ςπαρακίενόμενον..
1224 5606 1351 5686 Pro"
1424 5601 1474 5657 ἐν
1563 5604 1745 5686 σαρκί,

100 5671 254 5760 Reg;
286 5690 424 5755 Roe,
447 5671 1032 5760 casaub.,_scri_ptl_i_m
1063 5677 1305 5741 habent,
1327 5671 1609 5760 ἓνσαρκον,
1632 5671 1749 5760 σεσέ-

100 5742 482 5816 utnillfrai).
542 5759 635 5821 20,
695 5742 779 5808 ait
830 5742 1108 5824 Cyrinus,
1167 5742 1607 5821 παραγενόμενος
1658 5745 1748 5803 ἔν.

1432 3757 1479 3792 ³³
1509 3756 1750 3813 Zachar.
1804 3773 1917 3828 xiv,
1961 3760 2013 3813 4.

1846 3372 2059 3423 verunt
2086 3384 2261 3423 aures
2291 3368 2507 3435 cordis,
2541 3374 2608 3423 ut
2643 3385 2763 3424 non
2795 3369 3061 3425 audiant.
3094 3368 3208 3424 Sed
3234 3384 3344 3423 nos
3376 3382 3508 3423 cre-

1846 3456 2059 3513 damus
2080 3458 2141 3513 in
2162 3460 2362 3514 Jesum
2384 3459 2687 3515 Christum
2721 3481 2748 3508 «
2776 3460 2876 3530 qui
2908 3459 2971 3513 in
2993 3475 3172 3514 carne
3192 3458 3432 3513 advenit
3450 3462 3512 3513 et

1847 3568 1875 3596 «
1903 3545 2331 3602 inhumanatus
2358 3552 2480 3602 est:
2515 3568 2544 3596 »
2575 3546 3065 3619 quandoquidem
3095 3546 3271 3603 aliter
3293 3561 3507 3617 capere

1847 3649 1969 3687 non
1981 3633 2472 3705 potuissemus(5)
2483 3634 2647 3690 .Cum
2661 3634 2823 3690 enim
2836 3651 2946 3691 nos
2960 3650 3097 3690 eum
3119 3634 3275 3690 sicut
3293 3633 3397 3689 ille
3415 3636 3509 3688 est

2120 3758 2168 3793 ²⁸
2213 3759 2327 3815 Isa.
2359 3777 2529 3830 xxxv,
2561 3760 2613 3815 4.
2714 3759 2760 3795 ²⁶
2788 3761 2954 3817 Joan.
2988 3777 3084 3830 xv,
3115 3762 3204 3815 24.
3309 3758 3357 3793 ³⁸
3391 3761 3505 3818 lsa.

2714 3759 2760 3795 ²⁶
2788 3761 2954 3817 Joan.
2988 3777 3084 3830 xv,
3115 3762 3204 3815 24.

1840 3975 2060 4030 σαρκος.
2103 3959 2195 4030 ,Αι
2250 3958 2314 4014 in
2366 3958 2541 4013 titulo
2598 3959 2978 4030 catecheseos
3033 3959 3185 4025 loco,
3236 3955 3287 4011 ἐν
3335 3956 3492 4030 σαρκὶ

1844 4026 2315 4112 παραγενόμενον,
2369 4031 2641 4112 habetur,
2680 4029 3068 4112 papxwﬂvra,
3131 4047 3312 4102 quam
3371 4026 3498 4085 eii-

1847 4102 2024 4157 stimo
2054 4118 2253 4157 veram
2285 4102 2546 4173 Symboli
2580 4102 2920 4157 lectionem.

1917 4175 1993 4245 (4)
2022 4176 2086 4228 In
2116 4175 2250 4229 urbe
2280 4176 2400 4244 ipsa
2426 4180 2718 4229 versantes.
2756 4174 3122 4230 Praadicabat
3151 4173 3497 4246 Cyrillusgin

1847 4244 2050 4300 mOnte
2083 4246 2388 4316 Golgotha,
2421 4247 2521 4317 qui
2553 4246 2697 4300 olim
2721 4252 2916 4301 stante
2948 4248 3129 4301 veteri
3163 4244 3502 4317 Hierosoly-

1850 4333 1948 4389 ma
1969 4325 2134 4372 extra
2164 4324 2394 4389 portam
2419 4316 2546 4373 erat
2570 4335 2584 4383 ;
2609 4317 2711 4372 sed
2734 4319 2795 4372 in
2828 4335 2978 4372 novo
3001 4319 3167 4374 urbe.
3191 4319 3263 4373 de
3286 4316 3503 4373 veteris

1850 4388 2040 4462 ruinis
2094 4388 2179 4444 ab,
2225 4390 2372 4445 lElio
2422 4390 2682 4445 Adriano
2742 4390 3013 4457 excitata,
3055 4396 3261 4462 postea
3290 4390 3505 4445 saltem

1851 4460 2118 4515 inclusus
2150 4466 2278 4527 est;
2339 4462 2484 4517 adeo
2530 4469 2597 4516 ut
2626 4461 2937 4526 Eusebius,
2987 4460 3071 4516 De
3094 4462 3249 4517 laud.
3296 4462 3502 4528 Const.,

1850 4549 1977 4603 cap.
2014 4535 2066 4596 9,
2101 4534 2159 4586 in
2209 4534 2325 4603 ipso
2377 4535 2528 4589 urbis
2582 4533 2892 4588 meditullio
2924 4534 3242 4589 excitatam
3275 4534 3504 4589 Resur-

1849 4604 2136 4659 rectionis
2168 4605 2483 4660 ecclesiam
2541 4604 2712 4660 dicat.
2768 4607 2851 4660 Ex
2897 4604 3001 4660 illo
3035 4605 3192 4660 edito
3223 4603 3503 4660 Calvariaa

1853 4681 2056 4731 monte
2086 4675 2258 4731 facile
2303 4676 2645 4747 spectabilis
2703 4682 2830 4731 erat
2886 4692 3061 4731 mons
3086 4678 3406 4747 Olivarum,
3442 4674 3503 4727 in

1852 4764 1969 4817 quo
2004 4764 2122 4802 non
2155 4746 2353 4803 solum
2382 4748 2546 4804 stetit
2566 4748 2833 4803 Christus
2857 4748 2918 4802 in
2938 4748 3118 4803 ccelos
3149 4746 3503 4817 ascendens,

1855 4815 1913 4873 et
1957 4820 2332 4891 prophetiam
2385 4820 2679 4875 Zacharizn
2729 4819 2824 4874 hic
2873 4824 3399 4891 commemoratam
3431 4815 3504 4870 ad

1852 4889 2093 4945 verbum
2118 4891 2477 4963 adimplens,
2498 4897 2567 4947 ut
2589 4892 2962 4945 demonstrat
2993 4892 3298 4957 Eusebius,
3322 4889 3426 4963 lib,
3455 4902 3507 4940 vr

1855 4964 2155 5025 Demonst..
2190 4960 2317 5034 pag.
2373 4966 2519 5018 288:
2568 4979 2772 5018 verum
2822 4964 3000 5018 etiam
3051 4968 3269 5017 stetere
3322 4960 3509 5015 inﬁxa

1855 5034 1982 5107 solo
2014 5034 2143 5107 ejus
2174 5036 2436 5107 vestigia.
2474 5035 2613 5089 Vide
2646 5040 2759 5089 cat-
2796 5036 2883 5100 14,
2917 5051 2975 5089 ιι.
3010 5036 3099 5087 23.

1925 5100 2495 5187 (5).Ouandoqﬂidem
2546 5107 2742 5187 aliter”
2766 5122 2981 5187 capere,
3016 5110 3125 5160 etc.
3159 5100 3510 5187 Communis

1854 5171 1981 5231 haec
2010 5177 2167 5233 inter
2197 5171 2401 5234 Patres
2452 5171 2882 5233 incarnationis
2915 5193 3112 5232 causa.
3147 5175 3407 5230 Affertur
3437 5171 3509 5227 ab

1855 5248 2097 5307 Irenaeo.
2126 5249 2231 5303 lib.
2268 5267 2346 5317 ιιι,
2379 5266 2509 5321 cap.
2543 5252 2632 5311 49,
2665 5266 2726 5303 n.
2762 5251 2812 5314 1,
2846 5254 2912 5303 ut
2939 5249 3219 5321 citatura
3247 5244 3511 5301 Theodo-

1854 5326 2005 5400 r_eto,
2039 5321 2252 5400 dialog.
2286 5319 2501 5400 l,_pag.
2623 5339 2635 5400 ξ
2662 5319 3131 5400 namin‘Latina
3160 5320 3514 5400 interpreta-

1856 5392 2018 5464 tione
2046 5390 2227 5464 paulo
2254 5390 2430 5449 aliter
2452 5390 2713 5448 habetur
2760 5391 2856 5446 hic
2899 5390 3087 5464 locus,
3130 5390 3203 5447 ab
3235 5390 3510 5464 Origene,

1855 5463 1958 5520 lib.
1990 5460 2248 5521 vfcontr.
2284 5466 2443 5527 Cels,
2480 5481 2609 5537 pag.
2642 5465 2748 5537 322
2774 5480 2788 5529 ;
2810 5462 3115 5537 Eusebio,
3142 5465 3221 5537 De
3252 5460 3511 5537 laudibus

1857 5538 2229 5609 Constantini.
2244 5553 2373 5609 cap.
2394 5538 2460 5590 14
2476 5533 2498 5603 ξ
2513 5533 2784 5601 Macario,
2810 5535 3018 5590 homil.
3039 5539 3099 5602 6;
3126 5536 3292 5609 Greg.
3312 5533 3508 5605 Nyss..

1856 5606 1963 5662 lib.
1992 5624 2044 5661 vi
2077 5609 2282 5663 Contra
2315 5606 2588 5669 Funon...
2623 5622 2755 5678 pag.
2788 5609 2912 5669 390.
2949 5613 3059 5663 etc.
3116 5608 3277 5661 Hanc
3309 5609 3508 5659 autem

1857 5680 1959 5735 Dei
1986 5680 2353 5746 fruitionem,
2381 5682 2551 5749 cujus
2573 5695 2754 5733 causa
2784 5679 3101 5735 Dominum
3135 5679 3511 5734 incarnatum

1855 5751 1959 5823 ait,
1992 5750 2277 5823 intelligit
2304 5751 2661 5808 familiarem
2696 5750 2797 5805 Dei
2847 5767 2983 5807 cum
3012 5749 3356 5808 hominibus
3383 5762 3511 5801 ver-
