2007 3180
206 168 266 198 ’163

738 168 770 197 S.
794 166 952 197 GYRlLLI
973 164 1185 196 HIEROSOL.
1207 164 1391 197 ARCHIBP.

1848 172 1897 203 164

205 233 360 270 pulmonis
367 234 521 267 teneritas,
531 236 561 261 et
568 233 691 269 reliquas
700 232 903 261 membrorum
911 232 1034 260 diversas

1093 240 1140 262 νος
1155 229 1326 265 ἁπαλότητα,
1341 231 1385 258 καὶ
1416 230 1517 263 λοιπὰς
1544 230 1696 271 διαφόρους
1722 231 1792 265 ἰδέας
1809 234 1897 271 μελῶψ

206 279 322 315 species
333 282 526 311 enascantur;
540 278 614 305 illud
625 278 822 305 admiratione
835 278 968 314 dignum.
983 277 1035 304 Lu-

206 326 271 351 tum
286 324 463 357 animatum,
484 323 586 350 orbem
616 323 706 350 insito
736 325 820 350 motu
849 322 988 354 circuire,
1005 324 1034 349 et

205 369 355 396 aadiflcare
368 377 374 401 ;
387 368 442 395 hoc
454 367 600 395 mirabile.
611 368 717 395 Lutum
731 368 837 395 docere
854 370 883 395 et
899 367 992 403 loqui,
1006 369 1035 394 et

205 412 324 441 fabrilia
339 421 429 448 opera
440 420 587 445 exercere,
600 415 628 439 et
640 421 764 449 regnum
780 412 929 440 moderari
942 412 1035 444 ‘°,hoc

206 458 309 485 mirari
332 458 426 485 decet.
447 458 548 493 Igitur,
571 466 587 485 ο
603 457 820 493 imperitissimi
836 457 939 491 Judaei,
955 456 1035 484 unde

206 502 299 530 Adam
315 503 409 530 factus
439 502 507 529 est?
535 511 636 530 nonne
666 503 742 530 Deus
758 502 908 538 pulverem
925 510 941 529 e
956 504 1035 529 terra

205 556 269 575 sum
275 547 518 580 ens,admirabile
525 547 626 575 illud]
635 548 683 575 79
691 547 866 583 ﬁgmentum
873 547 989 574 efﬂnxit
997 547 1036 575 “‘1

205 592 280 625 Quid
295 591 388 627 ergo?
416 592 511 619 lutum
542 592 573 620 in
602 593 723 620 oculum
750 592 990 623 transformatur,
1006 594 1036 619 et

202 637 282 672 virgo
295 636 392 664 ﬁlium
404 645 464 664 non
476 637 652 672 generabit?
662 637 745 670 Quod
757 636 1034 672 hominumjudicio

204 682 297 717 magis
314 681 501 717 impossibile
517 684 665 715 censetur,
683 682 716 709 fit
731 685 849 715 tamen;
866 684 895 709 et
909 681 989 717 quod
1003 689 1034 708 se

209 727 274 762 ipso
291 726 434 762 possibile
450 729 505 757 est,
522 726 553 753 id
569 734 629 753 non
646 726 698 754 ﬁat
709 727 723 754 ‘I

241 771 343 798 XXXI.
353 771 505 798 Honorum
514 778 664 798 memores
673 770 903 804 simus,fratres.
910 769 960 797 His
970 771 1033 797 tan-

203 823 294 851 quam
312 815 542 851 propulsatoriis
557 815 649 842 armis
664 817 793 842 utamur.
810 814 832 832 η
848 815 888 841 Ne
903 813 1034 849 perfera-

204 869 272 889 mus
288 860 442 887 haereticos
459 860 508 895 qui
524 859 686 887 adventum
709 859 840 895 [Christi]
858 858 922 886 sola
936 859 1034 894 specie

201 908 291 940 atque
308 905 448 940 opinione
478 903 597 931 docent.
624 904 647 922 ¹³
672 904 856 939 Despuamus
873 905 902 930 et
917 911 967 930 eos
984 902 1033 938 qui
1052 918 1074 951 Β

203 950 389 978 nativitatem
406 949 566 976 Salvatoris
580 957 615 976 ex
627 948 689 976 viro
705 951 734 976 et
748 948 861 975 femina
875 948 1035 984 contigisse

204 995 318 1028 dicunt,
336 994 385 1030 qui
403 1002 471 1022 eum
483 1002 518 1021 ex
528 994 637 1029 Joseph
649 996 679 1021 et
690 993 782 1021 Maria
791 993 980 1029 progenitum
991 992 1035 1020 di-

204 1039 305 1067 dicere
321 1039 384 1066 ausi
402 1041 481 1072 sunt,
499 1047 534 1066 eo
550 1038 630 1073 quod
646 1037 788 1074 scripturn
805 1037 862 1065 sit:
881 1039 916 1065 Et
930 1038 1036 1072 accepit

203 1085 352 1119 conjugem
366 1092 444 1111 suam
459 1083 493 1110 “.
510 1083 733 1111 Meminerimus
748 1083 849 1116 Iacob,
870 1083 921 1118 qui
936 1082 1035 1118 prius-

204 1138 295 1164 quam
312 1128 470 1157 ltachelem
487 1130 629 1161 sumeret,
655 1127 730 1155 dixit
756 1127 793 1155 ad
810 1127 907 1155 Laban
921 1136 927 1155 :
943 1127 1036 1155 Redde

203 1182 318 1202 uxorem
333 1182 420 1201 meam
437 1173 469 1201 ιδ.
486 1173 568 1200 Sicut
593 1173 674 1200 enim
701 1173 754 1200 illa
779 1175 848 1200 ante
862 1173 1034 1208 nuptiarum

205 1219 405 1252 sanctionem,
416 1220 538 1254 propter
549 1217 643 1245 solam
659 1226 725 1252 quas
741 1217 953 1245 intercesserat
966 1226 1035 1253 pro-

204 1264 393 1296 missionem,
404 1262 504 1290 Jacobi
516 1270 591 1289 uxor
601 1262 824 1298 appellabatur;
838 1261 880 1289 sic
892 1264 921 1289 et
933 1262 1034 1295 Maria,

203 1311 327 1345 propter
337 1307 600 1344 desponsationem
611 1315 686 1334 uxor
695 1306 816 1342 Josephi
829 1306 908 1334 dicta
918 1307 975 1333 fuit
984 1307 1033 1342 (1).

205 1354 276 1381 Vide
299 1355 399 1380 autem
423 1351 574 1388 Evangelii
590 1354 760 1379 accuratam
786 1351 927 1386 loquendi
944 1351 1036 1379 ratio-

205 1398 361 1430 nem,dum
373 1397 430 1425 ait:
457 1408 470 1422 «
484 1398 517 1424 In
532 1404 636 1424 mense
652 1398 751 1423 autem
767 1398 849 1423 sexto
865 1396 975 1423 missus
991 1398 1037 1423 est

204 1453 217 1469 a
228 1442 352 1479 angelus
364 1441 482 1470 Gabriel
492 1450 509 1469 α
518 1442 576 1469 Deo
586 1441 617 1468 in
627 1440 776 1468 civitatem
786 1440 914 1468 Galilreaa
926 1442 974 1468 cui
985 1449 1036 1468 no-

201 1500 215 1513 «
229 1496 299 1516 men
311 1487 463 1520 Nazareth,
474 1487 511 1514 ad
523 1486 667 1523 virginem
680 1485 892 1522 desponsatam
907 1486 969 1513 viro
987 1486 1034 1513 cui

203 1544 218 1559 ιι
229 1541 339 1560 nomen
350 1532 459 1568 Joseph
468 1531 501 1567 “,
514 1542 528 1557 »
548 1532 643 1559 etc.Et
654 1532 774 1564 iterum,
790 1539 857 1558 cum
874 1530 1034 1566 descriptio

204 1580 352 1614 ageretur,
377 1580 407 1604 et
435 1576 610 1604 ascenderet
633 1576 741 1611 Joseph
755 1578 789 1603 ut
803 1575 1033 1609 describeretur,

204 1622 277 1658 quid
289 1622 361 1649 dicit
372 1621 522 1658 Scriptura
533 1621 547 1648 ‘I
559 1632 573 1646 «
589 1620 731 1649 Ascendit
742 1623 843 1648 autem
853 1623 882 1647 et
891 1620 1000 1656 Joseph
1015 1629 1032 1648 a

205 1678 219 1693 «
237 1667 367 1700 Galilaza,
384 1668 416 1693 ut
430 1666 650 1694 describeretur
664 1674 732 1693 cum
747 1665 837 1693 Maria
857 1665 1036 1701 desponsata

205 1722 218 1738 α
230 1711 284 1739 sibi
295 1719 385 1738 uxore
392 1713 563 1747 prmgnante
573 1711 610 1739 ¹”¹;
621 1721 634 1735 η
642 1718 798 1746 praagnans
806 1710 885 1738 enim
894 1713 957 1738 erat
972 1718 1032 1738 non

203 1759 305 1784 autem
321 1756 398 1783 dixit
411 1764 509 1790 umore,
524 1764 585 1789 sua,
612 1755 674 1789 sed,
699 1755 865 1790 desponsata
878 1755 940 1783 sibi.
957 1757 1034 1783 Misit

203 1802 283 1829 enim
301 1803 371 1829 Deus
386 1801 475 1829 Filius
503 1809 593 1835 suum,
622 1801 665 1828 ait
692 1800 822 1834 Paulus;
844 1808 905 1828 non
920 1800 1032 1828 factum

584 1865 603 1883 ¹¹
623 1865 693 1891 Gen.
709 1872 738 1897 ιι,
754 1866 779 1890 7.

633 1900 654 1917 ¹⁷
672 1901 739 1927 Luc.
758 1909 777 1933 Ιγ
795 1901 838 1926 26.

240 1865 263 1881 ¹⁰
278 1865 340 1892 Joh.
359 1873 476 1895 xxxvm.
497 1866 536 1891 l4.

207 1910 225 1935 ι,
243 1903 287 1928 24.
328 1902 348 1918 ’⁵
365 1903 435 1928 tien.
453 1909 530 1934 xxix,
548 1902 591 1927 21.

206 1963 264 1990 lem
280 1963 411 1990 hominis
440 1965 523 1989 sueto
553 1961 640 1989 modo
672 1962 803 1997 generati
825 1961 1034 1988 formationem

206 2001 337 2034 exponit.
356 2001 386 2026 In
404 2002 529 2033 utroque
546 2006 580 2024 ex
598 1998 660 2033 ipsa
674 2006 732 2032 qua
747 1998 911 2024 humanum
927 2006 1035 2033 corpus

206 2035 399 2062 constituitur
408 2034 691 2069 materia,originem
705 2034 812 2060 animai
823 2034 952 2060 tribuere
960 2034 1037 2061 vide-

205 2074 303 2098 tur.At
319 2079 416 2105 neque
430 2070 560 2097 animam
574 2079 608 2096 ex
625 2069 686 2096 luto
703 2069 871 2101 formatam,
887 2078 984 2105 neque
1001 2078 1034 2096 ex

205 2107 326 2134 traduce
347 2108 538 2141 propagatum
556 2105 685 2132 sensisse
703 2106 843 2133 continuo
861 2106 1032 2133 existiman-

206 2142 260 2169 dus
277 2145 330 2169 ρει.
350 2142 378 2169 In
396 2145 452 2169 cat.
470 2143 496 2174 3,
512 2150 540 2167 n.
558 2143 584 2175 4,
613 2144 641 2168 et
656 2144 712 2168 cat.
729 2143 755 2168 4.
773 2150 802 2168 n.
822 2142 864 2174 18,
882 2142 1033 2168 hominem

833 1864 855 1880 η
874 1865 935 1891 Vid.
954 1868 1006 1891 cat.
1024 1865 1050 1897 4,
1068 1873 1097 1891 n.
1116 1866 1141 1891 9.

891 1899 913 1916 ‘7
931 1900 998 1927 Luc.
1014 1908 1043 1933 n,
1060 1901 1086 1934 4,
1103 1902 1128 1928 5.

1089 277 1171 302 τοῦτο
1188 274 1354 311 θαυμαστόν.
1369 276 1404 303 Τὸ
1420 275 1509 311 πηλὸν
1535 277 1704 315 ψυχωθέντα
1726 280 1901 317 περιέρχεσθαι

1090 320 1140 354 τήν
1162 320 1326 357 οἰκουμένην
1352 321 1552 357 αὐτοχινήτως,
1579 323 1627 349 καὶ
1658 321 1901 360 οἰκοδομεῖν-τοῦτο

1091 364 1256 401 θαυμαστόν.
1273 365 1311 393 Τὸ
1336 365 1426 400 πηλὸν
1452 364 1601 402 διδάσκειν,
1626 368 1674 394 καὶ
1695 367 1797 402 λαλεῖν,
1812 370 1852 397 καὶ
1866 381 1902 398 τε-

1090 409 1236 444 κτονεύειν,
1279 410 1325 437 καὶ
1370 410 1533 448 βασιλεύειν·
1567 414 1654 439 τοῦτο
1698 414 1853 448 θαυμαπτόν,
1877 417 1902 443 Ὠ

1089 454 1182 482 τοίνυν
1198 454 1377 490 ἀμαθέστατοι
1406 454 1545 491 Ἰουδαῖοι,
1575 457 1661 489 πόθεν
1688 456 1777 493 Ἃδὰμ
1797 458 1903 495 έγένετο;

1093 499 1149 536 οὐχ
1163 499 1178 526 ὁ
1192 499 1257 530 Θεὸς
1271 502 1339 537 χοῦν
1356 497 1448 527 λαϐὼν
1466 500 1520 528 ἀπὸ
1543 504 1594 534 τῆς
1610 505 1675 539 γῆς,
1692 501 1791 530 ἔπλασε
1804 503 1833 530 τὸ
1845 503 1903 531 πλά-

1093 554 1149 580 σμα
1176 544 1258 571 τοῦτο
1285 544 1317 572 τὸ
1346 544 1514 581 θαυμάσιοη
1558 547 1638 581 Εἶτα,
1684 547 1775 582 πηλὸς
1809 548 1851 583 μέν
1875 550 1905 581 εἰς

1095 587 1238 626 ὀφθαλμὸν
1255 586 1469 625 μεταϐάλλεται,
1485 589 1530 617 καὶ
1546 590 1684 627 παρθένος
1705 591 1763 619 υἱὸν
1778 592 1810 619 οὐ
1824 596 1904 629 γεννᾷ;

1091 633 1131 661 Τὸ
1156 633 1193 664 ὡς
1219 633 1245 660 έν
1270 633 1423 670 ἀνθρώποις
1451 633 1581 662 ἀδύνατον
1615 634 1725 672 μᾶλλον
1753 636 1859 673 γίνεται,
1870 638 1905 665 καί

1091 678 1123 705 τὸ
1139 677 1279 716 ἐγχωροῦν
1293 679 1344 716 ἄρα
1359 678 1390 706 οὐ
1405 678 1526 717 γίνεταις

1128 768 1193 795 ΛΛ’.
1210 767 1320 796 Τούτων
1351 768 1581 806 μνημονεύωμεν,
1608 768 1739 809 ἀδελφοί·
1767 773 1823 801 τοῖς
1839 771 1904 808 ὀργα-

1092 822 1149 842 νοις
1161 811 1268 843 τούτοις
1294 812 1475 850 ἀμυντηρίοις
1505 813 1744 851 χρησώμεθα,Μὴ
1761 815 1904 852 ἀνεχώμεθπ

1091 858 1146 884 τῶν
1162 856 1316 894 αἰρετικῶν,
1346 859 1399 884 τῶν
1429 857 1497 885 κατά
1525 858 1676 897 φαντασίαν
1707 860 1756 894 τήν
1779 860 1904 897 παρουσίαν

1092 899 1287 930 διδασκόντων.
1317 902 1538 939 Καταπτύσωμεν
1567 905 1616 931 καί
1653 906 1708 931 τῶν
1734 903 1859 942 λεγόντων
1884 905 1903 940 ἐξ

1089 945 1188 984 ἀνδρὸς
1214 946 1260 974 καὶ
1284 948 1412 985 γυναικός
1434 948 1505 975 εἷναι
1532 949 1583 983 τήν
1615 949 1744 986 γέννησιν
1760 951 1806 976 τοῦ
1821 953 1903 984 Σωτῆ-

1090 1001 1137 1028 ρος
1150 994 1198 1028 (2)·
1214 994 1269 1019 τῶν
1285 990 1488 1028 τολμησάντων
1505 993 1605 1029 εἰπεῖν,
1632 993 1677 1021 ὅτι
1702 994 1735 1028 ἦν
1762 994 1790 1021 ἐκ
1802 995 1903 1022 1051m—

1089 1037 1144 1076 σὴφ
1172 1037 1217 1064 καὶ
1243 1039 1294 1070 τῆς
1321 1037 1439 1075 Μαρίας,
1469 1037 1514 1065 διὰ
1542 1039 1574 1066 τὸ
1605 1040 1770 1078 γεγράφθαι·
1788 1040 1834 1068 Καὶ
1846 1050 1901 1076 παρ-

1089 1079 1172 1109 έλαὸι
1212 1083 1262 1116 τὴν
1300 1085 1414 1119 γυναῖκα
1457 1082 1553 1113 αὐτοῦ,
1597 1085 1836 1121 Μνημονεύσιυμεν
1861 1085 1899 1122 γὰρ

1088 1129 1137 1154 τοῦ
1154 1124 1262 1161 Ἰακὼϐ,
1278 1129 1327 1155 τοῦ
1342 1128 1405 1166 πρὶν
1432 1126 1525 1156 λαϐεῖν
1547 1130 1598 1164 τήν
1616 1129 1727 1167 Ῥαχὴλ
1745 1129 1859 1167 λέγοντος
1872 1130 1900 1166 τῷ

1089 1169 1192 1199 Λάϐαν·
1231 1171 1350 1204 Ἀπόδος
1390 1173 1440 1208 τήν
1484 1175 1601 1212 γυναῖκά
1648 1185 1714 1211 μου.
1745 1176 1836 1212 Ὠσπερ
1861 1177 1898 1212 γὰρ

1090 1215 1179 1251 ἐκείνη
1209 1216 1263 1252 πρὸ
1290 1220 1340 1251 τῆς
1371 1221 1495 1255 γαμικῆς
1534 1220 1742 1253 καταστάσεως,
1770 1222 1807 1255 τῷ
1834 1219 1898 1256 μόνον

1091 1260 1255 1299 ἐπαγγελίαν
1272 1262 1352 1296 εἶναι,
1376 1263 1444 1300 γυνή
1473 1265 1522 1290 τοῦ
1550 1262 1652 1293 Ἰακὼϐ
1669 1264 1830 1301 ὦνομάζετο³
1843 1264 1897 1291 οὕτω

1088 1306 1134 1333 καί
1163 1306 1180 1339 ἡ
1211 1307 1313 1344 Μαρία,
1342 1309 1383 1343 τῷ
1413 1312 1629 1345 μνηπιυθῆναι,
1660 1310 1731 1347 γυνὴ
1758 1311 1804 1337 τοῦ
1818 1309 1896 1346 Ἰωσὴφ

1089 1350 1261 1387 ὠνομάζετο.
1291 1351 1340 1379 Καὶ
1371 1351 1456 1389 βλέπε
1484 1352 1533 1380 τοῦ
1561 1354 1740 1392 Εὐαγγελίου
1767 1355 1812 1388 τήν
1838 1353 1896 1390 ἀκρί-

1089 1393 1177 1431 δαιανν
1196 1395 1325 1433 λέγοντος
1355 1398 1403 1434 (3)·
1434 1397 1477 1425 Ἐν
1507 1397 1536 1426 δὲ
1565 1401 1606 1435 τῷ
1639 1399 1708 1435 μηνὶ
1722 1401 1761 1435 τῷ
1773 1397 1894 1434 ἓκτῳ,ἆπ-

1089 1439 1190 1474 εστάλη
1219 1439 1335 1478 ἄγγελος
1364 1439 1490 1479 Γαϐριὴλ
1518 1443 1573 1471 ἀπὸ
1601 1446 1653 1471 τοῦ
1683 1446 1752 1472 Θεοῦ
1780 1443 1812 1474 είς
1830 1442 1892 1468 πόλιν

1087 1489 1139 1520 τῆς
1165 1485 1313 1518 Γαλιλαίας
1342 1486 1361 1524 ᾖ
1390 1487 1478 1524 ὄνομα
1516 1489 1657 1527 Ναζαρὲθ,
1693 1489 1761 1527 πρὸς
1787 1487 1891 1525 παρθένον

1090 1531 1332 1567 μεμνηστευμένην
1360 1530 1438 1569 ἀνδρὶ
1465 1533 1488 1569 ᾧ
1519 1530 1609 1569 ὄνομα
1640 1534 1753 1572 Ἰωσήφ,
1777 1533 1816 1561 καὶ
1837 1531 1892 1567 557K-

1092 1575 1142 1602 Καὶ
1172 1574 1265 1611 πάλιν,
1295 1575 1340 1604 ὅτε
1369 1577 1386 1611 ὴ
1416 1577 1565 1617 ἀπογραφὴ
1581 1578 1692 1614 ἦν,καὶ
1721 1576 1797 1612 ἀνέϐη
1814 1577 1892 1612 Ἰωσὴφ

1091 1618 1311 1658 ἀπογράψαϐθαι,
1340 1621 1366 1649 τί
1393 1620 1466 1660 λέγει
1495 1624 1513 1657 ἡ
1543 1625 1660 1663 Γραφή;
1691 1621 1786 1658 ’Λνέὸη
1813 1621 1838 1649 δὶ
1860 1619 1892 1648 καὶ

1091 1665 1192 1705 Ἰωσὴφ
1235 1666 1288 1693 ἀπὸ
1333 1669 1384 1702 τῆς
1431 1666 1590 1703 Γαλιλαίας,
1630 1668 1827 1707 ἀπογράψασθαι
1857 1665 1890 1692 σὺν

1089 1710 1207 1748 Μαριὰμ
1242 1712 1277 1747 τῇ
1317 1712 1544 1750 μεμνηστευμένῃ
1581 1714 1660 1750 αὐτῷ
1697 1712 1809 1752 γυναικὶ,
1838 1708 1890 1745 οὔσῃ

1087 1754 1187 1792 ίΥκύΨ
1204 1754 1300 1793 ἔγκύος
1324 1757 1371 1792 μὲν
1396 1757 1446 1794 γὰρ
1473 1757 1520 1792 ἦν.
1548 1758 1610 1786 Οὐκ
1634 1760 1694 1787 εἷπε
1720 1757 1757 1792 δὲ,
1785 1756 1841 1789 Su;
1864 1755 1888 1789 τῇ

1088 1800 1197 1837 γυναικὶ
1235 1800 1329 1835 αὐτοῦ,
1367 1800 1451 1836 ἀλλὰ,
1489 1804 1524 1838 τῇ
1569 1803 1792 1840 μεμνηστευμένῃ
1825 1799 1889 1834 αὐτῷ.

1196 1864 1218 1882 ¹³
1239 1866 1300 1892 Γίίί.
1318 1870 1372 1893 cat.
1390 1867 1416 1900 7,
1435 1875 1463 1894 n.
1482 1869 1508 1901 7,
1525 1871 1550 1895 ει
1565 1876 1629 1903 sup.
1646 1877 1675 1895 n.
1694 1868 1719 1894 3.
1772 1866 1792 1885 ¹⁴
1805 1863 1886 1893 Matth-

1127 1963 1296 2001 (tiProptcr
1324 1965 1560 1999 (insponsnlionem
1590 1974 1674 1998 uxor,
1705 1968 1758 1992 etc.
1784 1961 1887 2001 Diversis

1092 1997 1250 2037 Scripturae
1262 1997 1407 2037 exemplis
1419 2003 1447 2027 et
1458 2002 1643 2036 argumentis
1656 2001 1777 2037 probare
1788 1997 1888 2027 conuiti-

1093 2038 1139 2061 tur
1155 2035 1286 2068 Mariam,
1305 2036 1410 2062 saltem
1437 2035 1505 2063 ante
1522 2038 1631 2065 Christi
1650 2035 1831 2068 nativitatem.
1844 2039 1889 2060 non

1092 2079 1224 2109 uxorem,
1243 2072 1294 2109 scd
1311 2071 1519 2107 desponsatam
1548 2078 1663 2102 tantum
1684 2072 1795 2108 Iosephi
1810 2069 1888 2109 fuisse.

1092 2107 1175 2133 Forte
1192 2108 1293 2145 uxoris
1310 2109 1432 2145 nomine
1449 2109 1591 2145 intelligit
1614 2118 1679 2137 eam
1695 2107 1758 2144 (ιιιίύ
1773 2114 1829 2145 cum
1844 2107 1888 2130 Viro

1091 2143 1337 2181 consuetudinem
1352 2144 1454 2177 habet;
1468 2142 1590 2173 uxorem
1601 2142 1713 2181 negans
1723 2142 1887 2181 Josephiquﬂ

205 2178 356 2213 duplicem
375 2186 439 2204 esse
456 2177 550 2209 docet,
570 2185 604 2203 ex
628 2178 728 2215 animo
753 2178 939 2215 incorporeo,
957 2181 985 2204 et
1001 2186 1035 2204 οξ(
1054 2179 1074 2210 Ι)
1092 2178 1126 2204 ab
1144 2178 1195 2205 illo
1228 2183 1289 2206 toro
1321 2183 1457 2215 separata
1477 2184 1549 2208 orat.
1579 2177 1686 2209 Verum
1702 2177 1888 2215 communisea

207 2223 330 2248 corpore
360 2217 535 2243 constatem,
567 2213 817 2248 quemadmodum
842 2217 871 2240 et
886 2215 1035 2240 Christum

206 2259 235 2278 n.
245 2252 334 2280 9.6M,
348 2251 374 2281 4,
386 2249 534 2283 duplicem
547 2249 726 2281 dixit,Deum
742 2249 1037 2281 invisibiliterJromi-

207 2295 274 2313 nem
293 2286 458 2312 \‘isibilitrr.
477 2286 613 2312 Animam
645 2286 751 2312 iterum
772 2285 990 2320 incorporeum,
1008 2289 1036 2312 et

202 2323 334 2349 similem
355 2322 539 2357 incorporere
552 2321 678 2356 Spiritus
695 2321 788 2348 sancti
804 2324 929 2353 naturm,
946 2322 1036 2348 tradit

202 2362 258 2386 cat.
284 2361 327 2391 l7,
344 2366 369 2385 ει.
390 2359 430 2385 l4.
445 2358 492 2384 Ait
504 2366 567 2384 eam
585 2357 865 2392 praestantissimum
879 2366 954 2393 Opus
970 2366 1034 2384 esse

204 2394 368 2422 conditoris
384 2397 439 2421 cat.
453 2395 479 2422 4.
493 2402 522 2420 11.
540 2394 581 2420 18.
598 2394 629 2420 In
644 2401 769 2420 numero
781 2393 976 2420 invisibilium
990 2402 1035 2421 re-

203 2440 270 2458 rum
287 2430 515 2465 comprehendit
529 2432 585 2456 cat.
605 2430 647 2462 ll,
664 2437 693 2456 n.
715 2430 759 2462 24,
782 2432 811 2456 et
826 2432 882 2456 cat.
899 2431 925 2461 9,
943 2438 972 2456 n.
992 2431 1033 2457 l6.

203 2467 322 2494 Nullum
335 2467 364 2493 in
377 2466 486 2494 animis
495 2466 625 2492 virorum
637 2473 671 2492 ac
682 2465 861 2492 feminarum
873 2465 1033 2493 discrimen

203 2503 316 2534 statuit.
330 2503 522 2537 animamque
535 2501 736 2528 immortalem
748 2500 878 2528 afﬁrmat
891 2504 946 2528 cat.
960 2503 985 2528 4.
1004 2511 1033 2529 n.

202 2540 246 2565 20.
264 2540 307 2567 Ita
322 2539 433 2566 refellit
448 2547 498 2566 eos
510 2538 560 2572 qui
577 2537 705 2567 animas.
721 2540 884 2572 antequam
900 2538 930 2564 in
947 2546 1035 2565 mun—

204 2574 275 2601 dum
287 2575 639 2609 adventarent,peccassc
652 2573 781 2606 aiebant,
796 2576 829 2600 ut
838 2582 886 2601 eas
899 2574 955 2601 huc
969 2577 1033 2601 tan-

205 2617 293 2644 quam
311 2610 340 2637 in
357 2611 487 2638 alienum
505 2610 602 2637 solum
626 2609 782 2636 advenisse
800 2610 884 2637 fateri
901 2610 1036 2637 videatur

205 2648 261 2672 cat.
278 2647 304 2677 4,
321 2654 351 2672 n.
371 2648 412 2672 l9.
431 2646 567 2673 Animam
585 2644 743 2672 celerrimo
759 2648 912 2673 momento
928 2649 1036 2672 cuncta

205 2681 308 2708 mundi
333 2682 427 2716 spatia
456 2682 623 2708 discurrere
653 2681 695 2708 ait
723 2684 778 2709 cat.
797 2683 823 2715 6,
841 2690 870 2708 n.
888 2683 914 2715 2,
931 2681 1034 2709 mundi

206 2716 349 2743 terminos
366 2717 572 2749 circumohire,
589 2719 645 2744 cat.
675 2718 701 2750 5,
727 2726 756 2744 n.
776 2720 819 2745 ll.
836 2725 900 2744 sese
916 2717 1003 2753 longe
1020 2725 1036 2744 a

206 2760 329 2787 corpore
343 2753 373 2779 in
387 2761 433 2779 res
444 2753 563 2780 dissitas
574 2755 604 2779 et
616 2752 646 2779 in
659 2753 748 2781 caelos
764 2762 859 2789 usque
872 2752 1033 2788 porrigere,

208 2791 263 2814 cat.
282 2789 325 2821 16,
342 2796 371 2815 n.
387 2789 428 2821 16,
445 2790 487 2822 17,
503 2789 542 2815 18.
557 2789 623 2815 Hinc
634 2796 730 2824 neque
743 2798 810 2816 cum
823 2789 923 2816 anima
936 2798 1036 2824 corpo-

208 2831 259 2850 rea
286 2831 384 2860 neque
415 2832 482 2850 cum
513 2824 665 2851 exordium
695 2825 824 2852 habente
849 2833 884 2852 ex
900 2833 1035 2860 corpore,

209 2859 361 2887 conciliari
377 2862 512 2895 possunt.

1092 2215 1210 2253 Graecos
1225 2215 1303 2253 inter
1314 2219 1345 2253 et
1355 2212 1472 2243 Latinos
1484 2217 1585 2244 Patres
1600 2218 1700 2253 opinio
1716 2217 1776 2253 fuit,
1792 2212 1886 2253 Maricﬂl

1092 2250 1211 2276 nonnisi
1228 2251 1346 2286 .losephi
1371 2260 1510 2287 sponsam
1528 2250 1697 2281 existitisse.
1715 2252 1744 2280 Id
1759 2251 1886 2287 Gregorllll

1091 2287 1240 2324 Nyssenus
1257 2285 1359 2314 hoinil.
1379 2285 1408 2314 in
1426 2288 1520 2315 Natal.
1539 2290 1646 2317 Christi
1661 2297 1715 2324 pag
1736 2288 1794 2318 347,
1804 2285 1829 2312 in
1839 2289 1887 2324 (Ἠξί-

1092 2322 1215 2349 busdam
1232 2324 1410 2358 apocryphis
1440 2325 1587 2352 contineri
1617 2322 1669 2357 ait,
1689 2322 1752 2359 quas
1768 2323 1883 2359 tamen}!!!

1090 2354 1545 2391 Evanchio-dem'o-nstrationem
1558 2354 1690 2389 veritatis
1698 2354 1883 2395 habeanti’el‘!

1090 2394 1287 2433 nihilominus
1314 2396 1441 2433 aliorum
1457 2398 1578 2424 Patrum
1594 2397 1693 2433 opinio
1709 2398 1759 2433 est,
1768 2394 1882 2433 omni“?

1086 2430 1156 2469 ,ἱειωὲ
1168 2431 1372 2469 theologorum
1389 2432 1513 2469 calculis
1527 2429 1699 2469 approbata,
1710 2429 1818 2469 Mariam
1829 2430 1881 2469 νςξίξ

1090 2460 1228 2502 conjugio
1244 2460 1371 2502 Jousepho
1397 2460 1574 2496 devinctaml
1587 2460 1698 2497 fuisse,
1712 2467 1786 2494 Hanc
1802 2460 1881 2502 multis

1091 2500 1164 2529 locis
1179 2500 1278 2529 tuetur
1291 2500 1482 2539 Augustinus,
1496 2506 1661 2540 praesertim
1673 2504 1708 2531 De
1721 2500 1826 2540 παρτ-ξς

1090 2540 1177 2572 cupis.
1195 2547 1280 2573 capp.
1299 2529 1386 2566 licet,
1396 2529 1731 2573 in.
1746 2529 1784 2573 f6:
1797 2533 1835 2573 2'3
1846 2529 1881 2573 263

1090 2571 1187 2612 §O,ubi
1202 2571 1412 2612 pno'batlesum
1419 2571 1518 2603 verius
1525 2586 1613 2612 quam
1621 2571 1741 2611 simplici
1751 2571 1881 2612 ιιᾴρριῇεξξ

1089 2607 1208 2645 Josephi
1226 2611 1320 2638 filium
1334 2620 1399 2638 esse
1412 2621 1418 2644 ;
1435 2621 1504 2639 cum
1515 2607 1549 2639 ex
1563 2613 1652 2641 Maria
1666 2607 1748 2639 natus
1762 2607 1802 2645 sit,
1813 2607 1878 2645 οωιξ

1090 2641 1213 2681 corpore
1221 2647 1290 2684 jure
1302 2641 1443 2684 coniugii.
1455 2657 1507 2683 per
1518 2648 1597 2676 chari
1604 2652 1690 2677 tatem
1704 2644 1800 2684 melius
1809 2641 1879 2684 illim

1091 2675 1349 2720 per-concubitum
1361 2675 1484 2716 astricti,
1496 2675 1779 2720 Iosephoirproprium
1793 2675 1850 2720 613i;

1109 2705 1793 2781 fuissetis"testamenta.
1808 2705 1876 2738 Goisl-

1090 2762 1119 2781 θι
1134 2762 1204 2781 ΜΘΗ.

1127 2762 1323 2825 (ἓῖᾓεγοντος.
1340 2791 1381 2818 Ex
1396 2791 1481 2819 codd.
1501 2793 1560 2820 Roe
1577 2795 1606 2821 et
1627 2789 1740 2821 Casaub.
1755 2793 1785 2814 ac
1797 2777 1875 2810 Grod.,

1091 2833 1158 2852 cum
1174 2826 1303 2854 habeant
1316 2827 1399 2862 editi,
1417 2826 1559 2864 λέγουσαν.
