4014 6372
205 394 327 460 773

844 407 1329 472 CATEGHESIS
1370 408 1538 470 XIII.
1587 408 1690 469 DE
1733 406 2071 471 CHRISTO
2117 409 2540 473 CRUCIFIXO
2585 413 2684 475 ET
2727 414 3104 478 SEPULTO.

3571 421 3689 480 774

288 534 374 592 B'.
409 538 535 594 Καὶ
606 542 697 613 μὴ
728 540 1005 617 θαυμάσῃς
1061 540 1105 596 εἲ
1162 540 1372 614 κόσμος
1424 536 1561 602 ὅλος
1607 538 1915 615 ἐλυτρώθη.

2104 543 2174 597 lI.
2210 544 2410 616 Neque
2460 544 2569 600 tibi
2624 546 2847 603 mirum
2896 548 3183 617 videatur,
3242 553 3435 606 totum
3482 552 3689 608 orbem

234 623 312 683 Οὔ
341 625 452 702 γὰρ
486 628 565 697 ἦν
607 628 906 705 ἅνθρωπος
953 629 1121 704 ψιλὸς
1174 628 1321 685 ἀλλᾶ
1376 630 1503 692 Υἱὸς
1555 632 1694 685 Θεοῦ
1755 649 1926 702 μονο-

242 716 433 792 γενὴς,
493 718 524 772 ὁ
607 720 1108 794 ὑπεραποθνήσιιων
1144 763 1159 777 .
1220 719 1474 795 Καίτοιγε
1530 717 1750 794 ἴσχυσεν
1809 717 1929 782 ἑνὸς

256 804 454 882 ἀνδρὸς
483 813 589 862 τοῦ
656 807 840 882 Ἀδὰμ
896 811 931 880 ἡ
999 808 1260 883 ἁμαρτία,
1320 809 1545 865 θάνατον
1602 807 1928 884 ἐνέγκαιτῷ

256 897 475 971 κόσμῳ.
520 897 590 952 Ei
645 896 708 953 δὲ
761 903 841 972 τῷ
894 900 1297 973 παραπτώματι
1352 903 1450 955 τοῦ
1502 898 1640 968 ἐνὸς,
1701 898 1926 958 θάνατος

252 984 613 1044 ἐϐασίλευσεν
671 995 752 1053 είς
806 993 899 1046 τὸν
951 991 1183 1065 κόσμον⁸
1239 995 1361 1053 πῶς
1411 991 1544 1065 οὐχί
1590 988 1801 1063 μᾶλλον
1853 990 1924 1062 τῇ

252 1075 587 1154 δικαιοσύνῃ
619 1083 719 1136 τοῦ
750 1078 865 1142 ἐνὸς
908 1082 943 1150 ἡ
981 1081 1094 1150 ζωὴ
1160 1080 1468 1156 βασιλεύσει
1501 1099 1517 1151 ;
1576 1081 1668 1135 καὶ
1727 1078 1774 1133 εί
1801 1079 1927 1134 τότε

251 1164 346 1223 διὰ
376 1170 446 1223 τὸ
477 1168 641 1239 ξύλον
684 1176 786 1239 τῆς
840 1167 1096 1245 βρώσεως
1141 1163 1514 1241 ἐξεϐλήθησαν
1559 1168 1621 1223 ἐκ
1663 1166 1926 1240 παραδεί-

246 1274 377 1312 σου⁶
418 1259 526 1333 ἄρα
577 1255 664 1313 διὰ
718 1257 781 1314 τό
840 1257 1001 1331 ξύλον
1055 1259 1259 1330 Ἰησοῦ,
1316 1262 1408 1313 νῦν
1465 1258 1837 1334 εὐκοπώτερον
1871 1256 1925 1312 οἱ

247 1348 619 1410 πιστεύοντες
653 1347 733 1411 εἲς
786 1345 1112 1424 παράδεισον
1171 1347 1271 1404 οὐκ
1326 1346 1725 1405 εἰσελεύσονται
1759 1366 1773 1418 ;
1807 1346 1868 1403 El
1894 1347 1923 1401 ὁ

239 1437 707 1513 πρωτόπλαστος
757 1436 864 1493 ἀπὸ
915 1443 1017 1513 γῆς
1071 1434 1294 1511 ἤνεγκεν
1349 1436 1727 1511 οἲκουμενικὸν
1760 1437 1924 1502 θάνα-

241 1545 374 1582 τον·
414 1526 686 1589 ὁπλάσας
740 1526 905 1582 αὐτὸν
962 1528 1069 1583 ἀπὸ
1125 1533 1253 1603 γῆς,
1286 1529 1392 1604 ἄρα
1443 1526 1504 1583 οὐ
1563 1526 1712 1605 φέρει
1774 1527 1921 1597 ζωὴν

253 1615 518 1689 αἰώνιον,
576 1616 741 1678 αὐτὸς
773 1612 847 1670 ὤν
875 1618 910 1686 ἡ
945 1618 1058 1687 ζωή
1088 1637 1104 1687 ς
1156 1616 1221 1671 El
1282 1617 1472 1680 Φινεὲς
1523 1616 1805 1687 ζηλώσας,
1831 1616 1923 1671 καὶ

254 1706 480 1762 ἀνελὼν
514 1708 588 1780 (1)
617 1706 709 1761 τὸν
764 1705 1152 1781 αἱσχροποιὸν,
1179 1707 1484 1763 κατέπαυσε
1510 1710 1608 1763 τοῦ
1657 1709 1792 1761 Θεοῦ
1819 1706 1920 1776 τὴν

245 1796 456 1869 ὀργήν·
484 1796 696 1865 Ἰησοῦς
748 1793 848 1850 οὐκ
877 1795 1049 1851 ἄλλον
1106 1794 1338 1865 ἀνελὼν,
1370 1794 1499 1852 ἀλλ’
1551 1795 1738 1851 ἑαυτὸν
1773 1792 1922 1851 ἀντί-

236 1885 460 1961 λυτρον
494 1881 793 1956 παραδοὺς,
814 1884 917 1962 ἄρα
944 1884 1047 1955 τὴν
1073 1884 1243 1960 ὀργὴν
1276 1884 1339 1941 οὗ
1372 1882 1491 1942 λύει
1522 1886 1624 1956 τήν
1656 1883 1793 1941 κατὰ
1810 1888 1921 1940 τῶν

234 1974 571 2049 ἀνθρώπων
602 1995 624 2042 ;

331 2154 414 2211 1'".
446 2155 537 2222 Μὴ
566 2152 745 2208 τοίνυν
804 2152 1265 2229 ἐπαισχυνώμεθα
1316 2158 1400 2228 τῷ
1428 2157 1643 2231 σταυρῷ
1669 2157 1767 2210 τοῦ
1800 2158 1923 2209 Σω-

233 2248 454 2317 τῆρος,
487 2239 638 2298 ἀλλὰ
671 2241 888 2316 μᾶλλον
943 2241 1367 2320 ἐγκαυχώμεθα.
1409 2244 1470 2302 Ὁ
1498 2244 1601 2321 γάρ
1632 2242 1797 2320 λόγος
1823 2245 1921 2298 τοῦ

229 2337 520 2407 σταυροῦ,
589 2332 875 2395 Ἰουδαίοις
937 2330 1032 2405 μέν
1091 2333 1203 2391 ἐστι
1255 2331 1580 2404 σκάνδαλον,
1638 2331 1812 2391 ἔθνεσι
1862 2328 1922 2390 δὶ

241 2423 467 2496 μωρία,
497 2424 638 2496 ἡμῖν
670 2420 729 2478 δὲ
759 2422 1025 2497 σωτηρία.
1070 2425 1169 2480 Καὶ
1214 2428 1334 2489 τοῖς
1364 2426 1461 2498 μὶν
1509 2424 1920 2501 ἀπολλυμένοις

246 2513 449 2587 μωρία
475 2513 607 2568 ἐστί’
639 2518 758 2576 τοῖς
810 2509 869 2568 δὲ
926 2512 1265 2587 σωζομένοις
1296 2516 1455 2588 ἡμῖν,
1507 2511 1739 2590 δύναμις
1781 2522 1917 2575 Θεοῦ

259 2600 440 2658 ἔστιν.
473 2602 543 2660 Οὐ
572 2603 678 2678 γὰρ
707 2603 775 2673 ἦν
823 2600 989 2676 ψιλὸς
1020 2601 1325 2678 ἄνθρωπος,
1383 2606 1562 2669 καθὼς
1620 2605 1855 2682 εἴρηται,
1888 2610 1917 2664 ὁ

257 2692 761 2765 ὑπεραποθνήσκων
794 2736 811 2764 ,
872 2690 1018 2747 ἀλλὰ
1102 2693 1228 2755 Υἱὸς
1282 2698 1417 2750 Θεοῦ
1466 2696 1594 2758 Θεὸς
1651 2696 1914 2773 ένανθρω-

248 2783 459 2852 πήσας,
494 2783 647 2852 Εἶτα,
677 2782 741 2837 τὸ
775 2783 870 2854 μὲν
917 2781 1006 2837 ἐπὶ
1065 2784 1312 2845 Μωσέως
1362 2780 1642 2859 πρόϐατον
1705 2790 1913 2865 μακρὰν

242 2870 516 2941 ἀπήλασε
542 2871 634 2926 τὸν
667 2869 1056 2946 ὀλοθρεύοντα·
1083 2872 1148 2928 τὸ
1179 2869 1237 2928 δὲ
1272 2877 1370 2928 τοῦ
1426 2878 1561 2930 Θεοῦ
1616 2871 1911 2948 πρόϐατον,

232 2963 303 3017 τὸ
336 2965 498 3037 αἷρον
532 2963 633 3031 τήν
663 2963 931 3038 ἁμαρτίαν
963 2966 1060 3017 τοῦ
1106 2962 1341 3037 κόσμου,
1368 2964 1513 3021 πολὺ
1566 2965 1780 3040 μᾶλλον
1815 2968 1914 3025 οὐκ

238 3051 557 3127 ἠλευθέρου
598 3056 707 3106 τῶν
765 3052 1100 3127 ἁμαρτιῶν;
1154 3053 1337 3109 Ἀλλὰ
1363 3055 1426 3110 τὸ
1486 3055 1581 3129 μὶν
1634 3056 1771 3130 αἷμα
1813 3063 1911 3114 τοῦ

242 3141 460 3218 ἀλόγου
494 3136 777 3218 προϐάτου
832 3142 931 3211 τήν
987 3141 1262 3217 σωτηρίαν
1319 3149 1576 3220 παρεῖχε,
1632 3148 1697 3203 τὸ
1728 3145 1786 3203 δὲ
1812 3154 1910 3205 τοῦ

240 3235 597 3307 Μονογενοῦς
629 3229 773 3286 πολὺ
809 3230 1020 3305 μᾶλλον
1053 3230 1114 3286 οὖ
1137 3231 1298 3301 σώζει
1324 3251 1338 3302 ;
1374 3231 1445 3291 Ei’
1466 3254 1550 3298 τις
1594 3235 1814 3293 ἀπιστεῖ
1839 3241 1911 3313 τῇ

2033 631 2409 705 redemptum
2441 650 2590 691 esse.
2622 634 2669 672 ⁴⁹
2702 640 2829 693 Non
2876 638 3036 694 enim
3087 638 3286 696 nudus
3336 641 3535 712 homo,
3586 642 3690 698 sed

2031 722 2372 795 unigenitus
2403 725 2506 781 Dei
2537 726 2720 784 Filius
2752 734 2897 795 erat,
2950 726 3052 801 qui
3080 746 3150 786 ea
3180 747 3360 787 causa
3392 733 3691 789 morieba-

2030 816 2147 870 tur.
2180 816 2250 869 Et
2270 814 2513 886 quidem
2543 817 2722 873 unius
2749 818 2858 873 viri
2886 818 3077 875 Adam
3100 827 3412 892 peccatum
3435 829 3689 880 mortem

2029 902 2252 959 inferre
2292 906 2516 961 mundo
2550 906 2734 963 valuit
2777 908 2872 979 (3).
2930 909 2985 963 Si
3035 915 3237 966 autem
3275 912 3457 968 unius
3513 914 3691 970 ruina

2030 1010 2190 1049 mors
2221 996 2489 1068 regnavit
2509 995 2570 1052 in
2601 996 2895 1053 mundum
2916 997 2984 1065 ⁸ο,
3007 1016 3113 1054 cur
3133 1017 3255 1056 non
3285 1002 3476 1057 multo
3504 1005 3694 1074 magis

2028 1099 2136 1156 per
2165 1085 2343 1140 unius
2365 1084 2667 1156 justitiam
2698 1092 3017 1160 regnatura
3049 1089 3125 1144 sit
3152 1090 3273 1145 vita
3293 1090 3322 1146 ‘I
3349 1093 3420 1146 Et
3470 1093 3518 1147 si
3550 1098 3694 1150 tunc

2028 1188 2137 1244 per
2178 1173 2406 1246 lignum
2465 1175 2538 1231 de
2579 1193 2695 1247 quo
2757 1176 3012 1233 ederunt
3053 1178 3073 1252 [
3110 1184 3389 1251 parentes
3450 1182 3691 1257 nostri]

2030 1262 2205 1335 ejecti
2237 1268 2377 1320 sunt
2400 1264 2472 1320 de
2521 1266 2797 1338 paradiso
2829 1267 2872 1303 ⁵1
2900 1284 2914 1335 ;
2947 1284 3092 1323 num
3151 1286 3259 1342 per
3286 1271 3424 1326 Jesu
3456 1271 3689 1345 lignum

2031 1368 2194 1408 nunc
2226 1353 2413 1409 multo
2446 1354 2681 1411 facilius
2711 1356 2774 1412 in
2816 1357 3160 1428 paradisum
3209 1377 3331 1415 non
3358 1361 3687 1433 ingressuri

2030 1446 2171 1497 sunt
2191 1443 2503 1500 credentes
2528 1445 2555 1500 ?
2578 1445 2635 1500 Si
2658 1445 2888 1518 primus
2911 1446 3225 1503 hominum
3244 1449 3315 1505 de
3337 1456 3492 1507 terra
3514 1452 3688 1509 ﬁctus

2029 1532 2426 1589 universalem
2456 1540 2711 1591 mortem
2754 1535 2990 1605 attulit;
3053 1538 3155 1610 qui
3213 1539 3386 1594 illum
3446 1541 3618 1596 ﬁnxit
3657 1558 3688 1597 ο

2030 1623 2189 1677 terra
2207 1621 2276 1690 ⁸³,
2308 1639 2529 1689 nonne,
2553 1641 2689 1680 cum
2720 1624 2848 1697 ipse
2882 1625 2959 1681 sit
2982 1626 3098 1682 vita
3116 1626 3182 1693 ⁵⁸,
3209 1632 3493 1685 aeternam
3511 1631 3689 1688 vitam

2028 1710 2279 1769 aﬂ‘eret?
2307 1712 2365 1768 Si
2398 1714 2654 1770 Phinees
2678 1713 2802 1770 zelo
2834 1731 3147 1785 accensus,
3190 1716 3548 1791 interempto
3582 1721 3692 1776 fas-

2031 1799 2120 1855 dm
2150 1801 2403 1858 actionis
2432 1809 2695 1870 auctore,
2733 1805 2885 1861 iram
2929 1806 3033 1861 Dei
3086 1806 3340 1878 placavit
3367 1807 3447 1877 ⁸⁴;
3497 1810 3687 1881 Jesus,

2029 1906 2153 1945 non
2172 1891 2358 1948 alium
2378 1892 2768 1961 interﬁciens,
2792 1894 2897 1950 sed
2920 1897 3309 1969 semetipsum
3330 1899 3395 1954 in
3425 1900 3686 1971 pretium

2038 1979 2280 2037 tradens
2308 1980 2379 2050 ⁵⁸,
2412 1982 2687 2054 nunquid
2715 1982 2866 2039 iram
2911 1984 3191 2041 adversus
3240 1986 3515 2044 homines
3564 2005 3687 2047 non

2034 2069 2315 2128 dissslvet
2341 2070 2369 2127 ?
3066 2130 3069 2133 Α

2105 2161 2202 2216 IlI.
2236 2164 2317 2217 Ne
2348 2178 2459 2218 nos
2490 2161 2690 2234 itaque
2726 2161 2949 2234 pudeat
2978 2164 3168 2219 crucis
3200 2164 3537 2235 Salvatoris,
3562 2168 3682 2225 imo

2031 2250 2228 2322 potius
2260 2249 2331 2306 de
2362 2267 2433 2307 ea
2451 2250 2794 2322 gloriemur.
2840 2251 3093 2307 Verbum
3139 2253 3300 2308 enim
3350 2255 3542 2311 crucis
3589 2256 3686 2311 Ju-

2033 2338 2179 2395 daais
2208 2340 2450 2411 quidem
2482 2339 2830 2396 scandalum
2862 2344 2972 2408 est,
3002 2341 3332 2413 gentilibus
3357 2360 3493 2398 vero
3541 2345 3690 2400 stul-

2034 2430 2164 2486 titia
2190 2428 2259 2495 ‘5,
2293 2435 2351 2485 et
2380 2429 2553 2485 nobis
2586 2428 2767 2487 salus.
2797 2430 2868 2484 Et
2894 2428 2989 2484 his
3019 2430 3261 2501 quidem
3289 2432 3390 2502 qui
3412 2438 3686 2503 pereunt,

2032 2518 2286 2574 stultitia
2306 2523 2436 2586 est;
2470 2517 2643 2574 nobis
2694 2523 2894 2573 autem
2925 2517 3028 2589 qui
3081 2518 3223 2573 salvi
3278 2520 3475 2588 ﬁmus,
3503 2522 3685 2576 virtus

2031 2609 2132 2664 Dei
2192 2615 2283 2665 est
2306 2606 2375 2665 ⁵⁷.
2408 2611 2536 2664 Non
2567 2607 2729 2663 enim
2781 2608 2935 2664 sicut
2987 2612 3074 2662 est
3126 2607 3350 2664 dictum
3372 2609 3437 2678 ⁸⁸,
3487 2613 3686 2667 nudus

2029 2698 2208 2755 homo
2241 2705 2369 2754 erat
2398 2698 2500 2769 qui
2544 2696 2735 2753 nostri
2777 2698 2966 2770 gratia
3011 2699 3418 2769 moriebatur;
3454 2702 3557 2757 sed
3595 2704 3684 2759 Fi-

2029 2788 2146 2844 lius
2177 2788 2281 2844 Dei
2310 2789 2484 2856 Deus,
2518 2787 2696 2842 homo
2728 2787 2938 2842 factus.
2972 2788 3118 2841 Tum
3158 2804 3315 2856 vero,
3362 2806 3550 2862 agnus
3583 2792 3684 2848 ille

2028 2879 2243 2951 Moysis
2274 2879 2546 2933 instituto
2577 2882 2871 2932 mactatus
2902 2877 3109 2949 procul
3140 2877 3381 2933 arcebat
3428 2886 3685 2937 vastato-

2026 2983 2156 3024 rem
2184 2965 2276 3036 59;
2323 2970 2522 3039 Agnus
2585 2971 2784 3021 autem
2844 2967 2946 3020 Dei
3006 2966 3107 3037 qui
3169 2966 3325 3021 tollit
3375 2975 3686 3040 peccatum

2028 3057 2237 3114 mundi
2262 3058 2327 3126 ⁸ο,
2362 3073 2562 3113 nonne
2595 3056 2783 3111 multo
2813 3056 2999 3128 magis
3028 3072 3063 3111 a
3092 3057 3351 3127 peccatis
3385 3057 3684 3115 liberarit?

2028 3149 2110 3203 Ac
2128 3147 2368 3217 sanguis
2390 3146 2633 3219 quidem
2656 3144 3086 3202 irrationabilis
3108 3146 3229 3201 ovis
3252 3146 3505 3203 salutem
3527 3149 3689 3204 exhi-

2027 3236 2240 3304 bebat;
2276 3235 2576 3309 Unigeniti
2606 3252 2742 3291 vero
2776 3235 3017 3308 sanguis
3048 3251 3170 3289 non
3196 3237 3384 3309 magis
3428 3238 3685 3295 salutem

244 3290 484 3395 δυνάμει
541 3290 638 3375 τοῦ
728 3290 1150 3395 στάυρωθέντος,
1224 3290 1548 3393 έξεταζέτω’
1588 3324 1718 3389 τοὺς

2032 3290 2306 3383 all’erat’?‘
2329 3290 2572 3396 Siuquis
2614 3290 2920 3380 Cruciﬂxiu
2938 3324 3141 3378 virtuti
3190 3290 3517 3383 incheditus
3572 3334 3683 3397 est,

245 3431 444 3485 μοναςο
481 3408 529 3466 εἳ
559 3431 642 3473 τις
676 3410 745 3466 οὐ
779 3410 1024 3466 πιστεύει
1052 3416 1170 3473 τοῖς
1202 3409 1412 3487 λόγοις,
1470 3416 1768 3472 πιστευέτω
1796 3422 1916 3479 τοῖς

2032 3419 2447 3487 percunctetur
2477 3413 2817 3481 daemonas;
2853 3413 2902 3469 si
2933 3412 3070 3484 quis
3096 3414 3293 3471 verbis
3325 3432 3447 3471 non
3472 3418 3684 3489 credit,

237 3502 623 3577 φαινομένοις.
668 3498 880 3555 Πολλοὶ
936 3500 1071 3555 κατᾶ
1126 3501 1224 3570 τὴν
1281 3496 1613 3574 οἰκουμένην
1638 3502 1914 3581 ἐσταυριῦ-

2032 3504 2201 3561 rebus
2232 3504 2573 3575 conspicuis
2595 3503 2820 3559 credat.
2855 3502 3018 3558 Multi
3049 3519 3155 3574 per
3186 3504 3392 3560 orbem
3417 3508 3686 3563 cruciﬁxi

240 3604 445 3662 θησαν,
478 3589 606 3646 ἀλλ’
639 3587 834 3644 οὐδένα
891 3591 1225 3661 πτήσσουσιν
1280 3590 1331 3645 οἱ
1391 3589 1666 3665 δαίμονες’
1724 3599 1823 3650 τοῦ
1855 3592 1912 3650 δὲ

239 3682 381 3755 ὑπὲρ
444 3682 522 3750 (2)
577 3681 740 3752 ἡμῶν
799 3679 1206 3750 σταυρωθέντος
1263 3684 1508 3755 Χριστοῦ
1564 3683 1654 3738 καὶ
1714 3684 1778 3738 τὸ
1809 3704 1909 3755 ση-

243 3777 406 3846 μεῖον
442 3767 649 3832 ἷδόντες
682 3766 850 3842 μόνον
887 3771 986 3823 τοῦ
1040 3773 1295 3845 σταυροῦ,
1327 3772 1435 3841 πτή
1450 3790 1670 3826 σσουσιν
1703 3772 1756 3827 οἱ
1788 3769 1907 3827 δαί-

2023 3598 2163 3650 sunt
2186 3611 2200 3662 ;
2225 3593 2328 3650 sed
2359 3593 2595 3648 nullum
2618 3609 2821 3648 eorum
2849 3596 3065 3664 pavent
3095 3592 3399 3650 daemones
3422 3611 3435 3649 :
3463 3597 3687 3653 Chrisli

2018 3689 2243 3752 autem,
2276 3683 2466 3739 nostri
2489 3683 2678 3756 gratia
2706 3682 2999 3749 cruciﬁxi,
3030 3680 3122 3736 vel
3152 3682 3349 3753 ipsum
3398 3683 3689 3742 duntaxat

2017 3773 2212 3830 crucis
2245 3773 2480 3846 signum
2499 3772 2829 3845 conSpicati
2887 3770 3190 3828 daamones
3241 3781 3683 3843 expavescunt:

318 3901 366 3936 ιο
404 3900 533 3954 Vid.
556 3915 707 3954 num.
743 3899 796 3965 3,
828 3898 859 3970 6
892 3902 950 3950 et
977 3899 1067 3954 33.
1126 3896 1372 3970 ‘°_Bom.
1430 3915 1486 3966 v,
1518 3902 1608 3956 17.
1668 3899 1711 3935 ⁶¹
1745 3901 1891 3957 Gen.

2066 3903 2154 3967 22,
2211 3901 2301 3955 23.
2359 3898 2407 3934 ⁵³
2462 3900 2606 3954 Gen.
2640 3915 2703 3970 ιι,
2766 3900 2815 3951 ’7.
2870 3897 2920 3970 ’ἦ
2942 3898 3087 3954 Joan
3146 3917 3258 3969 xxv,
3291 3904 3342 3956 6.
3430 3899 3681 3959 6‘Num.

244 3989 383 4035 xxv,
417 3973 470 4040 8,
508 3975 591 4026 11.
656 3971 700 4006 ⁸⁸
729 3972 754 4024 Ι
784 3968 932 4026 Tim.
965 3987 1028 4037 ιι,
1059 3972 1112 4025 6.
1173 3968 1223 4003 ⁵⁸
1252 3971 1272 4025 l
1304 3972 1435 4026 Cor.
1489 3988 1530 4036 ι,
1593 3973 1679 4039 18,
1711 3974 1799 4028 23.
1854 3972 1900 4008 ⁵⁷

2032 3972 2077 4028 1.
2132 3973 2219 4044 l8,
2249 3973 2341 4027 54.
2390 3970 2437 4007 ⁵⁸
2478 3972 2645 4041 Supr.
2681 3968 2741 4025 n.
2774 3972 2828 4025 2.
2880 3968 2926 4004 ⁵9
2951 3971 3130 4028 Exod.
3161 3990 3262 4041 xu,
3289 3975 3378 4028 23.
3439 3973 3485 4009 ⁸ο
3513 3974 3684 4030 Joan.

246 4062 289 4111 ι,
332 4047 425 4098 29.

326 4167 510 4241 (1)Καὶ
543 4164 774 4241 ἀνελών.
804 4168 886 4223 Ea
918 4167 1092 4241 verba
1123 4167 1220 4223 hic
1261 4184 1512 4241 prorsus
1553 4169 1912 4238 necessaria,

249 4247 314 4297 et
341 4239 407 4314 'a,
444 4239 665 4312 Cyrillo
717 4239 1106 4314 sequentibus
1160 4239 1354 4314 verbis
1396 4240 1720 4311 insinuata,
1772 4258 1913 4314 sup-

292 4311 550 4369 levimus
595 4329 679 4385 ex
735 4312 1135 4385 Coisl.,_Reg.,
1194 4311 1383 4379 Colb.,
1442 4314 1585 4385 Hoc,
1639 4311 1915 4381 Casaub.,

276 4385 437 4460 ἷκτο-ό.
471 4383 649 4456 paulo
676 4389 813 4460 post
852 4382 1178 4460 articulum
1202 4385 1310 4436 τῶν
1345 4389 1484 4440 ante
1513 4382 1816 4460 ἀνθρώπων
1848 4401 1919 4441 ex

247 4457 425 4516 Colb.
458 4455 684 4527 Roeet
702 4455 955 4512 Casaub.
989 4455 1343 4527 adjecimus.

322 4532 407 4601 (2)
436 4531 544 4601 Τοῦ
576 4523 824 4601 δὲρπέρ,
858 4523 1097 4601 ειοηΕἱι
1120 4527 1334 4601 verba__
1355 4544 1548 4601 usque
1607 4528 1682 4585 ad
1733 4528 1918 4598 πτήσ-

244 4595 440 4655 σουσιν
487 4600 539 4653 οἱ
573 4595 851 4671 δαίμονες,
885 4599 1102 4669 inclus,
1137 4599 1199 4655 in
1242 4595 1469 4671 editis,“
1491 4605 1550 4656 et
1593 4600 1728 4656 aliis
1774 4595 1918 4656 mss.

240 4674 449 4741 libris,
474 4670 718 4745 propter
734 4671 1082 4745 earumdem
1100 4670 1517 4745 repetitionem
1528 4672 1759 4745 (credo)
1776 4689 1923 4744 ρηο-

251 4742 557 4813 termissa,
579 4742 953 4800 restituimus
974 4744 1114 4799 huic
1132 4742 1263 4800 loco
1296 4760 1367 4798 ex
1397 4742 1568 4800 codd.
1591 4746 1711 4801 Roe
1734 4742 1795 4800 et
1812 4744 1921 4800 Ca—

249 4817 428 4873 saub.
447 4817 694 4873 omnino
715 4821 853 4871 sunt
875 4833 945 4872 ex
969 4821 1167 4872 mente
1191 4821 1249 4871 et
1269 4816 1420 4886 stylo
1435 4816 1695 4871 auctoris
1709 4815 1922 4872 nostri.

256 4889 408 4943 Vide
430 4890 588 4944 infra
616 4906 676 4945 n.
709 4889 777 4942 36
810 4893 868 4944 et
896 4890 1104 4955 40,cat.
1137 4890 1259 4944 4.n.
1288 4890 1372 4944 13.
1409 4887 1680 4951 Millesio,
1712 4886 1919 4943 verisi-

252 4931 1321 5031 millimumvideturglossamentum
1340 4932 1680 5016 esse.Utere
1707 4960 1920 5029 lector,
1961 4931 2003 4996 θ

244 5033 486 5106 judicio
507 5040 628 5089 tuo.
654 5032 971 5106 §ic_au_t_em
993 5031 1258 5106 loquitur
1277 5032 1570 5105 Eugebius
1589 5033 1919 5106 Caasarien-

255 5102 366 5173 sis,
391 5105 505 5167 vel.
528 5110 597 5161 ut
618 5104 719 5160 alii
741 5102 1037 5175 judicant,
1059 5102 1188 5176 ejus
1221 5102 1815 5176 successorAcacius,
1840 5103 1914 5158 li-

257 5177 370 5233 bro
399 5177 666 5234 secundo
686 5174 764 5232 De
791 5174 1212 5240 resurrectione,
1247 5174 1401 5241 init.,
1437 5177 1498 5232 in
1528 5176 1759 5232 Bibliot.
1806 5177 1917 5232 PP.

252 5250 461 5318 Lugd.,
494 5256 636 5304 tom.
673 5248 763 5315 IV,
802 5264 934 5321 pag.
970 5249 1034 5303 17
1063 5264 1075 5302 :
1134 5249 1239 5314 Qui
1298 5250 1667 5317 excorcizant,
1708 5265 1923 5305 crucem

256 5322 483 5376 Domini
540 5322 831 5376 nominant
870 5328 923 5375 et
970 5322 1465 5385 resurrectionem;
1496 5328 1550 5376 et
1594 5322 1655 5376 in
1700 5324 1923 5376 nomine

253 5395 375 5465 ejus
404 5395 506 5465 qui
532 5400 785 5449 mortuus
815 5398 893 5447 est
941 5400 995 5447 et
1049 5395 1355 5465 resurrexit
1407 5394 1776 5465 increpantes,
1809 5409 1922 5449 non

250 5464 313 5522 ut
344 5464 725 5522 inobedientes
756 5470 806 5519 et
831 5464 1267 5521 contradicentes
1298 5464 1500 5520 habent
1523 5466 1813 5534 daemones,
1829 5466 1925 5523 sed

253 5540 619 5595 obaudientes
645 5545 697 5593 et
728 5536 1125 5593 consentientes
1154 5538 1633 5594 resurrectionem.

323 5612 400 5683 (3)
437 5614 672 5668 Mortem
691 5611 902 5683 inferre
930 5610 1139 5683 mundo
1163 5609 1363 5683 valuit.
1396 5609 1583 5683 Quam
1613 5613 1868 5666 mortem
1896 5608 1925 5667 7

258 5680 608 5757 corporisne
640 5680 851 5757 solius,
883 5697 977 5757 an
995 5680 1176 5757 etiam
1207 5680 1422 5757 animos
1447 5680 1829 5757 lutumque,
1854 5697 1923 5738 ac

346 5752 649 5828 tissimum
668 5754 907 5828 animo),
930 5754 1263 5828 signiﬁcari
1279 5770 1322 5828 a_
1343 5752 1920 5828 Cyrillo'censemus.

349 5827 470 5887 imo
500 5828 687 5901 enim,
718 5825 792 5884 de
821 5841 892 5885 ea.
917 5824 1112 5886 morte
1132 5824 1433 5900 judicium
1460 5825 1781 5889 ferendum
1809 5831 1921 5901 est,

2026 4187 2095 4225 ex
2110 4170 2226 4224 vita
2251 4184 2285 4223 a
2312 4167 2542 4241 Christo
2573 4166 2808 4241 invecta
2828 4183 3007 4237 quam
3030 4166 3123 4222 illi
3149 4170 3419 4241 Opponit.
3447 4174 3581 4227 Raac
3602 4186 3703 4226 au-

2027 4247 2176 4315 tem,
2199 4246 2267 4296 ut
2296 4256 2366 4294 ex
2397 4239 2690 4315 subjectis
2716 4244 2897 4315 patet,
2930 4242 3048 4315 cita
3078 4239 3296 4315 aeterna
3328 4248 3434 4305 est,
3469 4244 3700 4315 ingres-

2031 4330 2131 4370 sus
2163 4313 2226 4367 in
2258 4310 2627 4384 paradisum,
2675 4311 2778 4384 ira)
2830 4310 3042 4366 divina)
3072 4312 3352 4383 placatio.
3385 4310 3633 4371 liberias
3667 4331 3703 4371 a

2027 4382 2307 4468 peccatis,
2343 4389 2454 4468 etc:
2490 4384 2615 4439 Uno
2648 4382 2822 4468 verbo
2853 4382 3132 4468 vitaque
3158 4402 3265 4468 per
3297 4386 3573 4443 Christum
3602 4403 3691 4442 re-

2028 4455 2182 4528 gnat,
2216 4471 2341 4530 non
2372 4461 2464 4530 est
2493 4455 2818 4530 corporalis
2837 4455 3073 4530 mortiis
3088 4455 3182 4512 cui
3216 4475 3455 4530 semper
3477 4475 3688 4515 mane-

2030 4546 2163 4586 mus
2194 4528 2457 4596 obnoxii,
2492 4528 2596 4583 sed
2622 4528 2851 4600 peccati
2883 4528 3230 4585 destructio.
3266 4528 3563 4598 Secundo,
3599 4546 3693 4586 su-

2030 4617 2139 4674 pra
2166 4600 2415 4674 tradidit
2441 4616 2608 4674 num.
2647 4603 2697 4674 1,
2726 4601 3079 4674 omnessub
3128 4607 3371 4674 peccato
3421 4603 3695 4674 detentos

2033 4668 2186 4739 esse,
2238 4671 2443 4733 πάντας
2490 4668 2619 4732 τοὺς
2647 4670 2749 4725 ὑπὸ
2777 4673 2879 4743 τῇς
2935 4668 3205 4747 ἁμαρτῖας
3261 4673 3692 4747 κατεχομένους·

2033 4760 2288 4817 quorum
2321 4759 2351 4798 e
2381 4760 2633 4817 numero
2662 4760 2737 4799 ne
2768 4759 2947 4814 quem
2976 4744 3256 4817 excipias,
3312 4744 3448 4800 mox
3478 4744 3698 4801 subdit

2032 4817 2381 4888 universum
2413 4816 2726 4888 hominum
2757 4832 2946 4888 genus
2978 4831 3013 4888 a
3041 4816 3272 4870 Christo
3296 4817 3694 4888 redemptum,

2033 4887 2240 4960 κόσμον
2275 4883 2405 4941 ὅλον
2448 4883 3172 4960 ἀνθρώπωᾞέλυτρώσατο.
3226 4883 3520 4960 Βίχίιῳλεί
3544 4883 3697 4959 prin;

2037 4958 2199 5017 terea
2228 4960 2504 5015 homines
2533 4960 2843 5030 universos
2866 4975 2993 5030 qua
3022 4959 3140 5030 late
3164 4964 3326 5030 patet
3347 4958 3529 5020 orbis.
3550 4958 3694 5030 pec-

2031 5033 2179 5104 catis
2214 5038 2481 5088 mortuos
2515 5047 2666 5100 esse,
2699 5027 2915 5104 τοὺςέν
2947 5032 3015 5104 τῇ
3050 5027 3345 5104 οἰκουμένῃ
3374 5035 3494 5090 ταῖς
3525 5027 3671 5102 ἁμαρ

2029 5103 2174 5168 τίαις
2201 5103 2662 5175 νενεκρωμένους.
2699 5103 2915 5162 Tertio.
2951 5102 3124 5175 docet
3155 5102 3331 5175 num.
3353 5104 3445 5168 33,
3485 5118 3696 5175 omnes

2033 5176 2310 5234 homines
2337 5173 2456 5232 Deo
2488 5193 2595 5248 per
2622 5181 2934 5247 peccatum
2963 5173 3240 5248 inimicos
3272 5174 3478 5248 fuisse,
3511 5181 3571 5231 et
3599 5174 3697 5231 id-

2032 5249 2189 5307 circo
2224 5249 2402 5307 morti
2434 5246 2552 5321 per
2580 5246 2682 5303 Dei
2716 5246 3077 5321 sententiam
3132 5247 3604 5321 condemnatos;
3641 5250 3701 5321 et

2033 5323 2255 5380 aeierna
2274 5338 2410 5378 vere
2434 5317 2513 5377 ab
2540 5320 2672 5392 ipso
2704 5325 2894 5375 morte
2928 5317 3286 5391 puniendos,
3312 5320 3425 5376 nisi
3454 5318 3697 5392 Christi,

2034 5396 2204 5468 cujus
2230 5393 2472 5469 justitia
2492 5391 2689 5469 major
2714 5397 2846 5469 erat
2861 5407 3042 5469 quam
3070 5393 3454 5469 peccantium
3484 5391 3702 5469 iniqui-

2034 5463 2146 5533 tas,
2180 5463 2502 5523 satisfactio
2535 5463 2995 5533 intercessisset,
3030 5469 3089 5519 et
3109 5480 3278 5520 num.
3311 5467 3376 5519 13
3396 5465 3702 5521 Christum

2033 5545 2290 5596 mortem
2322 5554 2443 5595 non
2470 5536 2715 5609 fugisse,
2743 5551 2812 5590 ne
2826 5542 2972 5609 totus
2994 5538 3239 5606 peccatis
3259 5537 3517 5593 interiret
3538 5551 3701 5609 mun-

2033 5612 2154 5669 dus.
2184 5613 2423 5681 Quarto,
2455 5606 2754 5681 Chiistum
2787 5606 3051 5663 affirmat
3068 5624 3175 5680 pro
3200 5611 3458 5680 peccatis
3480 5607 3701 5681 nostris

2032 5690 2338 5741 mortuum
2367 5701 2381 5753 ;
2407 5679 2567 5756 quod
2585 5686 2710 5737 tota
2740 5680 2853 5737 hac
2883 5679 3183 5756 catechesi
3202 5679 3440 5753 ’pluries
3462 5679 3702 5756 repetit,

2034 5762 2097 5814 at
2124 5757 2402 5814 eumdem
2426 5753 2606 5811 docet
2634 5771 2743 5829 pro
2777 5753 3056 5829 omnibus
3094 5758 3401 5812 mortuum
3432 5769 3601 5829 num,
3642 5754 3703 5829 2,

2032 5828 2093 5905 4,
2121 5833 2212 5903 29,
2244 5830 2359 5888 33:
2387 5840 2600 5887 omnes
2633 5823 2770 5903 ergo
2793 5828 3057 5903 peccatis
3088 5831 3360 5886 mortuos
3399 5823 3700 5885 credebat.
