4014 6392
269 438 420 500 189

937 445 1414 509 CATECHESIS
1457 445 1623 509 Xlll.
1672 443 1776 506 DE
1816 444 2152 507 CHRISTO
2196 446 2621 510 CRUCIF‘IXO
2664 449 2767 510 ET
2815 447 3202 514 SEPULTO.

3667 451 3786 513 790

307 579 394 651 τῆ
422 576 590 650 ψυχῇ
633 575 850 646 αὐτῶν,
904 578 985 633 ὅτι
1045 572 1435 651 βεϐούλευνται
1493 580 1565 648 (1)
1630 576 1837 651 βουλὴν
1895 597 2002 630 πο·-

2116 594 2260 646 rum,
2321 581 2455 649 quia
2512 581 2898 637 consulturum
2951 583 3242 639 consilium
3289 599 3530 655 pravum
3591 590 3784 641 contra

320 666 502 742 νηρέιν
534 667 655 721 καθ’
723 667 953 736 ἒαυτῶν,
1013 666 1277 730 εἰπόντες·
1341 669 1605 740 Δήσωμεν
1633 666 1725 720 τὸν
1765 664 2002 735 δίκαιον,

325 760 417 814 ὅτι
455 755 816 833 δύσχρηστος
844 760 981 830 ἡμῖν
1012 755 1146 815 ἐστι.
1180 756 1279 812 Καὶ
1311 756 1553 827 ἀληθῶς,
1597 754 1732 813 Οὐαὶ
1763 759 1831 830 τῇ
1890 759 2002 830 ψυ-

327 853 416 924 χῇ
447 847 652 902 αὐτῶνθ
685 850 778 902 καὶ
815 845 1127 923 βλέπωμεν.
1181 847 1405 909 Ἡσαῗας
1471 847 1564 919 μὲν
1597 844 1850 919 ἐπρίσθη,
1911 847 2002 901 καὶ

321 938 678 1013 ἐθεραπεύθη
709 937 846 1010 μετά
874 942 1040 992 ταῦτα
1067 938 1094 992 ὁ
1127 936 1281 1000 λαός.
1315 937 1579 1011 Ἱερεμίας
1620 935 1694 998 εἷς
1731 930 2001 1012 βόρϐορον

323 1027 550 1083 λάκκου
584 1021 878 1096 ἐνεϐλήθη,
912 1024 1038 1082 ἀλλ’
1062 1023 1208 1096 ἷίάΟη
1233 1029 1342 1080 τῶν
1362 1022 1639 1082 Ἰουδαίων
1671 1026 1732 1080 τὸ
1762 1029 1999 1100 τραῦμα·

330 1118 674 1192 μικρότερον
711 1117 814 1191 γὰρ
846 1117 938 1187 ἦν,
969 1113 1160 1186 ἐπειδή
1194 1115 1268 1178 εἷς
1318 1113 1626 1192 ἄνθρωπον.
1683 1112 1910 1185 Ἐπειδὴ
1945 1112 2002 1171 δὲ

329 1207 436 1263 οὐκ
507 1208 588 1268 εἰς
643 1204 954 1282 ἄνθρωπον,
1011 1204 1138 1261 ἀλλ’
1195 1205 1271 1266 εἰς
1329 1206 1458 1260 Θεὸν
1518 1203 2002 1280 ἐνανθρωπήσαντα

321 1286 594 1371 ἥμαρτον
629 1293 905 1365 Ἰουδαῖοι,
939 1295 1075 1354 Οὐαὶ
1105 1299 1174 1369 τῇ
1209 1299 1365 1370 ψυχῇ
1399 1293 1592 1350 αὐτῶν.
1627 1327 1692 1336 -
1735 1296 1997 1368 Δήσωμεν

313 1390 420 1443 τὸν
491 1385 726 1443 δίκαιον.
785 1387 926 1461 Ἀρα
973 1384 1074 1440 οὐκ
1124 1382 1342 1440 ἐδύνατο
1402 1383 1561 1440 λῦσαι
1619 1385 1828 1455 ἑαυτὸν,
1890 1383 2003 1459 ἐρεῖ

312 1499 442 1544 τις,
484 1479 512 1531 6
545 1475 712 1537 λύσας
744 1473 804 1530 ἐκ
834 1473 1051 1548 δεσμῶν
1116 1476 1350 1538 θανάτου
1406 1476 1779 1549 τετραήμερον
1813 1475 1998 1544 Λάζα-

324 1588 466 1643 ρον,
495 1567 584 1620 καὶ
609 1565 810 1640 Πέτρον
836 1563 895 1620 ἐκ
926 1562 1138 1638 δεσμῶν
1181 1562 1449 1641 σιδηρέων
1483 1563 1732 1641 φυλακῆς
1783 1561 1950 1626 λύσας
1981 1583 1994 1635 ;

323 1660 603 1730 ’Ἑπτοιμοι
633 1658 1086 1732 παρειστήκεισαν
1142 1653 1366 1732 ἄγγελοι
1427 1652 1696 1731 λέγοντες·
1758 1653 1997 1731 Διαρρή-

321 1750 523 1821 ξωμεν
579 1745 706 1807 τοὺς
764 1744 997 1818 δεσμοὺς
1059 1743 1258 1800 αὐτῶνο
1321 1743 1468 1800 ἀλλᾶ
1534 1744 1848 1820 ἀνέχονται,
1909 1743 1998 1801 διὰ

313 1837 390 1890 τὸ
426 1836 610 1890 θέλειν
640 1837 930 1908 ὑπομεῖναι
960 1837 1122 1889 τοῦτο
1153 1835 1242 1888 τὸν
1304 1833 1600 1904 Δεσπότην.
1635 1832 1809 1889 Πάλιν
1840 1831 1991 1910 ἤχθη

2114 670 2338 738 seipsos,
2369 669 2644 726 dicentes:
2702 673 2959 742 Ligemus
3007 675 3248 744 justum,
3294 675 3431 744 quia
3480 676 3781 730 incommo—

2114 757 2215 812 dus
2241 764 2318 814 εει
2345 759 2567 814 nobis“.
2611 761 2754 816 Vere
2786 762 3096 826 omnnino,
3147 763 3236 818 Va:
3268 764 3468 820 animae
3499 767 3774 836 ipsorum;

2115 847 2292 918 idque
2334 848 2657 906 videamus.
2691 851 2874 907 Isaias
2904 851 3150 923 quidem
3190 858 3386 909 sectus
3437 860 3547 920 est,
3581 859 3641 910 et
3670 871 3776 927 po-

2113 939 2291 1011 pulus
2319 946 2525 1012 postea
2554 948 2794 999 senatus
2826 949 2936 1000 est.
2967 945 3253 1001 Jeremias
3304 946 3365 1001 in
3395 963 3629 1002 caenum
3659 947 3774 1002 laci

2113 1029 2380 1101 dejectus
2409 1030 2494 1086 ³⁵τ
2549 1049 2752 1088 verum
2805 1039 3075 1090 curatum
3119 1039 3209 1091 est
3266 1036 3378 1091 hoc
3433 1035 3772 1092 Iudaeorum

2113 1117 2362 1186 vulnus;
2398 1121 2576 1191 quod,
2611 1139 2747 1177 cum
2777 1122 2839 1177 in
2869 1123 3175 1179 hominem
3197 1129 3510 1196 peccatum
3535 1124 3770 1194 fuisset,

2112 1207 2299 1263 levius
2333 1215 2476 1264 erat.
2521 1212 2602 1265 Ex
2634 1227 2750 1282 quo
2776 1227 2913 1268 vero
2945 1229 3068 1268 non
3099 1213 3161 1268 in
3211 1213 3539 1282 hominem,
3573 1213 3678 1268 sed
3711 1213 3771 1268 in

2111 1297 2298 1352 Deum
2329 1298 2786 1356 inhumanatum
2826 1309 3150 1374 peccarunt
3193 1304 3403 1371 Judaei,
3443 1305 3537 1360 Va:
3568 1305 3769 1360 animm

2111 1401 2316 1443 eorum.
2336 1391 2668 1458 —Ligemus
2671 1391 2908 1460 justum.
2935 1392 3653 1464 Ncnne,inquietaliquis,
3676 1411 3736 1448 se
3751 1427 3769 1435 -

2109 1475 2306 1546 ipsum
2329 1477 2553 1533 solvere
2570 1483 2822 1550 poterat,
2858 1481 2959 1551 qui
2989 1481 3454 1552 quatriduanum
3487 1483 3767 1538 Lazarum

2107 1564 2361 1620 vinculis
2383 1568 2592 1623 mortis
2606 1568 2934 1637 exsolvit“,
2961 1571 3321 1641 Petrumque
3343 1571 3552 1626 ferreis
3569 1587 3766 1627 carce-

2107 1655 2190 1709 ris
2220 1655 2446 1710 catenis
2479 1655 2799 1712 exemit37l
2834 1659 3030 1714 Parati
3062 1658 3314 1714 aderant
3336 1659 3535 1732 angeli
3558 1659 3762 1715 dicen-

2108 1749 2234 1802 tes:
2269 1746 2686 1816 Disrumpamus
2730 1749 2954 1803 vincula
3003 1765 3189 1803 eorum
3219 1746 3288 1816 ³⁸,
3332 1765 3536 1804 verum
3579 1749 3762 1804 absti-

2105 1837 2254 1888 nent
2282 1834 2418 1900 vim,
2480 1837 2765 1906 quoniam
2814 1837 2876 1892 id
2935 1839 3184 1893 sufferre
3214 1837 3402 1893 voluit
3452 1838 3761 1894 Dominus.

313 1926 419 1981 ἐπὶ
459 1919 840 2001 πρεσϐυτέρων
878 1923 956 1986 εΐς
986 1926 1291 1999 κριτήριον.
1323 1926 1513 2000 *Εχεις
1539 1921 1648 1995 ἤδη
1694 1925 1794 1993 τὴν
1854 1945 1994 2000 μαρ-

2106 1923 2326 1978 ltcrum
2358 1924 2684 1994 productus
2741 1931 2832 1982 est
2887 1943 3090 1982 coram
3149 1927 3485 1983 senioribus
3513 1927 3576 1982 in
3601 1927 3764 1999 judi-

313 2017 553 2091 τυρίαν·
619 2015 792 2075 Αὐτὸς
873 2014 1069 2089 Κύριος
1126 2014 1205 2076 εἷς
1261 2013 1442 2088 κρίσιν
1513 2011 1630 2085 ⁴ἒςξει
1694 2013 1830 2087 μετά
1882 2017 1990 2069 τῶν

310 2101 722 2178 πρεσϐυτέρων
778 2108 878 2160 τοῦ
937 2102 1096 2176 λαοῦ,
1167 2102 1259 2158 καὶ
1325 2104 1460 2177 μετά
1538 2107 1644 2159 τῶν
1705 2103 1989 2180 ἀρχόντων

309 2196 518 2251 αὐτοῦ.

399 2287 505 2342 ll".
571 2281 745 2340 Ἀλλά
800 2281 1077 2359 ἐρωτήσας
1139 2283 1167 2337 ὁ
1226 2281 1538 2358 ἀρχιερεὺς,
1597 2282 1687 2337 καὶ
1759 2280 1990 2346 ἀκούσας

316 2377 430 2444 τήν
469 2372 756 2445 ἀλήθειαν,
793 2373 1102 2448 ἀγανακτεῖ.
1131 2372 1229 2426 Καὶ
1262 2373 1289 2426 6
1337 2372 1504 2434 κακὸς
1535 2375 1718 2426 κακῶν
1782 2373 1990 2447 ὑπηρέ-

318 2486 437 2534 της
475 2469 548 2537 ί2)
580 2461 770 2518 δίδωσι
803 2463 1070 2539 ῥάπισμαο
1103 2461 1194 2517 καὶ
1250 2461 1312 2517 τὸ
1371 2462 1692 2535 πρόσωπον,
1722 2462 1784 2516 τὸ
1839 2461 1983 2537 λάμ-

329 2559 445 2629 ψαν
478 2557 546 2616 ὡς
575 2553 1017 2630 ὸῆλιος,χερσὶν
1050 2554 1275 2626 ἀνόμοις
1306 2551 1670 2629 ῥαπιζόμενον
1699 2547 1980 2630 ἠνέσχετο.

329 2645 440 2699 Ι(αέ
470 2643 620 2700 ἄλλοι
651 2643 905 2707 ἐλθόντες
934 2642 1234 2714 ἐμπτύουσι
1286 2647 1366 2715 τῷ
1403 2643 1709 2717 προσώπῳ,
1740 2647 1838 2698 τοῦ
1895 2640 1983 2699 διὰ

322 2733 568 2789 πτοελοῦ
625 2738 694 2807 (3)
743 2735 837 2788 τὸν
897 2733 956 2788 ἐκ
1012 2740 1237 2808 γενετῆς
1291 2731 1499 2806 τυφλὸν
1531 2731 1980 2808 θεραπεύσαντος.

313 2829 500 2880 Ταῦτα
558 2824 739 2899 Κυρίῳ
822 2821 1217 2879 ἀνταποδίδοτε
1274 2843 1289 2896 ;
1345 2821 1514 2885 Οὗτος
1575 2820 1708 2886 λαὸς
1769 2824 1978 2898 μωρὸς,

308 2915 407 2970 καὶ
501 2915 634 2990 οὐχὶ
696 2912 881 2993 σοφός.
972 2913 1071 2969 Καὶ
1132 2915 1160 2968 6
1200 2915 1492 2988 προφήτης
1575 2914 1975 2987 ἀποθαυμάζων

309 3005 475 3078 φησί·
539 3005 730 3079 Κύριε,
790 3003 873 3067 τίς
934 3003 1215 3060 ἐπίστευσε
1259 3007 1329 3078 τῇ
1388 3003 1526 3078 ἀκοῇ
1583 3005 1792 3078 ἡμῶν;
1850 3004 1978 3058 ἅπι-

309 3117 443 3151 στον
463 3096 570 3172 γὰρ
599 3095 664 3150 τὸ
694 3100 944 3171 πρᾶγμα,
979 3095 1024 3150 εἰ
1057 3095 1185 3156 Θεὸς
1219 3096 1318 3166 (4),
1347 3097 1482 3150 Θεοῦ
1511 3094 1659 3166 Υἱὸς,
1690 3092 1780 3148 καὶ
1843 3094 1977 3170 βρα-

315 3189 464 3262 χίων
500 3183 724 3258 Κυρίου,
755 3190 924 3240 ταῦτα
965 3183 1250 3257 ὑπομένει.
1298 3181 1461 3240 Ἀλλ’
1489 3183 1577 3237 ἳνα
1639 3185 1715 3257 μὴ
1748 3183 1978 3254 ἀπιστή-

2103 2013 2261 2068 cium
2295 2011 2365 2068 39.
2397 2015 2525 2069 Jam
2554 2015 2739 2071 habes
2763 2016 3212 2072 testimonium:
3250 2037 3274 2068 ι
3311 2018 3444 2088 Ipse
3475 2017 3762 2071 Dominus

2100 2124 2128 2153 «
2162 2103 2224 2158 in
2248 2104 2547 2176 judicium
2600 2105 2800 2161 veniet
2854 2123 2991 2162 cum
3049 2106 3386 2162 senioribus
3441 2106 3669 2179 populi,
3704 2111 3764 2162 et

2099 2215 2128 2243 «
2162 2209 2300 2249 cum
2331 2193 2703 2266 principibus
2734 2196 2865 2267 ejus
2894 2196 2961 2252 ‘°.

2169 2283 2320 2338 XIII.
2355 2282 2398 2319 ⁴¹
2444 2285 2556 2340 Sed
2605 2284 2978 2358 interrogans
3026 2284 3307 2358 princeps
3356 2285 3755 2354 sacerdotum,

2095 2373 2298 2428 audita
2327 2374 2573 2429 veritate
2603 2374 2950 2447 indignatur
2979 2374 3058 2430 ηε
3117 2379 3175 2429 et
3217 2373 3411 2429 malus
3459 2373 3753 2430 malorum

2094 2465 2370 2520 minister
2399 2466 2634 2538 alapam
2693 2466 2927 2539 impigit
2972 2466 3056 2532 *ες
3116 2465 3418 2536 faciesque
3466 2465 3590 2533 illa,
3621 2483 3753 2536 quae

2091 2557 2235 2612 olim
2267 2561 2334 2610 ut
2363 2557 2451 2611 sol
2475 2555 2929 2627 resplenduerat
2944 2554 3010 2624 “,
3030 2555 3307 2611 manibus
3337 2555 3565 2626 iniquis
3583 2555 3750 2611 allidi

2092 2647 2394 2714 sustinuit;
2421 2646 2642 2718 aliique
2660 2647 2969 2701 venientes
2994 2645 3354 2717 inspuuntin
3377 2646 3606 2702 vultum
3621 2646 3750 2718 ejus

2089 2737 2191 2809 qui
2222 2755 2330 2809 per
2359 2743 2600 2810 sputum
2631 2754 2856 2793 caacum
2880 2743 3086 2794 natum
3117 2737 3492 2793 curavarat“.
3529 2759 3558 2788 ‹‹
3591 2738 3751 2792 Hcec-

2088 2850 2117 2879 ‹‹
2142 2828 2273 2884 cine
2292 2828 2538 2884 redditis
2557 2827 2847 2884 Domino?
2867 2828 3022 2883 190
3041 2827 3144 2882 Hic
3164 2826 3420 2899 populus
3443 2826 3662 2882 stultus
3692 2832 3751 2882 et

2093 2940 2119 2972 ιι
2135 2935 2258 2973 non
2282 2916 2588 2989 sapiens“.
2612 2939 2640 2966 »
2655 2917 3058 2988 Etprophetes
3075 2916 3379 2972 admirans
3399 2915 3544 2971 dicit
3567 2933 3625 2970 :«
3641 2915 3750 2972 Do-

2085 3008 2447 3080 «mine,quis
2463 3007 3137 3079 crediditpraedicationi
3151 3005 3746 3063 nostrm"?»lncredi-

2082 3098 2221 3154 bilis
2242 3098 2506 3171 profecto
2530 3115 2624 3154 res
2646 3097 2972 3166 est,Deum,
2997 3097 3098 3153 Dei
3118 3097 3333 3153 Filium
3357 3101 3416 3152 et
3435 3096 3748 3152 brachium

2083 3189 2367 3244 Domini“
2397 3190 2514 3244 ista
2543 3188 2793 3260 perpeti.
2827 3187 2941 3244 Sed
2972 3204 3046 3244 ne
3077 3187 3138 3244 id
3178 3187 3422 3244 credere
3467 3190 3749 3243 recusent

315 3298 489 3332 σωσιν
523 3277 575 3330 οἱ
610 3276 938 3348 σωζόμενοι,
995 3275 1301 3351 προγράφει
1353 3273 1416 3328 τὸ
1470 3277 1691 3347 Πνεῦμα
1725 3273 1790 3329 τὸ
1822 3273 1971 3350 ἅγιον
2005 3328 2014 3381 ⁴

320 3366 335 3387 τ
578 3366 591 3386 ι
738 3368 782 3387 υ
942 3369 969 3380 ~
1052 3365 1106 3387 ν
1141 3385 1169 3387 ,_
1202 3384 1306 3387 γε--
1366 3363 1544 3387 [μβ-ξ,
1771 3364 1786 3387 ς
1853 3363 1964 3387 μμ

2098 3280 2189 3351 qui
2221 3279 2364 3335 salvi
2393 3279 2564 3349 ﬁunt,
2615 3279 2727 3334 hoc
2757 3277 3031 3349 praedicit
3080 3277 3332 3351 Spiritus
3381 3282 3624 3333 sanctus
3677 3294 3748 3334 ex

2098 3383 2333 3387 _-__-__
2374 3366 2582 3387 nL_3_L:
2649 3365 2892 3387 .12--..12-
2945 3366 3089 3387 l1__-
3148 3365 3295 3387 -..ἐμ
3360 3365 3451 3387 ___:
3504 3369 3642 3387 L___._
3683 3381 3739 3387 Α-

317 3366 710 3442 ἐκπροσώπου
738 3368 995 3441 Χριστοῦ,
1052 3365 1308 3440 λὲγοντος
1364 3363 1544 3436 (αὐτὸς
1601 3364 1705 3438 γὰρ
1765 3364 1793 3417 ὁ
1849 3363 1973 3419 τότε

314 3461 487 3512 ταῦτα
517 3455 728 3522 λαλῶν,
776 3455 996 3528 ὕστερον
1057 3457 1278 3530 παρῆν)⁶
1332 3454 1440 3510 Τὸν
1499 3455 1672 3508 νῶτόν
1711 3475 1814 3527 μου
1874 3451 1969 3510 δὲ-

318 3545 472 3603 δωκα
529 3550 604 3618 (5)
660 3546 736 3609 εἷς
799 3545 1081 3620 μάστιγας·
1143 3542 1384 3605 Πιλᾶτος
1465 3542 1567 3620 γὰρ
1625 3541 1786 3598 αὐτὸν
1833 3563 1972 3621 φρα-

319 3637 609 3714 γελλώσας
668 3633 979 3711 παρέδωκεν
1043 3633 1121 3697 εἷς
1178 3633 1240 3689 τὸ
1298 3635 1698 3708 σταυρωθῆναυ
1757 3633 1853 3695 τὰς
1914 3631 1972 3688 δὲ

320 3729 573 3804 σιαγόνας
643 3747 748 3799 μου
832 3726 909 3788 εἰς
993 3723 1326 3802 ῥαπίσματα·
1407 3723 1470 3778 τὸ
1534 3720 1590 3777 δὲ
1675 3721 1968 3797 πρόσωπόν

326 3839 433 3891 μου
492 3817 595 3872 οὐκ
659 3815 970 3892 ἀπέστρεψα
1015 3814 1122 3869 ἀπὸ
1203 3811 1472 3888 αἰσχύνης
1544 3811 1967 3886 ἐμπτυσμάτων·

327 3907 628 3984 μονονουχὶ
689 3907 889 3976 λέγων·
950 3903 1249 3981 Προειδὼς,
1312 3905 1396 3961 ὅτι
1433 3903 1697 3978 μέλλουσι
1728 3904 1969 3978 τύπτειν,

323 3996 446 4054 οὐδὲ
475 3997 778 4073 ἐπλαγίασα
807 3998 905 4066 τὴν
937 3998 1164 4070 σιαγόνα
1221 4016 1348 4068 μου.
1402 3999 1524 4057 Πῶς
1581 3995 1685 4072 γὰρ
1731 3989 1966 4068 ἔμελλον

319 4093 542 4165 νευροῦν
574 4088 701 4150 τοὺς
739 4085 984 4160 μαθητὰς
1019 4085 1096 4148 είς
1127 4087 1217 4140 τὸν
1246 4085 1376 4157 ὑπὲρ
1408 4081 1668 4155 ἀληθείας
1719 4083 1967 4158 θάνατον,

318 4178 361 4234 εἰ
394 4180 556 4244 αὐτὸς
583 4179 839 4253 ἠγωνίων
867 4181 1031 4232 τοῦτο
1067 4195 1080 4243 ;
1115 4173 1257 4250 Ἐγὼ
1317 4169 1526 4250 ἔλεγον·
1559 4175 1621 4232 Ὀ
1680 4173 1856 4251 φιλῶν

311 4275 412 4341 τήν
455 4271 642 4346 ψυχὴν
699 4268 885 4338 αὐτοῦ,
945 4262 1200 4322 ἀπολέσει
1261 4265 1453 4335 αὐτήν
1490 4264 1538 4318 εἴ
1593 4262 1967 4340 ἐφιλοζώησα,

314 4363 429 4422 πῶς
486 4357 794 4427 ἐδίδασκον,
857 4357 932 4428 μὴ
992 4354 1243 4430 πράττων
1304 4354 1332 4408 ὃ
1386 4350 1708 4425 ἐδίδασκον;
1745 4359 1966 4430 Πρῶτον

315 4450 422 4522 οὖν,
455 4449 615 4511 αὐτὸς
672 4447 802 4510 Θεὸς
863 4443 935 4501 ὣν
995 4446 1099 4500 ὑπὸ
1159 4445 1464 4522 ἀνθρώπων
1518 4448 1685 4500 ταῦτα
1735 4446 1966 4522 πάσχων

2087 3383 2343 3439 persona
2371 3366 2608 3436 Christi,
2642 3365 2895 3421 dicentis
2943 3366 3094 3438 (ipse
3141 3365 3302 3421 enim
3353 3365 3455 3438 qui
3504 3369 3646 3421 tunc
3677 3381 3748 3421 ea

2081 3456 2458 3528 loquebatur,
2489 3461 2695 3528 postea
2728 3472 2994 3526 praesens
3025 3461 3151 3512 erat
3172 3454 3271 3527 ‘9):
3309 3457 3535 3512 Dareum
3562 3472 3742 3512 meum

2081 3547 2209 3602 dedi
2233 3549 2293 3601 in
2317 3546 2542 3616 ﬂagella
2567 3545 2655 3600 5°:
2710 3545 2936 3601 Pilatus
2968 3545 3129 3601 enim
3181 3561 3316 3601 eum
3372 3545 3739 3618 ﬂagellatum

2082 3635 2328 3691 tradidit
2356 3636 2431 3691 ad
2461 3635 2929 3707 cruciﬁgendum
2957 3634 3003 3672 ⁵¹
3032 3651 3099 3689 :«
3127 3635 3402 3692 maxillas
3418 3652 3554 3692 vero
3576 3651 3740 3692 meas

2083 3747 2113 3777 «
2144 3727 2204 3780 in
2235 3725 2458 3797 alapas,
2479 3725 2692 3781 faciem
2721 3741 2857 3780 vero
2880 3741 3077 3781 meam
3107 3741 3230 3781 non
3263 3725 3444 3781 averti
3467 3741 3502 3781 a
3521 3725 3740 3797 probro

2082 3839 2109 3866 ‹‹
2137 3815 2516 3888 sputorum".
2549 3838 2576 3863 »
2600 3815 2777 3882 Quasi
2809 3814 3072 3871 diceret:
3105 3813 3444 3870 Prmvidens
3475 3815 3634 3886 quod
3664 3833 3739 3870 ne

2080 3905 2450 3962 verberaturi
2477 3910 2636 3975 sunt,
2669 3922 2863 3977 neque
2909 3905 3214 3962 maxillam
3261 3904 3470 3960 leviter
3501 3905 3739 3962 deflexi.

2082 3995 2385 4063 Quomodo
2419 3997 2580 4051 enim
2614 3995 2938 4068 discipulos
2969 3995 3042 4050 ad
3075 3999 3327 4050 mortem
3359 4013 3467 4068 pro
3493 3996 3740 4051 veritate

2082 4087 2418 4142 obeundam
2439 4085 2810 4155 roborarem,
2835 4085 2885 4141 si
2907 4086 3018 4140 hoc
3050 4085 3177 4158 ipse
3197 4100 3595 4157 pavescerem.
3623 4087 3739 4158 Ego

2080 4178 2240 4233 dixi:
2275 4176 2383 4243 Qui
2432 4183 2582 4232 amat
2640 4179 2881 4232 animam
2936 4193 3113 4247 suam,
3150 4176 3367 4248 ’perdet
3424 4193 3542 4232 eam
3571 4176 3616 4211 ⁵³
3637 4194 3660 4242 ;
3691 4176 3738 4230 si

2078 4269 2209 4324 vitae
2241 4285 2448 4323 amans
2479 4267 2748 4336 fuissem,
2783 4266 3082 4338 quomodo
3124 4265 3424 4332 docerem,
3475 4283 3597 4322 non
3650 4265 3738 4322 fa—

2078 4361 2242 4417 ciens
2269 4377 2401 4430 quaa
2431 4359 2706 4414 docerem
2729 4357 2756 4412 ‘l
2785 4357 2956 4413 Prius
2987 4357 3167 4431 igitur
3213 4357 3362 4430 ipse,
3412 4374 3550 4414 cum
3581 4363 3740 4413 esset

2079 4451 2255 4518 Deus,
2287 4450 2414 4504 haec
2445 4448 2517 4504 ab
2547 4447 2896 4504 hominibus
2917 4447 3038 4519 pati
3073 4447 3377 4517 sustinuit,
3411 4453 3479 4504 ut
3503 4464 3614 4504 nos
3635 4448 3740 4503 ho-

379 4663 427 4697 δι
445 4663 558 4717 Isa.
592 4677 674 4728 ιιι,
706 4662 760 4730 9,
797 4658 882 4713 10.
940 4657 986 4730 ἕ⁸
1016 4659 1230 4712 Jerem.
1267 4671 1496 4724 xxxvm,
1533 4658 1584 4712 6.
1628 4655 1690 4730 εδ
1717 4657 1884 4712 Joan.
1917 4673 1990 4725 XI,

2105 4697 2119 4722 ,
2142 4659 2232 4711 44.
2282 4656 2326 4730 fl
2351 4657 2486 4730 Act.
2512 4673 2610 4724 xu,
2640 4656 2696 4711 7.
2738 4655 2812 4730 _”
2843 4654 3000 4730 Psal.
3037 4672 3102 4730 ιι,
3131 4657 3184 4712 3.
3243 4653 3293 4690 3°
3319 4657 3531 4730 Matth.
3555 4673 3731 4724 xxvu,

311 4740 397 4792 59.
457 4734 506 4767 ⁴⁰
534 4725 762 4799 Ιεει.ἰιι,
796 4731 878 4785 14.
909 4728 952 4764 ⁸1
989 4731 1115 4784 Vid.
1151 4734 1262 4783 cat.
1298 4731 1384 4794 l2,
1417 4744 1474 4782 η.
1509 4730 1562 4783 4.
1618 4725 1665 4799 ⁴ἒ
1699 4729 1898 4783 Matth.
1933 4745 2014 4783 xx

2098 4731 2216 4790 .63.
2277 4729 2506 4784 “Joan.
2541 4744 2700 4798 xvm,
2730 4728 2820 4783 22.
2870 4727 2918 4761 “
2947 4728 3148 4782 Matth.
3206 4744 3344 4797 xvu,
3376 4732 3428 4783 2.
3491 4727 3534 4762 “
3560 4730 3726 4784 Joan.

308 4827 385 4877 ix,
417 4811 469 4863 6.
530 4807 574 4840 ⁸⁵
609 4798 773 4859 Deut.
810 4819 990 4871 xxxu,
1022 4805 1075 4857 6.
1137 4799 1181 4833 ⁸⁷
1210 4802 1320 4855 Isa.
1355 4816 1471 4870 Lm,
1505 4803 1554 4856 1.
1615 4798 1663 4834 ‘3
1691 4800 1833 4858 ibid.
1887 4799 1936 4834 ⁴⁹
1965 4803 2077 4858 Isa.
2109 4817 2209 4872 LII,
2241 4801 2296 4858 6.
2340 4799 2389 4834 ⁵ο
2419 4801 2529 4857 Isa.
2565 4817 2617 4869 L,
2650 4803 2703 4854 6.
2762 4800 2803 4834 ⁸¹
2855 4799 3034 4855 Mars.
3067 4817 3161 4871 xv,
3223 4801 3310 4856 15»
3366 4799 3416 4834 ⁵2
3447 4801 3560 4856 Isa.
3593 4816 3647 4869 L,
3694 4803 3724 4853 6

304 4883 348 4917 ⁸³
391 4882 554 4935 Joan.
587 4894 688 4943 xu,
720 4878 810 4932 25.

377 5087 455 5158 (1)
537 5077 954 5158 Βεϐούλευνται.
1027 5079 1224 5158 Editi_
1268 5079 1486 5158 ferunt,

1577 5072 1956 5159 βεϐούλευται.
1991 5095 2041 5159 D

2142 5081 2216 5164 (4)
2248 5080 2308 5136 Εἰ
2342 5081 2493 5164 Θεόςζ
2527 5081 2703 5164 Editi,
2739 5081 2817 5164 εἷς
2865 5078 3038 5164 θεός,⁵
3077 5095 3219 5164 unus
3262 5079 3534 5164 Deus.nEx
3558 5156 3568 5164 ⁸
3593 5080 3722 5138 cod.

314 5150 465 5227 Quos
497 5156 945 5213 emendavimus
977 5170 1045 5208 ex
1077 5150 1592 5222 codd.Colb.,Roé
1625 5153 1876 5209 Casaub.
1902 5159 1961 5209 et
1994 5150 2033 5159 ’⁷
2070 5150 2247 5226 Regio
2282 5155 2753 5221 emendavimus,
2777 5154 2953 5227 juxta
3001 5150 3674 5227 Ruﬁnumscribentem
3709 5168 3721 5208 :

313 5248 474 5289 sacro
507 5235 688 5285 textu.

377 5308 448 5374 (2)
499 5302 561 5358 Ὀ
617 5296 1013 5374 κακὸςμκακῶν
1075 5295 1218 5374 ὑπηρ
1269 5297 1600 5374 Articulum
1653 5295 1681 5350 6
1731 5295 1957 5352 addidi-

310 5369 440 5433 mus
471 5392 538 5428 ex
559 5373 748 5438 Colb.,
790 5369 1078 5443 Casaub.,
1116 5371 1235 5423 lloe
1291 5373 1350 5422 et
1424 5373 1588 5443 Reg,
1645 5375 1704 5425 et
1757 5385 1954 5424 vocem

305 5451 503 5510 κακῶν,
537 5463 607 5500 ex
640 5443 875 5500 duobus
905 5441 1137 5512 primis.

375 5522 450 5591 (3)
482 5507 577 5571 Διᾶ
608 5512 867 5570 πτυελοῦ.
905 5507 1054 5591 ίιρϐρ
1113 5507 1438 5591 διὰ-πηλοῦ,

311 5584 678 5662 reposuimus
712 5585 985 5662 exicodd.
1012 5587 1139 5662 Dee
1175 5584 1506 5662 et‘Casaub.
1541 5584 1704 5662 Coll).
1751 5586 1950 5662 habet,

2067 5223 2400 5354 (Iiuci‘fdibilf
2423 5227 2572 5282 enim
2593 5234 2692 5297 est,
2741 5223 2806 5281 ut
2858 5226 2996 5281 Deus
3037 5223 3139 5281 Dei
3193 5223 3369 5279 Filius
3391 5240 3587 5295 passus
3617 5227 3726 5281 ista

2106 5315 2192 5354 ica
2219 5316 2305 5354 ur.
2337 5315 2367 5353 e
2398 5316 2443 5354 c.

2106 5315 2305 5361 tcatur.
2337 5315 2443 5354 Θῑϐ.

2139 5372 2213 5443 (5)
2245 5367 2483 5426 Δὲδωκα.
2518 5371 2694 5436 Editi,
2757 5364 3037 5443 Bthxav:
3079 5384 3228 5443 quos
3273 5367 3722 5443 emendavimus

2068 5440 2336 5513 ex'c'odd.
2373 5445 2492 5498 Roe
2523 5449 2581 5498 et
2607 5441 2854 5498 Casaub.
2886 5443 2952 5496 In
2999 5440 3176 5496 Coisl.
3211 5444 3270 5495 et
3307 5442 3445 5512 Reg.
3485 5441 3721 5513 legitur,

1483 5530 1588 5584 per
1625 5513 1836 5586 lutum,
1874 5514 1955 5569 ita
2066 5509 2264 5576 ἔδωκα,
2291 5516 2464 5586 juxta
2495 5514 2654 5582 LXX,
2681 5517 2849 5586 Rom.
2893 5513 3034 5569 edit.

2139 5586 2216 5657 (6)
2246 5583 2309 5642 Ὁ
2341 5585 2540 5661 φιλῶν.
2573 5589 2660 5642 Ita
2689 5585 2832 5661 editi
2864 5589 2923 5640 et
2973 5583 3171 5661 caeteri
3201 5583 3372 5639 codd.
3427 5585 3601 5655 juxta
3632 5589 3720 5640 te-

315 5651 398 5716 Bia‘i
426 5659 631 5727 σιέλου,
677 5666 734 5714 et
787 5661 949 5730 Reg,
1003 5653 1098 5730 διὰ
1147 5651 1352 5730 σίελον,
1401 5671 1505 5725 per
1559 5651 1952 5730 _salivam._‘Ex

2098 5651 2272 5713 .orem
2303 5651 2483 5730 hujus
2514 5657 2825 5714 sententias
2874 5657 3033 5730 apud
3089 5658 3255 5714 Joan.
3309 5651 3448 5728 cap:
3471 5673 3568 5724 xu,
3624 5661 3711 5711 25.

311 5735 540 5790 πτυελοῦ
560 5725 757 5806 palam
786 5725 1108 5786 estwambas
1135 5728 1460 5799 scripturas
1475 5725 1658 5798 πηλοῦ
1682 5735 1740 5785 et
1760 5725 1950 5784 σιὲλου

2098 5730 2220 5806 ἱιὶιι
2247 5725 2410 5787 Gelli.
2442 5731 2675 5806 legitur,
2734 5730 2796 5787 '0
2854 5725 3048 5805 εὑρών,
3097 5733 3164 5786 ut
3212 5725 3714 5787 commemoratur

313 5813 472 5868 natas
495 5822 644 5862 esse.

2061 5801 2262 5859 Matth.
2297 5819 2426 5877 cap.
2459 5801 2526 5875 ι,
2548 5805 2635 5860 39.
