4014 6372
341 404 470 467 ’193

979 406 1458 472 OATECHESIS
1499 407 1664 471 XIII.
1710 408 1812 470 DE
1857 405 2193 469 CHRISTO
2236 405 2657 472 CRUGIFIXO
2699 407 2803 472 ET
2845 409 3221 475 SEPULTO.

3697 417 3823 477 794

370 542 468 613 ὼς,
528 537 969 616 ἐπλησσόμενον
1027 540 1120 596 τὸν
1175 541 1468 620 προφήτην
1528 540 1616 596 καὶ
1674 541 1796 617 περὶ
1857 539 2043 595 τούτοι

2169 539 2360 599 dicat:
2386 565 2415 594 «
2450 544 2638 616 Super
2657 561 2835 616 quem
2855 545 3172 618 aperuistis
3190 565 3256 603 os
3277 553 3542 604 vestrum
3563 553 3622 605 et
3644 567 3828 624 super

381 632 583 709 λέγειν·
645 633 782 688 Ἐπὶ
839 633 959 686 τίνα
1013 631 1262 702 ἠνοίξατε
1334 632 1397 686 τὸ
1482 631 1659 706 στόμα
1720 632 1872 704 ὑμῶν
1905 673 1919 698 ,
1967 629 2058 684 καὶ

391 724 479 779 ἐπὶ
563 721 691 777 τίνα
772 720 1080 796 ἐχαλάσατε
1161 723 1261 790 τήν
1349 719 1604 796 γλῶσσαν
1698 722 1898 794 ὑμῶνς
1967 721 2054 774 καὶ

391 812 674 868 ,ιδ-τὸντὸν
734 811 938 885 Κύριον
997 809 1048 865 ἐν
1112 811 1424 885 προφήταις
1485 809 1687 886 λέγειν·
1723 811 2058 887 Ἐγενήθηή

391 899 752 978 κληρονομία
816 921 925 973 μου
985 899 1134 972 ἐμοὶ,
1196 899 1270 961 ὡς
1332 899 1471 955 λέων
1533 900 1584 954 ἐν
1647 898 1860 971 δρυμῷ·
1924 897 2062 953 ἔδω-

392 1014 486 1048 κεν
517 990 602 1046 ἐπ’
661 989 760 1062 ἐμὲ
819 990 919 1058 τὴν
978 989 1162 1067 φωνὴν
1223 988 1412 1059 αὐτῆς·
1470 986 1559 1044 διὰ
1604 993 1767 1044 τοῦτο
1827 987 2060 1062 ἐμίσησα

389 1083 584 1153 αύτήν.
620 1081 739 1138 Οὐκ
770 1079 876 1154 ἐγὼ
906 1079 1326 1155 παρητθσάμην,
1360 1077 1487 1134 ἀλλ’
1539 1078 1692 1134 αύτοί
1754 1099 1821 1152 με
1876 1097 2062 1152 παρῃο

389 1174 656 1242 τήσαντο·
694 1166 783 1223 διὰ
829 1171 993 1223 τοῦτο
1053 1165 1372 1232 ἀκολούθως
1433 1165 1575 1242 λέγω
1635 1169 1728 1242 (1)·
1793 1168 2058 1243 Ἐγκατα-

391 1259 639 1316 λέλοιπα
660 1258 752 1312 τὸν
788 1256 936 1312 οἶκόν
971 1277 1102 1330 μου.

467 1351 559 1418 Ιζ’.
595 1347 927 1423 Κρινόμενος
977 1345 1188 1401 ἐσιώπα
1245 1346 1321 1409 ὡς
1381 1345 1750 1422 ὑπερπάσχειν
1807 1346 1898 1400 τὸν
1959 1352 2060 1401 Πι-

378 1440 577 1512 λᾶτον,
629 1440 718 1494 καὶ
782 1437 980 1512 λέγειν’
1043 1436 1158 1494 Οὐκ
1185 1435 1404 1499 ἀκούεις
1431 1435 1486 1492 τί
1518 1435 1670 1492 οὗτοί
1730 1459 1826 1492 σου
1881 1457 2056 1492 κατα-

393 1533 814 1604 μαρτυροῦσινς
876 1526 985 1602 οὐχ
1047 1523 1129 1581 ὅτι
1191 1522 1313 1601 ᾔδει
1371 1527 1462 1581 τὸν
1520 1527 1868 1600 κρινόμενον,
1931 1522 2058 1581 ἀλλ’

398 1614 647 1697 ἐφοϐήθη
708 1618 770 1672 τὸ
827 1622 928 1686 τῆς
989 1616 1182 1671 ἐαυτοῦ
1235 1616 1492 1688 γυναικὸς
1558 1617 1635 1689 (2)
1692 1615 1936 1670 ἐνύπνιον
1995 1616 2056 1670 τὸ

401 1707 723 1764 ἆποπαλὲν.
782 1704 880 1760 Καὶ
911 1706 938 1760 6
973 1706 1185 1774 Ἰησοῦς
1245 1703 1473 1762 ἐσιώπα.
1535 1705 1696 1780 Λέγει
1743 1706 1772 1759 6
1803 1702 2061 1778 Ψαλμῳ-

396 1794 510 1860 δός·
544 1799 645 1854 Καὶ
698 1794 967 1870 ἐγενόμην
1019 1792 1149 1848 ὡσεὶ
1199 1794 1486 1870 ἄνθρωπος
1536 1793 1636 1849 οὐκ
1682 1793 1918 1864 ἀκούων,
1967 1795 2058 1848 καὶ

2166 654 2195 682 ‹‹
2220 649 2396 703 quem
2420 633 2669 706 linguaR
2688 642 2939 691 vestram
2962 636 3262 693 laxavistis
3283 637 3332 670 ⁸⁵
3353 637 3380 692 ?
3401 661 3428 687 »
3445 639 3693 710 ipseque
3717 643 3826 697 Do-

2164 723 2367 778 minus
2389 723 2450 778 in
2475 725 2781 796 prophetis
2830 726 3137 782 referat:«
3163 727 3318 782 facta
3366 733 3458 783 est
3503 729 3824 786 haareditas

2165 833 2193 861 «
2230 828 2362 867 mea
2393 814 2540 868 mihi
2573 815 2725 870 sicut
2749 815 2840 870 leo
2873 816 2934 870 in
2968 815 3113 871 silva
3137 832 3148 871 :
3170 816 3334 872 dedit
3360 823 3568 873 contra
3599 835 3693 873 me
3726 838 3821 874 vo-

2166 923 2193 950 ‹‹
2227 918 2355 957 cem
2388 919 2595 958 suam:
2637 910 2949 975 propterea
2978 905 3113 960 odio
3159 922 3288 960 eam
3317 906 3500 960 habui
3533 905 3599 963 ⁸⁸.
3637 929 3664 956 ››
3698 909 3824 962 Non

2165 1006 2268 1062 ego
2302 1007 2432 1046 eam
2460 991 2673 1063 abjeci,
2715 991 2820 1048 sed
2868 993 2982 1064 ipsi
3033 993 3383 1065 abjecerunt
3429 1011 3546 1049 me.
3592 995 3822 1052 Idcirco

2164 1089 2602 1154 consequenter
2622 1083 2754 1140 dico
2781 1099 2794 1141 :
2818 1085 3102 1154 Dereliqui
3131 1085 3350 1140 domum
3379 1102 3555 1141 meam
3588 1087 3652 1142 ⁷⁷.

2239 1352 2385 1407 XVI.
2418 1350 2722 1406 Judicatus
2755 1351 2987 1408 tacebat
3005 1352 3078 1408 '3:
3105 1353 3187 1408 ita
3210 1357 3278 1408 ut
3307 1371 3414 1425 pro
3437 1355 3566 1427 ipso
3591 1360 3825 1428 patere-

2165 1444 2262 1496 tur
2293 1440 2537 1508 Pilatus,
2564 1447 2621 1495 et
2647 1441 2904 1496 diceret:
2934 1465 2952 1490 ι
2987 1443 3111 1497 Non
3136 1441 3304 1497 audis
3327 1443 3471 1513 quid
3496 1443 3581 1498 illi
3618 1450 3825 1500 contra

2167 1552 2195 1580 «
2227 1535 2283 1586 te
2306 1531 2706 1586 testiﬁcantur
2729 1529 2776 1565 ⁸⁷
2796 1531 2824 1586 ‘I
2849 1553 2875 1580 ››
2898 1548 3020 1586 non
3053 1531 3214 1603 quod
3246 1549 3384 1587 eum
3433 1534 3696 1589 novisset
3724 1535 3825 1605 qui

2157 1620 2564 1692 judicabatur,
2599 1621 2701 1676 sed
2732 1621 2935 1676 uxoris
2967 1638 3087 1676 sua:
3121 1622 3418 1676 somnium
3459 1622 3569 1676 sibi
3605 1622 3828 1693 signiti-

2165 1715 2363 1766 catum
2378 1711 2753 1765 metuebat”.
2777 1712 3024 1766 EtJesus
3043 1710 3294 1766 tacebat.
3313 1711 3821 1768 DicitPsalmista:

2167 1801 2279 1854 «Et
2301 1799 2493 1855 factus
2515 1817 2645 1854 sum
2673 1799 2826 1855 sicut
2846 1801 3024 1855 homo
3039 1817 3158 1855 non
3184 1799 3456 1870 audiens,
3490 1805 3548 1854 et
3572 1817 3692 1854 non
3727 1801 3825 1854 ha-

391 1885 494 1940 οὐκ
525 1881 671 1961 ἔχων
705 1883 757 1938 ἐν
789 1888 870 1956 τῷ
901 1883 1134 1956 στόματι
1167 1881 1334 1937 αὐτοῦ
1391 1881 1682 1958 ἐλεγμούς·
1715 1883 1804 1937 καὶ
1859 1883 2043 1937 πάλιν·

391 1972 785 1984 .-......
979 1966 1256 1984 ...ι
1585 1969 1972 1984 ...ης

2168 1912 2196 1940 ‹‹
2219 1889 2366 1945 bens
2389 1890 2450 1944 in
2475 1906 2575 1944 ore
2599 1907 2704 1944 suo
2724 1890 3114 1946 refutationes
3134 1889 3282 1944 7‘.Et
3313 1893 3512 1946 iterum
3535 1891 3682 1962 :Ego
3715 1907 3821 1945 au-

387 1974 535 2048 Ἐγὼ
569 1972 628 2028 δὲ
659 1973 788 2027 ὡσεὶ
847 1973 1034 2050 κωφὸς
1066 1970 1170 2026 οὐκ
1225 1966 1452 2045 ἤκουον,
1509 1972 1600 2026 καὶ
1653 1971 1780 2025 ὡσεὶ
1841 1969 2051 2034 ἄλαλος

389 2063 494 2117 οὐκ
524 2061 755 2135 ἀνοίγων
779 2064 842 2116 τὸ
876 2063 1052 2134 στόμα
1083 2059 1269 2115 αύτοῦ.
1304 2061 1577 2122 Ἤκουσας
1608 2061 1674 2114 τὰ
1700 2061 1823 2134 περὶ
1855 2059 2052 2115 τούτου

382 2151 478 2205 καὶ
510 2152 802 2226 πρότερον,
836 2148 885 2203 εἴ
910 2171 974 2224 γε
1008 2148 1402 2222 μνημονεύεις.

464 2239 561 2296 1Ζ’.
592 2237 750 2295 Ἀλλ’
779 2237 832 2292 οἱ
873 2241 1202 2311 στρατιῶται
1262 2234 1650 2312 περιχυθέντες
1710 2236 1857 2308 αὐτῷ
1884 2257 2052 2292 κατα-

384 2327 662 2397 παίζουσι·
706 2327 797 2382 καὶ
853 2327 1060 2402 γίνεται
1119 2326 1364 2400 παίγνιον
1424 2325 1612 2388 αὐτοῖς
1643 2327 1671 2381 6
1703 2325 1926 2402 Κύριος,
1957 2325 2047 2381 καὶ

381 2417 771 2486 καταπαίζεται
819 2416 847 2469 6
880 2411 1178 2485 Δεσπότης
1238 2412 1466 2472 Εἶ’δοσάν
1533 2436 1620 2487 με,
1677 2414 1767 2470 καὶ
1826 2414 2050 2470 ἐσάλευ-

384 2529 480 2562 σαν
541 2505 782 2584 κεφαλὰς
840 2507 1042 2561 αὐτῶν.
1106 2505 1264 2561 Καὶὸ
1305 2504 1476 2566 τύπος
1528 2504 1735 2579 γίνεται
1786 2512 1888 2574 τῆς
1951 2506 2046 2580 βα-

386 2595 620 2657 σιλείας’
653 2593 1050 2663 καταπαίζουσι
1105 2595 1198 2667 μὲν
1257 2594 1382 2667 γὰρ,
1440 2598 1796 2670 γονυπετοῦσι
1829 2591 1907 2650 δέ.
1941 2595 2045 2651 Καὶ

387 2689 681 2760 σσαυροῦσι
739 2680 1164 2760 προενδύσαντες
1220 2682 1378 2739 αὐτὸν
1439 2683 1721 2762 πορφύραν
1778 2689 2045 2760 στρατιῶ-

383 2796 502 2842 ται,
542 2775 632 2830 καὶ
689 2775 945 2850 στέφανον
1005 2772 1334 2828 ἐπιτιθέασιν
1385 2773 1552 2829 αὑτοῦ
1603 2776 1672 2846 τῇ
1731 2772 1965 2852 κεφαλῇ·
1988 2775 2041 2828 τί

381 2866 510 2940 γὰρ,
567 2863 707 2919 εἶκαὶ
763 2864 1088 2932 ἀκάνθινον;
1152 2865 1262 2925 Hi:
1297 2861 1554 2939 βασιλεὺς
1609 2864 1713 2918 ὑπὸ
1775 2884 2040 2937 στρατιω-

379 2955 492 3009 τῶν
552 2951 956 3028 ἀναγορεύεται⁹
1012 2948 1119 3007 ἔδει
1179 2953 1263 3007 καὶ
1357 2953 1568 3023 Ἰησοῦν
1643 2956 1888 3018 τυπικῶς
1939 2952 2041 3007 ὑπὸ

383 3049 733 3120 στρατιωτῶν
787 3044 1225 3121 στεφανωθῆναιο
1287 3041 1361 3106 ὡς
1422 3040 1511 3098 διὰ
1545 3041 1709 3098 10610
1767 3045 1866 3113 τὴν
1901 3050 2040 3110 Γρα-

384 3136 492 3214 φήν
552 3131 606 3187 ἐν
656 3136 898 3206 ’ᾋσμασι
958 3134 1157 3208 Λέγειν·
1216 3131 1514 3205 Ἐξέλθετε,
1572 3132 1663 3188 καὶ
1717 3130 1884 3205 ’ίδετε,
1946 3145 2042 3198 θυ-

381 3222 608 3300 γατέρες
668 3221 1053 3298 Ἰερουσαλὴμ;
1117 3221 1168 3276 ἐν
1228 3227 1309 3295 τῷ
1370 3221 1590 3298 βασιλεῖ
1647 3221 1918 3298 Σολομὼν
1961 3227 2035 3298 (3)

379 3313 433 3370 ἐν
494 3317 574 3384 τῷ
652 3311 931 3388 στεφάνῳ,
987 3312 1034 3384 ᾧ
1087 3310 1450 3388 ἐστεφάνωσεν
1527 3312 1689 3368 αὐτὸν
1750 3315 1785 3382 ἡ
1849 3316 2035 3390 μήτηρ

379 3403 570 3459 αὐτοῦ.
605 3403 916 3472 Μυστήριον
948 3398 1004 3456 δὲ
1040 3404 1106 3470 ἦν
1165 3401 1254 3456 καὶ
1315 3403 1343 3456 6
1404 3401 1687 3480 στέφανος·
1749 3401 1906 3466 λύσις
1938 3404 2040 3479 γὰρ

376 3493 446 3563 ἦν
470 3497 582 3547 τῶν
616 3493 918 3567 ἁμαρτιῶν,
945 3491 1212 3553 ἀπόλυσις
1243 3496 1343 3560 τῆς
1365 3490 1710 3568 ἀποφάσεως.

458 3584 567 3639 ΙΗ’.
626 3576 832 3637 Ἐλαϐε
887 3577 1186 3650 καταδίκην
1238 3581 1266 3636 6
1321 3578 1520 3655 Ἀδάμ·
1611 3583 2038 3656 Ἐπικατάρατος

379 3674 417 3741 ἡ
481 3679 553 3747 γῆ
617 3671 669 3726 ἐν
728 3676 846 3735 τοῖς
896 3665 1081 3746 ἔργοις
1139 3692 1257 3742 σου,
1314 3671 1548 3734 ἀκάνθας
1604 3673 1694 3726 καὶ
1746 3668 2044 3749 τριϐόλους

371 3761 628 3817 ἆνατελεῖ
655 3782 762 3817 σοι.
797 3760 895 3816 Διὰ
941 3765 1104 3815 τοῦτο
1160 3763 1379 3831 Ἰησοῦς
1438 3757 1707 3834 λαμϐάνει
1749 3763 1844 3824 τὰς
1875 3762 2040 3817 ἀκάν-

373 3852 500 3918 θας,
531 3849 620 3904 ἳνα
648 3850 788 3924 λύσῃ
846 3851 947 3918 τὴν
1007 3846 1328 3921 καταδίκηνο
1363 3849 1453 3905 καὶ
1512 3847 1604 3904 διὰ
1655 3853 1819 3906 τοῦτο
1868 3851 2034 3930 ἐτάφη

373 3939 427 3995 ἐν
461 3942 531 4013 τῇ
566 3943 663 4012 γῇ,
694 3939 786 3992 ἳνα
817 3941 852 4009 ἡ
883 3940 1239 4011 κατηραμένη
1273 3944 1342 4014 γῆ
1377 3937 1495 3994 ἀντὶ
1553 3938 1788 4015 κατάρας
1822 3937 2037 4014 δέξηται

369 4030 475 4098 τήν
509 4025 786 4102 εὐλογίαν.
819 4027 961 4082 Κατὰ
989 4028 1080 4082 τὸν
1141 4027 1331 4101 καιρὸν
1391 4035 1493 4098 τῆς
1523 4029 1812 4106 ἁμαρτίας,
1867 4033 2036 4101 συκῆς

375 4117 570 4195 φύλλα
612 4114 1070 4193 περιεϐάλλοντο·
1133 4116 1222 4173 διὰ
1275 4120 1557 4175 τοῦτοκαὶ
1613 4121 1823 4192 Ἰησοῦς
1875 4120 2034 4184 τέλος

373 4209 621 4282 σημείων
659 4211 758 4278 τήν
819 4215 988 4277 συκῆν
1042 4202 1232 4264 ἔδωκε.
1267 4205 1508 4264 Μέλλων
1543 4209 1644 4284 γὰρ
1708 4209 1782 4272 εἷς
1836 4212 1899 4266 τὸ
1928 4213 2034 4266 πά-⁸

372 4301 471 4360 θος
505 4304 728 4372 χωρεῖν,
761 4303 1059 4372 καταρᾶται
1098 4299 1202 4367 τὴν
1261 4301 1450 4362 συκῆν·
1512 4297 1574 4352 ού
1627 4303 1800 4354 πᾶσαν
1842 4308 2033 4371 συκῆν,

366 4386 501 4443 ἀλλ’
532 4386 744 4457 ἐκείνην
793 4386 968 4460 μόνην
1029 4384 1120 4441 διὰ
1162 4387 1255 4441 τὸν
1313 4386 1505 4456 τύπον,
1569 4388 1766 4461 λέγων·
1825 4391 2034 4459 Μηκέτι

365 4478 430 4534 ἐκ
462 4481 559 4531 006
587 4479 667 4549 (4)
697 4477 903 4554 καρπόν
971 4497 1056 4540 τις
1113 4477 1278 4555 φάγγγ
1341 4474 1596 4541 λελυσθω
1645 4480 1680 4547 ἡ
1741 4477 2031 4551 καταδίκη.

369 4567 474 4622 Καὶ
563 4564 750 4637 ἐπειδὴ
836 4567 959 4622 τότε
1043 4573 1211 4637 συκῆς
1295 4565 1479 4642 φύ)λα
1561 4563 2030 4644 περιεϐάλλοντο,

2164 2002 2191 2029 ‹‹
2221 1985 2337 2034 tem
2363 1984 2645 2048 tanquam
2677 1977 2893 2032 surdus
2914 1994 3035 2032 non
3059 1977 3396 2048 audiebam,
3421 1984 3481 2031 et
3511 1977 3664 2032 sicut
3690 1994 3824 2032 mu-

2163 2074 2306 2123 «tus
2343 2085 2464 2123 non
2496 2068 2770 2139 aperiens
2798 2084 2863 2121 os
2896 2084 3070 2121 suum
3091 2068 3158 2134 ⁷³,
3193 2089 3222 2116 ››
3246 2083 3378 2137 quae
3411 2067 3484 2121 ad
3533 2067 3646 2122 hoc
3678 2067 3819 2120 atti-

2161 2163 2308 2214 nent
2337 2156 2574 2213 antea"3
2592 2173 2826 2227 quoque
2846 2155 3144 2224 audivisti,
3167 2157 3214 2210 si
3247 2155 3576 2211 meministi
3610 2155 3816 2226 probe.

2229 2247 2401 2300 XVII.
2427 2246 2539 2301 Sed
2566 2245 2785 2300 milites
2813 2243 3158 2300 circumfusi
3186 2243 3297 2315 ipsi
3323 2244 3583 2298 illudunt
3605 2241 3670 2298 7‘.
3703 2244 3811 2298 Lu-

2158 2335 2416 2391 dibrium
2440 2335 2586 2406 ipsis
2618 2335 2685 2390 fit
2703 2334 3009 2402 Dominus,
3043 2340 3102 2390 et
3124 2335 3302 2389 herus
3325 2332 3656 2388 deridiculo
3681 2338 3772 2387 est
3797 2349 3809 2386 :

2163 2426 2433 2481 Viderunt
2452 2442 2555 2492 me,
2585 2431 2634 2479 et
2666 2430 2952 2479 moverunt
2981 2425 3169 2494 capita
3198 2439 3299 2478 sua
3315 2424 3378 2477 ⁷⁸.
3413 2424 3477 2477 In
3503 2424 3692 2495 ﬁgura
3722 2439 3805 2475 re-

2153 2529 2334 2585 gnum
2366 2511 2790 2568 adumbratur:
2823 2511 3088 2566 illudunt
3118 2509 3437 2581 siquidem,
3471 2509 3574 2565 sed
3622 2525 3808 2578 genu-

2152 2602 2403 2658 ﬂectunt
2422 2602 2504 2656 7°:
2539 2601 2820 2672 crucique
2843 2601 3013 2656 illum
3047 2601 3298 2672 afﬁgunt
3321 2600 3560 2663 milites,
3587 2598 3809 2669 injecta

2151 2689 2318 2761 prius
2345 2705 2628 2761 purpura,
2678 2687 2726 2721 ⁷⁷
2767 2693 2826 2744 et
2853 2705 3137 2744 coronam
3185 2688 3647 2758 circumponunt
3676 2687 3806 2757 ejus

2151 2779 2330 2850 capiti
2353 2778 2417 2834 ⁷⁸.
2438 2778 2586 2844 Quid
2615 2779 2774 2833 enim
2795 2777 2954 2846 inde,
2980 2783 3037 2832 et
3058 2778 3106 2832 si
3131 2777 3400 2849 spineam
3422 2776 3450 2830 ‘I
3466 2779 3585 2831 Rex
3610 2775 3805 2831 omnis

2150 2882 2184 2923 a
2199 2866 2492 2922 militibus
2509 2867 2930 2937 proclamatur.
2955 2865 3226 2937 Oportuit
3247 2871 3305 2920 et
3321 2866 3519 2920 Jesum
3542 2864 3605 2917 in
3625 2864 3814 2936 ﬁgura

2148 2956 2501 3013 amilitibus
2540 2957 2833 3012 coronari.
2869 2957 2957 3010 Ita
3012 2961 3078 3010 ut
3132 2960 3448 3027 propterea
3505 2954 3809 3024 Scriptura

2149 3046 2211 3102 in
2233 3047 2491 3102 Canticis
2516 3045 2705 3102 dicat:
2740 3065 2766 3097 ι
2794 3045 3178 3119 Egredimini,
3203 3050 3262 3098 et
3277 3044 3491 3111 videte,
3512 3042 3650 3097 ﬁliaa
3677 3043 3804 3096 Hie-

2148 3159 2176 3187 α
2212 3135 2496 3202 rusalem,
2529 3136 2591 3190 in
2622 3152 2758 3209 rege
2790 3135 3128 3202 Salomone,
3152 3134 3214 3188 in
3247 3148 3469 3189 corona
3495 3148 3612 3203 qua
3643 3149 3806 3187 coro-

2153 3249 2182 3276 «
2215 3226 2378 3281 navit
2405 3241 2541 3280 eum
2573 3231 2765 3280 mater
2795 3242 2902 3280 sua
2920 3224 2985 3279 ⁷⁷.
3013 3247 3041 3275 ››
3072 3224 3415 3295 Mysterium
3447 3238 3582 3277 vero
3628 3223 3806 3276 etiam

2153 3331 2374 3372 corona
2403 3315 2546 3381 illa;
2579 3315 2796 3370 solutio
2829 3315 2988 3369 enim
3016 3320 3145 3369 erat
3199 3318 3603 3384 peccatorum,
3633 3311 3806 3366 abso-

2151 3404 2300 3460 lutio
2331 3423 2364 3461 a
2393 3404 2914 3460 condemnationis
2946 3403 3264 3460 sententia.

2222 3585 2422 3640 XVIII.
2459 3585 2702 3656 Accepit
2721 3582 3284 3639 condemnationem
3315 3579 3616 3635 Adamus:
3643 3601 3666 3631 α
3695 3581 3808 3634 Ma-

2151 3693 2183 3727 ιι
2200 3673 2661 3728 ledictaterrain
2681 3672 2959 3743 operibus
2975 3671 3110 3738 tuis,
3127 3671 3329 3742 spinas
3343 3675 3399 3723 et
3415 3669 3663 3723 tribulos
3678 3685 3810 3739 pro-

2152 3785 2182 3813 «
2205 3764 2381 3819 ducet
2402 3763 2584 3816 tibi“
2603 3784 2630 3811 »
2649 3763 2971 3832 Propterea
2993 3761 3162 3815 Jesus
3201 3759 3402 3830 spinas
3434 3757 3709 3824 assumit,
3743 3763 3811 3810 ut

2151 3851 2340 3908 solvat
2371 3850 2893 3916 maledictionem;
2947 3853 3006 3903 et
3051 3847 3273 3902 idcirco
3325 3847 3594 3918 sepultus
3625 3852 3716 3901 est
3746 3847 3806 3900 in

2149 3946 2328 4007 terra,
2360 3945 2427 3996 ut
2455 3956 2586 4010 qua:
2620 3937 2938 3993 maledicta
2967 3937 3159 3992 fuerat
3183 3936 3378 4003 tellus,
3413 3953 3518 4008 pro
3555 3935 3804 3991 maledi-

2147 4030 2345 4086 ctione
2367 4028 2845 4085 benedictionem
2865 4027 3175 4097 reciperet.
3200 4025 3240 4061 δ’
3269 4028 3554 4098 Tempore
3578 4025 3801 4096 [primi]

2146 4119 2396 4192 peccati,
2422 4119 2681 4174 ficulnea
2712 4117 2854 4173 folia
2880 4116 2992 4173 sibi
3023 4117 3506 4187 circumposuere
3532 4133 3544 4182 ;
3579 4115 3711 4170 ideo
3734 4121 3792 4170 et

2145 4211 2314 4266 Iesus
2343 4211 2521 4265 ﬁnem
2554 4208 2934 4282 signorumin
2968 4208 3082 4262 ficu
3099 4207 3257 4262 fecit.
3291 4207 3336 4241 ⁸³
3352 4205 3440 4261 Ad
3459 4206 3799 4278 passionem

2148 4302 2308 4358 enim
2340 4301 2552 4368 iturus,
2586 4299 3006 4357 maledictione
3035 4298 3173 4352 ferit
3204 4298 3381 4352 ﬁcum
3409 4315 3424 4363 ς
3466 4313 3588 4352 non
3623 4297 3801 4352 ﬁcum

2146 4408 2408 4457 omnem,
2443 4389 2548 4445 sed
2579 4391 2745 4446 illam
2778 4389 2966 4444 solam
2990 4389 3049 4442 in
3079 4389 3328 4459 figuram
3359 4387 3600 4443 dicens:
3634 4387 3800 4442 Nemo

2145 4483 2385 4554 amplius
2411 4498 2480 4536 ea:
2510 4487 2560 4536 te
2587 4485 2834 4550 fructum
2873 4478 3220 4535 comedat”:
3256 4478 3612 4534 dissolvatur
3643 4477 3804 4533 dam-

2143 4571 2328 4629 natio.
2362 4571 2516 4627 192
2548 4572 2618 4624 Et
2648 4569 3136 4641 quandoquidem
3170 4569 3317 4624 ﬁcus
3347 4567 3490 4622 folia
3522 4565 3634 4621 sibi
3661 4571 3801 4621 tunc

445 4757 491 4792 ⁸³
536 4761 646 4813 lsa.
709 4775 838 4826 Lm,
882 4761 935 4815 4.
1013 4759 1060 4795 ⁶⁶
1114 4761 1328 4815 Jerem.
1381 4775 1477 4824 xu,
1540 4761 1591 4812 8.
1669 4757 1714 4794 ⁸⁷
1772 4759 1917 4815 ibid.
1952 4764 1983 4814 '7

2163 4761 2363 4816 Matth.
2423 4776 2597 4824 xxvu,
2633 4759 2718 4812 Ili.
2793 4757 2841 4792 ⁸⁷
2872 4757 3072 4811 Matth.
3104 4757 3418 4826 xxv1,_»62;
3477 4769 3649 4826 xxv",
3713 4753 3798 4807 13.

1084 4830 1125 4865 ⁷¹
1161 4830 1315 4886 Psal.
1350 4847 1562 4895 xxxvu,
1599 4834 1684 4885 15.

1189 4901 1238 4936 ⁷⁶
1259 4903 1459 4957 Matth.
1494 4920 1664 4968 xxv";
1693 4906 1780 4957 29.

372 4829 425 4865 ⁷ο
457 4832 657 4887 Matth.
692 4849 864 4896 xxvu,
894 4835 977 4886 19.

369 4905 460 4956 27.
571 4901 619 4936 ⁷⁵
651 4903 810 4958 Psal.
838 4919 988 4969 cvm,
1023 4906 1111 4957 25.

367 4977 458 5029 11.
570 4973 619 5008 ⁸ο
657 4977 800 5031 Gen.
833 4991 915 5030 ιιι.
948 4979 1033 5041 17,
1071 4977 1156 5029 18.

363 5045 414 5081 ⁸³
447 5047 619 5101 Marc.
653 5063 731 5114 χι,
764 5048 850 5100 14.

1789 4829 1835 4865 72
1889 4832 1965 4865 ςλς

1889 4832 2032 4888 ibid.

1885 4903 1930 4938 ⁷⁷
1955 4906 2043 4959 ide

2258 4832 2304 4867 ⁷³
2355 4835 2504 4900 forte
2559 4833 2617 4885 in
2649 4832 2888 4900 quadam
2949 4832 3193 4881 homitia.
3273 4832 3320 4858 ⁷⁸
3379 4832 3580 4879 Matth.
3624 4840 3799 4891 xxvu,

2163 4920 2272 4959 ,om.
2305 4905 2366 4958 in
2398 4903 2587 4957 Parat.
2623 4918 2680 4956 η.
2720 4905 2804 4955 12.
2882 4900 2930 4933 ⁷³
2955 4900 3120 4953 Joan.
3154 4915 3270 4959 XIX,
3310 4901 3362 4950 2.
3441 4897 3486 4930 ⁷⁷
3518 4896 3682 4950 Cant.
3717 4911 3799 4960 ιιι,

1259 4975 1303 5010 ⁸1
1346 4976 1406 5028 id
1426 4977 1561 5043 infr.
1594 4991 1653 5029 n.
1690 4977 1777 5045 35,
1813 4982 1864 5030 et
1894 4983 2000 5033 cat.
2039 4979 2126 5045 14,
2159 4993 2219 5031 n.
2276 4979 2362 5030 11.

2258 4831 2304 4867 ⁷³
2355 4835 2504 4900 forte
2559 4833 2617 4885 in
2649 4831 2888 4900 quadam
2949 4828 3193 4881 homilia.
3273 4824 3320 4858 ⁷⁴
3379 4825 3580 4900 Matth.
3624 4840 3800 4891 xxvu,

2465 4975 2513 5009 "
2551 4972 2688 5030 Vide
2747 4971 2872 5027 Isid.
2934 4971 3092 5025 Pelus
3125 4968 3222 5024 lib.
3256 4985 3296 5037 ι,
3346 4984 3432 5038 ep.
3469 4969 3558 5034 51,
3590 4973 3641 5022 et
3673 4967 3796 5020 358.

443 5247 526 5321 (I)_
556 5245 843 5321 ᾼέγωηΕκ
874 5249 1040 5317 Reg.,
1069 5246 1270 5321 Qoisl_._,
1290 5246 1479 5316 Colb.,
1503 5246 1682 5321 Grodﬁ.
1714 5247 1796 5321 ita
1826 5248 2032 5318 scripsi
2071 5251 2114 5313 D
2146 5247 2371 5321 quibus,
2396 5246 2630 5321 phrasis
2651 5249 2994 5321 sensusest
3014 5240 3415 5321 imperfectus.
3441 5240 3695 5321 Rufinus
3715 5245 3803 5321 ta-

368 5312 478 5391 pro
503 5312 684 5390 λέγων
715 5320 936 5382 dicens;
965 5312 1037 5372 ut
1079 5317 1336 5388 Cyrillus
1381 5312 1475 5372 ex"
1500 5319 1735 5374 Domini
1780 5312 2038 5390 persona
2077 5312 2098 5313 ί
2148 5312 2285 5374 men
2317 5312 2432 5384 hic,
2460 5326 2519 5372 et
2540 5319 2595 5374 S.
2621 5318 2806 5383 Nilus,
2833 5317 3021 5391 lib.__l_l,
3043 5314 3214 5391 epist.
3247 5316 3370 5378 197,
3395 5312 3672 5391 eumdem
3715 5312 3804 5391 lo-

367 5406 716 5447 sermonem
748 5392 1078 5444 continuet.

443 5465 522 5530 (2)
552 5463 664 5529 Τῆς
697 5461 888 5534 ἑαυτοῦ
921 5460 1449 5534 γυναικόςηνοᾳθω
1482 5459 1674 5514 ἑαυτοῦ
1705 5462 2036 5533 adiecimus

370 5550 446 5589 ex
474 5535 618 5599 Roe,
651 5533 1160 5605 casaub.,Grod_.,
1193 5533 1387 5588 Ottob.
1435 5539 1495 5587 et
1527 5534 1736 5604 Regio;
1771 5534 1871 5605 qui
1900 5551 2033 5605 pos-

373 5612 604 5659 tremus
633 5604 812 5660 habet
841 5605 1035 5659 solum
1066 5603 1249 5657 αὐτοῦ.

443 5677 516 5757 (3)
564 5676 650 5728 Ἐν
707 5679 788 5757 τῷ
849 5675 1066 5757 βασιλεῖ
1125 5671 1424 5757 ξολ-ομιῖιν.
1475 5675 1556 5728 Ea
1613 5675 1792 5757 verba
1833 5676 2036 5757 addita

365 5754 510 5804 sunt
546 5764 580 5802 a
635 5746 810 5802 nobis
840 5746 911 5803 ex
959 5746 1089 5802 cod.
1123 5746 1283 5802 Colb.
1316 5753 1375 5801 et
1405 5762 1572 5800 sacro
1635 5753 1797 5804 textu
1828 5765 1844 5806 :
1902 5748 2033 5804 sine

2147 5408 2303 5457 cum,
2323 5397 2388 5445 ut
2409 5395 2708 5460 putamus,
2726 5405 2796 5442 ex
2817 5387 3035 5458 Cyrillo
3057 5384 3474 5460 recitantes,ea
3494 5384 3799 5460 omittunt.

2219 5455 2298 5532 (4)
2331 5455 2542 5529 Μηκέτι
2577 5458 2636 5513 ἐκ
2666 5463 2788 5524 σοῦ,
2812 5455 2934 5532 etc.
2969 5460 3034 5512 In
3067 5457 3255 5532 codd.
3290 5459 3409 5532 Boe
3455 5462 3518 5532 et
3548 5455 3798 5532 Galsaub.

2145 5525 2362 5607 legitur
2383 5525 2448 5587 ut
2477 5531 2868 5607 apud_Ma_tth.
2906 5547 3021 5596 XXI,
3058 5531 3160 5607 19-:
3205 5525 3419 5607 Μηκέτι
3451 5527 3510 5580 ἐκ
3541 5529 3637 5580 006
3667 5545 3798 5607 καρ-

2143 5598 2531 5682 πξςγένητὰιξ
2557 5609 2628 5682 at_
2646 5603 2706 5656 in
2738 5605 2861 5682 ἣξει
2887 5643 2900 5667 ,
2949 5600 3161 5682 καρπόν
3193 5620 3276 5682 τις
3310 5601 3499 5682 φάγοι,
3531 5598 3799 5682 proxime

2143 5677 2219 5734 ad
2238 5667 2632 5746 Marcum-qui
2663 5667 2872 5746 scribit
2899 5690 2911 5726 :
2945 5667 3156 5743 Μηκέτι
3189 5671 3249 5727 ἐκ
3270 5667 3366 5725 σόῦ
3395 5667 3473 5734 εἷς
3500 5667 3594 5724 τόν
3629 5667 3799 5722 αἰῶνα

2145 5745 2340 5821 μηδεὶς
2373 5744 2582 5822 κάρπον
2610 5744 2798 5821 φάγοι.
