4014 6352
327 360 456 423 805

966 374 1449 438 CATECHESIS
1490 373 1655 436 XIII.
1703 375 1803 436 DE
1847 369 2188 435 CHRISTO
2231 368 2648 432 CRUCIFIXO
2695 369 2796 431 ET
2839 369 3228 437 SEPULTO.

3689 386 3809 446 806

358 498 459 560 κάς
495 500 866 576 μιμούμενοι
901 507 1176 580 στρατιὰς,
1201 507 1291 562 καὶ
1349 507 1581 563 πάντοτε
1630 507 1722 562 τὸν
1768 505 1895 561 Θεὸν
1946 504 2036 557 ἆν-

2163 508 2218 558 et
2247 505 2432 558 Deum
2464 503 2876 560 indesinenter
2904 505 3182 563 laudibus
3213 509 3553 568 celebrant:
3590 517 3693 585 qui
3725 519 3814 572 di-

373 591 695 661 υμνοῦντες·
733 593 792 646 οἳ
825 595 1237 669 καταξιούμενοι
1288 595 1520 670 ψάλλειν
1572 596 1623 651 ἐν
1671 600 1752 668 τῷ
1801 592 2053 669 Γολγοθᾷ

380 679 562 752 τούτῳ
591 682 698 754 (1),
731 682 828 737 καὶ
893 686 1088 760 λέγειν’
1149 685 1537 761 Διεμερίσαντο
1586 688 1652 741 τὰ
1697 685 1894 759 ἱμάτιά
1945 704 2050 756 μου

393 773 760 840 ἒαιγτοῖς,καὶ
822 773 910 828 ἐπὶ
967 775 1061 831 τὸν
1120 777 1419 850 ἱματισμόν
1482 799 1588 851 μου
1646 771 1844 832 ἔϐαλον
1901 772 2049 844 πλῆ-

393 883 508 938 ρονο
542 862 757 938 κλῆρος
791 862 851 920 δὲ
880 866 948 934 ἦν
981 867 1010 922 6
1042 863 1287 942 λαχμός.

466 957 586 1013 KZ'.
628 955 806 1012 Πάλιν
866 956 953 1012 ἐπὶ
1017 958 1255 1015 Ηιλάτου
1306 960 1538 1035 κριθεὶς,
1597 957 1857 1036 ἐφόρησεν
1917 957 2048 1033 ἐρυ-

391 1047 517 1120 θρά·
549 1045 664 1100 ἐκεῖ
713 1047 814 1121 γὰρ
859 1049 1184 1122 περιέθηκαν
1244 1048 1389 1122 αὐτῷ
1449 1045 1716 1124 χλαμύδα
1769 1045 2048 1117 κοκκίνην

396 1137 502 1208 ἆρα
557 1135 647 1190 καὶ
721 1139 883 1190 τοῦτο
964 1134 1302 1212 γέγραπται;
1381 1140 1536 1213 Λέγει
1593 1137 1622 1192 6
1661 1134 1902 1199 Ἠσαίας·
1955 1133 2047 1190 Τίς

387 1222 553 1289 οὗτος
613 1226 642 1280 6
699 1226 1138 1301 παραγενόμενος
1225 1225 1274 1300 ἐξ
1329 1225 1556 1302 Ἐδώμ;
1616 1225 1865 1302 ἐρύθημα
1913 1225 2045 1300 ἱμα-

379 1314 519 1370 τίων
555 1315 722 1369 αὐτοῦ
775 1315 833 1370 ἐκ
885 1317 1078 1391 Βοσόρο
1131 1313 1236 1388 (τίς
1275 1316 1432 1381 οὗτος
1482 1321 1557 1390 (2)
1589 1317 1617 1371 6
1647 1317 1782 1371 κατᾶ
1827 1316 2050 1389 ἀτιμίαν

383 1410 576 1482 φορῶν
601 1407 667 1458 τὰ
695 1404 958 1474 κόκκινα;
991 1407 1026 1474 ἡ
1058 1405 1160 1482 γὰρ
1219 1407 1394 1482 Βοσὸρ
1440 1405 1700 1477 τοιαύτην
1749 1407 1872 1461 τινὰ
1918 1406 2048 1481 παρ’

383 1491 676 1568 Ἑϐραίοις
732 1491 848 1569 ἔχει
900 1497 1000 1564 τήν
1055 1495 1390 1570 ἑρμηνείανγ
1444 1493 1539 1551 ἵνα
1585 1494 1641 1552 τί
1699 1517 1795 1551 σου
1851 1494 2049 1572 ἐρυθρᾶ

391 1585 696 1657 τᾶἱματια,
753 1583 844 1639 καὶ
899 1584 966 1640 τὰ
1023 1582 1295 1659 ἐνδύματά
1354 1607 1450 1641 σου
1508 1585 1584 1647 ὡς
1640 1585 1747 1641 ἀπὸ
1801 1587 2049 1655 πατητοῦ

400 1672 605 1743 ληνοῦς
657 1675 720 1731 Ὀ
769 1671 826 1728 δὲ
882 1674 1228 1751 ἀποκρίνεται
1286 1675 1377 1731 καὶ
1435 1675 1617 1752 λέγου”
1705 1673 1884 1746 ’Όλην
1945 1674 2045 1744 τὴν

391 1764 599 1836 ἡμέραν
675 1763 960 1834 ἐξεπέτασα
1038 1765 1133 1828 τὰς
1221 1766 1412 1843 χεῖράς
1501 1787 1608 1840 μου
1693 1765 1828 1842 πρὸς
1913 1761 2046 1819 λαὸν

380 1852 734 1923 ἀπειθοῦντα,
768 1853 856 1909 καὶ
883 1853 1259 1930 ἀντιλέγοντα.

459 1945 587 2000 KH'.
619 1942 962 2014 Ἐξεπέτασεν
997 1944 1049 1999 ἐν
1097 1949 1312 2021 σταυρῷ
1360 1945 1457 2010 τὰς
1502 1949 1717 2022 χεῖρας,
1751 1941 1843 1999 ’ἶνα
1895 1963 2046 2019 περι-

382 2029 538 2110 λάϐῃ
569 2042 672 2104 τῆς
725 2035 1054 2111 οἷ’κουμὲνης
1111 2037 1179 2092 τὰ
1234 2039 1460 2115 πέρατα·
1518 2043 1622 2108 τῆς
1671 2038 1773 2113 γὰρ
1830 2043 1935 2111 γῆς
1989 2036 2052 2090 τὸ

390 2126 707 2197 μεσώτατον
739 2127 766 2181 6
806 2125 1085 2202 Γολγοθᾶς
1140 2126 1300 2189 οὗτός
1351 2126 1516 2184 ἐστιν.
1566 2127 1685 2184 Οὐκ
1733 2125 1862 2199 ἐμὸς
1894 2126 1922 2180 ὁ
1955 2123 2054 2180 λό-

381 2235 508 2290 γος,
541 2217 831 2292 προφήτης
864 2215 1006 2271 ἐστῖν
1035 2218 1063 2271 6
1104 2218 1302 2294 φήσας·
1353 2217 1606 2294 Είργάσω
1653 2220 1729 2287 (3)
1779 2213 2054 2290 σωτηρίαν

368 2302 427 2357 ἐν
495 2303 648 2378 μέσῳ
705 2312 804 2374 τῆς
865 2313 992 2380 γῆς.
1055 2305 1344 2380 Ἐξέτεινεν
1405 2305 1748 2382 ἀνθρωπίνας
1802 2304 2051 2380 χεῖραςὸ

373 2398 498 2454 ταῖς
560 2400 787 2464 νοηταῖς
847 2395 1018 2450 αὐτοῦ
1076 2395 1238 2470 χερσὶ
1297 2396 1599 2470 στερεώσας
1639 2395 1732 2450 τὸν
1797 2391 2047 2468 οὐρανόν·

380 2480 926 2558 καὶπροσεπάγησαν
957 2483 1145 2555 ἣλοις,
1198 2484 1293 2541 ’ἱνα
1343 2492 1448 2554 τῆς
1498 2485 1921 2560 ἀνθρωπὸτητος
1969 2486 2052 2555 τῷ

393 2571 536 2644 ξύλῳ
577 2575 1018 2649 προσπαγείσης,
1075 2581 1178 2644 τῆς
1242 2574 1618 2651 βασταζούσης
1675 2577 1783 2628 τῶν
1843 2571 2051 2646 ἀνθρώ-

393 2682 503 2716 πων
534 2663 602 2717 τςὶ
630 2664 1024 2738 ἀμαρνήματα,
1085 2664 1177 2720 καὶ
1235 2662 1645 2736 τελευτησάσης
1689 2667 1790 2728 τῆς
1837 2661 2053 2734 ἀνθρω-

380 2752 647 2821 πότητος,
680 2751 1022 2826 συναπΟΘάνῃ
1081 2755 1176 2827 μὲν
1207 2757 1243 2824 ἡ
1275 2753 1537 2828 ἁμαρτία,
1591 2755 1758 2826 ἡμεῖς
1811 2749 1869 2806 δὲ
1921 2751 2051 2805 ἀνα-

377 2847 597 2915 στῶμεν
629 2842 681 2897 ἆν
716 2841 1050 2918 δικαιοσύνῃ.
1094 2841 1319 2913 Ἐπειδή
1380 2845 1485 2920 γὰρ
1546 2841 1617 2898 δι’
1667 2843 1786 2906 ἑνὸς
1836 2840 2051 2915 ἀνθρώ-

373 2933 548 2986 πουὸ
583 2933 830 3003 θάνατος,
880 2933 970 2988 καὶ
1026 2933 1096 2989 δι’
1154 2934 1272 2996 δνὸς
1332 2933 1619 3010 ἀνθρώπου
1675 2933 1710 3002 ἡ
1775 2932 1912 3001 ζωή·
1977 2926 2048 2982 δι’

373 3022 495 3083 ἑνὸς
529 3019 589 3076 δὲ
619 3023 907 3099 ἀνθρώπου
927 3027 1024 3078 τοῦ
1067 3030 1354 3096 Σωτῆρος,
1427 3022 1907 3097 αὐτοπροαιρὲτως
1958 3038 2046 3073 τε-

374 3109 708 3173 λευτῶντος·
763 3113 1090 3186 Μνημὸνευε
1147 3113 1252 3189 γὰρ
1309 3117 1419 3168 τῶν
1479 3110 1806 3186 εἰρημένων·
1861 3109 2046 3182 Ἐξου-

375 3201 498 3256 σίαν
533 3199 651 3276 ἔχω
681 3204 850 3256 θεῖναι
887 3205 988 3272 τήν
1048 3206 1237 3279 ψυχήν
1297 3223 1425 3276 μου,
1484 3201 1572 3258 καὶ
1633 3197 1876 3274 ἐξουσίαν
1928 3197 2044 3274 ἔχω

373 3289 492 3345 πάλ
503 3312 548 3343 ιν
583 3285 769 3345 λαϐεῖν
803 3291 994 3363 αὐτήν,

455 3380 576 3435 ΚΘ“.
610 3377 772 3437 Ἀλλ’
829 3381 857 3435 6
921 3382 1016 3454 μὲν
1075 3378 1241 3436 ταῦτα
1300 3379 1609 3454 ὑπέμεινεν,
1658 3377 1746 3432 ἐπὶ
1801 3373 2046 3451 σωτηρίᾳ

376 3467 560 3525 ἐλθὼν
614 3475 853 3526 πάντων·
884 3471 912 3525 6
943 3467 1001 3525 δε
1048 3471 1182 3532 λαὸς
1233 3471 1404 3539 κακὴν
1455 3467 1798 3543 ἀντιμισθίαν
1854 3462 2044 3520 ἀπεδί-

379 3557 504 3614 δου.
561 3560 712 3634 Λὲγει
746 3559 773 3612 6
810 3559 1047 3630 Ἰησοῦς,
1103 3563 1279 3633 Διψῶ,
1337 3560 1365 3614 6
1421 3556 1698 3633 ἐξαγαγὼν
1752 3554 1938 3616 αὐτοῖς
1992 3551 2042 3626 ἐξ

380 3649 698 3725 ἆκροτόμου
727 3649 792 3705 τὰ
825 3647 992 3706 ὕδατα
1020 3648 1239 3726 πέτρας·
1301 3648 1390 3704 καὶ
1445 3646 1569 3724 ᾔτει
1618 3648 1719 3715 τὴν
1772 3642 2041 3718 ἄμπελον,

377 3738 418 3808 ἤ
463 3739 733 3816 ἐφύτευσε,
786 3740 914 3804 τοὺς
971 3739 1235 3815 καρπούς.
1295 3737 1475 3796 Ἀλλᾶ
1531 3739 1583 3794 τί
1644 3739 1680 3807 ἡ
1742 3733 2044 3808 ἄμπελοςζ

377 3829 449 3886 Ἥ
480 3830 618 3884 κατὰ
663 3831 820 3907 φύσιν
854 3831 947 3904 μὶν
1015 3830 1066 3901 ἐξ
1125 3829 1291 3906 ἁγίων
1341 3831 1614 3904 πατέρων,
1675 3826 1813 3881 κατὰ
1859 3821 2051 3897 προαί-

380 3939 531 3993 ρεσιν
593 3917 650 3974 δὲ
701 3919 762 3974 ἐκ
820 3917 1083 3994 Σοδόμων
1144 3921 1231 3991 (Ἦ
1287 3919 1389 3995 γὰρ
1446 3916 1696 3991 ἂμπελος
1756 3913 1932 3969 αὐτῶν
1988 3911 2049 3968 ἐκ

377 4005 653 4080 Σοδόμων
713 4010 812 4082 (4),
871 4008 962 4064 καὶ
1021 4012 1055 4078 ἡ
1115 4006 1396 4082 κληματῖς
1457 4007 1633 4063 αὐτῶν
1695 4003 1755 4060 ἐκ
1832 3999 2048 4078 Γομόρ·

376 4097 522 4174 βας),
559 4095 786 4172 διψῶντι
817 4103 897 4172 τῷ
945 4099 1146 4174 Κυρίῳ,
1201 4097 1425 4174 σπόγγῳ
1475 4096 1774 4167 πλησθὲντι
1815 4091 1904 4148 καὶ
1951 4110 2046 4145 πε.

375 4189 582 4264 ριθὲντι
635 4187 897 4262 καλάμῳ,
948 4189 1311 4264 προσκομίζει
1353 4188 1418 4242 τὸ
1471 4183 1618 4256 ὅξος·
1672 4185 1777 4241 Καὶ
1839 4179 2046 4238 ἔδωκαν

443 4307 490 4350 ²τ
523 4307 677 4362 Psal.
709 4325 825 4375 xm,
861 4311 945 4364 19.
1023 4307 1068 4343 ²⁸
1101 4309 1302 4365 Matth.
1334 4325 1507 4376 xxvu,
1540 4309 1627 4361 28.
1707 4305 1752 4340 2°
1783 4305 1894 4359 Isa.
1927 4315 2036 4376 LXI]

2163 4336 2174 4349 ,
2210 4285 2471 4376 ngm‘ibid.

1004 4379 1050 4414 3‘
1080 4383 1247 4437 Rom.
1283 4397 1332 4444 v,
1379 4384 1463 4444 l2,
1495 4372 1564 4433 l7
1595 4396 1608 4444 ;
1639 4379 1664 4432 Ι
1694 4379 1820 4432 Cor.
1872 4391 1963 4440 xv,
2016 4372 2108 4425 21.

365 4376 418 4413 ⁸³
449 4379 606 4433 Psal.
639 4397 817 4440 χχχιι,
849 4383 900 4434 6.

375 4448 430 4484 ⁸⁸
457 4451 672 4505 Jerem.
715 4469 770 4518 ιι,
801 4453 867 4506 21
899 4470 912 4520 ;
943 4453 1056 4508 Isa.
1091 4468 1144 4521 v,
1177 4456 1229 4506 2.
1309 4449 1357 4486 3°
1389 4453 1556 4507 Deut.
1589 4466 1767 4517 xxx",
1800 4449 1891 4503 32.

2159 594 2257 663 gni
2289 594 2586 650 habentur
2628 600 2694 650 ut
2731 595 2994 666 psallant
3030 598 3090 652 in
3120 599 3230 654 hoc
3265 607 3470 657 sancto
3503 604 3812 678 Golgotha,

2161 689 2219 738 et
2249 684 2486 741 dicant:
2523 711 2548 735 «
2586 689 2791 742 Partiti
2826 693 2964 744 sunt
3012 690 3361 748 vestimenta
3390 710 3524 748 mea
3567 696 3704 765 sibi,
3760 703 3820 752 et

2161 792 2341 847 super
2366 781 2589 833 vestem
2621 795 2812 834 meam
2847 779 3228 851 projecerunt
3258 788 3477 838 sortem
3502 784 3547 818 ³⁷
3571 807 3600 834 ››
3625 803 3644 840 :
3689 804 3817 842 sors

2159 871 2359 920 autem
2392 867 2514 935 illa,
2548 867 2808 924 militum
2843 870 3073 924 sortitio
3107 870 3236 924 fuit.

2230 955 2442 1013 XXVII.
2474 960 2727 1014 Rursum
2759 976 2894 1013 cum
2926 976 2961 1013 a
2988 959 3176 1015 Pilato
3200 961 3594 1032 judicaretur,
3620 964 3816 1020 rubris

2159 1046 2412 1102 amictus
2440 1053 2563 1103 erat
2590 1065 2602 1102 :
2627 1048 2707 1103 ibi
2740 1049 2899 1103 enim
2931 1049 3304 1120 chlamydem
3336 1052 3674 1108 coccineam
3699 1055 3815 1109 cir-

2159 1153 2294 1191 cum
2327 1143 2658 1208 posuerunt
2689 1138 2740 1192 ei
2773 1136 2820 1170 ’3
2852 1153 2865 1192 :
2895 1138 3123 1192 illudne
3156 1139 3331 1193 etiam
3365 1142 3651 1212 scriptum
3679 1143 3819 1198 est?

2159 1226 2311 1282 Dicit
2334 1228 2518 1281 Isaias
2544 1243 2556 1281 :
2579 1252 2602 1276 α
2633 1227 2772 1292 Quis
2792 1233 2881 1282 est
2912 1227 3007 1281 hic
3026 1228 3125 1298 qui
3145 1229 3384 1282 advenit
3413 1230 3483 1284 de
3507 1231 3817 1287 Edom‘?ru-

2156 1315 2310 1371 bedo
2339 1317 2826 1372 vestimentorum
2859 1317 2988 1388 ejus
3010 1334 3079 1372 ex
3113 1319 3295 1372 Bosor
3322 1319 3366 1354 ²⁹
3389 1341 3416 1367 ››
3443 1337 3455 1374 :
3493 1321 3653 1387 (Quis
3681 1321 3815 1390 iste,

2159 1405 2260 1478 qui
2283 1423 2390 1478 per
2413 1406 2802 1478 ignominiam
2832 1407 3128 1462 coccineis
3142 1407 3436 1463 amititur?
3453 1409 3634 1465 Bosor
3655 1411 3815 1467 enim

2159 1496 2315 1568 apud
2348 1496 2625 1552 Hebraeos
2648 1497 2762 1552 tale
2786 1497 3092 1568 quidpiam
3125 1503 3297 1553 sonat
3319 1498 3358 1569 ;)
3389 1520 3410 1547 α
3432 1515 3614 1570 quare
3633 1501 3814 1557 rubra

2159 1591 2300 1642 sunt
2328 1587 2678 1642 vestimenta
2712 1591 2832 1654 tua,
2861 1593 2920 1642 et
2950 1587 3302 1643 indumenta
3327 1593 3428 1643 tua
3455 1589 3606 1644 sicut
3628 1607 3661 1645 a
3693 1590 3813 1646 cal-

2160 1681 2290 1731 cato
2324 1677 2604 1732 torculari
2636 1675 2686 1713 3°
2717 1700 2745 1727 ››
2771 1677 2798 1731 ?
2827 1676 2932 1731 Ille
2957 1681 3157 1731 autem
3190 1677 3513 1748 respondet
3539 1684 3599 1732 et
3629 1679 3774 1734 dicit
3799 1696 3810 1733 :

2159 1770 2188 1798 ‹‹
2221 1750 2365 1804 Tota
2393 1749 2488 1804 die
2519 1748 2774 1820 expandi
2805 1765 3022 1803 manus
3054 1765 3216 1804 meas
3248 1749 3322 1804 ad
3366 1751 3653 1822 pOpulum
3691 1752 3815 1806 ino-

2079 1877 2128 1943 B
2162 1860 2186 1892 α
2219 1839 2560 1943 ξρέξειξίθῐὲ
2592 1846 2648 1894 et
2679 1839 3187 1943 co‘ntradicentem
3217 1841 3262 1876 ³ί
3298 1862 3350 1897 ››.

2231 1931 2482 1984 XXVIII.
2515 1928 2815 2001 Expandit
2860 1928 2922 1983 in
2962 1945 3136 1984 cruce
3180 1947 3416 1998 manus,
3451 1935 3517 1987 ut
3545 1949 3819 2004 compre-

2161 2020 2452 2076 henderet
2480 2020 2642 2075 orbis
2675 2020 2824 2074 ﬁnes
2849 2035 2862 2085 ;
2888 2017 3123 2072 medius
3147 2019 3305 2074 enim
3330 2025 3503 2076 terra:
3535 2021 3703 2077 locus
3730 2026 3820 2076 est

2159 2110 2256 2165 hic
2282 2110 2619 2183 Golgothas.
2656 2111 2782 2165 Non
2810 2125 2978 2163 meus
3010 2107 3106 2160 hic
3136 2124 3330 2163 sermo
3363 2117 3488 2176 est;
3523 2111 3822 2182 Propheta

2161 2205 2252 2255 est
2268 2200 2366 2270 qui
2381 2200 2464 2254 ait
2489 2216 2501 2254 :
2523 2222 2549 2248 ιι
2568 2201 2856 2271 Operatus
2870 2213 2933 2252 es
2947 2195 3200 2251 salutem
3217 2196 3277 2251 in
3292 2198 3488 2253 medio
3509 2206 3681 2255 terrae
3701 2201 3748 2235 ⁸³
3765 2222 3816 2255 ››.

2159 2289 2440 2344 Extendit
2468 2289 2762 2344 humanas
2794 2302 3028 2349 manus,
3057 2285 3159 2354 qui
3192 2287 3316 2341 suis
3348 2287 3490 2354 illis,
3512 2305 3661 2359 quas
3693 2289 3821 2344 sola

2159 2396 2331 2435 mens
2363 2379 2724 2450 assequitur,
2753 2378 3035 2433 manibus
3087 2378 3346 2433 ﬁrmavit
3399 2378 3614 2432 coelum
3644 2379 3689 2413 ³³
3724 2396 3736 2432 :
3767 2384 3827 2434 et

2159 2469 2338 2525 clavis
2370 2468 2620 2523 conﬁne
2654 2472 2812 2533 sunt,
2846 2473 2912 2522 ut
2932 2467 3110 2523 afﬁxa
3140 2467 3299 2540 ligno
3333 2472 3392 2521 et
3421 2475 3816 2540 mortua,quaa

2158 2558 2469 2613 hominum
2488 2561 2732 2628 peccata
2761 2557 3036 2628 portabat
3063 2557 3458 2623 humanitate,
3483 2573 3602 2612 una
3622 2574 3820 2614 more-

2155 2652 2325 2703 retur
2353 2651 2662 2718 peccatum
2689 2662 2702 2712 ;
2736 2662 2845 2700 nos
2874 2651 3074 2702 autem
3107 2647 3168 2701 in
3191 2646 3430 2717 justitia
3472 2663 3810 2719 resurgere-

2161 2755 2316 2794 mus.
2352 2733 2845 2806 Quandoquidem
2904 2736 3066 2791 enim
3126 2753 3232 2807 per
3278 2753 3466 2792 unum
3512 2737 3818 2792 hominem

2160 2843 2346 2893 mors,
2397 2842 2505 2896 per
2560 2841 2749 2880 unum
2807 2841 3045 2896 quoque
3097 2827 3403 2881 hominem
3436 2825 3941 2902 vita_§£;.pec—-—-

2162 2931 2349 2972 unum
2382 2915 2710 2983 hominem,
2743 2913 3106 2969 Salvatorem
3140 2901 3579 2981 videlice‘tfsua
3611 2920 3821 2986 sponte

2157 3011 2415 3062 mortem
2450 3004 2828 3060 subeuntem.
2863 3003 3212 3059 Recorderis
3255 3004 3414 3060 enim
3444 3021 3651 3059 eorum
3685 3021 3818 3074 qum

2156 3095 2315 3150 dicta
2358 3092 2605 3149 sunt“:
2660 3115 2688 3142 «
2722 3094 3085 3148 Potestatem
3134 3092 3325 3148 habeo
3370 3093 3633 3165 ponendi
3683 3093 3813 3149 ani-

2157 3201 2317 3240 mam
2347 3200 2564 3251 meam,
2598 3187 2658 3238 et
2685 3187 3043 3254 potestatem
3075 3181 3264 3238 habeo
3295 3199 3504 3239 rursus
3527 3181 3802 3239 sumendi

2077 3257 2121 3324 C
2161 3290 2293 3329 eam
2323 3273 2369 3308 ⁸⁸
2402 3293 2452 3324 ››.

2227 3363 2430 3418 XXIX.
2466 3364 2539 3416 At
2582 3359 2685 3416 ille
2718 3359 2960 3432 quidem
3018 3360 3144 3416 hinc
3201 3362 3508 3428 sustinuit,
3541 3379 3678 3418 cum
3736 3361 3812 3418 ad

2155 3452 2412 3508 salutem
2443 3450 2714 3506 omnium
2743 3450 3287 3522 venissetzpopulus
3310 3468 3446 3507 vero
3481 3452 3699 3508 malam
3721 3451 3810 3508 illi

2155 3540 2704 3598 remunerationem
2737 3539 3031 3610 rependit.
3071 3540 3222 3594 Dicit
3243 3541 3412 3596 Jesus
3447 3557 3460 3595 :
3496 3542 3635 3596 Sitio
3666 3541 3732 3610 ⁸⁷,
3762 3542 3814 3596 is

2157 3633 2259 3704 qui
2293 3648 2362 3686 ex
2393 3629 2670 3702 praedura
2697 3645 2846 3700 rupe
2876 3628 2996 3683 illis
3027 3629 3229 3684 eduxit
3254 3635 3525 3701 aquaszet
3555 3631 3820 3702 reposcit

2155 3721 2384 3777 fructus
2423 3737 2458 3776 a
2484 3719 2658 3773 vinea
2687 3734 2865 3788 quam
2898 3716 3189 3788 plantavit
3218 3718 3284 3773 ⁸⁸.
3329 3721 3541 3774 Verum
3573 3719 3715 3790 quid
3739 3720 3816 3774 vi-

2158 3828 2272 3868 nea
2293 3811 2322 3865 Ἰ
2352 3811 2507 3876 Huic,
2533 3806 2861 3863 secundum
2892 3812 3168 3862 naturam
3199 3808 3440 3878 quidem
3475 3825 3545 3864 ex
3593 3809 3816 3864 sanctis

2156 3900 2447 3976 patribus,
2482 3897 2812 3953 secundum
2842 3900 3043 3951 autem
3075 3896 3260 3952 animi
3295 3897 3707 3953 inductionem
3747 3914 3819 3953 ex

2159 3989 2450 4052 Sodomis.
2481 3989 2685 4059 (Vinea
2716 3986 2875 4042 enim
2910 3987 3131 4041 illorum
3163 4003 3232 4042 ea:
3274 3987 3541 4053 Sodomis,
3593 3995 3643 4042 et
3683 3989 3814 4057 pal-

2157 4097 2266 4138 mes
2295 4095 2482 4135 earum
2513 4076 2662 4132 197
2699 4092 2769 4130 ea:
2797 4075 3103 4132 Gomo-rrha
3130 4074 3178 4110 3°
3203 4083 3240 4143 ;)
3283 4076 3509 4131 sitienti
3543 4077 3815 4144 Domino,

2161 4169 2423 4246 spongiae
2449 4166 2710 4238 impletae
2734 4169 2793 4220 et
2813 4164 3093 4220 arundini
3117 4166 3552 4237 circumposita
3571 4166 3822 4222 admini-

2655 4281 2700 4318 3'
2736 4283 2848 4336 Isa.
2882 4298 3012 4349 va,
3045 4285 3096 4336 2.

2663 4355 2708 4390 ³⁸
2761 4355 2928 4410 Joan.
2979 4371 3036 4425 ι,
3093 4354 3174 4411 18.

3202 4281 3251 4317 ³³
3284 4282 3438 4338 Psal.
3481 4300 3676 4352 Lxxm,
3712 4285 3805 4337 l2.

2209 4363 2254 4398 ⁸⁸
2300 4361 2471 4415 Num.
2505 4358 2559 4410 6.
2663 4355 2708 4390 ³⁸
2761 4355 2928 4410 Joan.
2979 4371 3036 4425 χ,
3093 4355 3174 4411 l8.
3279 4355 3323 4390 ³⁷
3352 4355 3520 4410 Joan.
3551 4373 3670 4426 xix,
3703 4358 3794 4410 28.

371 4594 620 4650 additur
650 4593 700 4648 ἐν
731 4596 789 4666 ᾖ,
820 4599 880 4652 in
910 4615 1040 4667 qua.
1066 4599 1166 4654 His
1189 4596 1468 4653 omnibus
1492 4594 1861 4667 praitulimus
1874 4587 2039 4667 Regii
2071 4590 2118 4655 D
2149 4567 2976 4667 ρξίξιιιξξ-ξιιξιξῆ
2999 4569 3812 4667 ΞξριίῒορῖζςοίὺἚῌεςΞᾘ-οε

374 4667 605 4741 codicis
651 4663 994 4736 lectionem,
1026 4687 1204 4741 quam
1254 4663 1509 4741 secutus
1547 4673 1636 4741 est
1694 4663 2034 4741 Grodecius.

375 4739 572 4803 Quaeri
607 4745 803 4814 potest
831 4757 1009 4812 quam
1036 4736 1373 4814 azymorum
1397 4740 1555 4794 diem
1579 4736 2040 4814 dicat;_a_n_diem

378 4809 657 4881 quartam
681 4809 974 4868 decimam
1002 4815 1062 4868 in
1088 4809 1204 4885 qua
1234 4813 1306 4868 ad
1328 4827 1636 4885 vesperam
1661 4809 2043 4885 occidebatur

381 4898 572 4954 agnus
605 4885 920 4954 paschalis,
955 4902 1031 4940 an
1063 4881 1335 4954 quintam
1387 4881 1680 4939 decimam
1715 4900 1846 4954 quas
1875 4881 2040 4954 festi:

378 4952 578 5010 vitatis
605 4952 1054 5012 solemnissima
1083 4952 1230 5012 'dies
1273 4961 1399 5012 erat
1441 4957 1628 5016 (Levit.
1676 4952 1836 5021 xim,
1871 4955 1945 5024 6).
1981 4952 2039 5008 Si

378 5027 662 5152 primam,
690 5029 958 5084 Christus
986 5035 1088 5085 aut
1118 5029 1336 5101 pascha
1365 5027 1673 5082 Judaicum
1707 5045 1825 5082 non
1884 5027 2036 5083 cele-

423 5100 572 5152 ravit
599 5125 612 5152 :
639 5107 741 5152 aut
771 5118 892 5152 non
925 5101 1132 5152 eodem
1165 5101 1260 5152 die
1291 5117 1406 5152 auo
1453 5099 1660 5152 Judmi.
1705 5100 2036 5152 Secundam

423 5100 572 5154 ravit
599 5125 612 5162 ;
639 5107 741 5156 aut
771 5118 892 5156 non
925 5099 1134 5156 eodem
1165 5101 1260 5155 die
1291 5117 1406 5172 quo
1453 5099 1660 5154 Judaei.
1705 5100 2038 5172 Secundam

1063 4883 1335 4956 quintam
1387 4883 1680 4939 decimam

380 5187 520 5225 vero
553 5172 647 5226 hic
677 5173 1000 5245 signiﬁcari
1033 5173 1228 5243 colligi
1264 5171 1458 5244 petest
1490 5189 1559 5226 ex
1590 5171 1874 5245 eo,_quod
1922 5176 2036 5227 cat.

379 5245 466 5318 lﬁ,
497 5260 555 5318 _n.
589 5247 677 5306 22.
711 5243 947 5301 noctem
974 5263 1089 5318 qua
1111 5243 1393 5318 Christus
1409 5243 2041 5318 resurrexitnurneret

378 5313 670 5369 decimam
697 5324 945 5372 sextam.
978 5313 1162 5385 Igitur
1180 5333 1296 5372 nox
1318 5333 1352 5371 a
1372 5315 1519 5370 feria
1540 5320 1705 5370 sexta
1735 5315 1796 5370 in
1819 5315 2036 5370 Sabba-

378 5391 507 5460 t_um_
531 5392 657 5441 erat
686 5389 919 5444 decima
949 5391 1177 5460 quinta,
1209 5394 1267 5442 et
1298 5387 1422 5460 dies
1463 5387 1888 5460 cruciﬁxionis,
1909 5387 2038 5460 dies

378 5457 612 5530 decima
643 5461 854 5530 quinta
893 5457 1356 5517 solemnissima.
1392 5459 1476 5514 Ita
1520 5459 1762 5529 quidem
1810 5460 1857 5514 si
1909 5458 2036 5514 dies

378 5529 547 5600 prius
573 5529 752 5601 quam
787 5548 904 5587 nox
935 5538 1302 5601 numeretur.

451 5601 526 5676 (_l)
562 5597 1050 5676 I‘Iolyoﬁii-coﬁttp.
1086 5604 1430 5660 Pronomen
1476 5597 1980 5676 1961cp_additum
2007 5619 2042 5658 ἃ.

382 5673 652 5757 nubite:
684 5673 892 5757 C9isl.,
924 5676 1459 5757 β-εξελοειρηβοε,
1491 5673 1764 5757 Casaub.,
1796 5674 1971 5757 grod.

451 5746 526 5819 (2)
550 5747 648 5809 Τίς
683 5745 874 5808 οὗτος.
926 5743 1104 5817 Εάὶιί,
1136 5747 1236 5811 Τίς
1265 5745 1355 5800 οὗν
1397 5743 1557 5806 οὗτος
1588 5743 1720 5803 loco
1760 5744 1852 5800 οὗν
1898 5745 2038 5803 scri-

2153 4641 2211 4707 ἐι
2239 4641 2487 4704 Casaub.
2522 4641 2776 4714 Inferius
2795 4641 3172 4714 codd.icoisl.
3204 4647 3262 4697 et
3285 4645 3448 4714 Reg,
3499 4641 3666 4713 Βοσόρ
3711 4659 3808 4714 ge-

2150 4721 2313 4778 neris
2343 4713 2942 4787 masculinifaciunt,
2973 4713 3198 4787 habent
3227 4712 3396 4769 enini
3419 4714 3447 4766 ὁ
3477 4715 3578 4787 γὰρ
3614 4712 3806 4787 Βοσὸρ.

2153 4798 2335 4850 Bosor
2363 4786 2618 4860 Cyrillus
2649 4784 2791 4860 dum
2849 4784 3262 4860 confusionem
3295 4791 3353 4840 et
3383 4784 3812 4860 contumeliam

2151 4855 2624 4939 signiﬁcareait,
2657 4855 3456 4939 derivat_abMHebrwoh‘gu:
3491 4859 3591 4939 Επή
3605 4857 3810 4939 Hiero:

2150 4926 2329 5010 nimo
2361 4933 2532 5010 epist.
2689 4944 2821 5010 n‘ov:
2848 4926 2940 4982 ed.
3099 4944 3268 5010 num;
3291 4931 3378 5010 5]:
3401 4928 3811 5010 signiﬁ‘cataut

2149 4999 2300 5067 cdro.
2333 4999 2435 5062 au't
2462 5005 2522 5056 in
2555 5000 2937 5055 tribulatione.
2982 5001 3055 5053 At
3111 4999 3173 5052 in
3225 4999 3474 5054 Hebraeo
3517 5005 3608 5054 est
3651 5011 3808 5064 my:

2333 5051 2700 5132 munitionem
2727 5071 3042 5144 signiﬁcat,
3075 5075 3180 5126 aut
3206 5072 3565 5141 vindemiam,
3616 5051 3807 5127 autl'in

2150 5151 2527 5206 tribulatione.

2211 5151 2527 5206 ibulatione.

2150 5155 2527 5210 tribulatione.

2222 5224 2299 5297 (3)
2327 5217 2621 5297 Εῑργάσω,
2641 5222 2898 5283 operatus
2925 5231 2997 5270 cs.
3021 5213 3505 5297 Δ(1011)..θιβνοίὶ.
3562 5215 3716 5297 sicut
3746 5214 3808 5297 in

2147 5286 2783 5362 Psalmis'jsipya'icno,
2839 5293 3096 5362 operatus
3119 5358 3128 5362 _
3151 5292 3250 5362 est.
3288 5287 3689 5362 _Communis_
3717 5293 3808 5343 est

2147 5357 2419 5425 omnium
2453 5357 2582 5415 fere
2607 5360 2848 5414 Patrum
2879 5359 3006 5413 hmo
3036 5357 3238 5429 Opinio
3270 5359 3342 5413 de
3373 5360 3651 5414 Calvariaa
3675 5359 3804 5414 loco

2147 5442 2329 5497 totius
2361 5433 2520 5491 orbis
2551 5429 2770 5497 medio,
2804 5430 2982 5501 hujus
3014 5430 3289 5486 versiculi
3321 5432 3670 5488 auctoritate
3730 5432 3802 5487 ab

2147 5515 2234 5570 eis
2265 5508 2641 5566 conﬁrmata.

2219 5586 2293 5656 (4)
2325 5570 2738 5656 Ἐκ-Σορδόμων.
2775 5568 3024 5656 ῘιξίΧρ-
3057 5569 3310 5656 ᾇμπέλου
3343 5569 3633 5656 Σοδόμων.
3673 5575 3807 5629 Haec

2146 5644 2383 5729 quoque
2414 5647 2666 5708 Ruﬁnus
2698 5661 2770 5701 ex
2804 5644 3024 5717 Cyrillo
3059 5644 3456 5718 transcripsit.
