4014 6380
313 338 444 403 809

930 326 1408 394 CATECHESIS
1448 325 1614 392 XIII.
1660 327 1764 390 DE
1806 327 2145 393 CHRlSTO
2188 330 2615 399 CRUCIFIXO
2657 336 2758 398 ET
2803 334 3188 400 SEPULTO.

3633 341 3757 403 8l0

316 473 574 530 θάνατον’
610 463 884 542 μνήσθητί
916 483 1023 539 μου
1074 463 1173 517 τοῦ
1205 462 1303 516 σοῦ
1358 456 1782 550 σδνοδοιπόρου,
1821 457 2019 550 Ἄλλη

2113 468 2179 520 .et
2202 482 2215 520 :
2237 465 2346 521 vim
2380 466 2487 523 tibi
2508 467 2583 524 ad
2603 473 2860 527 mortem
2881 469 3079 526 socius
3110 470 3328 528 exsisto
3354 488 3367 527 :
3403 473 3763 532 memineris

304 560 389 631 of:
422 563 596 636 λέγω.
646 558 757 615 Νὖν
820 550 1096 629 μνήσθητί
1155 572 1283 627 μου,
1342 547 1494 619 ἀλλ’,
1552 547 1678 606 ὅταν
1740 545 1903 622 ἔλθῃς
1932 548 1986 605 ἐν

318 656 392 728 τῇ
426 647 686 724 βασιλείᾳ
711 666 829 701 σου.

320 742 453 800 AA'.
490 737 631 795 Ποία
678 756 736 793 σε
787 733 1195 810 ἐφωταγώγησε
1251 728 1506 805 δύναμις,
1564 752 1610 786 ω
1658 729 1830 802 λῃστα
1864 729 1990 801 ;τίς

322 854 385 889 σε
441 826 655 901 ἐδίδαξε
704 830 1086 900 προσκυνῆσαι
1139 823 1232 878 τὸν
1303 819 1815 900 καταφρονούμενον
1896 820 1988 876 καὶ

326 917 890 995 ουνεσταυρωμὲνονς
932 910 977 970 ὣ
1034 915 1217 990 φωτὸς
1272 908 1477 982 ἀϊδίου,
1537 915 1987 990 φωτοποιοῦντος

320 1011 455 1073 τοὺς
480 1005 949 1079 ἐσκοτισμὲνουςί
1009 1004 1108 1060 Διὸ
1163 1005 1251 1059 καὶ
1314 1000 1543 1064 δικαίως
1589 998 1812 1072 ἤκουσε·
1848 1003 1988 1077 Θάρ-

327 1122 411 1157 σει
442 1105 546 1170 (ιγ
580 1098 693 1174 οὐχ
720 1097 806 1151 δτι
835 1094 903 1151 τά
932 1093 1231 1171 πράγματά
1282 1113 1378 1149 σου
1431 1096 1530 1148 τοῦ
1585 1093 1799 1168 θαρσεῖν
1844 1090 1988 1162 ἀξια,

322 1189 454 1248 ἀλλ’
489 1188 575 1245 ὅτι
611 1185 872 1265 βασιλεὺς
925 1186 1154 1261 πάρεστι
1203 1182 1592 1260 χαριζόμενος.
1652 1180 1990 1258 Μακροχρό-

318 1281 436 1344 νιὸς
468 1281 573 1355 μὲν
602 1280 640 1349 ἡ
672 1273 914 1349 αἴτησις,
946 1270 1175 1349 ὀξυτᾶτη
1208 1271 1266 1330 δὲ
1294 1275 1329 1344 ἡ
1365 1273 1550 1350 χάρις·
1609 1272 1793 1345 Ἀμὴν
1838 1270 1989 1347 λέγω

319 1393 434 1443 σοι,
497 1371 740 1445 σήμερον
830 1367 950 1440 μετ’
1028 1362 1167 1438 ἐμοῦ
1244 1362 1337 1440 ἔσῃ
1406 1362 1459 1420 ἐν
1516 1366 1596 1436 τῷ
1651 1360 1986 1438 παραδείσῳ·

318 1457 518 1530 ἐπειδή
553 1460 798 1534 σήμερον
847 1462 949 1527 τῆς
1009 1457 1197 1535 φωνῆς
1258 1474 1365 1529 μου
1420 1450 1684 1525 ἤκουσας,
1739 1452 1830 1508 καὶ
1891 1449 1991 1507 οὐκ

326 1548 668 1623 ἐσκλήρυνάς
725 1567 824 1604 σου
895 1546 997 1615 τὴν
1081 1541 1329 1621 καρδίαν.
1391 1542 1647 1616 Ὀξῦτατα
1700 1542 1839 1599 κατὰ
1892 1545 1991 1597 τοῦ

329 1639 517 1715 ’Δδᾶμ
546 1636 933 1718 ἀπεφηνάμην,
974 1634 1203 1708 ὀξύτατά
1254 1654 1341 1690 σοι
1401 1632 1729 1711 χαρίζομαι.
1761 1631 1990 1706 Ἐκείνῳ

338 1733 438 1808 μὲν
472 1729 699 1806 εἴρηται·
732 1730 803 1799 ᾝ
834 1725 881 1783 δ’
939 1725 1001 1782 ἄν
1049 1726 1235 1802 ἡμέρᾳ
1291 1726 1520 1805 φάγητε,
1580 1725 1794 1798 θανάτῳ
1852 1720 1989 1778 ἄπο-

330 1824 596 1887 θανεῖσθε’
631 1817 695 1875 σὺ
728 1815 787 1874 δὲ
847 1819 1091 1892 σήμερον
1142 1815 1460 1888 ὑπήκουσας
1506 1818 1578 1890 τῇ
1633 1813 1839 1884 πίστει,
1885 1814 1991 1885 σή-

324 1909 495 1988 μερόν
555 1911 706 1981 σοιὴ
738 1906 1006 1979 σωτηρία.
1066 1908 1308 1969 Ἐκεῖνος
1364 1902 1456 1961 διὰ
1505 1905 1601 1961 τοῦ
1657 1904 1824 1979 ξύλου
1885 1902 1992 1959 ἀπ-

319 2004 504 2070 ἐπεσε,
536 1998 630 2057 καὶ
662 1998 726 2055 σὺ
758 1995 848 2054 διὰ
875 2002 973 2054 τοῦ
1004 1995 1172 2070 ξύλου
1202 1994 1396 2073 εἰσάγῃ
1445 1994 1522 2058 εἰς
1577 1995 1669 2051 τὸν
1726 1992 1989 2071 παράδει-

320 2113 442 2152 σον.
474 2092 572 2161 Μὴ
606 2083 854 2168 φοϐηθῇς
880 2088 972 2143 τὸν
1028 2080 1174 2166 ὅφιν·
1237 2084 1337 2141 οὐκ
1386 2079 1609 2142 ἐκϐαλεῖ
1636 2088 1711 2160 (2)
1770 2104 1847 2141 σε·
1883 2085 1990 2139 πε-

322 2202 517 2239 πτωκε
565 2181 671 2256 γὰρ
702 2178 753 2253 ἐξ
786 2178 1059 2257 οὐρανῶν.
1116 2174 1223 2233 Καὶ
1282 2173 1349 2230 οὐ
1380 2174 1532 2252 λὲγω
1563 2195 1672 2242 σοι,
1734 2176 1988 2250 Σήμερον

321 2273 568 2348 ἆπερχῃ·
602 2267 772 2341 ἀλλὰ,
833 2269 1075 2343 σήμερον
1130 2266 1247 2335 μετ’
1306 2263 1444 2339 ἐμοῦ
1503 2260 1623 2340 ἔσῃ.
1682 2265 1995 2340 Θάρσησον,

324 2362 431 2419 οὐκ
460 2355 806 2434 ἐκϐληθήσῃ.
840 2357 930 2426 Μὴ
965 2350 1219 2436 φοϐηθῇς
1250 2357 1349 2426 τήν
1382 2354 1652 2435 φλογίνην
1694 2354 1991 2435 ῥομφαίαν

327 2450 662 2509 δυσωπεῖται
691 2449 785 2506 τὸν
830 2447 1130 2520 Δεσπότην.
1186 2449 1253 2504 Ὤ
1286 2446 1532 2524 μεγάλης
1588 2446 1678 2501 καὶ
1738 2442 1993 2519 ἀνεκδιη-

341 2543 510 2619 γήτου
540 2541 774 2618 χάριτος
806 2540 821 2596 ί
855 2534 1011 2595 οὔπω
1042 2532 1300 2615 ’Δϐραᾶμ
1328 2537 1357 2592 6
1387 2537 1579 2599 πιστὸς
1627 2534 1874 2607 εἰσῆλθε,
1903 2537 1995 2593 καὶ

348 2633 377 2689 6
408 2630 605 2706 λῃστής
639 2629 967 2706 εἰσέρχεταιο
1001 2627 1157 2685 οὔπω
1187 2630 1396 2696 Μωσῆς
1424 2627 1517 2683 καὶ
1577 2627 1633 2683 οἱ
1688 2634 1994 2704 προφῆται,

337 2721 483 2778 καἰό
513 2718 723 2797 λῃστὴς
771 2723 1088 2794 παράνομος
1144 2716 1473 2794 εἰσέρχεται.
1535 2715 1845 2791 Ἐθαῦμασε
1904 2716 1996 2772 καὶ

334 2811 443 2888 πρὸ
491 2814 591 2866 σοῦ
649 2810 678 2866 ὁ
735 2806 957 2872 Παῦλος
992 2852 1007 2880 ,
1072 2806 1264 2864 εἰπών’
1350 2808 1528 2866 Ὅπου
1589 2804 1907 2864 ἐπλεόνασεν
1959 2810 1996 2878 ἡ

328 2899 576 2976 ἁμαρτία
608 2943 623 2970 ,
711 2896 1220 2975 ὑπερεπερίσσευσεν
1297 2897 1334 2967 ἡ
1419 2896 1607 2973 χάρις.
1669 2897 1733 2951 Οἱ
1798 2898 1999 2971 βαστά-

334 3011 526 3054 σαντες
555 2991 651 3047 τὸν
690 2990 961 3057 καύσωνα,
1011 2985 1188 3055 οὕπω,
1238 2985 1520 3055 εἰσῆλθον·
1551 2984 1643 3042 καὶ
1676 2987 1705 3042 6
1737 2986 1862 3061 περὶ
1893 2987 1996 3057 τήν

332 3078 633 3152 ἑνδεκάτην
685 3079 854 3155 ὥραν,
915 3076 1160 3146 εἰσῆλθε.
1222 3073 1432 3148 Μηδεὶς
1488 3075 1803 3154 γοηυζὲτω
1862 3077 2002 3132 κατᾶ

330 3175 435 3228 τοῦ
481 3166 900 3239 οἰκοδεσπότου,
957 3166 1074 3224 ἐπεί
1122 3184 1309 3243 φησιν·
1371 3169 1608 3241 Ἑταῖρε,
1668 3167 1772 3222 οὐκ
1826 3163 2000 3222 ἀδικῶ

2099 554 2217 609 mei
2251 556 2487 613 comitis
2519 558 2629 616 tui.
2659 560 2787 615 Non
2820 564 3019 615 tamen
3067 559 3237 617 dico:
3272 562 3439 617 Nunc
3489 584 3517 612 «
3549 565 3766 621 memi-

2101 646 2314 701 «neris
2346 647 2486 715 mei,
2517 647 2631 717 sel,
2668 666 2805 705 cum
2831 650 3067 706 veneris
3097 650 3162 707 in
3194 668 3376 725 regno
3407 656 3507 709 tuo
3538 650 3687 711 ⁵⁶-⁵⁸.
3724 678 3753 707 »

2169 734 2363 791 XXXI.
2397 738 2538 803 Quae
2561 743 2639 807 te,
2663 756 2695 793 ο
2722 738 2896 805 latro,
2920 739 3283 797 illuminavit
3303 744 3605 814 potestas?
3624 745 3761 817 quis

2099 828 2155 880 te
2187 823 2407 892 docuit,
2432 833 2499 881 ut
2528 834 2940 901 contemptum
2963 836 3021 886 et
3045 836 3241 887 tecum
3258 848 3379 887 una
3408 834 3761 891 crucifixum

2100 914 2379 971 adorares
2398 915 2427 971 ?
2447 934 2480 971 o
2515 916 2709 974 lucem
2727 923 3034 990 aeternam,
3059 937 3191 991 quas
3211 920 3273 976 in
3289 921 3551 978 tenebris
3569 924 3766 997 jacen-

2101 1009 2190 1061 tes
2212 1006 2553 1064 illuminat!
2583 1007 2717 1065 ldeo
2740 1014 2800 1065 et
2818 1010 2983 1081 juste
3028 1010 3254 1067 audivit
3278 1027 3291 1065 :
3348 1012 3610 1084 Conﬁde:
3639 1031 3761 1071 non

2101 1097 2259 1169 quod
2292 1114 2478 1171 Opera
2510 1100 2661 1156 198
2686 1106 2791 1157 tua
2814 1101 3094 1157 ﬁduciam
3117 1102 3224 1157 tibi
3249 1102 3487 1160 efﬁcere
3506 1103 3765 1162 debeant

2102 1187 2205 1244 sed
2236 1189 2378 1260 quia
2407 1206 2509 1245 rex
2543 1189 2714 1246 adest
2743 1191 2846 1262 qui
2880 1191 2983 1245 tibi
3014 1192 3401 1265 gratificatur.
3438 1194 3629 1268 Longe
3662 1211 3760 1251 re-

2099 1282 2278 1333 motas
2299 1278 2385 1333 rei
2412 1279 2618 1350 petitio
2645 1280 2722 1351 (4)
2747 1280 3005 1348 erat,sed
3029 1281 3406 1353 velocissima
3429 1289 3518 1339 est
3537 1284 3765 1358 gratia:

2097 1369 2277 1424 Amen
2307 1367 2428 1424 dico
2458 1370 2581 1438 tibi,
2621 1369 2784 1426 hodie
2839 1387 3046 1427 mecum
3103 1374 3208 1428 eris
3261 1376 3321 1429 in
3365 1375 3635 1445 paradiso
3663 1373 3712 1409 59
3746 1391 3762 1431 :

2101 1458 2588 1530 quandoquidem
2618 1459 2796 1515 hodie
2854 1460 3133 1517 audivisti
3189 1479 3394 1519 vocem
3456 1481 3678 1526 meam.
3710 1469 3771 1520 et

2101 1564 2224 1604 non
2255 1547 2563 1605 obdurasti
2594 1565 2697 1605 cor
2727 1554 2889 1606 tuum
2911 1550 2976 1607 ⁸ο.
3016 1552 3304 1608 Ocissime
3352 1553 3416 1609 in
3467 1553 3764 1610 Adamum

2103 1639 2465 1696 sententiam
2489 1638 2609 1695 dixi
2634 1655 2648 1694 :
2672 1639 2948 1698 ocissime
2964 1641 3069 1697 tibi
3084 1640 3383 1715 indulgeo.
3402 1642 3496 1699 Illi
3520 1643 3701 1715 quide
3713 1661 3771 1701 ιιι

2101 1729 2327 1786 dictum
2361 1735 2489 1786 est:
2521 1732 2857 1803 Quacunque
2886 1733 2976 1787 die
3025 1732 3391 1799 comederitis,
3434 1740 3608 1789 morte
3636 1750 3759 1789 mo.

2100 1822 2324 1877 riemini
2350 1821 2420 1877 σί.
2452 1822 2537 1876 Τιι
2566 1837 2704 1876 vero
2739 1820 2916 1877 hodie
2935 1820 3249 1878 obedivisti
3268 1821 3431 1890 ﬁdei,
3455 1822 3633 1879 hodie
3656 1824 3763 1880 tibi

2108 1909 2290 1966 salus.
2315 1909 2361 1943 "
2390 1908 2496 1966 Ille
2528 1926 2635 1982 per
2659 1910 2888 1983 lignum
2919 1910 3173 1967 cecidit:
3206 1916 3265 1966 et
3293 1917 3354 1969 tu
3396 1930 3504 1985 per
3536 1912 3765 1987 lignum

2108 1999 2507 2055 introduceris
2537 1998 2599 2054 in
2632 1999 3000 2072 paradisum.
3032 2002 3113 2056 Ne
3138 2001 3351 2057 timeas
3382 2010 3763 2075 serpentem;

2108 2106 2230 2147 non
2262 2088 2463 2161 ejiciet
2494 2094 2570 2156 te,
2617 2089 2833 2144 cecidit
2862 2090 3025 2146 enim
3055 2090 3127 2146 de
3178 2090 3424 2147 caelis“.
3468 2093 3584 2148 Nec
3632 2092 3766 2149 dico

2108 2178 2237 2249 tibi,
2263 2177 2446 2234 Hodie
2483 2178 2697 2246 abibis,
2732 2178 2858 2246 sed,
2909 2179 3071 2235 hodie
3109 2195 3318 2236 mecum
3359 2182 3481 2236 eris.
3522 2182 3766 2252 Conﬁde,

2108 2287 2229 2326 non
2260 2270 2553 2342 rejiciere.
2588 2271 2670 2325 Ne
2724 2269 2934 2327 timeas
2989 2270 3338 2327 ﬂammeum
3382 2271 3650 2344 gladium
3679 2272 3766 2341 ⁸⁴ς

2106 2365 2411 2417 reveretur
2454 2358 2798 2416 Dominum.
2834 2361 2877 2415 Ο
2930 2360 3235 2433 ingentem
3295 2365 3355 2416 et
3392 2361 3765 2419 ineffabilem

2108 2450 2360 2523 gratiam
2386 2448 2398 2503 !
2433 2448 2702 2505 nondum
2731 2449 3030 2506 Abraham
3057 2450 3157 2505 ille
3180 2449 3378 2506 fidelis
3398 2451 3770 2525 “ingressus

2109 2544 2201 2598 est
2229 2540 2330 2612 (5),
2355 2544 2413 2594 et
2440 2539 2593 2595 latro
2618 2538 2984 2613 ingreditur;
3007 2540 3277 2597 nondum
3299 2542 3528 2613 Moyses
3549 2548 3609 2598 et
3630 2559 3769 2615 pro-

2108 2631 2303 2704 phetas
2326 2635 2418 2698 ;et
2438 2629 2590 2686 latro
2623 2629 2867 2701 iniquus
2893 2630 3096 2687 intrat.
3130 2630 3477 2687 Admiratus
3498 2631 3558 2687 id
3588 2632 3770 2690 etiam

2109 2727 2247 2778 ante
2280 2725 2335 2777 te
2368 2725 2459 2777 est
2501 2719 2745 2789 Paulus,
2801 2719 3046 2777 dicens:
3084 2720 3189 2778 Ubi
3242 2722 3547 2779 abundavit
3574 2740 3770 2794 pecca-

2111 2819 2247 2877 tum.
2281 2811 2757 2883 superabundavit
2787 2816 2838 2866 et
2893 2814 3081 2881 gratia
3099 2810 3165 2865 ⁸⁸.
3227 2813 3336 2879 Qui
3394 2812 3772 2885 pertulerunt

2111 2909 2323 2959 aestum
2342 2903 2408 2969 ⁸⁷,
2442 2902 2712 2958 nondum
2745 2900 2995 2975 ingressi
3031 2907 3212 2969 sunt;
3243 2908 3302 2959 et
3325 2904 3425 2975 qui
3458 2902 3616 2960 circa
3645 2920 3767 2961 un-

2111 2991 2403 3048 decimam
2426 2991 2634 3047 horam
2657 2991 2841 3058 venit,
2866 2991 3170 3064 ingressus
3191 2997 3300 3049 est.
3328 2995 3508 3049 Nemo
3526 2993 3773 3050 obmur-

2111 3087 2311 3139 muret
2362 3081 2645 3138 adversus
2682 3081 3176 3153 patremfamilias
3207 3125 3222 3151 ,
3266 3099 3401 3140 cum
3455 3083 3559 3141 ille
3614 3084 3775 3140 dicat

2109 3174 2310 3229 Amice.
2344 3189 2456 3228 non
2496 3174 2648 3242 facio
2701 3171 2806 3228 tibi
2854 3173 3146 3244 injuriam.
3205 3175 3398 3230 Nonne
3442 3181 3775 3245 potestatem

337 3283 416 3318 σε.
483 3260 602 3320 Οὐκ
658 3255 774 3335 ἔχω
829 3256 1069 3331 ἐξουσίαν
1106 3242 1235 3327 ,ἐν
1293 3261 1412 3320 τοῖς
1472 3255 1631 3331 ἐμοῖς
1688 3258 1916 3329 ποιῆσαι
1973 3256 2002 3312 ’ὀ

2115 3264 2288 3319 habeo
2317 3263 2386 3319 de
2414 3264 2547 3318 meis
2574 3262 2735 3318 rebus
2762 3242 3012 3333 faciendi
3042 3263 3195 3334 quod
3220 3265 3343 3320 volo
3371 3242 3463 3321 "‘i
3510 3264 3643 3321 Vult
3663 3265 3777 3337 ju-

341 3350 678 3428 βούλομαις
729 3349 883 3406 Θέλει
942 3345 1402 3425 δικαιοπραγῆσαι
1464 3348 1493 3403 ὁ
1550 3345 1796 3422 λῃστής,
1855 3345 2006 3404 ἀλλὰ

332 3434 1071 3518 προλαμόὣειὸθάνατοςο
1130 3438 1193 3495 οὐ
1249 3439 1313 3495 τὸ
1362 3434 1524 3514 ἔργον
1582 3441 1660 3511 (3)
1720 3439 2003 3513 περιμένω

340 3529 541 3605 μόνον,
572 3527 718 3586 ἀλλὰ
761 3528 855 3585 καὶ
907 3529 1008 3600 τήν
1066 3528 1247 3584 πίστιν
1308 3524 1672 3602 ἀπεδεξάμην.
1729 3527 1941 3584 Ἦλθον
1975 3529 2004 3583 ὁ

411 3648 551 3692 ⁵⁵-δε
578 3650 719 3707 Luc.
749 3666 914 3715 mn,
944 3649 1131 3705 40-4-2.
1233 3646 1283 3684 ⁵9
1312 3647 1457 3703 ibid.
1490 3648 1581 3703 43.

336 3726 409 3778 10
442 3728 594 3789 ;cat.
632 3725 716 3786 14,
749 3739 791 3778 ιι
837 3723 921 3777 10.

332 3794 387 3829 ⁸⁸
415 3793 566 3851 Ibid.
601 3796 687 3864 13,
723 3796 811 3850 15.
885 3791 933 3828 ⁸⁸
961 3791 1189 3851 Cautio.
1220 3809 1297 3865 γι,
1324 3796 1375 3859 1,
1403 3794 1457 3849 2.

403 3910 738 3981 (Ηθάρσει.
788 3910 1031 3979 Con/ide.
1090 3910 1214 3966 Hoc
1266 3909 1513 3981 verbum
1572 3907 1648 3964 ad
1680 3908 2001 3981 Scripturae

332 3963 515 4065 γοξεές
532 3963 818 4065 tanta;
836 3963 1045 4065 eam.
1082 3963 1245 4065 L331;
1275 3963 1447 4063 illud
1474 3986 1704 4065 ancton
1721 3963 2004 4065 estquis

337 4052 706 4130 epistolmide
732 4052 874 4130 {vera
892 4052 1358 4130 circumcisione
1392 4053 1452 4107 in
1485 4052 1650 4130 Hier_.
1676 4055 1824 4130 App.
1862 4052 1913 4130 ί.Δ
1940 4056 2002 4109 ν.

337 4125 398 4202 ρῖ
440 4129 563 4202 164,
595 4127 680 4184 sic
732 4126 948 4202 Christi
974 4125 1181 4202 verba
1229 4130 1569 4202 repetens;
1605 4125 1783 4202 Fo_r_ti
1820 4128 2005 4181 animo

338 4197 459 4257 ἱειο
480 4216 500 4255 :
527 4201 700 4255 Amen
731 4199 855 4256 dico
885 4200 1006 4268 tibi,
1038 4199 1198 4255 hodie
1233 4197 1489 4270 mecum,
1520 4201 1630 4251 etc.
1668 4197 1831 4270 Idem
1857 4215 2003 4270 quo-

339 4288 461 4345 que
493 4272 739 4345 verbum
771 4270 843 4345 ab
875 4267 1011 4345 aliis
1050 4269 1401 4345 auctoribus
1412 4267 1691 4345 _citatum
1721 4269 1856 4343 legi.
1875 4267 2007 4327 Ἠλι-

333 4339 519 4401 betur
540 4343 603 4417 in
631 4342 968 4417 Cantabrig.
1002 4342 1267 4417 evangel.
1295 4339 1498 4417 codice
1530 4341 1753 4417 Graeco2

414 4418 489 4488 (2)
541 4408 822 4488 Ἑκϐαλεῖ.
872 4408 962 4472 Ita
1016 4408 1398 4488 scripsimus
1418 4413 1594 4488 jngta
1649 4413 1780 4471 cod.
1836 4416 1918 4472 Re

337 4477 487 4556 Roe',
520 4487 799 4559 casau_b.,
830 4491 892 4543 at
920 4477 1349 4559 inimpressis,
1381 4477 1663 4559 ἐκϐάλλει,

412 4554 490 4634 (3)
523 4557 602 4614 Οὐ
622 4559 684 4614 τὸ
708 4554 889 4634 ἔργον.
940 4554 1183 4634 Ριειιιῖοιο
1232 4558 1358 4634 hmo
1402 4557 1707 4634 sententia
1749 4557 1996 4617 inColb.

337 4623 482 4719 eqd:
513 4623 1163 4719 transpos'itione‘voc'is
1195 4629 1397 4719 μάγονέ
1526 4628 1589 4682 τὸ
1635 4623 1795 4703 ἔργον
1844 4649 2003 4701 περι-

341 4702 520 4776 μένω,
554 4695 703 4758 ἀλλᾶ
736 4701 1028 4776 μόνοντήν
1058 4695 1238 4776 πίστὶν
1262 4695 1632 4772 ἀπεδεξάμην,
1659 4695 1687 4751 ἱ(
1711 4695 2010 4776 nonopus

342 4774 373 4827 ὁ(
400 4782 703 4849 exspecto,
725 4774 830 4834 Sed
844 4775 1025 4832 fidem
1042 4775 1421 4849 solummodo
1434 4779 1738 4849 acceptnm
1752 4774 1956 4849 habui.
1981 4798 2011 4849 η

418 4843 549 4917 (4f-
576 4851 771 4922 Longe
813 4854 1054 4922 remotas
1106 4847 1191 4902 rei
1222 4846 1452 4919 petitio,
1480 4866 1538 4922 »_
1566 4843 1946 4922 πολυχοόνιος
1973 4848 2009 4917 ἡ

350 4912 735 5001 a’iﬁmc._§i_€
764 4920 923 5001 apud
954 4919 1151 5001 Nilum
1184 4912 1556 5001 tractatuad
1576 4912 1846 5001 Magnam
1876 4912 2007 4992 cap;

350 4938 590 4985 αιτησις.
623 4938 718 4978 διο
764 4938 923 5046 agna
954 4938 1151 4975 unum
1184 4938 1439 4974 tramam
1469 4938 1544 5000 au
1576 4938 1846 5001 magnam
1876 4938 2007 4992 cap.

350 4990 408 5066 4,
432 5005 563 5061 pag.
592 4994 718 5061 238,
744 5012 817 5046 πο
861 4990 1356 5066 υχρόνιος-τροφή,
1374 4994 1466 5066 est
1485 4989 1650 5066 Cibus
1674 5007 1735 5045 In
1767 4990 2012 5065 longum

349 5065 591 5133 tempus
620 5062 1011 5136 praeparatus.
1039 5063 1184 5119 Male
1200 5062 1550 5136 Crodecius.
1578 5062 1746 5133 longa
1768 5062 1971 5133 petitio
1991 5081 2012 5127 ,°

350 5148 555 5204 supra.
586 5134 764 5189 num.‘
786 5138 874 5190 30.
933 5136 1158 5191 notavit
1197 5134 1489 5207 latronem
1523 5150 1643 5189 non
1679 5136 2011 5207 postulasse

347 5212 418 5278 ut
441 5221 591 5262 nunc
621 5206 892 5262 Christus
924 5207 1111 5278 ipsius
1144 5205 1582 5278 meminissent.
1617 5205 1723 5261 sed
1753 5224 1888 5263 cum
1917 5226 2012 5265 ve-

347 5275 518 5350 nisset
550 5278 611 5333 in
640 5295 809 5350 regno
837 5275 962 5340 suo:
991 5278 1150 5350 quod
1181 5277 1254 5334 de
1304 5277 1531 5350 judicio
1564 5279 1888 5334 novissimo
1921 5280 2011 5336 in-

350 5347 622 5423 telligere
650 5347 885 5406 videtur
929 5347 1206 5423 Cyrillus.
1268 5349 1413 5407 Vide
1470 5354 1584 5406 cat.
1615 5351 1670 5423 4,
1704 5367 1867 5408 num.
1904 5354 2009 5423 15;

351 5427 468 5476 cat.
507 5424 595 5478 15.
628 5426 738 5478 ιι.1
776 5428 837 5477 et
860 5424 950 5477 26.

428 5495 507 5561 l5)
536 5494 789 5550 Nondum
819 5494 1167 5551 Abraham...
1216 5496 1490 5567 ingressus
1530 5501 1628 5551 est.
1657 5497 1804 5552 Cum
1835 5497 2011 5554 varias

352 5564 479 5654 s’int
507 5573 940 5654 curnOveterum
971 5572 1098 5654 tuin
1128 5564 1530 5654 recentiorum
1576 5568 2011 5654 theologorum,

354 5635 432 5691 de
460 5639 740 5708 paradiso
767 5640 830 5713 in
861 5655 1038 5712 quem
1068 5639 1219 5696 latro
1246 5640 1570 5713 perductus
1592 5645 1683 5696 est
1699 5635 2013 5713 opiniones

349 5721 488 5764 eam
518 5726 650 5785 quae
678 5712 837 5787 apud
853 5717 1088 5769 veteres
1108 5712 1386 5770 usitatior
1430 5718 1492 5770 et
1512 5712 1781 5773 omnium
1803 5717 2009 5772 verisi-

684 5841 949 5901 ΡΔτιιοι..
996 5846 1111 5903 Gn.
1158 5842 1427 5903 XXXIII.

1921 4431 1999 4489 8ο»
2035 4458 2082 4522 ο

2116 3359 2207 3411 sta
2235 3369 2420 3426 Opera
2448 3353 2645 3410 facere
2671 3352 2847 3419 latro,
2877 3352 2982 3410 sed
3005 3370 3143 3410 eum
3175 3370 3336 3411 mors
3358 3362 3773 3428 prmoccupat:

2114 3460 2238 3500 non
2270 3449 2501 3500 tantum
2532 3460 2682 3516 opus
2714 3458 2934 3510 moror,
2963 3443 3067 3500 sed
3095 3448 3154 3499 et
3182 3443 3362 3500 ﬁdem
3384 3445 3581 3518 recepi
3634 3444 3780 3502 Veni

2117 3530 2218 3603 qui
2249 3546 2427 3604 pasco
2460 3530 2522 3587 in
2554 3531 2721 3601 liliis,
2771 3530 2906 3586 veni
2964 3535 3031 3586 ut
3086 3548 3331 3603 pascam
3380 3532 3442 3588 in
3494 3533 3685 3589 hortis
3710 3533 3781 3590 ⁸⁵.

1684 3646 1733 3683 ⁸ο
1765 3648 1917 3704 Psal.
1953 3664 2019 3704 xc

2132 3649 2185 3703 8.
2261 3649 2307 3685 ἰ
2342 3649 2483 3704 Gen.
2521 3664 2585 3719 ιι,
2622 3650 2710 3705 17.
2786 3645 2835 3682 ⁶²
2875 3648 3013 3704 Vide
3042 3655 3149 3704 cat.
3188 3654 3238 3716 1,
3278 3666 3339 3704 ιι.
3375 3652 3399 3703 1
3439 3667 3453 3717 ;
3486 3656 3595 3707 cat.
3628 3652 3682 3718 5,
3714 3667 3775 3708 ιι.

1029 3720 1077 3756 ⁸³
1109 3721 1247 3793 Luc.
1279 3738 1336 3790 χ,
1367 3720 1457 3777 18.
1534 3717 1584 3753 ⁶⁴
1624 3719 1768 3777 Gen.
1828 3736 1915 3790 ιιι,
1973 3723 2062 3776 24.
2141 3720 2187 3756 ⁸⁵
2235 3720 2359 3778 Gal.
2387 3737 2466 3793 ιιι,
2490 3723 2543 3776 9.

2649 3719 2697 3755 ⁶⁶
2729 3722 2897 3777 Rom.
2956 3737 3013 3788 γ,
3059 3721 3151 3777 20.
3228 3722 3273 3758 ⁸⁷
3304 3722 3507 3778 Matth.
3559 3725 3775 3791 xx,12.

2113 3910 2373 3967 millima
2394 3914 2486 3965 est
2505 3914 2744 3965 secutus
2765 3908 2997 3965 videtur
3010 3908 3299 3981 Cyrillus;
3325 3909 3614 3966 nimirum
3637 3927 3775 3969 eum

2114 3983 2177 4038 in
2209 3981 2553 4055 paradisum
2578 3986 2944 4055 terrestrem,
2978 3980 3140 4055 unde
3159 3981 3435 4055 dejectus
3459 3988 3548 4037 est
3564 3983 3775 4052 Adam,

2114 4053 2347 4111 Christo
2366 4054 2583 4110 comite
2606 4054 2959 4109 introivisse.
2991 4053 3209 4109 Confer
3232 4055 3392 4110 hunc
3423 4054 3620 4111 locum
3642 4073 3773 4112 cum

2115 4133 2229 4208 eat.
2266 4129 2352 4194 14,
2385 4143 2447 4208 ιιἰ
2483 4129 2547 4181 10
2592 4125 2759 4208 Qued
2785 4132 2986 4208 autem
3008 4125 3092 4208 ait
3111 4126 3372 4208 primum
3403 4133 3538 4183 ante
3567 4145 3776 4208 omnes

2112 4198 2411 4255 latronem
2433 4198 2496 4254 in
2528 4196 2873 4269 paradisum
2899 4196 3260 4266 introivisse,
3289 4200 3629 4256 communis
3652 4202 3781 4256 hac

2112 4271 2337 4345 Cyrillo
2370 4277 2462 4328 est
2489 4286 2625 4345 cum
2685 4270 2960 4345 Patribus
3022 4270 3247 4327 Latinis
3278 4271 3585 4345 et‘Graacis
3625 4271 3781 4329 bene

2115 4342 2322 4400 multis
2344 4342 2646 4417 sententia
2671 4342 2950 4417 :_pr_imus_
2975 4347 3068 4417 est
3098 4359 3253 4417 sane;
3274 4343 3370 4417 cui
3398 4359 3467 4399 ea
3515 4345 3775 4417 promis-

2118 4417 2205 4471 sio
2238 4417 2393 4471 facta
2416 4415 2661 4488 legatur.
2687 4414 2799 4469 Sed
2822 4414 2871 4488 si
2894 4415 3163 4488 Christus
3184 4414 3259 4471 ad
3280 4414 3780 4488 inferos—descen-

2114 4488 2284 4561 dens.
2308 4484 2510 4543 statirh
2533 4484 2673 4561 inde
2696 4486 3067 4561 patriarchas
3099 4486 3372 4561 eduxerit
3390 4493 3570 4561 atque
3594 4489 3654 4545 in
3680 4506 3777 4561 pa-

2112 4560 2391 4635 radisum
2413 4558 2809 4635 transtulerit,
2838 4559 3182 4635 non__po_tuit
3211 4567 3349 4614 ante
3382 4558 3490 4635 eos
3542 4558 3775 4635 ingredi

2111 4631 2266 4687 latro
2293 4631 2395 4704 qui
2426 4630 2699 4705 nonnissi
2741 4630 3232 4705 post__Christum
3292 4630 3644 4705 cruciﬁragio
3676 4649 3779 4705 ex:

2121 4701 2344 4759 tinctus
2375 4710 2483 4760 est.
2519 4702 2717 4758 Potuit
2741 4701 2995 4774 izyrillus
3035 4703 3095 4757 id
3128 4719 3247 4759 non
3288 4701 3636 4758 attendere:
3688 4703 3781 4759 vel

2121 4793 2258 4832 cum
2292 4782 2534 4832 auctore
2569 4775 2702 4829 libri
2735 4776 2812 4829 De
2838 4777 3164 4844 virginitate
3179 4775 3338 4846 apud
3363 4774 3779 4842 Athanasium,

2122 4854 2247 4904 tom
2288 4849 2384 4909 lll.
2404 4863 2569 4903 num.
2598 4848 2684 4910 10,
2710 4846 3362 4902 existimaretlhristum
3376 4846 3615 4901 nonnisi
3637 4847 3782 4903 hora

2122 4919 2497 4981 duodecima.
2519 4921 2630 4975 hoc
2653 4924 2745 4974 est
2773 4924 2977 4974 nostra
2998 4924 3163 4974 sexta
3192 4917 3529 4989 vespertina
3558 4919 3781 4974 inferos

2122 4993 2375 5048 adivisse
2403 5010 2416 5060 ;
2440 5008 2525 5063 ac
2550 4991 2899 5063 priusquam
2930 5007 2998 5063 eo
3039 4990 3232 5046 adiret
3259 4990 3553 5063 latronem
3584 4990 3647 5046 in
3678 5006 3781 5062 pa-

2120 5064 2386 5120 radisum
2419 5061 2759 5131 deduxisse,
2793 5061 2953 5135 quod
2982 5063 3109 5118 Tito
3138 5061 3460 5135 Bostrensi,
3493 5078 3598 5117 seu
3630 5061 3780 5135 anc-

2123 5137 2238 5192 tori
2270 5132 2848 5191 Commentariorum
2898 5134 2959 5189 in
2990 5137 3193 5189 Lucam
3232 5132 3342 5188 sub
3373 5134 3504 5204 ejus
3535 5134 3781 5190 nomine

2121 5207 2430 5281 probabile
2462 5207 2653 5281 visum
2686 5211 2775 5262 est
2802 5223 2814 5260 :
2868 5205 2960 5261 vel
2988 5206 3168 5281 etiam
3201 5205 3534 5281 arbitratus
3576 5212 3667 5261 est
3695 5206 3786 5263 la-

2123 5276 2355 5337 tronem
2377 5279 2579 5336 statim
2603 5296 2637 5335 a
2661 5284 2851 5333 morte
2865 5278 3047 5350 suain
3066 5276 3411 5350 paradisum
3436 5278 3748 5334 inductum
3772 5303 3787 5341 ς

2122 5353 2675 5426 patriarchas_vero
2728 5349 2975 5426 nqnnisx
3028 5349 3164 5422 post
3209 5349 3787 5426 trid_uum_aChristi

2123 5422 2326 5482 anima
2347 5426 2407 5480 in
2431 5422 2839 5479 subterraneis
2863 5427 3157 5490 exactum,
3182 5422 3342 5494 quod
3370 5422 3641 5494 insinuat
3666 5429 3780 5479 cat.

2123 5500 2178 5561 4,
2210 5514 2271 5555 ιι.
2308 5498 2399 5558 14,
2429 5502 2489 5551 et
2516 5501 2631 5553 cat.
2654 5496 2754 5568 14,
2787 5510 2850 5551 ιι.
2890 5496 2972 5548 18.
3026 5495 3166 5568 Quae
3197 5493 3333 5549 vero
3372 5493 3552 5568 fuerit
3578 5494 3784 5568 Cyrilli

2125 5569 2442 5631 sententia.
2475 5584 2621 5623 num
2653 5566 2803 5621 latro
2827 5582 2963 5622 cum
2985 5566 3187 5622 anima
3203 5583 3281 5622 an
3304 5583 3438 5622 cum
3471 5566 3781 5623 divinitate

2123 5642 2341 5699 Christi
2375 5642 2507 5714 ipsa
2537 5640 2642 5714 die
2662 5637 3264 5714 fuerit_in_parad_iso,
3299 5639 3451 5696 nihil
3474 5639 3537 5714 in
3557 5645 3787 5696 utram-

2120 5716 2209 5771 vis
2238 5710 2471 5788 parte'm
2491 5729 2562 5769 ex
2592 5710 2723 5785 ejus
2753 5710 2994 5785 scriptis
3025 5710 3306 5787 colligere
3331 5711 3520 5786 potui.

3429 5841 3507 5900 26
