4014 6388
278 424 392 487 861

946 424 1423 489 CATECHESIS
1468 422 1628 485 XIV.
1673 421 1778 483 DE
1822 414 2139 481 CHRISTI
2182 416 2875 494 RESURRECTIONE,
2919 423 3092 484 ETC.

3609 424 3730 486 862

294 557 599 615 καθισαντά
659 557 723 615 ἐκ
808 556 989 630 δεξιῶν
1063 558 1160 613 τοῦ
1240 553 1475 632 Πατρὸς.
1561 552 1774 628 Ηρόνου
1871 549 1966 623 μὶν

2090 551 2276 623 priam
2306 569 2442 608 vero
2469 552 2648 627 hujus
2680 554 2838 610 sedis
2868 555 3162 611 rationem
3188 572 3263 612 ne
3294 555 3611 612 sollicitius
3639 556 3730 612 in-

303 646 563 719 ὶδιότητα
618 649 700 722 μὴ
755 648 1345 722 πολυπραγμονῶμεν·
1399 639 1784 712 ἀκατάληπτον
1838 640 1962 716 γάρ.

305 740 465 811 Μήτε
494 736 556 793 δὶ
585 737 918 814 ἀνεχώμεθα
943 740 1052 792 τῶν
1114 735 1385 811 λεγόντων
1435 735 1638 803 κακῶς,
1692 731 1775 786 δτι
1834 729 1969 803 μετᾶ

309 829 403 884 τὸν
437 826 791 905 σταυρὸνκαὶ
843 827 940 896 τήν
996 825 1304 896 ἀνάστασιν,
1360 822 1450 879 καὶ
1506 822 1608 891 τὴν
1668 819 1745 882 είς
1803 818 1967 893 ούρα-

314 919 445 984 νοὺς
469 915 687 986 ἃνοδον,
717 917 843 974 τότε
869 914 1071 991 ἤρξατο
1121 912 1219 971 τοῦ
1268 912 1329 969 ἐκ
1374 910 1559 984 δεξιῶν
1604 915 1702 967 τοῦ
1757 909 1966 983 Πατρὸς

313 1010 634 1083 καθέξεσοαι
668 1009 696 1063 ὁ
732 1001 876 1070 Υἱός.
937 1005 1015 1064 Ού
1070 1005 1175 1082 γὰρ
1233 1003 1294 1060 ἐκ
1348 1010 1637 1078 προκοπῆς
1694 997 1825 1076 ἔσχε
1872 1000 1965 1055 τὸν

310 1102 535 1176 θρόνον·
569 1096 715 1154 ἀλλᾶ
743 1096 834 1175 ἀφ’
891 1096 1059 1172 οὗπερ
1112 1092 1254 1151 ἔστιν
1328 1090 1461 1169 (ἔστι
1520 1089 1578 1148 δὶ
1636 1092 1715 1148 ἀεὶ
1774 1110 1968 1165 γεννη-

305 1193 467 1267 θεὶς),
498 1192 592 1248 καὶ
625 1190 1002 1267 συγκαθέζεται
1032 1191 1107 1263 (1)
1137 1192 1219 1261 τῷ
1249 1186 1441 1262 Πατρί.
1475 1186 1574 1242 Καὶ
1625 1187 1818 1240 τοῦτον
1874 1183 1967 1239 τὸν

301 1282 528 1359 θρόνον,
580 1280 687 1356 πρὸ
742 1285 843 1350 τῆς
897 1277 1158 1354 ἐνσάρκου
1209 1274 1509 1352 παρουσίας
1565 1278 1663 1329 τοῦ
1709 1274 1970 1349 Σώτῆρος

299 1358 576 1447 ἑωρακὼς
634 1369 663 1423 6
708 1367 999 1445 προφήτης
1086 1366 1248 1444 φησὶν
1329 1361 1572 1426 Ἠσαίας
1658 1358 1819 1419 Εἶδον
1875 1361 1967 1416 τὸν

306 1467 513 1536 Κτριον
566 1459 874 1530 καθήμενον
963 1456 1049 1512 ἐπὶ
1113 1454 1308 1532 θρόνου
1371 1452 1589 1529 ὑψηλοῦ
1645 1451 1738 1507 καὶ
1796 1450 1970 1528 ἐπηρ-

316 1550 507 1625 μένου,
565 1549 654 1604 καὶ
703 1549 771 1604 τὰ
822 1547 966 1618 ἑξῆς⁸
1023 1544 1115 1602 τὸν
1174 1547 1388 1619 Πατέρα
1447 1544 1544 1619 μὶν
1610 1543 1711 1619 γάρ
1792 1538 1972 1603 οὐδεὶς

314 1641 526 1715 ἑώρακε
582 1638 828 1709 πώποτε,
887 1637 916 1692 6
968 1633 1026 1692 δί
1079 1639 1160 1708 τῷ
1235 1636 1490 1714 προφήτῃ
1563 1632 1689 1688 τότε
1763 1632 1970 1711 φανεὶς,

318 1726 682 1797 1Ἴὸςῆν.Καὶ
731 1727 760 1781 6
812 1721 1133 1799 Ψαλμῳδός
1189 1742 1370 1804 φησιν’
1427 1725 1695 1797 Ἕτοιμος
1753 1722 1781 1777 6
1842 1721 1973 1798 θρό-

303 1838 406 1881 νος
440 1838 534 1872 σου
558 1819 636 1891 (2)
665 1815 772 1872 ἀπὸ
800 1804 1084 1887 τότε,’ἀπὸ
1108 1818 1204 1870 τοῖ’)
1239 1813 1439 1876 αἰῶνος
1486 1833 1549 1869 συ
1615 1811 1681 1869 εἶ.
1731 1807 1967 1867 Πολλῶν

2073 643 2402 713 quiramus,
2433 650 2673 716 captum
2694 644 2853 701 enim
2878 645 3129 702 excedit.
3144 647 3345 719 Neque
3358 645 3730 719 perferamus

2072 747 2174 787 eos
2205 731 2278 804 (4)
2312 733 2415 804 qui
2443 750 2721 805 perverse
2751 740 3050 806 asserunt,
3101 735 3260 808 quod
3306 740 3445 809 post
3492 751 3730 792 crucem

2073 826 2132 877 et
2162 824 2684 892 resurrectionem,
2715 831 2773 880 et
2800 841 3138 900 regressum
3162 826 3220 881 in
3255 825 3456 894 caelos,
3482 831 3624 882 tunc
3640 824 3736 881 Fi-

2072 911 2191 967 lius
2222 929 2256 968 a
2287 912 2511 969 dextris
2540 915 2732 971 Patris
2769 915 2976 971 sedere
3008 916 3225 988 erepit;
3271 932 3395 972 non
3447 916 3608 973 enim
3661 931 3730 971 ex

2071 1001 2341 1074 profectu
2370 1003 2573 1060 sedem
2602 1005 2756 1061 hanc
2786 1006 3035 1078 adeptus
3067 1014 3195 1074 est;
3229 1005 3333 1062 sed
3364 1023 3434 1062 ex
3465 1023 3581 1077 quo
3613 1011 3722 1075 est,

2075 1096 2185 1154 (est
2206 1099 2403 1150 autem
2423 1094 2495 1151 ab
2519 1099 2742 1152 aeterno
2760 1096 3037 1170 genitus),
3058 1097 3237 1152 etiam
3263 1097 3428 1153 sedet
3446 1113 3567 1154 una
3592 1112 3730 1154 cum

2073 1183 2267 1239 Patre.
2302 1185 2372 1238 Et
2400 1185 2560 1240 hunc
2604 1185 2887 1242 thronum
2920 1192 3059 1243 ante
3107 1186 3426 1243 Salvatoris
3458 1188 3518 1243 in
3551 1203 3728 1243 carne

2075 1275 2392 1332 adventum
2424 1278 2803 1350 conspicatus
2833 1279 3017 1335 Isaias
3046 1279 3358 1352 propheta,
3393 1280 3514 1335 ait:
3544 1301 3573 1330 «
3598 1277 3728 1334 Vidi

2074 1386 2102 1416 «
2137 1366 2451 1423 Dominum
2483 1367 2790 1425 sedentem
2824 1386 3004 1442 super
3029 1369 3309 1426 thronum
3342 1369 3645 1426 excelsum
3677 1373 3737 1425 et

2076 1477 2104 1504 ‹‹
2138 1454 2431 1513 elevatum
2460 1457 2506 1494 9°
2530 1481 2581 1528 »,
2615 1464 2727 1516 etc.
2761 1462 2995 1517 Patrem
3027 1477 3286 1534 namque
3316 1483 3344 1512 «
3379 1476 3555 1518 nemo
3586 1458 3734 1516 vidit

2077 1566 2105 1595 ιι
2137 1562 2403 1618 unquam
2431 1547 2478 1582 ³⁷
2510 1571 2538 1599 ››
2565 1569 2579 1619 ;
2605 1549 2708 1622 qui
2729 1566 2864 1607 vero
2889 1555 3031 1607 tunc
3049 1552 3352 1624 prophetae
3375 1561 3729 1623 conspectus

2076 1640 2185 1705 est,
2230 1636 2412 1694 Filius
2472 1645 2617 1694 erat.
2678 1641 2750 1695 Et
2796 1640 3192 1698 Psalmidicus
3244 1641 3370 1698 ait:
3422 1642 3732 1697 «Paratus

2076 1745 2105 1774 «
2134 1725 2387 1782 thronus
2418 1732 2556 1785 tuus
2583 1745 2654 1785 ex
2684 1733 2849 1799 tunc,
2899 1747 2934 1786 a
2979 1730 3198 1787 saeculo
3250 1736 3315 1786 tu
3345 1747 3408 1786 es
3437 1730 3486 1765 ³⁸
3506 1752 3557 1786 ››.
3586 1730 3732 1786 Cum

2074 1831 2210 1871 vero
2242 1816 2432 1873 multa
2462 1818 2582 1874 sint
2612 1819 2794 1893 hujus
2824 1821 2910 1876 rei
2943 1820 3253 1893 [nimirum
3284 1825 3578 1878 aeternum
3602 1835 3735 1877 eam

301 1905 494 1961 οὐσῶν
524 1910 632 1961 τῶν
664 1906 788 1980 περὶ
816 1905 1020 1961 τούτου
1054 1908 1387 1979 μαρτυριῶν,
1421 1901 1510 1959 διὰ
1565 1903 1627 1958 τὸ
1675 1901 1820 1958 πολὺ
1869 1908 1969 1973 τῆς

2090 1904 2279 1961 sedem
2314 1908 2467 1980 esse]
2501 1908 2860 1980 testimonia,
2887 1911 3014 1967 haec
3040 1916 3284 1984 propter
3307 1911 3733 1985 provectiorem

302 1995 460 2074 ὥρας
489 1996 804 2076 ἀρκούμεθα
831 1996 921 2052 καὶ
950 1994 1195 2058 ταύταις.

377 2091 523 2148 KH'.
558 2088 665 2146 Νὖν
698 2086 755 2146 δὲ
787 2089 926 2164 ὑμᾶς
950 2088 1329 2163 ὑπομνηστέον
1358 2085 1413 2143 ὁ)
1433 2088 1583 2163 ἱγων,
1609 2091 1718 2143 τῶν
1746 2085 1805 2142 ἐκ
1826 2086 1968 2143 πολ-

305 2180 431 2237 λῶν
460 2179 765 2255 εἴρημένων
788 2180 1032 2256 περὶτοῦ
1063 2177 1125 2235 ἐκ
1153 2174 1340 2251 δεξιῶν
1372 2182 1469 2234 τοῦ
1499 2177 1717 2254 ΙΙατρὸς
1745 2178 1965 2248 καθέζε-

300 2271 431 2325 σθαι
460 2270 556 2326 τὸν
578 2268 725 2328 Υἱόν.
747 2271 808 2328 Ὀ
835 2269 931 2343 μὲν
956 2270 1060 2346 γὰρ
1076 2268 1180 2345 γὰρ
1198 2268 1487 2331 ἒχατοστὸς
1506 2266 1720 2331 ἔννατος
1747 2265 1858 2342 ψαλ
1870 2266 1969 2341 μὸς

306 2364 501 2437 σαφῶς
560 2379 746 2437 φησιν’
820 2361 984 2416 Εἶπεν
1044 2360 1072 2414 6
1126 2358 1324 2436 Κύριος
1408 2362 1489 2431 τῷ
1574 2355 1756 2432 Κυρίῳ
1839 2376 1967 2431 μου*

310 2448 498 2504 Κάθου
553 2446 615 2504 ἐκ
672 2445 857 2520 δεξιῶν
924 2468 1051 2522 μου,
1106 2444 1211 2511 ἕως
1270 2445 1330 2502 ἂν
1392 2451 1471 2512 θῶ
1525 2445 1656 2509 τοὺς
1734 2445 1971 2523 ἐχθρούς

310 2561 413 2595 σου
466 2536 767 2595 ὑποπόδιον
815 2542 923 2594 τῶν
982 2536 1167 2594 ποδῶν
1228 2559 1344 2595 σου.
1404 2531 1647 2594 Βεϐαιῶν
1699 2533 1814 2591 δὶὸ
1847 2543 1970 2591 Σω-

308 2632 418 2707 τὴρ
449 2630 513 2685 τὸ
564 2627 856 2704 εἰρημένον
912 2626 965 2684 ἐν
1018 2625 1399 2705 Εὐαγγελίοις,
1459 2627 1593 2706 φησὶ
1651 2628 1743 2682 τὸν
1804 2620 1971 2682 Δαϐὶδ

311 2718 416 2775 οὐκ
448 2719 536 2797 ἀφ’
569 2719 763 2775 ἑαυτοῦ
791 2722 979 2792 ταῦτα,
1039 2716 1167 2774 ἀλλ’
1218 2716 1270 2789 ἐξ
1322 2716 1604 2780 ἐπιπνοίας
1657 2720 1756 2773 τοῦ
1814 2715 1972 2793 ἁγίου

315 2808 634 2882 Πνεύματος
690 2806 983 2884 εἰρηκέναι,
1037 2806 1235 2886 λέγων’
1322 2811 1446 2871 Πῶς
1522 2805 1615 2862 οὗν
1693 2802 1861 2862 Δαϐὶδ
1919 2805 1970 2862 ἐν

316 2898 596 2974 Πνεύματι
657 2898 857 2976 Κύριον
939 2898 1098 2955 αὐτὸν
1176 2897 1358 2973 ›ἀλεῖ,
1441 2896 1637 2973 λέγων’
1720 2899 1885 2956 Εἶπεν
1945 2898 1973 2953 ὁ

328 2989 525 3063 Κύριος
555 2994 635 3063 τῷ
664 2988 857 3066 Κυρίῳ,
913 3008 1037 3065 μου·
1098 2991 1281 3048 Κάθου
1340 2989 1400 3045 ἐκ
1455 2988 1644 3062 δεξιῶν
1697 3013 1825 3066 μου,
1883 2991 1972 3047 καὶ

318 3079 387 3136 τὰ
418 3079 583 3151 ὲξῆς;
643 3078 740 3136 Καὶ
791 3078 847 3136 ἐν
896 3085 1013 3144 ταῖς
1067 3080 1299 3155 Πράξεσι
1352 3083 1461 3136 τῶν
1521 3080 1867 3152 ἀποστόλων,
1924 3079 1978 3137 ἐν

320 3172 392 3245 τῇ
449 3176 551 3240 τῆς
611 3172 990 3240 Πεντηκοστῆς
1047 3170 1230 3246 ἡμέρᾳ
1285 3169 1496 3235 σταθεὶς
1539 3170 1567 3225 6
1625 3171 1829 3248 Πέτρος
1880 3168 1973 3226 σὺν

2078 1997 2288 2053 horam
2318 1998 2633 2056 adduxisse
2658 1999 2935 2056 sufﬁciat.

2146 2088 2393 2144 XXVIII.
2427 2091 2593 2145 Nunc
2625 2094 2823 2146 autem
2856 2090 3019 2147 vobis
3052 2092 3112 2147 in
3143 2092 3498 2149 memoriam
3554 2091 3735 2149 redu-

2077 2178 2268 2235 cenda
2296 2184 2435 2235 sunt
2463 2196 2652 2252 pauca
2682 2178 2753 2237 de
2786 2180 3013 2250 multis,
3075 2199 3206 2254 qum
3257 2182 3415 2240 dicta
3458 2186 3600 2238 sunt
3646 2180 3735 2254 [in

2080 2268 2422 2342 Scripturis]
2449 2269 2520 2325 de
2546 2270 2660 2326 hoc
2712 2277 3063 2344 argumento
3116 2269 3278 2343 quod
3306 2289 3342 2328 a
3372 2271 3594 2327 dextris
3624 2272 3734 2327 Pa-

2078 2359 2185 2414 tris
2216 2358 2399 2415 Filius
2429 2359 2653 2417 sedeat.
2713 2361 3087 2418 Centesimus
3127 2363 3287 2417 enim
3335 2378 3531 2419 nonus
3572 2361 3731 2434 psal-

2078 2466 2211 2505 mus
2242 2454 2444 2522 aperte
2477 2449 2657 2506 dicit:
2694 2473 2721 2503 ‹ι
2754 2451 2911 2506 Dixit
2941 2450 3227 2507 Dominus
3259 2451 3510 2509 Domino
3541 2466 3676 2507 meo
3712 2465 3726 2506 :

2083 2561 2108 2592 ιι
2139 2540 2287 2596 Sede
2318 2556 2352 2595 a
2381 2539 2605 2597 dextris
2635 2541 2807 2613 meis,
2866 2541 3056 2598 donec
3105 2541 3409 2614 posuerim
3457 2540 3734 2596 inimicos

2088 2648 2110 2678 ι
2144 2635 2277 2685 tuos
2307 2630 2635 2686 scabellum
2664 2629 2885 2703 pedum
2916 2635 3154 2687 tuorum
3185 2653 3238 2687 ››.
3273 2631 3506 2687 Dictum
3535 2630 3647 2686 hoc
3675 2628 3738 2685 in

2080 2720 2414 2793 Evangeliis
2444 2720 2809 2777 confirmans
2840 2720 3123 2791 Salvator,
3158 2720 3242 2777 ait
3292 2719 3578 2777 Davidem
3605 2719 3736 2775 hac

2081 2825 2202 2865 non
2234 2827 2268 2866 a
2299 2827 2360 2867 se
2388 2810 2539 2885 ipso,
2583 2809 2686 2868 sed
2716 2828 2787 2867 ex
2817 2811 2999 2867 divini
3040 2811 3293 2884 Spiritus
3344 2810 3737 2884 inspiratione

2082 2900 2325 2972 dixisse,
2358 2901 2451 2957 his
2480 2901 2708 2958 verbis:
2748 2923 2776 2956 ι
2805 2902 3111 2969 Quomodo
3143 2918 3284 2976 ergo
3316 2899 3580 2958 Davidin
3604 2898 3734 2972 Spi-

2084 3012 2112 3041 «
2145 2990 2264 3045 ritu
2286 2990 2606 3047 Dominum
2630 3007 2767 3047 eum
2788 2994 2981 3061 vocat,
3005 2991 3209 3047 dicens
3236 3007 3248 3045 :
3274 2988 3736 3046 DixitDominus

2086 3100 2114 3129 «
2147 3079 2399 3137 Domino
2423 3096 2595 3136 meo:
2648 3080 2799 3136 Sede
2831 3098 2867 3137 a
2897 3080 3120 3137 dextris
3175 3080 3325 3136 meis
3356 3079 3405 3116 ²⁹
3436 3101 3485 3149 ι,
3518 3084 3577 3136 et
3605 3094 3739 3151 quas

2084 3170 2464 3242 sequuntur?
2492 3172 2563 3225 Et
2592 3170 2654 3225 in
2685 3169 2930 3227 Actibus
2961 3170 3369 3243 apostolorum
3402 3170 3464 3225 in
3483 3169 3578 3226 die
3600 3170 3747 3225 Pen-

318 3264 441 3324 τοῖς
466 3253 678 3329 ἕνδεκα,
711 3259 804 3314 καὶ
828 3264 944 3323 τοῖς
1004 3258 1369 3333 Ἰσραηλίταις
1418 3255 1837 3337 διαλεγόμενος,
1875 3267 1976 3331 τῆς

2092 3265 2368 3327 tecostes,
2397 3265 2563 3317 stans
2593 3262 2802 3317 Petrus
2833 3277 2970 3317 cum
2994 3258 3275 3317 undecim
3308 3265 3367 3316 et
3395 3259 3469 3317 ad
3505 3259 3746 3317 Israeli-

323 3346 375 3403 έν
433 3352 516 3422 τῷ
574 3348 852 3422 ἑκατοστῷ
908 3346 1110 3423 έννάτῳ
1157 3346 1366 3423 ψαλμῷ
1421 3349 1623 3422 ταύτης
1700 3348 1977 3421 αύτολεξεὶ

318 3445 422 3508 τῆς
454 3438 751 3514 μαρτυρίας
775 3435 1201 3513 ἐμνημόνευσεν.

393 3526 945 3601 ΚΘ’.⁹Υπομνηστέον
1008 3522 1065 3582 δὲ
1120 3525 1211 3582 καὶ
1269 3524 1456 3582 ἄλλων
1515 3525 1714 3603 ὀλίγων
1776 3547 1982 3603 μαρτυ-

324 3620 454 3691 ριῶν
489 3614 701 3690 ὁμοίως
728 3615 849 3692 περῖ
879 3620 976 3673 τοῦ
1008 3613 1069 3672 ἐκ
1099 3612 1284 3689 δεξιῶν
1319 3621 1414 3672 τοῦ
1463 3617 1672 3692 Πατρός
1728 3620 1799 3690 (3)
1848 3618 1984 3672 καθ-

327 3704 659 3777 έζεσθαιτὸν
718 3705 865 3763 Υἳόν.
927 3707 1016 3763 Ἐν
1079 3705 1174 3781 μὲν
1217 3706 1318 3785 γὰρ
1374 3711 1455 3780 τῷ
1506 3707 1645 3762 κατά
1698 3709 1978 3771 Ματθαῖον

325 3794 644 3873 Εὗαγγελίῳ
697 3794 1017 3874 γέγραπται·
1076 3793 1234 3865 Πλὴν
1295 3795 1442 3874 λέγω
1500 3797 1652 3870 ὑμῖν,
1714 3797 1807 3852 ἀπ’
1859 3798 1980 3872 ἄρτι

322 3880 516 3961 ὄψεσθε
594 3887 687 3942 τὸν
775 3886 898 3942 Υῖὸν
980 3890 1077 3943 τοῦ
1158 3887 1451 3963 ἀνθρώπου
1533 3888 1837 3961 καθήμενον
1923 3885 1983 3943 ἐκ

325 3972 516 4047 δεξιῶν
544 3981 645 4046 τῆς
686 3972 992 4051 δυνάμεως,
1053 3976 1142 4032 καὶ
1201 3977 1270 4032 τὰ
1325 3976 1466 4051 ἑξῆς⁵
1528 3977 1610 4040 οἷς
1662 3975 1983 4042 ἀκολούθως

320 4066 416 4122 καὶ
448 4067 477 4121 6
508 4064 819 4129 ἀπόστολος
849 4068 1056 4144 Πέτρος
1116 4065 1273 4144 φησὶ,
1326 4069 1569 4146 γράφωνο
1626 4069 1704 4123 Δι’
1754 4067 1984 4124 αναστά-

324 4176 463 4221 σεως
545 4157 728 4228 Ἰησοῦ
811 4157 1069 4234 Χριστοῦ,
1158 4153 1219 4220 ὅς
1302 4157 1442 4214 ἐστιν
1520 4159 1573 4215 ἐν
1661 4156 1807 4230 δεξιᾷ
1887 4163 1984 4214 τοῦ

320 4250 481 4316 Θεοῦ,
535 4245 819 4321 πορευθεὶς
894 4246 973 4311 εἰς
1054 4246 1310 4324 οὐρανόν.
1398 4249 1455 4302 Ὀ
1532 4247 1590 4305 δὲ
1670 4247 1983 4313 ἀπόστολος

326 4333 545 4399 Παῦλος
600 4336 896 4409 Ῥωμαίοις
949 4337 1044 4411 μὲν
1103 4338 1352 4415 γράφων,
1407 4337 1591 4413 φησίν·
1664 4340 1902 4413 Χριστὸς
1956 4342 1984 4397 ὁ

328 4424 642 4497 ἀποθανὼν,
704 4424 919 4499 μᾶλλον
983 4423 1041 4481 δὲ
1095 4426 1186 4481 καὶ
1246 4425 1512 4504 ἐγερθεὶς,
1572 4427 1633 4492 ἀς
1688 4429 1780 4486 καὶ
1837 4426 1984 4487 ἔστιν

2090 3355 2182 3407 tas
2213 3351 2536 3419 disserens,
2571 3351 2750 3423 hujus
2809 3367 2878 3407 ex
2936 3352 3265 3409 centesimo
3312 3367 3470 3407 nono
3514 3350 3747 3424 psalmo

2092 3441 2421 3497 testimonii
2454 3440 2601 3513 ipsis
2626 3439 2820 3496 verbis
2841 3441 3119 3498 meminit
3142 3441 3211 3497 3°.

2161 3531 2362 3588 XXIX.
2394 3532 2462 3586 In
2491 3531 2846 3588 memoriam
2905 3547 3143 3604 quoque
3199 3530 3541 3589 reducenda
3590 3526 3747 3587 220

2094 3626 2234 3678 sunt
2262 3638 2452 3694 pauca
2480 3621 2599 3677 alia
2620 3620 2913 3694 ejusmodi
2946 3621 3291 3678 testimonia
3312 3621 3383 3676 de
3410 3619 3539 3676 Filii
3561 3637 3596 3674 a
3615 3619 3752 3675 dex-

2092 3712 2202 3768 tris
2232 3711 2421 3768 Patris
2452 3726 2757 3767 consessu.
2797 3712 2865 3765 In
2896 3711 3209 3783 Evangelio
3242 3711 3573 3766 secundum
3605 3708 3748 3764 Mat-

2096 3803 2317 3857 theeum
2342 3800 2628 3874 scriptum
2648 3805 2768 3856 est:
2794 3822 2822 3850 «
2855 3801 3142 3856 Caeterum
3167 3799 3298 3856 dico
3320 3799 3507 3881 vobis,
3531 3798 3751 3854 abhinc

2101 3913 2122 3942 ι
2149 3890 2423 3947 videbitis
2435 3890 2648 3946 Filium
2662 3889 2924 3947 hominis
2937 3889 3246 3946 sedentem
3268 3907 3303 3946 a
3324 3888 3547 3945 dextris
3567 3888 3751 3944 virtu-

2094 3984 2171 4039 tis
2188 3984 2233 4020 ³¹
2249 4005 2278 4035 »
2293 3983 2514 4041 etc.His
2528 3987 2932 4038 consentanea
2943 3981 3212 4037 scribens
3224 3983 3434 4037 Petrus
3446 3977 3753 4052 apostolus

2096 4074 2241 4130 dicit
2264 4089 2278 4131 :
2308 4095 2337 4126 ι(
2367 4075 2479 4129 Per
2499 4072 3000 4128 resurrectionem
3023 4071 3160 4127 Jesu
3180 4069 3422 4139 Christi,
3445 4068 3551 4142 qui
3578 4074 3669 4126 est
3686 4068 3751 4125 in

2098 4189 2125 4219 ‹‹
2142 4166 2387 4222 dextera
2396 4165 2499 4222 Dei
2513 4164 2812 4237 profectus
2825 4163 2887 4219 in
2899 4163 3106 4220 omium
3118 4162 3167 4198 ³³
3182 4163 3457 4220 ».Pau1us
3467 4179 3606 4219 vero
3621 4178 3759 4235 apo-

2100 4255 2287 4312 stolus
2303 4256 2376 4313 ad
2391 4255 2690 4311 Romanos
2707 4254 2977 4310 scribens
2990 4255 3074 4310 ait
3098 4270 3156 4309 :«
3180 4254 3452 4310 Christus
3472 4252 3575 4325 qui
3594 4268 3754 4308 mor-

2102 4350 2279 4400 «tuus
2294 4349 2402 4413 est,
2424 4343 2543 4401 imo
2567 4343 2766 4416 potius
2785 4343 2887 4415 qui
2906 4348 2965 4400 et
2983 4344 3332 4411 resurrexit,
3352 4344 3454 4415 qui
3473 4341 3654 4399 etiam
3667 4346 3759 4398 est

2104 4457 2125 4485 ι
2163 4435 2225 4491 in
2255 4435 2498 4492 dextera
2529 4435 2631 4490 Dei
2663 4435 2708 4470 ³³
2732 4457 2785 4490 ››.
2808 4434 2897 4489 Ad
2918 4434 3206 4507 Ephesios
3227 4450 3364 4490 vero
3389 4432 3656 4491 scribens
3675 4431 3761 4488 ita

326 4514 378 4570 ἒν
440 4512 589 4587 δεξιᾷ
628 4519 728 4571 τοῦ
786 4517 941 4571 Θεοῦ·
1003 4516 1278 4595 Ἐφεσίοις
1358 4515 1417 4573 δὲ
1474 4513 1838 4594 ἐπιστέλλων,
1893 4519 1976 4577 οὕ-

2099 4527 2389 4599 profatur:
2414 4526 2798 4582 «Secundum
2812 4526 3221 4598 operationem
3235 4522 3761 4597 potentiaafortitu-

326 4626 433 4669 τως
493 4604 699 4682 εἴρηκε·
753 4607 905 4663 Κατᾶ
956 4607 1057 4676 τὴν
1113 4601 1380 4684 ἐνέργειαν
1436 4613 1536 4665 τοῦ
1592 4610 1831 4686 κράτους
1879 4614 1985 4681 τῆς

2107 4638 2134 4671 ιι
2149 4617 2307 4673 dinis
2320 4617 2472 4689 ejus,
2489 4633 2667 4689 quam
2683 4616 2946 4673 exseruit
2956 4616 3017 4670 in
3030 4615 3284 4685 Christo,
3306 4615 3602 4671 suscitans
3615 4628 3755 4669 eum

328 4693 525 4771 ἰσχύος
584 4694 774 4764 αὐτοῦ,
825 4698 892 4766 ἢν
949 4691 1213 4773 ένήρησεν
1269 4696 1322 4752 ἒν
1378 4701 1462 4771 τῷ
1543 4703 1786 4775 Χριστῷ,
1844 4699 1976 4778 ἐγεί-

2094 4729 2122 4759 ‹‹
2155 4724 2190 4764 a
2219 4706 2492 4775 mortuis,
2513 4712 2571 4763 et
2587 4705 2794 4763 sedere
2816 4705 3043 4762 faciens
3060 4705 3123 4761 in
3147 4704 3392 4760 dextera
3413 4718 3521 4759 sua
3540 4702 3588 4738 *ι
3614 4721 3669 4772 ››,
3698 4705 3759 4755 et

408 4879 455 4916 ’⁸
481 4881 694 4957 Isa._vi,
728 4883 779 4957 l.
887 4879 932 4918 ³⁷
960 4882 1128 4957 Joan.
1163 4898 1207 4957 ι,
1239 4884 1302 4957 l8
1338 4900 1352 4949 ;
1382 4884 1408 4938 Ι
1431 4884 1579 4943 Tim.
1611 4903 1687 4957 vx,
1732 4863 1830 4944 .16.

1931 4889 1979 4925 ³⁸
2021 4890 2179 4948 Psal.
2229 4907 2365 4956 xcu,
2408 4893 2460 4945 2.

2564 4889 2609 4925 ²⁹
2657 4887 2861 4945 Matth.
2913 4903 3053 4957 χχιι,
3093 4888 3182 4941 43.
3282 4882 3331 4921 ³ο
3381 4886 3509 4941 Act.
3559 4900 3621 4954 ιι,
3672 4886 3761 4940 14θ

333 4953 418 5009 34.
507 4951 554 4989 ³⁸
586 4952 788 5008 Matth.
817 4970 967 5022 xxw,
1001 4956 1087 5009 64.
1166 4954 1213 4990 ³³
1243 4955 1264 5011 1
1294 4957 1448 5012 Petr.
1484 4975 1567 5027 ιιι,
1598 4951 1689 5029 2|,
1719 4963 1810 5019 22.
1889 4962 1935 4998 ³³
1966 4962 1976 5019 ]

2090 4980 2136 5019 a.
2163 4979 2285 5030 vni,
2319 4951 2406 5018 34.
2487 4960 2535 4998 ³⁸
2562 4960 2777 5033 Ephes.
2811 4976 2854 5029 ι,
2886 4962 2976 5026 l9,
3001 4951 3094 5014 2D.

326 5135 568 5212 pqtiens,
602 5137 713 5212 etc_.
748 5135 867 5190 Boe
899 5137 958 5190 et
986 5132 1260 5212 Casaub.,
1293 5132 1495 5212 ἀνέχου
1532 5136 1682 5201 τινὸς
1726 5142 1834 5195 τῶν
1886 5136 1981 5195 λε-

331 5204 537 5280 γόντων
566 5207 981 5285 xn®;,_neque
1004 5209 1232 5278 patiare
1277 5204 1605 5282 queinquam
1652 5228 1838 5269 eorum
1889 5215 1989 5285 qui

332 5295 508 5350 prave
538 5281 719 5350 aiunt,
743 5283 851 5350 etc.

405 5351 484 5421 (l)
511 5350 667 5429 Ἔστι
698 5346 757 5404 δὲ
783 5347 866 5429 ἀεὶ
895 5347 1189 5429 γεννηθείς,
1221 5351 1309 5407 καὶ
1351 5355 1575 5429 συγκαθ.
1625 5355 1987 5414 Particulam

343 5417 779 5501 §éscripsimus
808 5417 1086 5501 1006.759
1126 5417 1215 5501 ex
1270 5417 1451 5501 codd;
1502 5428 1641 5501 Reg.
1702 5435 1763 5485 et
1811 5430 1986 5501 Grod.

339 5493 835 5572 Conjunctionem
887 5493 1175 5572 xat'ante
1215 5493 1631 5572 Ῠσυγκαθέζεταῖ,
1707 5499 1992 5558 omittunt

336 5565 507 5643 codd.
541 5566 743 5643 Coisl_.,
777 5568 915 5639 Reg.
950 5572 1008 5623 et
1036 5571 1177 5643 Roe.
1212 5565 1354 5626 Vide
1387 5565 1764 5643 parallelum,
1810 5577 1870 5630 et
1898 5574 1987 5630 si-

338 5638 662 5694 millimum
692 5638 912 5709 locum,
944 5646 1057 5697 cat.
1091 5642 1143 5709 4,
1176 5658 1238 5696 n.
1272 5646 1324 5700 7.

411 5710 489 5790 (_2)
515 5709 580 5767 '0
610 5708 951 5790 apdvocpou:
985 5708 1155 5768 Coisl.
1194 5717 1255 5790 et
1300 5716 1443 5790 Reg.
1493 5714 1742 5790 addunt,
1775 5716 1804 5771 ό
1836 5714 1986 5790 Θεός,

342 5798 371 5839 ο
416 5782 570 5855 Deus,
605 5782 737 5858 qum
767 5782 988 5839 additio
1017 5785 1314 5857 reperitur
1340 5782 1418 5841 in'
1452 5782 1760 5855 nonnullis
1807 5782 1989 5863 huqu

2092 5142 2369 5200 versiculi
2401 5139 2887 5215 allegationibus,
2944 5138 3124 5208 infra,
3155 5137 3286 5194 loco
3314 5136 3379 5191 τὸ
3382 5130 3605 5264 (βραδύ,
3640 5142 3757 5192 tar-

2099 5214 2346 5264 ditatem.
2376 5213 2653 5264 legimus.
2683 5212 2747 5264 τὸ
2772 5207 2920 5264 πολύ
2951 5228 3022 5264 ex
3051 5209 3356 5264 codicibus
3428 5208 3757 5264 oisl..Bea..

2099 5214 2346 5288 ditatem,
2376 5207 2653 5288 legimus,
2683 5212 2747 5266 τὸ
2772 5207 2920 5288 πολύ
2951 5228 3022 5267 ex
3051 5207 3356 5288 cedicibus
3382 5207 3757 5288 Ceisluftegf,

2101 5287 2243 5351 Roe,
2274 5283 2548 5352 Casaub.,
2580 5290 2651 5342 ut
2679 5290 2792 5341 cat.
2829 5285 2916 5353 15,
2948 5299 3113 5339 num.
3154 5284 3234 5353 V33
3262 5299 3278 5352 ;
3333 5286 3447 5337 cat.
3479 5283 3535 5351 4,
3566 5297 3629 5339 n.
3662 5283 3754 5340 20.

2101 5359 2424 5415 Grodecius
2452 5359 2667 5431 legisse
2696 5352 2948 5431 videtur,
2985 5352 3189 5429 βραχύ,
3221 5360 3466 5428 prapter
3493 5352 3758 5409 brevita-

2101 5436 2242 5487 tem.
2277 5436 2344 5486 ut
2373 5435 2487 5487 cat.
2521 5429 2806 5498 “Lnum.
2838 5429 2893 5483 8.

2171 5504 2246 5586 £3)
2276 5501 2562 5586 Ιιερζητοῦ
2598 5495 2676 5586 ’ἐκ
2733 5495 2918 5586 δεξιῶν
2973 5500 3076 5586 τόὖ
3116 5495 3363 5586 ¹ξῐατριός.
3418 5498 3757 5586 Ρι-οηοωθξξ

2097 5569 2196 5629 τοῦ
2227 5569 2289 5631 in
2321 5569 2497 5647 editis
2526 5569 2861 5647 maleante
2885 5569 3011 5647 περί
3042 5571 3422 5647 collocatum,
3459 5587 3581 5626 sua)
3626 5570 3754 5626 sedi

2098 5645 2472 5717 restituimus
2502 5661 2573 5700 ex
2599 5644 2804 5717 _Coisl.,
2834 5643 2970 5717 Reg;
2996 5648 3064 5717 et
3084 5643 3228 5717 R_oe.
3249 5643 3469 5717 Vocem
3493 5658 3753 5716 quoque,

2096 5715 2462 5791 ‘toiilla'cpdq,
2497 5733 2569 5791 ex
2598 5715 2736 5790 Reg.
2772 5721 2832 5774 et
2860 5714 3031 5772 Grod.
3069 5714 3518 5791 adscripsimus.

2171 5790 2248 5865 (4)
2274 5788 2677 5847 Ραιιιίεωίεῐω.
