4014 6362
245 335 356 397 901

946 331 1425 399 CATECHESIS
1465 333 1593 397 XV.
1640 333 1743 394 DE
1787 332 2156 401 SECUNDO
2199 334 2515 403 CHRISTI
2560 334 2968 398 ADVENTU.

3552 336 3681 408 90...

239 464 528 522 παθοῦσιν.
561 462 650 528 Τίς
683 461 791 542 ἄρα
838 464 1103 541 μακάριος
1133 464 1280 534 τότε,
1336 465 1398 531 ’ὃς
1448 462 1608 543 φίλος
1667 467 1901 538 Χριστοῦ

2028 467 2353 539 reperietur
2376 466 2404 523 7
2435 469 2561 523 Non
2592 467 2865 540 proprios
2897 484 3095 524 servos
3144 467 3434 540 despiciet
3472 473 3671 524 tantus

237 553 633 629 εύρεθήσεται;
668 553 749 611 Οὐ
807 558 1133 631 καταφρονεῖ
1188 557 1296 608 τῶν
1353 552 1570 611 οἰκείων
1633 549 1845 607 δούλων
1879 553 1907 608 6

233 646 502 705 τοσοῦτος
528 640 748 714 ἔνδοξος
787 640 1062 717 βασιλεὺς,
1094 644 1122 699 6
1158 642 1261 697 ὑπὸ
1290 647 1398 698 τῶν
1446 640 1697 719 ἀγγέλων
1744 639 1908 716 δορυ-

236 731 612 809 φορούμενος,
645 734 673 788 6
713 738 810 788 τοῦ
866 734 1075 808 Πατρὸς
1124 733 1439 809 σύνθρονος.
1496 735 1609 792 ’Ἱνα
1667 731 1768 809 γὰρ
1826 731 1904 804 μή

235 843 462 900 συμφυρ
480 827 611 877 ὦσιν
647 823 701 877 οί
733 820 977 878 ἐκλεκτοὶ
1014 824 1149 895 μετὰ
1175 828 1284 878 τῶν
1341 823 1575 899 ἐχθρῶν,
1634 819 1908 877 ἀποστελ-

235 912 323 969 λει
384 911 511 973 τοὺς
570 910 838 987 ἆγγὲλους
908 911 1078 967 αὐτοῦ
1144 912 1280 985 μετὰ
1353 912 1651 989 σάλπιγγος
1735 910 1904 985 μεγά-

233 1002 345 1068 λης
383 1045 398 1072 ,
458 1002 549 1056 καὶ
611 1002 986 1075 ἐπισυνάξουσι
1067 1000 1195 1066 τοὺς
1279 1000 1567 1066 ἐκλεκτοὺς
1626 1004 1790 1056 αὐτοῦ
1848 1000 1908 1054 ἐκ

227 1095 343 1147 τῶν
376 1091 654 1168 τεσσᾶρως
685 1092 919 1164 ἀνέμων.
967 1091 1120 1155 Ἑνὸς
1178 1094 1277 1147 τοῦ
1335 1093 1460 1148 Λὼτ
1518 1092 1583 1148 οὗ
1637 1088 1904 1169 κατεφρό-

228 1201 387 1252 νησεο
420 1186 541 1244 πῶς
570 1179 673 1256 ἄρα
705 1179 932 1237 πολλῶν
964 1177 1192 1236 δικαίων
1241 1184 1642 1261 καταφρονήσει
1678 1201 1691 1251 ;
1721 1178 1902 1251 Δεῦιε,

2019 556 2314 629 gloriosus
2340 574 2460 623 rex,
2497 558 2597 628 qui
2643 557 2996 629 angelorum
3046 558 3327 613 satellitio
3358 558 3672 614 comitatus

2017 645 2148 714 erit,
2181 646 2284 717 qui
2316 646 2505 703 Patris
2536 663 2869 702 consessor.
2906 648 2979 703 Ut
3009 647 3169 703 enim
3201 663 3277 703 ne
3308 665 3443 704 cum
3472 648 3670 705 inimi-

2015 735 2100 790 cis
2130 734 2531 790 confundatur
2562 736 2757 802 electi,
2786 758 2813 786 «
2841 736 3037 790 mittet
3084 735 3331 808 angelos
3371 754 3510 793 suos
3537 752 3673 793 cum

2016 849 2042 875 ι(
2070 825 2212 880 tuba
2252 841 2482 897 magna,
2516 832 2573 880 et
2593 825 3039 897 congregabunt
3060 825 3281 881 electos
3321 826 3450 897 ejus
3472 844 3507 882 a
3528 843 3678 897 qua-

2018 935 2046 964 ‹‹
2070 918 2205 969 tuor
2226 914 2415 969 ventis
2435 914 2502 970 ⁸³.
2532 937 2558 965 n
2601 916 2807 970 Lotum
2858 932 2978 970 non
3028 914 3310 988 neglexit,
3366 916 3465 985 qui
3518 932 3675 972 unus

2016 1002 2491 1072 erat;quomodo
2516 1020 2652 1074 ergo
2667 1004 2865 1074 justos
2892 1003 3109 1059 multos
3131 1003 3430 1075 negliget?
3458 1005 3672 1075 Venite,

2018 1091 2285 1146 benedicti
2309 1094 2495 1148 Patris
2518 1094 2625 1147 mei
2643 1092 2710 1159 θ’,
2735 1092 2854 1146 aiet
2874 1092 2959 1147 eis
2979 1092 3080 1162 qui
3103 1098 3242 1147 tunc
3263 1092 3511 1146 nubium
3539 1108 3672 1148 cur-

2016 1178 2181 1234 ribus
2213 1179 2521 1248 vehentur,
2554 1185 2612 1235 et
2641 1180 2713 1235 ab
2746 1180 2972 1253 angelis
3003 1181 3236 1236 collecti
3267 1180 3508 1236 fuerint.

239 1271 402 1343 01(1)
434 1268 805 1346 εὐλογημένοι
833 1274 931 1325 τοῦ
988 1269 1199 1344 Πατρός
1260 1292 1388 1345 μου,
1445 1270 1559 1348 ἐρεῖ
1605 1275 1723 1334 τοῖς
1780 1267 1905 1326 τότε
1960 1263 2318 1346 νεφελώδεσιν
2380 1268 2612 1344 ἅρμασιν
2669 1266 3089 1343 ἐποχουμένοις,
3120 1266 3208 1327 καὶ
3260 1266 3365 1325 ὑπὸ
3433 1266 3676 1345 ἀγγελων

235 1368 662 1445 συλλεχθεῖσιν.

310 1461 435 1517 ΚΓ.
468 1456 629 1515 Ἀλλ’
662 1456 778 1531 ἐρεῖ
805 1477 889 1519 τις
944 1461 1054 1513 τῶν
1115 1456 1425 1534 παρόντων*
1487 1458 1660 1528 Πένης
1694 1456 1831 1531 εἰμὶ,
1866 1454 1903 1525 ἢ

240 1549 343 1606 καὶ
392 1547 515 1606 τότε
570 1547 705 1610 ἴσως
762 1546 987 1617 ἀσθενὴς
1048 1546 1138 1603 ἐπὶ
1193 1544 1389 1617 κλίνης
1448 1545 1905 1622 εὑρεθήσομαι·ἣ

244 1639 489 1717 γύναιον,
540 1638 596 1695 ὃν
656 1636 872 1712 μύλωνι
947 1638 1448 1716 καταληφθήσομαι
1671 1639 1746 1711 μὴ
1808 1639 1910 1711 ἄρα

245 1733 794 1808 καταφροηθῶμεν;
853 1728 1134 1801 Θάρσήσον
1174 1772 1188 1797 ,
1244 1730 1494 1801 ἄνθρωπε
1526 1747 1539 1762 ·
1600 1729 1629 1782 6
1681 1729 1912 1803 κριστής

239 1818 766 1896 ἆπροσωπόληπτός
816 1816 961 1873 iam:
993 1837 1005 1850 '
1067 1819 1151 1876 Οἱν
1227 1818 1366 1873 κατὰ
1417 1819 1517 1888 τὴν
1579 1814 1733 1891 δόξαν
1789 1837 1909 1890 κριι-

234 1914 376 1980 νεῖ,
439 1907 566 1964 οὐδὲ
624 1909 764 1964 κατὰ
813 1909 915 1978 τὴν
971 1905 1171 1964 λαλιὰν
1245 1907 1500 1983 ἐλέγξει,
1556 1907 1618 1962 ού
1666 1911 1913 1982 προτιμᾷ

234 1997 472 2075 λογίους
516 1995 780 2064 ἴδιωτῶν,
840 1994 970 2052 οὐδὲ
1028 1994 1333 2061 πλουσίους
1386 1998 1659 2068 πενήτων.
1718 1997 1821 2051 Κᾶν
1855 1996 1908 2050 ἐν

232 2086 396 2165 ἀγρῷ
423 2090 512 2160 ᾖς,
547 2081 889 2161 λαμϐάνουσί
925 2106 984 2143 σε
1012 2089 1089 2155 (3)
1130 2086 1185 2141 οἱ
1235 2084 1481 2162 ἄγγελοι·
1546 2086 1622 2160 μὴ
1655 2085 1910 2162 νομίσῃς,

236 2176 325 2234 ὅτι
360 2177 495 2239 τοὺς
544 2175 847 2252 γαιούχους
907 2170 1201 2249 λαμϐάνει,
1262 2175 1350 2230 καὶ
1411 2175 1469 2231 σὶ
1518 2175 1611 2232 τὸν
1667 2176 1908 2251 γεωργὸν

236 2267 589 2325 καταλείπει.
622 2266 731 2324 Κᾶν
762 2264 964 2329 δοῦλος
1006 2265 1098 2341 ᾗς,
1155 2263 1252 2321 κᾶν
1312 2265 1502 2335 πένης,
1565 2263 1735 2338 μηδὲν
1764 2266 1914 2341 ἀγω-

236 2358 461 2432 νιὰσῃς·
498 2357 527 2410 6
560 2356 779 2433 μορφὴν
812 2351 1017 2411 δούλου
1072 2349 1283 2427 λαϐὼν,
1333 2360 1444 2410 τῶν
1477 2351 1694 2411 δούλων
1727 2355 1788 2410 ού
1814 2376 1913 2410 κα-

244 2451 525 2524 ταφρονεῖ.
562 2443 669 2504 Κᾶν
700 2448 872 2503 νοσῶν
900 2444 1153 2517 κείμενος
1195 2442 1260 2518 ᾗς
1316 2443 1404 2499 ἰπὶ
1463 2440 1682 2513 κλίνης,
1713 2443 1915 2520 γέγρα-

255 2557 401 2591 πταιο
448 2535 586 2592 Τότε
643 2532 741 2590 δύο
798 2530 1011 2590 ἔσονται
1070 2533 1160 2590 ἐπὶ
1213 2533 1408 2606 κλίνης
1466 2537 1615 2605 μιᾶς,
1674 2532 1749 2596 εἷς
1808 2555 1913 2589 πα-

253 2620 662 2701 ραλαμϐάνεται
697 2668 711 2694 ,
768 2623 859 2680 καὶ
918 2625 996 2688 εἷς
1051 2622 1263 2701 ἀφίεται
1300 2666 1311 2678 .
1392 2622 1499 2678 Κᾶν
1554 2624 1692 2679 κατᾶ
1747 2623 1914 2698 ἀνάγε-

242 2735 345 2784 κην
383 2713 598 2787 μύλωνι
652 2709 991 2788 παραδοθῇς,
1046 2711 1185 2787 ἀνὴρ
1243 2712 1279 2782 ἢ
1339 2712 1499 2787 γυνή’
1561 2710 1657 2766 κᾶν
1715 2708 1912 2774 παῖδας

242 2801 403 2881 ἔχῃς,
435 2804 637 2877 καίτῷ
697 2800 914 2877 μύλωνι
966 2800 1360 2877 παρεδρεὸσῃς,
1395 2800 1521 2857 ἀλλ’
1580 2802 1643 2858 ού
1700 2808 1917 2877 παρορᾷ

241 2912 301 2952 σε
338 2895 369 2949 6
428 2893 707 2969 ἐξαγαγὼν
763 2889 1178 2965 πεπεδημένους
1234 2891 1287 2947 ἐν
1347 2888 1585 2967 ἀνδρείᾳ.
1643 2892 1704 2950 Ὁ
1736 2891 1917 2967 ἰξαγα-

239 2984 358 3058 γὼν
392 2986 471 3059 (4)
500 2983 596 3039 τὸν
628 2982 833 3060 Ἰωσὴφ
864 2981 940 3044 εἷς
978 2978 1259 3056 βασιλείαν
1306 2979 1367 3035 ἐκ
1411 2977 1665 3043 δουλείας
1695 2982 1785 3036 καὶ
1817 3002 1915 3058 φυ-

241 3069 451 3142 λακῆς,
482 3068 574 3125 καὶ
632 3070 691 3125 σὲ
741 3068 1037 3145 λυτροῦται
1097 3067 1156 3122 ἐκ
1194 3071 1303 3122 τῶν
1365 3065 1607 3142 Θλίψεων
1641 3066 1721 3132 εἷς
1756 3069 1913 3143 βασις

243 3158 399 3216 λείαν
431 3158 704 3234 οὐρανῶν.
729 3144 911 3216 Μόνον
943 3158 1239 3234 θάρσησον,
1294 3158 1462 3231 μόνον
1522 3156 1769 3233 ἔργασαι,
1805 3158 1907 3232 μό-
1940 3144 1983 3211 C

242 3272 336 3306 νον
374 3248 642 3325 ἀγώνισαι
674 3248 994 3325 προθύμως·
1031 3243 1186 3302 οὐδὲν
1242 3246 1346 3323 γὰρ
1379 3245 1710 3304 ἀπόλλυται.
1740 3248 1906 3303 Ἀνά-

243 3340 495 3416 γραπτός
552 3337 664 3394 ἐστί
720 3358 817 3392 σου
873 3342 1018 3393 πᾶσα
1094 3337 1378 3411 προσευχή
1438 3336 1529 3391 καὶ
1587 3334 1913 3411 ψαλμῳδία’

244 3427 597 3506 ἂναγραπτός
632 3426 743 3483 ἐστι
793 3431 937 3482 πᾶσα
995 3424 1368 3499 ἐλεημοσύνη·
1429 3425 1772 3501 ἀνάγραπτός
1804 3426 1914 3482 ἐστι

242 3523 396 3575 πᾶσα
454 3517 695 3589 νηστεία·
754 3513 1092 3591 ἀνάγραπτός
1153 3512 1266 3571 ἐστι
1324 3514 1489 3577 πᾶςὸ
1523 3512 1917 3593 διαφυλαχθεὶς

246 3610 433 3685 γάμος
461 3606 668 3671 καλῶς·
703 3603 1044 3683 ἀνάγραπτός
1087 3602 1228 3660 ἰστιν
1291 3600 1578 3679 ἐγκράτεια
1637 3601 1727 3661 διὰ
1782 3605 1912 3661 Θεὸν

246 3697 583 3754 τελεσθεῖσα.
617 3698 696 3753 Τὰ
721 3700 963 3768 πρωτεῖα
1005 3691 1064 3751 δὲ
1109 3698 1217 3749 τῶν
1277 3693 1553 3772 στεφάνων
1589 3694 1643 3751 ἐν
1674 3695 1915 3770 ἀναγρα-

254 3793 387 3867 φαῖς
419 3781 532 3865 ἔχει
564 3784 825 3862 παρθενία
861 3785 951 3841 καὶ
979 3784 1186 3860 ἁγνεία,
1246 3784 1336 3839 καὶ
1400 3781 1626 3857 μέλλεις
1678 3784 1918 3858 λάμπειν

247 3878 326 3940 ὡς
356 3874 586 3954 ἄγγελος
618 3879 714 3951 (5).
747 3872 911 3932 Ἀλλ’
943 3873 1125 3949 ὥσπερ
1156 3869 1395 3945 ἤκουσας
1446 3871 1625 3941 ἡδέως
1655 3874 1722 3930 τὰ
1752 3872 1914 3946 καλᾶ,

247 3964 429 4029 οὕτως
458 3963 620 4024 ἄκουε
649 3962 816 4021 πάλιν
849 3961 1226 4036 ἀδυσωπήτως
1253 3965 1322 4019 τὰ
1370 3962 1602 4023 ἐναντία.
1648 3970 1915 4040 Ἃναγρα-

246 4056 389 4120 πτός
421 4077 523 4111 σου
546 4054 657 4112 ἐστὶ
717 4058 864 4110 πᾶσα
919 4053 1222 4125 πλεονεξίαο
1277 4052 1617 4131 ἀνάγραπτός
1648 4075 1745 4110 σου
1804 4053 1917 4110 ἐστί

2093 1454 2295 1511 ΧΧΙΙΙ.
2333 1456 2446 1512 Sed
2475 1456 2708 1527 inquiet
2753 1456 2972 1528 aliquis
3034 1474 3240 1513 eorum
3275 1459 3376 1530 qui
3406 1458 3627 1517 adsunt
3661 1476 3674 1517 :

2016 1546 2192 1616 Ineps
2243 1562 2397 1613 sum,
2430 1551 2490 1600 et
2520 1546 2626 1601 illo
2657 1546 2929 1603 fortassis
2986 1552 3255 1618 tempore
3296 1548 3575 1605 inﬁrmus
3613 1551 3677 1607 in

2019 1634 2173 1690 lecto
2200 1634 2469 1691 inveniar
2489 1634 2567 1701 εις
2590 1642 2693 1691 aut
2710 1652 2814 1708 ego
2848 1636 3065 1691 mulier
3086 1637 3146 1692 in
3178 1638 3431 1708 pistrino
3456 1639 3676 1710 depre-e

2023 1723 2251 1780 hendar
2271 1723 2317 1758 ⁸⁸
2341 1742 2355 1792 ;
2389 1742 2545 1781 anno
2567 1742 2706 1799 ergo
2728 1731 3184 1781 contemnemur
3203 1727 3231 1782 ?
3279 1727 3544 1793 Confide,
3574 1731 3682 1785 ho.

2019 1827 2137 1878 mo,
2154 1810 2341 1882 judex
2373 1828 2660 1883 personas
2681 1829 2803 1868 non
2836 1814 3100 1884 respicit.
3127 1837 3154 1864 «
3189 1816 3315 1870 Non
3351 1816 3681 1872 secundum

2023 1923 2049 1950 «
2072 1901 2323 1973 gloriam
2341 1904 2412 1971 (ὅ)
2429 1903 2746 1974 judicabit,
2771 1921 2964 1974 neque
2990 1905 3317 1961 secundum
3340 1906 3681 1964 facundiam

2017 2010 2042 2043 ι
2058 1992 2317 2064 arguet“
2337 2009 2350 2057 ;
2373 2014 2401 2041 »
2427 2009 2547 2047 non
2565 1994 2881 2065 anteponit
2901 1995 3167 2051 eruditos
3192 1996 3468 2063 indoctis,
3485 2014 3681 2068 neque

2013 2081 2376 2153 pauperibus
2410 2082 2643 2148 divites,
2672 2084 2905 2139 etiamsi
2936 2084 2999 2139 in
3031 2101 3169 2157 agro
3200 2085 3387 2141 fueris
3407 2085 3474 2156 ⁸⁸,
3508 2104 3677 2143 assu-

2014 2176 2181 2226 ment
2208 2177 2261 2227 te
2294 2171 2511 2243 angeli.
2547 2174 2628 2227 Ne
2650 2173 2953 2228 existimes
2979 2174 3139 2244 quod
3167 2180 3461 2230 terrarum
3480 2175 3676 2231 domi-

2014 2277 2123 2315 nos
2155 2261 2427 2332 accipiet,
2462 2266 2517 2316 te
2550 2277 2685 2317 vero
2709 2262 3029 2334 agricolam
3060 2262 3401 2334 relinquat:
3437 2266 3676 2321 etiamsi

2016 2367 2222 2406 servus
2252 2352 2343 2405 vel
2374 2367 2600 2423 pauper
2636 2351 2840 2416 fueris,
2871 2353 3022 2407 nihil
3055 2353 3349 2409 sollicitus
3373 2359 3498 2409 esto
3524 2372 3536 2409 :
3564 2356 3667 2427 qui

2014 2441 2269 2496 formam
2301 2442 2451 2496 servi
2483 2441 2833 2513 suscepit”,
2861 2459 3060 2498 servos
3084 2460 3205 2499 non
3238 2445 3676 2515 aspernabitur.

2014 2530 2259 2585 Etiamsi
2284 2531 2515 2603 mgerin
2529 2530 2683 2585 lecto
2699 2531 2985 2603 jacueris,
3003 2533 3291 2604 scriptum
3325 2540 3446 2589 est:
3472 2558 3498 2584 ι(
3519 2536 3681 2590 Tunc

2019 2620 2188 2676 «duo
2211 2627 2387 2676 erunt
2418 2621 2479 2675 in
2529 2621 2682 2676 lecto
2714 2639 2834 2677 uno
2860 2639 2873 2676 :
2916 2640 3071 2678 unus
3114 2634 3475 2693 assumetur,
3509 2630 3567 2680 et
3597 2624 3687 2680 al-

2020 2732 2049 2759 (ς
2080 2713 2171 2765 ter
2200 2710 2578 2781 relinquetur
2597 2709 2664 2766 ⁷ο.
2700 2734 2727 2760 ››
2755 2712 3032 2776 Quamvis
3054 2713 3410 2768 necessitate
3442 2719 3687 2785 cogente

2019 2800 2082 2855 in
2115 2800 2431 2873 pistrinum
2457 2802 2693 2858 deditus
2739 2802 2923 2859 fueris
2950 2804 3071 2859 sive
3105 2805 3196 2859 vir
3240 2805 3363 2860 sive
3421 2805 3681 2870 mulier;

2020 2891 2258 2945 tametsi
2285 2908 2502 2963 pueros
2537 2891 2840 2959 habueris,
2874 2910 2942 2948 ac
3000 2894 3175 2948 molis
3222 2894 3507 2963 assideas,
3560 2910 3684 2949 non

2023 2987 2225 3037 tamen
2257 2981 2588 3053 praeteribit
2614 2987 2669 3036 te
2693 3004 2718 3032 ιι
2744 2982 2848 3053 qui
2870 2982 3318 3039 eduxitvinctos
3343 2984 3404 3039 in
3445 2983 3682 3038 fortitu-

2023 3068 2160 3126 dine
2180 3070 2249 3121 ⁸η.
2281 3092 2311 3121 ››
2338 3070 2388 3105 7'3
2416 3072 2524 3136 Qui
2555 3072 2879 3143 Josephum
2921 3088 2993 3126 ex
3045 3073 3328 3129 servitute
3360 3078 3419 3127 et
3450 3088 3687 3127 carcere

2023 3158 2097 3216 ad
2130 3176 2378 3232 regnum
2403 3161 2690 3231 provexit,
2740 3167 2796 3216 te
2854 3178 3093 3233 quoque
3127 3178 3196 3216 ex
3258 3161 3688 3217 afﬂictionibus

2017 3250 2079 3305 in
2111 3251 2394 3307 caelorum
2429 3269 2680 3325 regnum
2703 3252 3081 3324 redemptum
3114 3253 3416 3325 perducet.
3455 3252 3690 3310 Solum-

2024 3339 2201 3395 modo
2236 3340 2493 3409 confide,
2552 3341 2927 3396 solummodo
2983 3358 3254 3414 operare,
3309 3342 3688 3398 solummodo

2025 3428 2303 3484 alacriter
2345 3429 2622 3486 docerta:
2671 3430 2823 3485 nihil
2846 3431 3007 3487 enim
3043 3431 3147 3487 tibi
3192 3431 3513 3503 deperibit.
3543 3432 3692 3487 Des-

2026 3518 2216 3589 cripta
2255 3523 2344 3573 est
2377 3524 2476 3574 tua
2505 3519 2701 3575 omnis
2732 3520 2920 3575 oratio
2953 3526 3012 3575 et
3064 3520 3435 3591 psalmorum
3480 3521 3692 3577 modu-

2025 3609 2168 3665 latio
2201 3609 2539 3681 :descripta
2589 3611 2787 3665 omnis
2845 3610 3265 3682 eleemosyna:
3325 3611 3693 3683 descriptum

2027 3715 2203 3754 omne
2227 3700 2530 3773 jejunium
2562 3717 2575 3754 :
2603 3700 2968 3771 descriptum
3001 3717 3179 3757 omne
3194 3701 3534 3773 conjugium
3559 3701 3695 3772 pul—
3744 3720 3756 3735 ·

2028 3788 2167 3843 chre
2201 3793 2260 3843 et
2290 3795 2447 3844 caste
2497 3788 2910 3845 observatum:
2972 3789 3272 3860 descripta
3325 3790 3695 3845 continentia

2026 3878 2100 3949 (7)
2134 3884 2376 3949 propter
2406 3879 2591 3933 Deum
2627 3878 2897 3933 tolerata.
2933 3877 2980 3913 73
3004 3878 3235 3934 Primas
3267 3896 3401 3934 vero
3433 3879 3493 3933 in
3528 3880 3546 3951 [
3572 3878 3693 3952 De]

2028 3967 2530 4040 descriptionibus
2578 3984 2831 4024 coronas
2886 3968 3066 4024 habet
3090 3969 3393 4042 virginitas
3426 3975 3484 4025 et
3534 3969 3691 4025 inte-

2028 4058 2231 4130 gritas,
2266 4063 2325 4112 et
2356 4064 2643 4129 tanquam
2701 4058 2948 4131 angelus
3000 4057 3345 4114 collucebis.
3406 4063 3481 4114 At
3539 4058 3694 4114 sicut

319 4210 370 4246 ⁸³
400 4210 603 4265 Matth.
638 4226 790 4266 xxiv.
826 4212 913 4266 3i.
988 4208 1039 4244 ⁶⁴
1069 4209 1272 4265 Matth.
1308 4224 1437 4280 xxv,
1472 4209 1561 4264 34.
1638 4208 1685 4244 ⁸⁵
1708 4210 1843 4265 Luc.
1872 4227 1905 4267 x

2045 4212 2129 4265 34.
2208 4210 2256 4247 ⁸⁸
2284 4210 2428 4265 ibid.
2481 4211 2566 4265 35.
2645 4212 2690 4248 ⁸⁷
2720 4209 2834 4270 Isa.
2868 4229 2942 4279 x1,
2978 4215 3028 4265 3.
3107 4210 3157 4246 σε
3186 4212 3385 4268 Matth.
3421 4229 3569 4279 xxxv,
3601 4214 3691 4268 40.

245 4283 295 4320 δ’
325 4282 547 4354 Philip.
580 4298 641 4347 ιι,
673 4285 725 4337 Ἷ.
804 4282 850 4317 τυ
879 4283 1018 4338 Luc.
1052 4297 1188 4351 xm,
1235 4281 1324 4336 34.
1401 4278 1449 4315 ⁷*
1478 4281 1636 4337 Psal.
1696 4298 1864 4351 vau,
1900 4285 1954 4339 7.

247 4362 363 4413 cat.
399 4358 488 4423 12,
519 4370 580 4412 n.
614 4355 679 4408 33
713 4358 773 4409 et
801 4355 889 4412 34.

253 4578 458 4648 Grod.,
486 4584 667 4648 Δεῦτε,
700 4578 896 4642 πάντες
926 4579 997 4645 οἱ,
1033 4586 1171 4644 etc.,
1202 4578 1396 4634 venite
1426 4596 1606 4634 omnes
1627 4580 1914 4635 benedicti.

250 4653 407 4711 Illud
431 4654 622 4713 πάντες
655 4652 1147 4725 quodMatthazus
1171 4651 1271 4725 hic
1301 4667 1422 4707 non
1449 4652 1737 4725 agnoscit,
1770 4652 1921 4725 forte

257 4732 565 4798 sumptum
598 4723 883 4798 eli—simili
929 4723 1059 4798 loco
1120 4724 1319 4778 Matth.
1372 4739 1452 4788 x1,
1480 4723 1586 4777 28:
1627 4725 1819 4779 Venite
1849 4724 1925 4779 ad

265 4815 375 4865 me,
396 4796 585 4853 omnes
614 4799 713 4868 qui
742 4796 1029 4861 laboratis,
1065 4803 1176 4852 etc.

336 4872 415 4944 (2)
469 4865 1021 4944 Καταληφθήσομαι.
1080 4866 1355 4944 Ex‘cod.
1411 4865 1614 4944 C0isl_.,
1672 4866 1922 4944 verbum

257 4938 372 5001 hoc
394 4938 683 5032 'in'prima
708 4938 965 5032 persona
985 4939 1356 5032 scripsimus,
1379 4938 1717 5032 postulante
1747 4939 1922 4995 verbo

259 5012 636 5088 praecedente
670 5012 1063 5088 stipsQiﬁqopat,
1120 5016 1180 5088 et
1236 5015 1522 5088 sequente
1572 5030 1923 5088 καταφρονη-

260 5080 464 5158 θῶμεν.
497 5087 642 5159 Erat_
666 5080 956 5159 in'editis,
990 5080 1922 5159 natalezeefjcataitdeprehende-

259 5153 370 5221 tur,
404 5163 465 5213 at
493 5157 669 5230 Grod.
700 5156 861 5230 legit.
894 5153 1411 5230 καταλειφθήσεται,
1445 5155 1812 5230 relinquetur.

330 5231 413 5300 (3)
456 5226 813 5300 Λαμῆάνουᾰί
865 5247 942 5284 σε.
1001 5226 1363 5300 Pronomen
1401 5245 1459 5279 σε
1516 5226 1925 5283 necessarium

261 5297 653 5374 ascripsimus
684 5318 753 5356 ex
784 5302 947 5374 Reg,
968 5301 1123 5374 _Ho_e,
1156 5297 1453 5374 casaub_.__
1728 5369 1758 5374 Α
1790 5314 1797 5317 ·

334 5369 495 5444 (4)’Ὁ
526 5371 822 5446 ἐξαγαγων.
857 5369 1189 5446 Ᾰςῐίειιὶιιζῑι
1211 5371 1238 5424 6
1256 5369 1594 5446 addidimus
1627 5385 1698 5427 ex
1721 5369 1923 5446 Coi_sl.,

334 5391 410 5444 με)
452 5391 495 5427 υ
526 5391 551 5426 ε
584 5392 614 5425 α
656 5391 822 5446 αγων.
857 5391 1189 5427 Articulum
1211 5391 1594 5425 oauuiuimus
1627 5391 1698 5427 ex
1721 5391 1922 5441 u0151.,

264 5447 427 5573 ἕξεί,
462 5391 752 5573 3,60%;
811 5450 872 5499 at
909 5444 1073 5517 Reg,
1106 5443 1261 5500 sicut
1291 5443 1412 5515 Roe
1447 5446 1506 5497 et
1535 5440 1784 5497 Casaub.
1819 5443 1922 5498 ha-

306 5534 379 5573 en
417 5559 430 5573 .
523 5535 689 5573 αγων.

306 5515 430 5581 ent,
464 5515 689 5581 ἐξάγων.

332 5522 430 5581 :nt,
464 5520 689 5590 ἐξάγων.

332 5592 411 5661 (5)
463 5587 552 5648 Ὠς
612 5582 844 5661 ἅγγελος
897 5585 1079 5661 Codd.
1140 5588 1261 5642 Roe
1315 5591 1375 5661 et
1431 5584 1926 5661 capsaubnucbcé

260 5656 449 5730 ἥλιος,
472 5656 741 5730 tanquam
755 5657 834 5713 sol
854 5658 1059 5730 :juxta
1082 5658 1441 5713 sententiam
1460 5656 1697 5725 Christi,
1725 5658 1924 5714 Matth.

2050 4282 2100 4318 ⁷³
2134 4283 2259 4339 Vid.
2323 4289 2430 4339 cat.
2465 4284 2519 4337 8.
2579 4299 2639 4337 n.
2696 4285 2747 4338 4.
2852 4282 2902 4318 73
2940 4286 3066 4341 Vid.
3125 4291 3235 4340 cat.
3286 4288 3340 4353 4,
3401 4302 3461 4339 n.
3495 4288 3606 4353 24;
3643 4287 3703 4339 et

325 4511 411 4638 (ιέ
438 4511 619 4577 Δεῦτε,
647 4507 724 4575 οἱ,
755 4512 866 4564 etc-
921 4506 1103 4563 Codd.
1163 4510 1326 4582 Reg,
1381 4509 1524 4575 Roe,
1575 4507 1826 4565 Casauu.
1861 4517 1905 4565 e1

325 4599 367 4637 Ὀ
420 4624 458 4638 ..
486 4584 667 4638 Δεῦτε.
700 4578 896 4638 πάντες
926 4579 997 4638 οἱ.
1033 4586 1171 4638 etc..
1202 4582 1396 4634 Venite
1426 4596 1606 4634 omnes
1627 4580 1905 4635 benedicti.

2028 4524 2063 4563 x
2089 4525 2147 4577 Il,
2171 4510 2261 4562 43.
2296 4510 2436 4564 Post
2466 4512 2603 4564 ante
2662 4503 2844 4577 ἄκουε,
2874 4510 3207 4566 ad'ecimus
3258 4527 3462 4567 vocem
3521 4508 3665 4565 οὕτω

2033 4596 2101 4634 ex
2137 4584 2298 4638 Reg”
2341 4582 2459 4636 Roe
2492 4585 2552 4635 et
2580 4580 2829 4637 Casaub.
2866 4529 2996 4638 cod.

420 4624 458 4650 ⁸7

2033 4584 2298 4652 exReg.,
2341 4582 2459 4636 Roe
2492 4585 2552 4635 et
2580 4580 2829 4637 Casaub.
2866 4580 2996 4639 cod.

2104 4651 2181 4722 (6)
2223 4651 2340 4706 Non
2370 4653 2668 4707 secundum
2699 4654 2957 4721 gloriam.
2997 4654 3115 4707 Hoc
3143 4656 3232 4707 est
3262 4669 3381 4707 non
3413 4653 3689 4708 humanae

2032 4722 2235 4795 glorias
2264 4722 2464 4778 favore
2499 4729 2557 4777 et
2585 4730 2859 4795 respectu
2918 4725 3222 4795 capietur:
3284 4730 3350 4779 ut
3374 4740 3568 4793 neque
3602 4725 3687 4779 rei

2034 4810 2275 4867 causam
2302 4812 2470 4850 suam
2500 4797 2747 4867 orantis,
2784 4796 2875 4851 vel
2916 4795 3140 4867 judicis
3190 4795 3282 4851 sui
3331 4795 3693 4867 benevolen-

2034 4866 2177 4949 tiam
2212 4868 2527 4949 captantis,
2560 4866 2842 4949 facundia
2863 4866 3572 4949 et’ser‘monum'artiﬁcio
3597 4866 3694 4921 de-

2033 4938 2412 5011 mulcebitur.
2452 4940 2536 4993 Ita
2562 4938 2759 4994 locum
2788 4942 2828 4993 a‘
2868 4939 3086 5011 Cyrillo
3146 4938 3517 5011 intellectum
3557 4954 3690 5011 esse

2033 5009 2244 5083 suadet
2275 5015 2605 5083 contextus.
2640 5012 2784 5065 Tota
2841 5008 3031 5083 porro,
3058 5008 3261 5083 Cyrilli
3322 5009 3383 5083 in
3416 5010 3525 5064 hoc
3557 5008 3688 5083 loco

2036 5082 2223 5137 oratio
2258 5082 2541 5153 supponit
2569 5080 2946 5138 communem
2971 5081 3137 5136 illam
3170 5080 3385 5153 Graecis
3417 5080 3689 5153 Patribus

2037 5151 2451 5225 etLatinorum
2470 5154 2783 5225 permultis
2805 5153 3167 5225 opinionem.
3185 5152 3406 5225 multos
3428 5151 3691 5225 secundo

2034 5225 2271 5281 Domini
2306 5223 2564 5281 adventu
2594 5225 2789 5280 adhuc
2818 5223 3079 5279 viventes
3123 5223 3566 5294 deprehensum
3595 5223 3691 5293 iri,

2036 5302 2096 5353 et
2125 5314 2244 5352 una
2270 5314 2403 5369 cum
2432 5296 2705 5369 redivivis
2738 5298 2865 5369 ejus
2899 5295 3149 5369 judicio,
3184 5313 3302 5351 non
3336 5296 3499 5369 prius
3533 5295 3695 5369 obita

2037 5374 2228 5425 morte
2251 5368 2567 5423 sistendos.
2603 5368 2707 5423 Cui
2734 5367 3001 5440 opinioni
3022 5367 3174 5424 favet
3205 5367 3505 5423 sententia
3540 5367 3696 5422 Scri-

2037 5447 2227 5513 ptura;
2260 5446 2319 5495 et
2348 5439 3084 5513 Symbolorum’omnium,
3119 5440 3416 5497 Christum
3450 5439 3607 5494 vivos
3638 5444 3698 5495 et

2037 5511 2307 5586 mortuos
2331 5511 2742 5586 judicaturum
2773 5512 3192 5586 pronuntians.

2110 5585 2187 5656 (Τ)
2224 5584 2284 5639 Id
2314 5589 2425 5651 est,
2458 5583 2735 5645 viduitas.
