4014 6342
160 319 276 381 925

1050 314 1528 381 CATECHESIS
1574 316 1737 378 XVI.
1785 314 1891 376 DE
1934 312 2255 378 SPIRITU
2300 314 2609 380 SANCTO
2653 318 2704 379 Ι.

3470 314 3591 380 926

158 456 475 528 ἐτόλμησαν
538 454 713 510 εἰπεῖν
761 455 829 511 τὰ
881 454 1126 530 ἀθέμιτα·
1195 457 1375 517 καθὼς
1434 454 1732 529 Εἰρηναῖος
1792 453 1862 520 ὁ,

1943 469 2146 510 acuere
2172 453 2240 522 ‘4,
2276 459 2334 509 et
2363 454 2609 511 infanda
2632 453 2828 511 dicere
2857 458 2998 511 sunt
3025 455 3177 525 ausi,
3204 457 3590 528 quemadmo-

158 548 434 621 ἐξηγητὴς
491 543 545 599 ἐν
605 552 725 608 τοῖς
781 545 1167 621 προστάγμασι
1227 550 1342 606 τοῖς
1373 544 1509 617 πρὸς
1549 544 1643 604 τὰς
1678 541 1823 608 αἶρέ-

156 657 288 703 σεις,
353 631 613 711 ἔγραψεν.
676 636 743 692 Οἱ
805 636 899 708 μὲν
964 634 1188 699 ἑαυτοὺς
1247 633 1476 690 εἶναιτὸ
1522 635 1738 705 Πνεῦμα
1763 631 1824 685 τὸ

159 728 309 802 ἅγιον
365 725 565 780 εἰπεῖν·
600 722 999 797 τολμήσαντες,
1063 726 1136 779 ὢν
1192 729 1410 799 πρῶτος
1462 724 1677 796 Σίμων,
1712 721 1739 776 ὃ
1771 721 1823 776 ἐν

156 822 274 878 ταῖς
307 816 542 890 "pigeat
573 820 683 871 τῶν
714 811 1034 871 ἀποστόλων
1080 814 1290 891 Μάγος·
1325 810 1667 883 ἀποϐληθεὶς
1696 813 1824 889 γὰρ,

155 908 221 962 τὰ
251 909 488 960 τοιαῦτα
520 902 796 959 διδάσκειν
849 903 1174 977 ἐτόλμησεν.
1208 906 1271 960 0".
1303 902 1361 960 δὲ
1394 902 1688 959 Γνωστικοὶ
1719 922 1825 957 κα·-

160 993 426 1067 λοῦμενοι
458 994 551 1047 καὶ
580 989 814 1061 ἀσεϐεῖς,
863 992 953 1048 καὶ
1001 991 1157 1069 ἕτερα
1206 994 1342 1049 κατᾶ
1380 998 1478 1049 τοῦ
1509 992 1826 1065 Ilva-Suam:

158 1083 505 1162 ὲᾳοέγξαντο.
566 1082 1008 1140 Οὖαλεντινιανοῖ
1069 1082 1126 1139 δὲ
1186 1084 1237 1138 οἱ
1295 1084 1629 1159 παράνομοι,
1663 1079 1828 1136 πᾶλιν

158 1172 310 1249 ἕτερα
482 1173 546 1229 Ὀ
580 1169 637 1225 δὲ
670 1167 935 1239 δυσσεϐὴς
974 1174 1186 1242 Μάνης,
1210 1172 1396 1227 ἑαυτὸν
1432 1172 1565 1226 εἶναι
1597 1172 1688 1226 τὸν
1726 1170 1827 1225 ὑπὸ

161 1266 400 1337 Χριστοῦ
458 1259 776 1337 πεμφθέντα
851 1259 1213 1336 Παράκλητον
1271 1260 1441 1317 εἶ’πεῖν
1504 1259 1826 1334 ἐτόλμησεν.

160 1355 384 1425 Ἔτεροι
419 1345 498 1418 δὲ,
537 1347 678 1403 ἄλλο
711 1347 763 1403 ἐν
796 1351 1105 1426 προφήταις
1134 1349 1289 1421 εἶναι,
1320 1349 1409 1405 καὶ
1442 1347 1583 1404 ἄλλο
1614 1348 1665 1403 ἐν
1701 1354 1828 1403 Και-

158 1444 248 1514 νῇ.
287 1439 388 1494 Καὶ
422 1435 615 1508 πολλή
650 1436 708 1493 δὲ
737 1456 821 1502 τις
876 1438 1053 1493 αὐτῶν
1114 1442 1148 1509 ἡ
1207 1439 1414 1511 πλάνη,
1463 1437 1674 1509 μᾶλλον
1705 1434 1762 1493 δὲ
1791 1439 1827 1508 ἡ

169 1528 522 1606 βλασφημία.
560 1526 805 1598 Μίσησον
835 1527 1016 1583 τοίνυν
1047 1528 1175 1591 τοὺς
1205 1529 1511 1599 τοιούτους,
1543 1529 1635 1583 καὶ
1666 1533 1830 1605 φεῦγε

173 1618 306 1680 τοὺς
345 1617 806 1693 βλασφημοῦντας
854 1618 915 1673 τὸ
966 1623 1186 1692 Πνεῦμα
1214 1619 1277 1674 τὸ
1310 1618 1484 1695 ἅγιον,
1517 1618 1605 1673 καὶ
1640 1620 1825 1692 ἄφεσιν

175 1707 280 1763 οὐκ
310 1704 535 1784 ἔχοντας
574 1710 666 1780 (2).
717 1707 813 1770 Τίς
870 1709 956 1763 σοὶ
987 1707 1124 1783 πρὸς
1156 1708 1286 1771 τοὺς
1318 1705 1673 1771 ἀνελπίστους
1705 1727 1829 1763 κοι-

166 1797 356 1868 νωνία,
425 1800 508 1868 τῷ
577 1797 1075 1872 βαπτισθησομένῳ
1149 1802 1240 1852 νῦν
1308 1799 1398 1853 καὶ
1469 1798 1545 1862 εἷς
1610 1802 1829 1872 Πνεῦμα

160 1888 316 1960 ἅγιον
345 1905 359 1955 ;
394 1886 464 1941 Εἰ
523 1887 552 1941 ὁ
580 1883 941 1960 κολλώμενος
996 1891 1076 1959 τῷ
1133 1886 1341 1962 κλέπτῃ
1369 1887 1458 1943 καὶ
1491 1887 1821 1964 συντρέχων,

156 1976 260 2032 ὑπὸ
290 1976 574 2052 τιμωρίαν
634 1975 794 2032 ἐστίν’
857 1978 885 2033 ὁ
945 1977 1303 2054 προσκροῦών
1352 1978 1624 2053 Πνεύματι
1658 1978 1822 2054 ἁγίῳ,

157 2068 319 2122 ποίαν
351 2064 464 2141 ἕξει
494 2067 594 2137 τὴν
622 2064 821 2123 ἐλπίδα
847 2090 862 2137 ;

222 2252 293 2304 κ’.
331 2245 711 2311 Μισιίσοωσαν
764 2248 856 2302 καὶ
914 2250 1344 2323 Μαρκιωνισταὶ,
1377 2249 1429 2303 οἱ
1473 2247 1821 2324 περιελόντες

156 2337 217 2394 τὰ
273 2335 509 2414 ῥήματα
555 2343 654 2407 τῆς
709 2335 958 2400 Παλαιᾶς
1010 2339 1287 2409 Διαθήκης
1328 2336 1434 2393 ἀπὸ
1461 2344 1564 2408 τῆς
1595 2342 1820 2409 Καινῆς.

226 2458 270 2492 ⁸⁸
300 2456 468 2512 Psal.
505 2474 730 2524 cxxxxx,
763 2459 817 2514 4.
893 2456 941 2491 ⁴⁵
970 2459 1096 2512 Act.
1125 2474 1239 2524 vui,
1272 2460 1325 2513 9.
1363 2458 1487 2512 Vid.
1519 2464 1630 2513 cat.
1665 2459 1718 2526 6,
1744 2474 1804 2513 η.
1840 2458 1920 2512 14.

287 2527 334 2563 ⁸⁸
370 2531 491 2584 Vit.
526 2535 635 2584 cat.
668 2533 720 2584 6.
751 2545 809 2584 η.
848 2532 934 2584 19.
965 2533 1068 2584 inf.
1103 2547 1161 2584 η.
1198 2532 1285 2584 10.
1360 2531 1405 2565 ‘9
1434 2530 1589 2584 Psal.
1625 2547 1771 2584 XLIX.
1810 2532 1892 2584 18.

1483 2546 1589 2585 sal.
1625 2547 1771 2599 κως,
1810 2546 1892 2585 ns.

174 2532 221 2584 t.
287 2527 334 2563 ⁸⁸
370 2531 491 2585 νει.
526 2535 635 2584 cat.
668 2533 720 2601 6,
751 2545 809 2584 η.
848 2532 934 2598 19,
965 2533 1068 2599 inf.
1103 2547 1161 2584 η.
1198 2532 1285 2585 10.

167 2657 414 2726 Anagog.
452 2655 1009 2727 Contemplationum,
1031 2662 1097 2713 ut
1127 2656 1380 2712 habetur
1410 2658 1474 2712 in
1504 2656 1633 2712 cod.
1656 2657 1822 2714 Colb.

165 2731 319 2797 2253,
354 2732 535 2783 vocat
564 2728 1823 2800 Philonem,Papiam,Irenaeum,Justinum,

159 2803 545 2865 Pantaenum,
576 2799 943 2856 Clementem
968 2799 1464 2870 Alexandrinum,
1493 2803 1824 2857 vetustissi-

160 2890 288 2928 mos
320 2872 735 2944 Ecclesiarum
765 2870 1052 2944 ἐξηγητάς.

228 2947 309 3014 (1)
354 2940 537 2997 Πάλιν
594 2938 1007 3018 ἕτεραηἙὶῌιὶ,
1066 2939 1389 3018 καίίὲτερσι.
1449 2946 1827 3002 Praetulimus

160 3018 538 3100 scripturam
570 3016 740 3098 codd.
776 3016 1131 3100 Coisl‘Ro‘e,
1165 3016 1413 3100 Casaub,
1449 3018 1631 3072 Paulo
1671 3023 1825 3089 post,

158 3106 225 3169 ex
248 3084 483 3169 iisdem
507 3084 1019 3169 scripsimus‘a’ino
1044 3087 1275 3169 duobus
1296 3088 1442 3169 locis
1462 3084 1828 3169 consequen-

151 3165 262 3229 ter,
298 3158 412 3216 ubi
447 3160 509 3215 in
542 3156 716 3234 editis
736 3158 1039 3216 ferebatur
1058 3156 1254 3231 ἄλλον,
1279 3166 1344 3216 ut
1374 3161 1649 3234 superius
1666 3156 1822 3217 _feci~

151 3250 293 3289 mus
324 3248 502 3287 num.
536 3233 589 3285 4.

218 3300 464 3378 (2)051
520 3297 771 3378 ἔχοντας.
830 3303 1033 3372 C0isl.,
1095 3302 1197 3378 aint
1255 3297 1465 3378 ἔχουσι.
1529 3306 1718 3376 δωρθ,
1766 3309 1832 3360 ut

150 3377 343 3441 cat.6,
380 3391 552 3431 num.
585 3376 694 3442 26;
730 3381 843 3433 cat.
874 3378 929 3442 4,
963 3392 1130 3431 num.
1165 3376 1253 3446 16,
1288 3376 1405 3433 cat.
1444 3378 1527 3444 16,
1563 3394 1731 3433 num.
1780 3381 1830 3446 1,

148 3446 406 3504 nullam
440 3447 919 3528 blasphemis-ﬁn
979 3447 1262 3528 Spiritum
1295 3455 1575 3528 sanctum
1599 3449 1832 3528 veniam

153 3534 496 3593 superesse
543 3518 662 3586 ait;
716 3519 939 3593 quibus
995 3518 1143 3574 locis
1174 3534 1310 3593 eum
1343 3521 1505 3576 nuda
1534 3520 1832 3592 Evangelii

149 3590 350 3647 verba
368 3590 604 3662 recitet,
629 3590 863 3647 nullum
888 3591 1019 3662 ejus
1042 3592 1357 3647 sententiis
1381 3593 1566 3648 alium
1591 3590 1833 3647 sensum

156 3666 381 3718 inesse
403 3661 768 3718 credendum
792 3661 1123 3735 est,pra:ter
1146 3680 1303 3735 eum,
1331 3664 1663 3735 legitimum
1688 3680 1832 3719 sane

160 3740 232 3790 et.
259 3751 504 3806 verum,
528 3735 628 3806 qui
663 3736 727 3790 in
757 3735 885 3806 ipso
917 3735 1131 3790 Christi
1165 3734 1321 3790 dicto
1353 3734 1691 3800 latet.Quod
1718 3752 1831 3790 au-

161 3813 299 3861 tem
318 3804 754 3877 blasphemiam
771 3804 833 3862 in
846 3807 1128 3878 Spiritum
1144 3814 1415 3863 sanctum
1440 3808 1613 3862 venia
1632 3824 1834 3862 carere

162 3894 300 3950 non
328 3878 708 3946 existimarit,
732 3879 881 3934 ratio
904 3878 966 3932 in
988 3883 1269 3949 promptu
1290 3886 1381 3934 est
1404 3896 1417 3933 :
1446 3879 1833 3950 blasphemiae

160 3948 359 4032 hujus
384 3966 522 4031 reos
551 3948 1047 4032 pronunhtiat,‘qui
1079 3948 1181 4032 vel:
1202 3951 1556 4032 ignorantia,
1580 3948 1677 4006 _vel
1705 3952 1833 4021 pie-

162 4021 311 4077 tatis
345 4021 633 4094 opinione
665 4021 737 4077 de
766 4021 987 4094 Spiritu
1015 4021 1420 4079 sancto'secus
1451 4030 1629 4094 atque
1661 4040 1836 4094 opor-

162 4098 250 4148 tet
284 4092 559 4148 sentiant
586 4110 753 4149 num.
790 4092 838 4162 1,
871 4099 932 4149 et
963 4093 1022 4149 in
1056 4093 1285 4164 primis
1317 4092 1671 4151 Maniclimos
1699 4092 1835 4150 sce-

160 4164 313 4237 leris
347 4165 533 4236 hujus
566 4166 676 4221 hoc
706 4164 834 4221 loco
865 4182 1001 4220 reos
1034 4163 1261 4220 definit.
1288 4167 1465 4237 Atqui
1498 4167 1835 4222 Manichmis

163 4236 520 4308 pollicetur,
553 4237 601 4291 si
635 4237 986 4308 resipiscant
1020 4254 1149 4292 esse
1181 4238 1334 4293 viam
1366 4236 1598 4303 salutis,
1633 4245 1745 4294 cat.
1781 4243 1834 4307 6,

163 4325 340 4363 num.
367 4310 460 4375 36,
481 4315 537 4364 et
566 4308 772 4363 habuit
794 4309 851 4364 in
880 4309 1177 4364 auditorio
1208 4309 1363 4365 viros
1397 4326 1463 4365 ex
1498 4310 1836 4365 Manichaais

166 4398 521 4454 conversos,
550 4386 613 4454 ut
642 4386 805 4451 patet
861 4397 930 4435 ex
964 4386 1089 4454 _cat.
1145 4384 1231 4444 lii,
1265 4398 1430 4454 num.
1467 4384 1518 4438 3.
1553 4382 1838 4454 Intelligit

170 4468 313 4525 ergo
358 4451 778 4525 difficiliorem
829 4451 1083 4525 remissa
1134 4452 1364 4508 cmteris
1418 4454 1676 4525 peccatis
1705 4451 1834 4508 esse

169 4522 617 4594 blasphemiam
675 4525 736 4578 in
794 4524 1078 4595 Spiritum
1142 4522 1437 4593 sanctum,
1472 4542 1590 4580 non
1645 4527 1832 4581 venire

1934 543 2071 598 dum
2105 545 2364 600 Irenmus
2396 550 2604 601 auctor
2651 546 2711 600 in
2758 546 2882 601 suis
2919 546 3202 602 adversus
3235 548 3494 603 haereses
3520 548 3590 603 li-

1931 633 2056 687 bris
2082 635 2338 706 scripsit.
2364 635 2527 690 Alios
2550 635 2791 706 quidem
2815 652 2935 691 non
2957 637 3211 691 veritum
3243 642 3332 691 est
3361 637 3592 710 seipsos

1933 723 2215 794 Spiritum
2248 730 2516 779 sanctum
2549 725 2746 781 dicere
2774 741 2787 781 :
2842 742 3096 797 quorum
3123 725 3352 797 primus
3381 733 3472 781 est
3503 727 3592 781 Si-

1931 827 2095 878 mon,
2127 812 2230 867 ille
2261 813 2321 867 in
2376 814 2536 868 Actis
2578 813 2985 885 apostolorum
3016 816 3216 886 Magus
3239 815 3284 851 ⁴⁸
3313 832 3325 883 ;
3361 816 3588 887 eiectus

1933 903 2114 971 enim,
2148 904 2288 959 talia
2322 903 2531 961 docere
2559 922 2679 961 non
2712 905 3019 961 dubitavit.
3058 907 3098 960 li
3130 923 3266 961 vero
3300 907 3400 977 qui
3434 910 3589 963 Gno-

1934 993 2065 1049 stici
2102 998 2387 1050 vocantur
2414 997 2487 1063 (3)
2524 1001 2580 1049 et
2604 996 2771 1066 impii
2800 996 3007 1069 [sunt],
3039 995 3157 1051 alia
3187 1011 3424 1066 quoque
3457 1012 3595 1051 con-

1932 1088 2024 1137 tra
2054 1083 2335 1155 Spiritum
2371 1084 2528 1139 et‘fati
2573 1089 2747 1139 sunt:
2812 1091 2868 1139 et
2928 1086 3000 1156 (4)
3058 1098 3296 1139 rursum
3328 1084 3445 1139 alia
3476 1085 3592 1140 im-

1932 1172 2103 1243 probi
2137 1173 2557 1229 Valentiniani.
2585 1174 2629 1209 “
2650 1176 2724 1229 At
2757 1174 3368 1229 consceleratissimus
3393 1175 3591 1231 Manes

1935 1262 2197 1333 seipsum
2244 1279 2423 1317 ausus
2473 1269 2563 1317 est
2601 1263 2794 1318 dicere
2846 1263 3217 1320 Paracletum
3265 1280 3299 1318 a
3355 1263 3587 1318 Christo

1933 1352 2205 1407 missum.
2238 1352 2281 1387 ⁸⁷
2316 1351 2502 1407 Alteri
2536 1369 2670 1409 vero
2704 1352 2887 1409 alium
2921 1353 2980 1407 in
3012 1353 3337 1425 prophetis,
3373 1352 3587 1409 alium-

1936 1456 2051 1513 que
2084 1443 2143 1498 in
2177 1444 2329 1497 Novo
2362 1443 2643 1514 Spiritum
2671 1443 2992 1499 commenti
3021 1449 3160 1498 sunt
3183 1459 3195 1498 :
3220 1443 3367 1499 adeo
3392 1444 3589 1500 diver-

1935 1546 2036 1586 sus
2088 1536 2177 1586 est
2229 1531 2471 1588 illorum
2531 1549 2716 1601 error,
2753 1548 2857 1588 seu
2886 1533 3083 1605 potius
3114 1532 3507 1605 blasphemia.
3540 1532 3590 1569 ⁴⁸

1934 1621 2289 1692 Hujusmodi
2322 1622 2502 1695 igitur
2531 1622 2806 1677 homines
2838 1622 3057 1692 oderis,
3085 1627 3142 1677 et
3163 1622 3296 1694 fuge
3318 1622 3591 1694 blasphe-

1934 1716 2170 1767 mantes
2201 1712 2486 1784 Spiritum
2527 1719 2820 1779 sanctum,
2856 1713 3072 1784 quibus
3105 1729 3225 1768 non
3259 1717 3349 1767 est
3379 1713 3588 1768 remis-

1936 1800 2044 1856 sio.
2079 1803 2361 1867 Quamam
2394 1801 2501 1856 tibi
2533 1816 2667 1857 cum
2700 1818 2803 1873 spe
2834 1802 2998 1857 omni
3029 1799 3369 1857 carentibus
3400 1800 3589 1856 socie-

1938 1896 2045 1957 tas,
2079 1891 2180 1962 qui
2210 1891 2273 1945 in
2305 1890 2589 1964 Spiritum
2630 1906 2868 1962 quoque
2899 1896 3171 1947 sanctum
3204 1908 3363 1946 nunc
3395 1890 3588 1963 bapti-

1931 1980 2152 2037 zandus
2180 1996 2242 2034 es
2264 1980 2291 2035 ‘?
2316 1981 2371 2035 Si
2430 1980 2480 2036 is
2538 1981 2638 2051 qui
2696 1979 2962 2036 adhaeret
2998 1980 3114 2035 furi
3146 1986 3205 2035 et
3233 1980 3420 2036 currit
3449 1996 3585 2036 cum

1934 2087 2001 2125 eo
2019 2068 2086 2139 ‘9,
2122 2066 2413 2141 supplicio
2446 2067 2737 2124 obnoxius
2770 2074 2894 2137 est;
2939 2069 3041 2124 ille
3072 2069 3172 2140 qui
3206 2070 3269 2124 in
3301 2070 3586 2140 Spiritum

1932 2166 2203 2217 sanctum
2233 2158 2532 2232 impingit,
2556 2175 2733 2230 quam
2766 2175 2934 2230 spem
2968 2164 3059 2213 est
3087 2158 3399 2214 habiturus
3419 2158 3446 2214 ?

2003 2250 2120 2304 VII.
2155 2248 2300 2304 Odio
2331 2249 2453 2305 sint
2482 2252 2541 2303 et
2569 2248 2979 2315 Marcionistaa,
3005 2248 3107 2320 qui
3131 2248 3357 2303 Veteris
3385 2249 3590 2302 Testa—

1932 2338 2118 2396 menti
2148 2336 2328 2394 verba
2358 2354 2387 2393 e
2437 2339 2591 2393 Novo
2645 2332 3050 2394 detraxerunt.
3083 2335 3130 2372 ⁵ο
3161 2337 3395 2393 Primus
3427 2337 3589 2392 enim

2003 2454 2051 2491 ⁴⁶
2089 2456 2219 2511 Vid.
2253 2462 2359 2513 cat.
2390 2458 2443 2526 6,
2475 2473 2533 2512 η.
2568 2460 2657 2524 25,
2689 2463 2741 2510 et
2770 2459 2905 2525 infr.
2940 2473 2995 2513 η.
3021 2459 3072 2511 9.

1972 2528 2018 2564 εο
2053 2530 2179 2586 Vid.
2213 2536 2321 2584 cat.
2356 2531 2410 2599 6,
2440 2542 2498 2583 η.
2538 2529 2625 2583 16.

1935 2660 2282 2711 memorataa
2332 2655 2460 2711 haec
2510 2672 2744 2712 summa
2775 2659 2939 2711 erat:
2972 2656 3258 2727 Spiritum
3291 2659 3587 2724 sanctum,

1937 2745 2116 2800 quem
2146 2728 2408 2795 feminae,
2441 2732 2508 2783 ut
2564 2733 2813 2800 apparet
2868 2733 3098 2783 naturae
3142 2728 3485 2793 credebant,
3521 2743 3592 2784 ex

1935 2799 2130 2873 primo
2159 2799 2417 2871 quodam
2448 2799 2660 2873 angelo
2683 2800 3080 2872 progenitum,
3107 2802 3421 2873 conjugem
3444 2801 3594 2873 citra

1935 2872 2302 2928 voluntatem
2334 2872 2524 2927 Patris
2546 2872 2767 2927 frustra
2789 2873 3131 2942 quaesivisse
3157 2890 3170 2939 ;
3204 2872 3331 2928 tum
3361 2872 3595 2943 simpli-

1938 2945 2114 3000 citate
2137 2949 2196 2999 ct
2216 2943 2580 3015 benignitate
2603 2950 2823 3013 actum,
2849 2945 2967 2999 sive
2998 2949 3214 3013 actam,
3236 2950 3304 2999 ut
3325 2944 3595 3015 loquitur

1936 3021 2225 3089 Irenaeus,
2254 3032 2405 3089 opus
2435 3017 2713 3089 genuisse
2757 3016 2819 3071 in
2869 3033 2986 3088 quo
3019 3022 3147 3072 erat
3175 3017 3512 3088 ignorantia
3537 3019 3597 3070 et

1939 3088 2226 3145 audacia:
2260 3088 2418 3143 hunc
2446 3088 2928 3143 ’Proarchontem
2971 3105 3075 3143 seu
3107 3090 3599 3144 Protarchontem

1939 3160 2250 3227 vocabant,
2286 3164 2397 3216 etc.
2421 3160 2651 3231 Ophitaa
2682 3165 2739 3216 et
2770 3160 3056 3227 Sethiani,
3085 3159 3340 3216 alterum
3362 3161 3597 3217 Gnosti-

1940 3248 2147 3289 corum
2174 3246 2382 3304 genus,
2408 3232 2630 3287 Irenaeo
2662 3232 2955 3288 referente
2976 3231 3078 3286 lib.
3105 3250 3147 3301 1,
3176 3249 3302 3304 cap.
3331 3233 3506 3304 30,,n.
3543 3235 3594 3299 1,

1944 3303 2227 3375 Spiritum
2258 3308 2528 3359 sanctum
2551 3306 2806 3375 primam
2834 3320 2962 3359 esse
2984 3303 3272 3360 feminam
3294 3303 3594 3359 dicebant:

1942 3374 2114 3458 cujus
2144 3374 2394 3458 libidine
2410 3374 2851 3458 primus‘homo
2872 3390 3159 3458 accensus
3180 3376 3464 3458 (primum
3489 3377 3599 3458 ho-

1941 3447 2165 3503 minem
2197 3448 2427 3503 sciliCet
2472 3448 2862 3519 appellabant
2908 3447 3112 3519 lumen
3146 3447 3445 3519 quoddam
3476 3448 3599 3519 pri-

1940 3519 2295 3589 mum,quod
2317 3520 2379 3573 in
2402 3518 2615 3574 virtute
2636 3519 2801 3590 Bythi
2821 3518 3085 3575 residere
3104 3518 3600 3590 arbitrabantur),

1943 3608 2011 3647 ex
2044 3608 2113 3645 ea
2138 3590 2438 3646 Christum
2469 3592 2792 3662 genuisset.

2012 3662 2086 3733 (4)
2109 3662 2243 3733 Alia
2274 3660 2495 3718 rursum
2516 3662 2754 3733 improbi
2794 3663 3201 3717 Valentiniani.
3236 3660 3599 3717 Valentinia-

1943 3750 2158 3789 norum
2191 3732 2262 3788 de
2295 3734 2515 3804 Spiritu
2549 3732 2753 3790 sancto
2779 3733 3114 3789 doctrinam
3146 3734 3328 3788 refert
3358 3737 3598 3788 sanctus

1941 3807 2224 3873 Irenaeus,
2260 3805 2361 3859 lib.
2396 3809 2435 3871 i,
2460 3822 2589 3877 cap.
2616 3809 2668 3872 2,
2702 3823 2868 3861 num.
2895 3809 2945 3860 3.
2974 3807 3193 3875 Nempe
3224 3811 3359 3876 post
3388 3821 3599 3861 omnes

1939 3883 2180 3942 Eonas,
2205 3882 2263 3931 et
2287 3877 2886 3959 Sophim‘perjculum
2914 3894 2980 3932 ac
3003 3878 3598 3959 restitutionequ:

1942 3965 2237 4021 nogenem
2254 3949 2341 4021 de
2362 3948 2614 4005 consilio
2637 3950 2851 4013 Patris,
2883 3949 3195 4005 muniendi
3219 3967 3285 4006 ac
3305 3948 3596 4005 fulciendi

1942 4020 2296 4076 Pleromatis
2317 4037 2516 4090 causa,
2539 4022 2793 4076 alterum
2818 4038 2926 4092 par
2946 4023 3196 4076 .rEonum
3223 4021 3598 4093 produxisse,

1944 4109 2162 4164 nempe
2194 4093 2493 4148 Christum
2522 4099 2581 4147 et
2622 4094 2905 4165 Spiritum
2958 4092 3254 4148 sanctum.
3290 4096 3512 4148 Praater
3543 4092 3602 4147 id

1944 4170 2145 4220 autem
2178 4165 2337 4235 quod
2367 4166 2638 4221 Christus
2689 4165 2972 4221 Aionibus
3012 4166 3387 4229 contulisset,
3420 4165 3603 4219 nimi-

1945 4253 2077 4292 rum
2104 4243 2329 4317 certam
2354 4236 2672 4307 quamdam
2698 4238 2995 4322 notitiam,
3018 4238 3304 4322 Spiritum
3331 4242 3603 4322 sanctum

1944 4325 2045 4363 eos
2068 4324 2277 4363 omnes
2300 4309 2458 4363 inter
2481 4326 2543 4364 se
2568 4314 2906 4380 exmquatos
2927 4309 3148 4379 gratias
3170 4326 3343 4381 agere
3365 4309 3606 4365 docuis-

1945 4396 2104 4445 se,ac
2134 4397 2331 4435 veram
2390 4382 2661 4451 requiem
2722 4381 3050 4438 induxisse.
3084 4384 3381 4437 Praeterea
3410 4382 3604 4437 Acha-

1943 4453 2165 4507 mothaa
2206 4453 2460 4523 Spiritus
2519 4453 2707 4508 sancti
2769 4470 2992 4508 nomen
3054 4454 3412 4517 tribuebant,
3456 4453 3601 4508 ibid.

1946 4540 2073 4594 cap.
2099 4526 2152 4589 4,
2178 4541 2341 4579 num.
2368 4528 2416 4579 1.
2439 4526 2607 4580 Patet
2631 4542 2732 4579 eos
2756 4526 3041 4597 Spiritum
3067 4533 3338 4581 sanctum
3363 4526 3605 4580 feminei

3152 2454 3197 2492 ‘7
3230 2458 3345 2512 Vid.
3374 2469 3499 2527 sap.
3528 2471 3587 2511 η.

1866 4574 1909 4638 D
1952 4574 2463 4668 seiiusieﬂ‘ecisse.
2501 4597 2692 4651 Unum
2724 4574 3045 4668 quiemdam
3077 4600 3328 4653 Aionum
3364 4598 3610 4666 insuper

1959 4666 2330 4724 Paracletum
2354 4666 2758 4739 appellabant,
2780 4686 2957 4738 quem
2979 4685 3205 4723 marem
3228 4686 3362 4723 cum
3388 4667 3613 4722 femina

1959 4739 2102 4812 l’isti
2129 4741 2726 4812 conjungentesmum
2746 4741 2880 4795 aliis
2902 4740 3107 4794 decem
3132 4757 3200 4795 eo
3223 4740 3528 4812 Anthropo
3554 4744 3613 4793 et

1962 4810 2525 4883 Ecclesia‘proditos
2555 4810 2950 4883 nugabantur,
2985 4813 3162 4883 Iren..
3199 4811 3370 4883 lib._1,
3394 4826 3523 4883 cap.
3558 4814 3611 4880 1,

1958 4900 2124 4937 num.
2146 4888 2194 4938 2.
2217 4881 2351 4938 Hinc
2376 4881 2931 4938 Valentinianorum
2953 4881 3364 4937 fabula.Paulo
3381 4882 3615 4937 diversa

171 4602 509 4667 expertem.

242 4670 323 4737 (2)
354 4667 408 4721 Ii
438 4670 542 4738 qui
566 4668 1120 4723 Gnoslicirocantur.
1148 4668 1570 4723 Gnosticorum
1600 4668 1844 4724 nomine

180 4756 311 4793 non
335 4755 455 4794 una
478 4740 729 4810 simplex
757 4745 937 4804 secta,
956 4740 1060 4795 sed
1082 4739 1285 4793 multa:
1310 4756 1554 4810 prorsus
1577 4742 1847 4807 diversm,

181 4827 391 4884 quaaua
421 4812 659 4866 Simone
687 4811 851 4884 Mago
884 4811 1130 4866 haeresis
1162 4812 1393 4867 semina
1435 4818 1847 4884 snsceperunt,

179 4881 651 4964 intelliguntur:
682 4883 743 4936 in
774 4881 1099 4964 bisetiam,
1121 4954 1131 4964 .
1153 4884 1552 4964 etpraecipuo
1586 4881 1845 4964 quodam

180 4952 359 5009 titulo
393 4952 808 5025 comprehensi
842 4952 1267 5013 Valentiniani.
1294 4952 1454 5025 quos
1484 4952 1680 5011 tamen
1714 4961 1781 5010 ut
1810 4972 1843 5011 a

179 5026 487 5098 Cnosticis
520 5026 781 5080 diversos
812 5032 1085 5098 recenset
1114 5026 1388 5098 Cyrillus.
1425 5028 1718 5082 tinosticis
1748 5028 1843 5082 in-

175 5096 269 5152 fra
301 5097 510 5153 tribuit
532 5097 970 5169 opinionemde
997 5096 1213 5168 Spiritu
1239 5105 1466 5167 sancto,
1486 5115 1662 5169 quam
1688 5100 1839 5169 ipse,

174 5185 202 5242 ῖ
219 5170 549 5225 erecundia
572 5168 677 5224 aut
697 5168 983 5241 singulari
1012 5170 1337 5239 impietatis
1370 5168 1614 5225 horrore
1646 5168 1842 5242 prohi-

174 5240 366 5307 bitus,
395 5242 617 5296 referre
649 5258 769 5296 non
804 5240 999 5296 ausus
1051 5247 1158 5296 est.
1219 5242 1610 5298 Borborianos
1640 5240 1838 5297 forsan

173 5320 370 5381 notat,
406 5315 505 5384 qui
534 5313 802 5384 quamvis
834 5330 903 5367 ex
928 5314 1176 5375 Irenzno,
1210 5312 1312 5367 lib.
1348 5331 1387 5383 ι,
1420 5330 1549 5385 cap.
1579 5318 1668 5381 29,
1699 5328 1755 5369 n.
1786 5318 1836 5382 1,

171 5391 517 5456 separatam
546 5385 957 5439 Cnosticorum
987 5400 1238 5455 eamque
1263 5386 1531 5441 omnium
1564 5386 1840 5456 impuris-

169 5456 395 5512 simam
428 5457 681 5511 classem
706 5456 1145 5521 constituerint,
1181 5458 1591 5513 Cnosticorum
1619 5474 1839 5513 nomen

175 5545 307 5598 pra:
339 5528 575 5583 cmteris
628 5527 907 5583 habuisse
966 5533 1025 5582 et
1083 5528 1405 5584 retinuisse
1436 5529 1733 5592 videntur,
1769 5547 1840 5584 ex

172 5600 848 5671 Epiph.,lia2resi_xxv1,
908 5615 1074 5653 num.
1135 5601 1186 5653 3.
1248 5601 1469 5654 llorum
1512 5600 1583 5655 de
1618 5601 1840 5671 Spiritu

174 5669 390 5727 sancto
422 5669 751 5743 opinionis,
784 5671 863 5743 ab,
884 5672 1106 5743 lrenazo
1134 5676 1193 5726 et
1218 5671 1569 5743 Epiphanio,
1594 5669 1743 5729 locis
1765 5672 1843 5727 ci-

177 5743 411 5812 tatis,et
435 5741 828 5812 Theodoreto,
850 5741 956 5798 lib.
983 5759 996 5796 ι
1020 5744 1217 5800 Haeret.
1245 5741 1388 5813 fa6.,
1413 5758 1541 5817 cap.
1569 5747 1656 5813 13,
1677 5761 1836 5802 com-

1954 4956 2144 5025 ipsius
2174 4955 2471 5011 Valentini
2504 4954 2796 5015 doctrina,
2819 4954 2894 5009 ab
2916 4955 3163 5019 Irenreo,
3189 4954 3336 5020 lib.l,
3360 4970 3489 5024 cap.
3519 4953 3607 5020 11,

1952 5042 2116 5080 num.
2154 5030 2204 5093 1,
2235 5028 2517 5091 recitata;
2553 5026 2835 5097 Spiritum
2870 5026 3489 5097 sanctumaVeritate
3519 5026 3610 5094 (ut

1952 5098 2093 5169 legit
2124 5106 2288 5153 vetus
2320 5096 2635 5169 interpres,
2662 5114 2798 5153 nam
2830 5099 3032 5151 Gra'ca
3063 5096 3373 5167 Epiphanii
3406 5096 3610 5151 ferunt

1950 5171 2018 5222 ab
2048 5170 2307 5226 Ecclesia}
2332 5171 2686 5241 productum
2718 5169 2793 5224 ad
2821 5171 3069 5223 AEonum
3102 5169 3606 5224 examinationem

1952 5247 2010 5295 et
2040 5242 2484 5306 fecunditatem,
2520 5249 2632 5297 etc.
2684 5241 3043 5296 Athanasius
3074 5256 3231 5305 vero,
3266 5241 3439 5310 epist.
3476 5246 3497 5295 1
3535 5242 3611 5296 ad

1949 5314 2264 5381 Serapion.
2298 5331 2465 5369 num.
2503 5317 2566 5367 10
2597 5319 2655 5367 et
2678 5317 2763 5379 11,
2793 5312 2915 5385 alio
2938 5312 3115 5367 modo
3152 5311 3449 5367 Valentini
3481 5313 3609 5385 opi-

1950 5385 2195 5439 nionem
2220 5386 2435 5439 refert:
2460 5385 2745 5439 nimirum
2769 5384 3053 5456 Spiritum
3080 5390 3353 5439 sanctum
3376 5384 3611 5457 angelis

1949 5472 2427 5529 comvum,unum
2451 5474 2522 5511 ex
2546 5457 2667 5529 illis
2691 5472 2841 5519 esse,
2868 5456 3138 5529 quamvis
3162 5457 3391 5511 caeteris
3418 5456 3610 5529 major

1949 5528 2240 5583 Paracleti
2273 5528 2527 5583 donatus
2577 5528 2656 5581 sit
2696 5529 2960 5583 nomine.
2996 5527 3127 5583 Alia
3158 5535 3329 5583 erant
3352 5527 3610 5583 aliorum

1951 5599 2505 5655 Valentinianorum
2525 5617 2630 5655 seu
2649 5600 3066 5655 Gnosticorum
3087 5599 3325 5670 placita,
3345 5607 3411 5655 ut
3431 5600 3608 5655 Marci

1955 5672 2407 5744 praestigiatoris
2435 5672 2595 5743 apud
2627 5673 2941 5742 Irenmum,
2974 5671 3077 5727 lib.
3113 5688 3151 5740 ι,
3186 5689 3314 5746 cap.
3345 5675 3430 5739 15,
3460 5687 3520 5727 ιι.
3555 5673 3606 5725 3.
