4014 6346
191 402 306 462 9Ξ9

1096 402 1578 465 CATECHESIS
1621 400 1777 462 XVI.
1825 398 1926 460 DE
1974 396 2288 459 SPIRlTU
2335 395 2634 458 SANCTO
2679 397 2728 457 Ι.

3521 399 3642 460 930

197 555 308 597 νος·
343 530 620 609 αὔταρκες
670 537 776 611 γάρ
834 540 988 592 τοῦτο
1044 535 1134 591 διὰ
1186 539 1479 610 συσσήμων
1540 537 1614 609 (1)
1674 532 1868 601 εἰπεῖν,

1986 530 2170 603 signis
2200 529 2465 585 indicare
2498 530 2777 601 sufﬁciat,
2810 530 3134 586 mulierum
3167 548 3298 602 quas
3329 532 3425 587 hic
3446 537 3651 589 astant

201 630 310 681 τῶν
369 629 672 698 παρουσῶν
742 630 1008 699 γυναικῶν
1069 627 1403 698 σεμνότητος
1481 622 1678 679 ἕνεκεν.
1769 620 1868 676 Καὶ

213 712 489 783 Πέπουξαν
528 715 860 788 μικρότατον
907 711 1222 789 κωμόδριον
1281 713 1333 768 ἐν
1391 718 1459 788 τῇ
1514 710 1731 789 Φρυγίᾳ
1773 730 1869 765 κα-

204 798 607 871 ταλαϐὼν,καί
663 801 879 877 ψευδῶς
935 802 1310 878 Ἰερουσαλὴμ
1367 804 1639 877 ὀνομάσας
1683 805 1867 855 τοῦτο·

206 893 297 950 καὶ
331 890 651 947 ἀθλιώτατα
682 890 875 948 παιδία
920 897 1187 966 γυναικῶν
1244 894 1413 969 μικρὰ
1459 894 1729 971 σφάττων,
1778 890 1869 945 καὶ

209 982 572 1039 κατακόπτων
607 981 687 1044 εἷς
720 982 973 1056 ἀθέμιτον
1024 983 1245 1059 βρῶσιν,
1299 984 1566 1060 προφάσει
1620 986 1727 1035 τῶν
1768 1001 1868 1035 κα-

208 1073 499 1146 λουμένων
529 1073 656 1147 παρ’
688 1072 872 1135 αὐεοῖς
898 1093 1212 1147 μυστηριων
1269 1070 1378 1146 (διὸ
1430 1072 1630 1147 μέχρις
1677 1071 1870 1145 πρώην

208 1164 261 1218 ἐν
293 1167 379 1235 τῷ
412 1160 674 1237 διωγμῷ,
705 1165 866 1216 τοῦτο
892 1168 1069 1217 ποιεῖν
1102 1167 1269 1234 ἡμεῖς
1313 1161 1747 1234 ὑποπτευόμεθα,
1781 1158 1870 1215 διά

204 1254 291 1321 τὸ,
323 1252 606 1313 κάκείνους
637 1254 713 1324 (2)
741 1251 870 1315 τοὺς
901 1252 1238 1321 Μοντανοὺς,
1299 1250 1514 1326 ψευδῶς
1564 1252 1658 1324 μὲν
1705 1251 1867 1323 ὁμω-

205 1340 402 1415 νύμως
434 1338 514 1413 δὲ,
544 1338 828 1395 καλεῖσθαι
862 1340 1266 1416 Χριστιανοὺς),
1323 1339 1628 1414 ἐτόλμησεν
1680 1340 1867 1395 ἑαυτὸν

206 1429 385 1485 εἰπεῖν
446 1430 597 1503 ἅγιον
653 1433 897 1502 Πνεῦμα·
934 1430 962 1484 6
1020 1430 1196 1501 πάσης
1251 1424 1498 1493 ἀσεϐείας
1551 1430 1642 1486 καὶ
1702 1430 1867 1483 ειπαν⁸

207 1518 456 1596 θρωπίας
506 1517 969 1595 πεπληρωμένος,
1031 1521 1060 1575 6
1120 1520 1532 1596 ἀναπολόγητον
1593 1514 1737 1596 ἔχων

214 1611 321 1678 τὴν
353 1605 634 1679 καταδίκην
646 1650 660 1664 .

291 1790 365 1843 ϐ’.
422 1788 854 1865 Ἐπηγωνίσατο,
913 1788 1090 1851 καθὼς
1148 1789 1495 1864 προείρηται,
1551 1790 1641 1844 καὶ
1673 1790 1701 1845 6
1733 1786 1868 1844 δυσ-

211 1872 541 1939 σεϐέστατος
597 1877 809 1947 Μάνης,
843 1878 870 1932 6
899 1878 967 1932 τὰ
1020 1882 1128 1933 τῶν
1179 1880 1435 1953 αἱρέσεων
1488 1884 1674 1934 πασῶν
1729 1879 1868 1933 κακά

202 1968 578 2046 συνειληφώς·
610 1968 700 2023 καὶ
763 1969 923 2031 οὗτος
977 1968 1290 2032 τελευταῖος
1344 1971 1540 2044 βόθρος
1585 1968 1863 2030 ἀπωλείας

199 2056 527 2135 τυγχάνων,
558 2059 623 2112 τὰ
652 2059 865 2113 πάντων
901 2061 977 2132 (4)
1007 2055 1267 2129 συλλέξας
1317 2059 1458 2130 ὁμοῦ
1501 2057 1607 2113 τῶν
1660 2059 1861 2133 αἱρετιο

195 2153 338 2214 κῶν,
397 2144 712 2221 καινοτέραν
799 2146 1085 2224 εἰργάσατο
1163 2148 1253 2203 καὶ
1334 2146 1544 2220 ἐδίδαξε
1624 2146 1857 2219 πλάνην.

198 2236 486 2310 ἐτόλμησέ
508 2258 568 2293 τε
596 2237 791 2307 εἴπεῖν,
851 2238 935 2292 ὅτι
984 2236 1145 2299 αὐτὸς
1199 2236 1280 2307 εἷή
1312 2236 1749 2312 ὁΗαράκλητος,
1801 2237 1857 2292 ὅν

196 2325 581 2402 ἐπηγγείλατο
632 2326 869 2403 Χριστὸς
928 2325 1304 2384 ἀποστέλλειν.
1369 2325 1525 2383 Ἀλλ’
1582 2328 1610 2381 6
1662 2328 1859 2401 Σωτὴρ

199 2413 679 2491 ἐπαγγειλάμενος
734 2415 847 2469 εἶπε
927 2419 1047 2476 τοῖς
1132 2413 1482 2476 ἀποστόλοις·
1542 2415 1723 2487 Ὑμεῖς
1801 2414 1858 2471 δὲ

206 2505 452 2560 καθίσατε
515 2503 572 2559 ἐν
626 2508 694 2579 τῇ
756 2502 914 2559 πολει
972 2503 1360 2578 Ἰερουσαλήμ,
1415 2501 1522 2565 ἓως
1590 2505 1651 2559 οὗ
1708 2503 1857 2575 ἐνξύ-

205 2607 367 2664 σησθε
393 2593 446 2665 ἐξ
482 2593 652 2668 ὕψους
701 2591 950 2667 δύναμιν.
1009 2593 1069 2647 Τί
1130 2592 1269 2663 οὗν;
1321 2596 1425 2669 ἄρα
1483 2595 1539 2647 οἱ
1594 2592 1854 2664 τελευτή-

198 2705 382 2747 σαντες
433 2681 739 2739 ἀπόστολοι
793 2683 900 2738 61116
960 2681 1251 2738 διακοσίων
1312 2683 1467 2753 ἐτῶν,
1536 2680 1875 2759 ἐξεδέχοντο·

187 2775 278 2829 τὸν
307 2774 528 2845 Μάνην,
559 2770 665 2836 ἕως
698 2772 758 2827 ἂν
786 2770 1110 2829 ένδόσωνται
1141 2774 1240 2843 τήν
1270 2771 1531 2847 δύναμιν;
1589 2774 1680 2829 καὶ
1709 2774 1851 2829 τολ-

190 2866 361 2937 μήσει
391 2884 479 2926 τις
510 2863 703 2933 εἰπεῖν,
737 2862 827 2918 ὅτε
857 2862 961 2918 οὐκ
988 2863 1125 2932 ἦσαν
1160 2862 1344 2919 ἔκτοτε
1395 2866 1630 2938 πλήρεις
1691 2865 1848 2941 ἁγίου

180 2953 681 3027 ΠνεύματοςςΚαὶ
736 2953 842 3026 μὴν
899 2952 1217 3030 γέγραπται,
1278 2954 1360 3007 ὃτι
1422 2954 1555 3011 Τότε
1612 2952 1852 3020 ἐπετίθε-

176 3047 397 3116 σαν
461 3044 557 3104 τὰς
615 3047 825 3118 χεῖρας,
887 3042 976 3097 καὶ
1034 3037 1344 3116 ἐλάμϐανον
1406 3040 1625 3117 ΙΙνεῦμα
1671 3043 1845 3119 ἃγιον.

174 3135 327 3208 Ἀρα
361 3131 496 3208 οὐχὶ
526 3132 632 3206 πρὸ
660 3136 757 3186 τοῦ
787 3133 968 3202 Μάνη,
999 3132 1088 3186 καὶ
1123 3132 1229 3208 πρὸ
1259 3130 1488 3187 πολλῶν
1516 3130 1649 3188 ἐτῶν
1680 3131 1843 3190 τοῦτο

176 3221 426 3298 ἐγένετο,
460 3216 795 3285 καταϐάντος
841 3219 892 3276 ἐν
952 3225 1020 3295 τῇ
1080 3222 1260 3297 ἡμέρᾳ
1309 3224 1408 3291 τῆς
1468 3227 1848 3295 Πεντηκοστῆς

175 3317 278 3367 τοῦ
312 3313 478 3386 ἁγίου
511 3310 825 3385 Πνεόματος
853 3330 866 3381 ;

254 3402 318 3459 1’.
357 3400 462 3455 Διὰ
487 3398 541 3454 τί
572 3399 858 3473 κατεκρίθη
896 3399 1084 3473 Σίμων
1118 3402 1146 3455 ὁ
1179 3400 1363 3476 Μάγος
1392 3421 1404 3470 ;
1439 3404 1525 3476 ἄρ,
1559 3401 1620 3456 οὐ
1679 3423 1848 3478 προσ-

171 3488 360 3555 ελθὼν
391 3494 510 3551 τοῖς
541 3486 895 3561 ἀποστόλοις,
945 3490 1034 3544 καὶ
1091 3489 1282 3545 εἶπώψ
1343 3489 1475 3545 Δότε
1530 3490 1698 3564 κάμοὶ
1745 3492 1845 3560 τήν

178 3578 438 3651 ἐξουσίαν
492 3578 720 3650 ταύτην,
773 3576 883 3649 ἵνα,
943 3579 989 3651 ᾧ
1057 3576 1119 3635 ἄν
1197 3581 1369 3644 έπιοῶ
1447 3580 1543 3643 τάς
1623 3585 1846 3657 χεῖμας,

170 3664 451 3743 λαμϐάνῃ
486 3671 708 3744 Ηγεῦμα
746 3668 936 3744 ἆγιον;
993 3667 1071 3726 Οὐ
1130 3670 1236 3745 γὰρ
1299 3669 1432 3738 εἶπε,
1494 3664 1623 3724 Δότε
1682 3668 1848 3743 κάμοὶ

174 3758 506 3831 Πνεῦματος
535 3758 691 3827 ἁγίου
724 3758 1035 3831 κοινωνίαν,
1079 3756 1229 3829 ἀλλ’,
1281 3757 1546 3832 ἐξουσίαν,
1600 3756 1695 3814 *ίνα
1743 3757 1849 3814 ἄλ-

174 3844 312 3910 λοις
339 3848 616 3924 πιπράσκῃ
664 3849 726 3902 τὸ
788 3849 1053 3923 ἄπρατον,
1114 3846 1144 3902 ὅ
1201 3846 1365 3910 αὐτὸς
1427 3849 1504 3922 μὴ
1564 3847 1845 3919 ἐκέκτητο.

248 3972 300 4008 ⁵⁸
341 3974 473 4030 Vid.
505 3980 593 4029 cat
665 3978 717 4042 6,
751 3991 808 4029 η.
868 3975 902 4028 8
952 3980 1003 4029 et
1058 3978 1143 4031 Η.

169 4046 220 4082 ⁵⁸
254 4045 409 4100 ibid.
450 4049 535 4102 19.

248 4164 333 4235 (1)
370 4161 472 4215 Διά
501 4164 950 4237 συσσήμων.ρθν
997 4165 1179 4235 signa.
1234 4164 1433 4232 Coisl.,
1635 4164 1843 4234 συσσή-

178 4233 327 4308 μων,
363 4233 708 4308 compendio.
760 4233 1158 4294 iit—eamdem
1216 4252 1439 4303 vocem,
1500 4233 1589 4290 διὰ
1646 4233 1845 4306 συσσή-

180 4329 324 4379 μων,
363 4307 551 4363 simili
584 4307 645 4362 in
674 4326 873 4375 causa,
935 4309 1075 4363 dum
1122 4307 1581 4364 Manichzeorum
1631 4309 1851 4380 probra

174 4396 501 4435 recensere
527 4380 883 4451 aggreditur,
917 4385 1168 4451 usurpat
1197 4385 1309 4434 cat.
1345 4382 1397 4448 6,
1432 4397 1492 4436 n.
1528 4383 1614 4435 33.
1640 4382 1727 4436 Ad
1749 4398 1846 4435 vo-

177 4469 309 4507 cem
334 4452 642 4518 Πέπουζαν,
675 4459 879 4507 monet
902 4469 1013 4524 nos
1033 4451 1320 4524 Millesius
1342 4451 1688 4524 inqmargine
1712 4452 1843 4507 cod.

176 4525 296 4595 Boe
332 4524 463 4578 haec
493 4525 750 4595 ascripta
796 4540 966 4579 esse:
997 4523 1059 4576 'll
1121 4523 1288 4595 μικρὰ
1331 4521 1421 4575 καὶ
1467 4521 1690 4591 εὐτελὴς
1740 4524 1844 4577 πό-

176 4593 284 4657 λις·
322 4597 571 4666 Parvum
600 4593 701 4650 hoc
727 4602 779 4651 et
805 4598 912 4652 υἰιθ
943 4593 1227 4666 oppidqu

242 4668 323 4739 (2)
356 4664 675 4728 Κὰκείνους.
709 4670 791 4722 Ex
833 4664 1028 4724 codd.“
1059 4670 1213 4739 Roe,
1250 4666 1498 4721 Casaub.
1527 4671 1610 4739 Aet
1663 4666 1838 4722 Grod.

175 4737 293 4812 hoc
314 4745 384 4793 ut
411 4739 744 4812 elegantius
771 4745 830 4794 et
860 4738 1295 4812 signiﬁcantius
1319 4737 1680 4812 scripsimus
1710 4739 1840 4793 loco

175 4808 419 4883 ἐκείνους
454 4808 700 4883 quodin
732 4808 1039 4883 impressis
1073 4808 1693 4883 simpliciterlegitur.

246 4884 332 4953 (3)
360 4881 417 4957 :0
446 4880 679 4957 qunol.
738 4880 908 4957 εχὼν.
961 4880 1293 4957 Articulum
1314 4881 1355 4957 _6
1388 4880 1749 4957 addidimus,
1782 4887 1843 4957 et

177 4948 328 5029 ἔχων
362 4955 492 5029 loco
524 4949 642 5029 ἔχει
680 4948 1026 5029 scripsimus
1060 4969 1141 5029 ex
1170 4952 1378 5029 Ooisl.,
1411 4955 1552 5029 Boe,
1586 4954 1838 5029 Casaub.

248 5027 327 5098 (4)
359 5025 441 5081 Te
470 5023 705 5080 πάντων.
741 5023 1005 5082 Habetur
1055 5026 1119 5080 in
1179 5025 1383 5098 editis,
1436 5023 1631 5098 πάντα.
1680 5025 1848 5098 δοτι-

182 5096 324 5153 bere
356 5114 468 5154 nos
496 5099 714 5153 πάντων
750 5115 819 5154 ex
851 5099 979 5154 cod.
1014 5098 1193 5154 Coisl.
1230 5097 1419 5152 suasit
1440 5097 1654 5152 similis
1677 5097 1846 5153 locus

182 5174 293 5239 cat.
329 5172 382 5237 6,
417 5187 477 5225 n.
510 5174 600 5239 20,
632 5172 715 5227 ita
746 5187 781 5226 a
810 5170 982 5226 nobis
1014 5168 1388 5234 emendatus,
1419 5167 1487 5222 τὰ
1506 5167 1720 5222 πάντων
1745 5166 1846 5223 λα-

181 5234 315 5307 ϐὼν,
348 5234 439 5295 καὶ
475 5234 601 5313 μίαν
635 5241 877 5316 αἳρεσιν,
924 5248 1034 5299 etc.
1093 5243 1241 5296 Loco
1281 5239 1622 5316 κενωτέραν,
1656 5240 1848 5316 levio-

179 5329 319 5375 rem.
350 5310 652 5386 cautorem,
694 5310 1415 5386 'posuimus,rmwro1épav,
1455 5310 1841 5386 recentiorem,

179 5401 247 5457 ex
271 5385 449 5441 codd.
483 5387 681 5453 Ceisl.,
706 5380 1141 5452 Roe,Casaub.;
1167 5385 1251 5440 sic
1273 5380 1387 5439 cat.
1414 5389 1501 5457 l7,
1529 5402 1588 5440 n.
1612 5388 1692 5451 15,
1720 5380 1841 5438 διαέ

175 5450 402 5528 δὴματα
431 5450 717 5531 καινότερα
774 5450 937 5531 dicit.
998 5456 1153 5513 Illud
1219 5462 1440 5531 autem,
1486 5450 1840 5531 'gawo'répav,

175 5545 375 5602 nouam
404 5533 603 5601 magis,
635 5529 727 5585 vel
754 5529 1049 5602 signiﬁcat
1106 5544 1323 5602 novum
1361 5529 1699 5602 impietatis
1741 5545 1845 5602 cu-

176 5601 434 5669 mulum,
466 5600 511 5658 a’
533 5605 761 5658 Manete
794 5600 1054 5669 exceptis
1085 5600 1330 5657 aliunde
1360 5600 1691 5656 haeresibus
1718 5601 1841 5655 sin-

177 5674 466 5801 gulariter
497 5675 797 5747 adjectum
825 5690 838 5727 :
877 5672 966 5728 vel
998 5672 1217 5728 idcirco
1252 5672 1510 5743 positum
1543 5678 1728 5739 est,ut
1747 5688 1843 5727 ve-

221 5748 530 5801 ementius
561 5746 892 5801 repellatur
911 5745 1141 5801 vanitas
1164 5743 1557 5801 hominis.aui
1585 5759 1721 5799 cum
1743 5745 1842 5799 du-

221 5748 530 5802 ementius
561 5743 892 5818 repellatur
911 5745 1141 5801 vanitas
1164 5743 1557 5818 homini_s,qui
1585 5759 1721 5818 cum
1743 5745 1842 5799 du-

179 5818 373 5875 centis
409 5824 545 5890 post
574 5815 981 5890 apostolorum
1014 5821 1250 5873 atatem
1271 5815 1444 5872 annis
1465 5815 1842 5887 prodivisset,

1233 3974 1280 4009 ⁵⁵
1336 3992 1485 4030 num.
1550 3979 1603 4043 6,
1659 3981 1709 4030 et
1768 3982 1876 4030 cat.
1932 3977 1985 4042 6,
2046 3992 2102 4029 η.
2164 3977 2255 4028 25.

1981 619 2326 674 reverentia;
2359 635 2556 675 causa.
2590 620 2701 684 Qui
2750 637 2887 675 cum
2918 621 3235 690 Pepusam,
3288 621 3645 693 perexiguus

1981 710 2075 763 hic
2098 709 2156 762 in
2186 709 2439 779 Phrygia
2458 709 2708 775 viculus,
2735 714 3106 780 occupasset,
3128 710 3300 780 eique
3331 709 3480 765 falso
3506 711 3641 765 Uie-

1978 798 2292 868 rosolyma)
2324 814 2545 852 nomen
2566 798 2901 865 indidisset,
2928 803 3217 868 praetextu
3242 815 3485 854 suorum
3506 817 3638 871 qua:

1978 893 2188 942 vocant
2208 887 2647 958 mysteriorum,
2682 887 3129 943 infelicissimos
3154 887 3474 943 mulierum
3498 906 3639 960 par-

1976 994 2077 1032 vos
2110 977 2265 1031 ﬁlios
2290 976 2594 1048 jugulans,
2630 977 2691 1031 in
2726 978 2985 1031 nefastus
3026 977 3233 1049 epulas
3264 978 3635 1033 concidebat.

1977 1069 2298 1138 Propterea
2317 1066 2391 1120 ad
2419 1066 2545 1121 hinc
2569 1083 2757 1137 usque
2784 1083 3014 1137 nupera
3036 1073 3322 1138 tempora,
3350 1084 3485 1122 cum
3512 1085 3643 1139 per-

1979 1157 2206 1211 secutio
2228 1154 2674 1226 desznviret,nos
2699 1156 2911 1211 horum
2940 1156 3270 1211 facinorum
3298 1157 3636 1227 suspicione

1977 1244 2438 1313 laborabamus;
2474 1263 2543 1300 eo
2605 1246 2763 1317 quod
2809 1246 2906 1300 isti
2954 1263 3190 1317 quoque
3241 1247 3634 1314 Montanistze,

1977 1335 2125 1390 falso
2157 1335 2419 1406 quidem,
2455 1335 2559 1390 sed
2591 1341 2793 1390 tamen
2825 1336 3128 1391 communi
3163 1335 3474 1391 nobiscum
3526 1353 3636 1391 no-

1978 1425 2138 1480 mine
2166 1425 2483 1480 Christiani
2516 1431 2888 1481 vocarentur.
2922 1425 2971 1460 5‘
2999 1426 3127 1495 Ille,
3162 1427 3431 1496 inquam,
3454 1444 3635 1482 ausus

1978 1519 2070 1568 est
2120 1514 2384 1585 seipsum
2437 1514 2721 1586 Spiritum
2779 1520 3054 1570 sanctum
3114 1514 3454 1587 appellare;
3534 1515 3637 1570 ille

1979 1604 2176 1659 omnis
2207 1604 2533 1675 impietatis
2566 1608 2625 1659 ct
2654 1604 2911 1659 diritatis
2944 1605 3181 1675 plenus,
3215 1604 3315 1659 ille
3361 1604 3638 1675 indepre-

1978 1692 2155 1748 cabili
2190 1692 2484 1748 obnoxius
2515 1693 3031 1748 condemnationi.

2048 1782 2143 1838 IX.
2178 1783 2322 1837 Huic
2341 1782 2817 1839 succenturiatus
2843 1788 2950 1849 est,
2976 1789 3043 1837 ut
3067 1789 3203 1839 ante
3228 1783 3558 1838 cstdictum
3572 1782 3642 1852 ⁵⁵,

1978 1876 2035 1926 et
2066 1872 2460 1943 impiissimus
2491 1875 2714 1942 Manes,
2752 1874 2851 1945 qui
2887 1874 3154 1928 omnium
3190 1874 3525 1929 hmreseum
3559 1875 3639 1928 vi-

1978 1963 2585 2036 tiacollegit,ipseque
2609 1964 2888 2017 ultimum
2912 1963 3266 2034 perditionis
3286 1963 3633 2019 barathrum

1976 2053 2574 2119 exsistens,omnium
2600 2053 2779 2107 simul
2802 2052 3219 2107 hmreticorum
3244 2053 3640 2108 deliramenta

1975 2142 2341 2214 complexus,
2374 2142 2769 2197 recentiorem
2804 2141 3059 2197 confecit
3091 2147 3150 2196 et
3180 2142 3522 2212 prmdicavit
3544 2158 3635 2197 er-

1973 2248 2192 2288 rorem.
2224 2234 2536 2301 Aususque
2569 2237 2659 2286 est
2688 2231 2904 2297 dicere,
2942 2246 3003 2285 se
3056 2247 3183 2285 esse
3229 2230 3402 2285 illum
3451 2232 3634 2286 Para-

1973 2321 2193 2376 cletum
2225 2338 2405 2392 quem
2429 2337 2490 2375 se
2514 2320 2665 2377 248
2688 2321 2952 2375 Christus
2974 2319 3301 2375 missurum
3328 2319 3631 2390 pollicitus

1973 2416 2116 2465 erat.
2144 2411 2320 2481 Atqui
2353 2410 2624 2465 Servator
2645 2426 2776 2464 eum
2812 2408 3213 2480 promittendo
3238 2409 3435 2464 aiebat
3456 2426 3628 2481 apos-

1971 2501 2144 2555 tolis:
2186 2520 2211 2550 ιι
2248 2502 2356 2554 Vos
2387 2504 2587 2554 autem
2619 2498 2819 2553 sedete
2851 2498 2913 2552 in
2944 2498 3175 2553 civitate
3228 2499 3620 2567 Hierusalem,

1969 2612 1997 2639 ‹‹
2032 2590 2218 2644 donec
2250 2588 2584 2644 induamini
2617 2604 2687 2643 ex
2718 2587 2836 2642 alto
2867 2587 3143 2643 virtutem
3175 2588 3218 2623 ⁵⁸
3250 2609 3299 2641 ››.
3336 2587 3485 2652 Quid
3515 2587 3623 2659 igi-

1970 2679 2110 2733 tur?
2140 2682 2308 2734 Anne
2341 2677 2604 2733 defuncti
2638 2678 2711 2732 ab
2745 2677 3015 2732 ducentis
3042 2677 3215 2732 annis
3263 2677 3516 2748 apostoli
3550 2678 3620 2746 (6)

1968 2770 2195 2824 Manem
2227 2767 2670 2839 exspectabant,
2701 2775 2764 2822 ut
2797 2768 3036 2822 tandem
3069 2767 3347 2822 virtutem
3406 2766 3619 2821 indue-

1966 2857 2220 2913 rentur?
2249 2857 2313 2911 Ei
2345 2857 2662 2928 quisquam
2695 2856 2893 2912 dicere
2924 2855 3161 2924 audeat,
3186 2855 3463 2927 illosjam
3495 2861 3620 2909 tum

1966 2947 2189 3019 Sqiritu
2221 2952 2425 3002 sancto
2457 2963 2579 3001 non
2609 2946 2795 3001 fuisse
2814 2946 3023 3018 plenos
3049 2949 3070 3000 Ρ
3100 2945 3409 2999 Enimvero
3434 2945 3619 3016 scrip-

1966 3042 2091 3092 tum
2122 3042 2248 3091 est:
2274 3058 2300 3085 «
2322 3037 2484 3090 Tunc
2501 3035 2893 3107 imponebant
2912 3052 3145 3102 manus,
3173 3040 3230 3088 et
3250 3033 3623 3105 accipiebant

1967 3147 1994 3176 «
2028 3126 2311 3197 Spiritum
2342 3133 2615 3180 sanctum
2643 3122 2692 3157 57
2722 3146 2774 3180 ».
2808 3127 3013 3180 Nonne
3066 3123 3126 3177 id
3175 3128 3311 3178 ante
3364 3125 3618 3189 Manem,

1963 3215 2287 3286 multisque
2317 3219 2454 3270 ante
2487 3213 2763 3270 eumdem
2795 3215 2970 3269 annis
3002 3213 3267 3285 contigit,
3304 3218 3620 3283 postquam

1880 3301 1922 3367 C
1960 3305 2022 3359 in
2056 3304 2151 3359 die
2180 3307 2561 3359 Pentecostes
2594 3304 2847 3375 Spiritus
2880 3310 3119 3359 sanctus
3161 3302 3622 3357 descendisset?

2029 3396 2104 3449 X.
2161 3394 2558 3459 Quamobrem
2616 3392 2931 3447 damnatus
2982 3398 3071 3447 est
3123 3393 3327 3446 Simon
3378 3390 3623 3463 Magus?

1958 3485 2189 3539 Numne
2217 3484 2348 3539 ideo
2382 3483 2542 3554 quod
2573 3482 2648 3537 ad
2680 3483 2982 3554 apostolos
3024 3483 3316 3537 accedens
3356 3481 3573 3536 dixerit
3605 3497 3619 3534 :

1959 3595 1987 3624 «
2015 3574 2158 3628 Date
2190 3577 2249 3627 et
2276 3572 2425 3627 mihi
2458 3573 2611 3626 hanc
2641 3576 3021 3642 potestatem,
3056 3577 3122 3625 ut
3144 3571 3479 3641 cuicunque
3500 3587 3619 3626 ma-

1961 3684 1982 3712 α
2011 3679 2123 3716 nus
2146 3662 2506 3733 imposuero,
2533 3660 2815 3732 Spiritum
2872 3664 3143 3716 sanctum
3178 3659 3433 3730 accipiat
3460 3659 3505 3694 ⁵³
3537 3682 3559 3710 ι
3595 3658 3622 3712 ‘I

1957 3762 2083 3815 Non
2109 3759 2268 3814 enim
2289 3758 2441 3813 dixit
2467 3774 2479 3812 :
2506 3760 2648 3813 Date
2671 3758 2891 3812 etmihi
2926 3756 3178 3829 Spiritus
3209 3756 3398 3811 sancti
3432 3756 3614 3828 parti-

1957 3848 2343 3921 cipationem,
2379 3847 2484 3903 sed
2508 3854 2886 3917 potestatem;
2916 3853 2983 3902 ut
3013 3845 3148 3902 aliis
3174 3845 3459 3901 venderet
3487 3862 3616 3901 rem

2362 3972 2408 4008 5°
2468 3974 2603 4028 Luc.
2670 3990 2819 4039 xxxv,
2871 3974 2959 4027 49.
3063 3969 3110 4004 ⁵7
3166 3973 3292 4026 Act.
3356 3989 3474 4040 vm,
3539 3976 3602 4025 17

1958 4164 2333 4220 Paracletum
2363 4163 2758 4218 nihilominus
2790 4180 2850 4217 se
2897 4180 2931 4217 a
2969 4162 3201 4217 Christo
3252 4162 3614 4234 promissum

1950 4237 2208 4308 jactans,
2247 4236 2453 4292 tandiu
2486 4252 2838 4306 suspensam
2870 4235 3165 4308 mansisse
3210 4234 3424 4291 Christi
3477 4251 3618 4308 pro-

1957 4303 2533 4379 inissionemdicere
2558 4303 2896 4379 cogebatur.
2931 4309 3080 4362 Loco
3113 4303 3297 4376 ἔδειξε,
3358 4303 3617 4375 ostendit,

1956 4381 2286 4451 posuimus,
2320 4376 2546 4449 ἐδίδαξε,
2580 4376 2651 4433 ex
2711 4396 2853 4435 mss.
2913 4394 3093 4451 supra
3139 4380 3509 4446 memoratis,
3564 4385 3623 4433 et

1957 4452 2131 4506 Grod.

2030 4519 2754 4595 (5)'f£1131iﬁsoav.,Sucr.
2833 4527 2995 4591 tcxt.,
3083 4519 3388 4595 ἐπετίοουν.
3468 4522 3616 4595 Loco

2833 4527 2922 4577 tcx
2934 4527 2995 4591 t.,
3083 4519 3388 4576 ἐπετίοουν.

1872 4611 1916 4674 D
1953 4593 2128 4674 atavi.
2166 4596 2352 4674 Cois}.
2368 4594 3003 4674 _fej‘t,'ﬁ!1Vé‘ITQC.AROB
3054 4600 3113 4649 et
3135 4594 3434 4674 “Casaubq,
3486 4593 3613 4674 Ma:

1949 4672 2133 4734 νῆτος.
2170 4666 2385 4721 Scribit
2412 4665 2666 4738 Cyrillus
2699 4671 2810 4721 cat.
2846 4668 2899 4734 6,
2933 4682 3098 4721 num.
3134 4664 3223 4732 3i,
3257 4670 3323 4719 ut
3370 4665 3487 4733 hic,
3518 4665 3615 4714 τοῦ

1952 4737 2136 4793 Μάνη.

2022 4760 2393 4881 (ἒῗλὶιήὶιηοιὶ
2423 4810 2492 4864 ab
2531 4807 2787 4865 ducentis
2834 4809 2995 4862 annis
3044 4809 3303 4881 apostoli.
3356 4809 3610 4876 Aposto-

1951 4879 2147 4937 lorum
2180 4888 2432 4936 mortem
2466 4881 2738 4937 ducentis
2760 4884 2897 4935 ante
2932 4879 3178 4933 Manetis
3210 4884 3482 4932 exortum
3505 4892 3615 4931 an-

1953 4954 2047 5009 nis
2080 4954 2255 5009 locat.
2290 4955 2434 5008 Cum
2466 4952 2648 5021 igitur
2700 4953 2900 5006 Manes
2948 4966 3104 5005 anno
3150 4951 3253 5003 277
3302 4948 3612 5021 prodierit,

1955 5024 2088 5082 vide
2121 5031 2232 5080 cat.
2268 5028 2319 5092 6,
2352 5042 2411 5079 n.
2444 5022 2536 5092 20,
2571 5038 2945 5095 consequens
2976 5026 3066 5095 est
3094 5026 3161 5075 ut
3191 5022 3349 5095 circa
3380 5036 3521 5095 ann.
3546 5023 3613 5072 77

1957 5091 2363 5169 apostolorum
2395 5096 2625 5152 obitum
2660 5091 3163 5169 assi'gnetplem.
3191 5094 3381 5162 Alex.,
3411 5091 3513 5145 lib.
3535 5107 3615 5169 _v_n

1955 5162 2188 5233 Strom.,
2220 5186 2286 5223 ιι.
2328 5171 2415 5236 17,
2449 5185 2509 5239 p.
2543 5162 2818 5239 764,,tria
2848 5166 2911 5220 in
2944 5164 3207 5239 Ecclesia
3228 5162 3615 5239 temporadi-

1957 5242 2220 5313 stinguit.
2258 5235 2527 5313 Primum
2559 5238 2798 5304 Christi,
2832 5236 2991 5313 quod
3023 5236 3220 5291 medio
3250 5235 3468 5313 Tiberii
3500 5235 3618 5313 im-

1953 5308 2120 5385 perio
2154 5311 2412 5378 desinit;
2446 5312 2701 5385 alterum
2729 5309 3155 5385 apostolorum,
3189 5308 3349 5385 quod
3380 5308 3442 5361 in
3500 5308 3615 5361 Ne-

1953 5379 2101 5439 rone
2134 5385 2528 5451 terminatur;
2561 5379 2801 5438 tertium
2825 5380 3066 5435 tandem
3086 5379 3243 5450 quod
3273 5381 3333 5434 in
3358 5395 3619 5450 sequen-

1954 5461 2045 5511 tes
2073 5462 2279 5511 aatates
2310 5450 2590 5510 excurrit.
2627 5452 3046 5524 Apostolorum
3074 5454 3257 5524 ﬁnem
3288 5451 3352 5505 in
3375 5450 3534 5505 Petri
3558 5456 3617 5504 et

1954 5528 2121 5583 Pauli
2156 5527 2440 5599 martyrio
2472 5523 2950 5599 locare’videtur,
2985 5523 3145 5599 quod
3176 5529 3449 5599 secutum
3482 5539 3612 5577 esse

1954 5599 2242 5672 Cyrillum
2268 5595 2553 5654 credibile
2578 5595 3293 5672 estHzecepochadecem
3310 5595 3486 5650 annis
3508 5610 3617 5649 an-

1954 5667 2178 5742 tiquior
2208 5688 2366 5726 anno
2397 5674 2505 5737 77;
2566 5669 2671 5725 sed
2719 5667 3257 5742 negligitur-parva
3313 5681 3613 5723 annorum

1956 5740 2212 5811 summa,
2244 5748 2311 5798 ut
2342 5742 2632 5798 rotundus
2663 5756 2949 5798 numerus
2981 5740 3298 5796 efﬁciatur.
