  <div class='ocr_page' id='page_1' title='image "/cluster/home/n/w/nwhite01/storage/ocr_20150623/33/coo.31924054869304/502.png"; bbox 0 0 3932 6402; ppageno 0'>
   <div class='ocr_carea' id='block_1_1' title="bbox 115 366 255 435">
    <p class='ocr_par' dir='ltr' id='par_1_1' title="bbox 115 366 255 435">
     <span class='ocr_line' id='line_1_1' title="bbox 115 366 255 435; baseline 0 -2"><span class='ocrx_word' id='word_1_1' title='bbox 115 366 255 435; x_wconf 77' lang='lat'>989</span> 
     </span>
    </p>
   </div>
   <div class='ocr_carea' id='block_1_2' title="bbox 1025 356 2715 425">
    <p class='ocr_par' dir='ltr' id='par_1_2' title="bbox 1025 356 2715 425">
     <span class='ocr_line' id='line_1_2' title="bbox 1025 356 2715 425; baseline -0.002 0"><span class='ocrx_word' id='word_1_2' title='bbox 1025 360 1505 425; x_wconf 74' lang='lat' dir='ltr'>CATECHESIS</span> <span class='ocrx_word' id='word_1_3' title='bbox 1547 359 1733 425; x_wconf 79' lang='lat' dir='ltr'>XVII.</span> <span class='ocrx_word' id='word_1_4' title='bbox 1778 359 1887 421; x_wconf 85' lang='lat' dir='ltr'><strong>DE</strong></span> <span class='ocrx_word' id='word_1_5' title='bbox 1926 356 2247 421; x_wconf 79' lang='lat' dir='ltr'>SPIRITU</span> <span class='ocrx_word' id='word_1_6' title='bbox 2288 359 2597 422; x_wconf 76' lang='lat' dir='ltr'>SANCTO</span> <span class='ocrx_word' id='word_1_7' title='bbox 2641 360 2715 421; x_wconf 91' lang='lat' dir='ltr'>II.</span> 
     </span>
    </p>
   </div>
   <div class='ocr_carea' id='block_1_3' title="bbox 3455 362 3577 423">
    <p class='ocr_par' dir='ltr' id='par_1_3' title="bbox 3455 362 3577 423">
     <span class='ocr_line' id='line_1_3' title="bbox 3455 362 3577 423; baseline 0.008 -1"><span class='ocrx_word' id='word_1_8' title='bbox 3455 362 3577 423; x_wconf 88' lang='lat'>990</span> 
     </span>
    </p>
   </div>
   <div class='ocr_carea' id='block_1_4' title="bbox 119 491 1786 578">
    <p class='ocr_par' dir='ltr' id='par_1_4' title="bbox 119 491 1780 578">
     <span class='ocr_line' id='line_1_4' title="bbox 119 491 1780 578; baseline -0.009 -19"><span class='ocrx_word' id='word_1_9' title='bbox 119 524 265 570; x_wconf 84' lang='grc' dir='ltr'>νων,</span> <span class='ocrx_word' id='word_1_10' title='bbox 331 502 476 578; x_wconf 73' lang='grc' dir='ltr'>πρὸς</span> <span class='ocrx_word' id='word_1_11' title='bbox 534 501 635 569; x_wconf 74' lang='grc' dir='ltr'>τὴν</span> <span class='ocrx_word' id='word_1_12' title='bbox 693 499 913 574; x_wconf 68' lang='grc' dir='ltr'>ἀθρόαν,</span> <span class='ocrx_word' id='word_1_13' title='bbox 959 497 1047 552; x_wconf 81' lang='grc' dir='ltr'>καὶ</span> <span class='ocrx_word' id='word_1_14' title='bbox 1108 492 1393 569; x_wconf 76' lang='grc' dir='ltr'>διάφορον,</span> <span class='ocrx_word' id='word_1_15' title='bbox 1479 492 1571 551; x_wconf 85' lang='grc' dir='ltr'>καὶ</span> <span class='ocrx_word' id='word_1_16' title='bbox 1628 491 1780 565; x_wconf 79' lang='grc' dir='ltr'>ξένην</span> 
     </span>
    </p>
   </div>
   <div class='ocr_carea' id='block_1_5' title="bbox 1989 491 3577 578">
    <p class='ocr_par' dir='ltr' id='par_1_5' title="bbox 1989 494 3577 567">
     <span class='ocr_line' id='line_1_5' title="bbox 1989 494 3577 567; baseline 0.002 -22"><span class='ocrx_word' id='word_1_17' title='bbox 1989 497 2238 547; x_wconf 68' lang='grc' dir='ltr'>ινθνιωι.</span> <span class='ocrx_word' id='word_1_18' title='bbox 2275 494 2393 549; x_wconf 87' lang='lat' dir='ltr'>Hoc</span> <span class='ocrx_word' id='word_1_19' title='bbox 2424 509 2556 551; x_wconf 85' lang='lat' dir='ltr'>vere</span> <span class='ocrx_word' id='word_1_20' title='bbox 2588 494 2882 567; x_wconf 75' lang='lat' dir='ltr'>sapientia</span> <span class='ocrx_word' id='word_1_21' title='bbox 2911 510 3127 567; x_wconf 84' lang='lat' dir='ltr'>magna</span> <span class='ocrx_word' id='word_1_22' title='bbox 3157 498 3266 561; x_wconf 89' lang='lat' dir='ltr'>est,</span> <span class='ocrx_word' id='word_1_23' title='bbox 3298 494 3411 550; x_wconf 87' lang='lat' dir='ltr'>hoc</span> <span class='ocrx_word' id='word_1_24' title='bbox 3458 494 3577 548; x_wconf 89' lang='lat' dir='ltr'>vir-</span> 
     </span>
    </p>
   </div>
   <div class='ocr_carea' id='block_1_6' title="bbox 121 582 1168 669">
    <p class='ocr_par' dir='ltr' id='par_1_6' title="bbox 121 582 1168 669">
     <span class='ocr_line' id='line_1_6' title="bbox 121 582 1168 669; baseline -0.01 -22"><span class='ocrx_word' id='word_1_25' title='bbox 121 592 408 669; x_wconf 73' lang='grc' dir='ltr'>ἐξαίφνης</span> <span class='ocrx_word' id='word_1_26' title='bbox 439 594 546 645; x_wconf 76' lang='grc' dir='ltr'>τῶν</span> <span class='ocrx_word' id='word_1_27' title='bbox 579 588 817 663; x_wconf 83' lang='grc' dir='ltr'>γλωσῶν</span> <span class='ocrx_word' id='word_1_28' title='bbox 849 582 1121 661; x_wconf 76' lang='grc' dir='ltr'>ἐνέργειαν</span> <span class='ocrx_word' id='word_1_29' title='bbox 1153 603 1168 652; x_wconf 77' lang='grc' dir='ltr'>ς</span> 
     </span>
    </p>
   </div>
   <div class='ocr_carea' id='block_1_7' title="bbox 1924 580 3579 657">
    <p class='ocr_par' dir='ltr' id='par_1_7' title="bbox 1924 580 3579 657">
     <span class='ocr_line' id='line_1_7' title="bbox 1924 580 3579 657; baseline 0.002 -23"><span class='ocrx_word' id='word_1_30' title='bbox 1924 584 2016 635; x_wconf 91' lang='lat' dir='ltr'>tus</span> <span class='ocrx_word' id='word_1_31' title='bbox 2047 581 2263 637; x_wconf 89' lang='lat' dir='ltr'>divina.</span> <span class='ocrx_word' id='word_1_32' title='bbox 2300 584 2437 649; x_wconf 63' lang='lat' dir='ltr'>Qua:</span> <span class='ocrx_word' id='word_1_33' title='bbox 2469 585 2699 640; x_wconf 74' lang='lat' dir='ltr'>institui</span> <span class='ocrx_word' id='word_1_34' title='bbox 2733 585 3099 656; x_wconf 83' lang='lat' dir='ltr'>comparatio</span> <span class='ocrx_word' id='word_1_35' title='bbox 3156 588 3369 657; x_wconf 80' lang='lat' dir='ltr'>potest,</span> <span class='ocrx_word' id='word_1_36' title='bbox 3420 580 3579 639; x_wconf 85' lang='lat' dir='ltr'>inter</span> 
     </span>
    </p>
   </div>
   <div class='ocr_carea' id='block_1_8' title="bbox 122 670 3572 752">
    <p class='ocr_par' dir='ltr' id='par_1_8' title="bbox 122 670 3572 752">
     <span class='ocr_line' id='line_1_8' title="bbox 122 670 3572 752; baseline -0.003 -13"><span class='ocrx_word' id='word_1_37' title='bbox 122 684 315 739; x_wconf 84' lang='lat' dir='ltr'>illam</span> <span class='ocrx_word' id='word_1_38' title='bbox 350 696 560 737; x_wconf 86' lang='lat' dir='ltr'>eorum</span> <span class='ocrx_word' id='word_1_39' title='bbox 593 684 729 752; x_wconf 92' lang='lat' dir='ltr'>post</span> <span class='ocrx_word' id='word_1_40' title='bbox 756 678 1012 734; x_wconf 88' lang='lat' dir='ltr'>multum</span> <span class='ocrx_word' id='word_1_41' title='bbox 1045 683 1278 748; x_wconf 81' lang='lat' dir='ltr'>tempus</span> <span class='ocrx_word' id='word_1_42' title='bbox 1309 672 1672 746; x_wconf 76' lang='lat' dir='ltr'>imperitiam</span> <span class='ocrx_word' id='word_1_43' title='bbox 1699 687 1713 738; x_wconf 90' lang='lat'><strong>;</strong></span> <span class='ocrx_word' id='word_1_44' title='bbox 1745 670 2021 741; x_wconf 81' lang='lat' dir='ltr'>hancque</span> <span class='ocrx_word' id='word_1_45' title='bbox 2054 678 2385 744; x_wconf 90' lang='lat' dir='ltr'>repentem,</span> <span class='ocrx_word' id='word_1_46' title='bbox 2416 673 2810 746; x_wconf 76' lang='lat' dir='ltr'>multiplicem</span> <span class='ocrx_word' id='word_1_47' title='bbox 2841 690 2909 729; x_wconf 88' lang='lat' dir='ltr'>ac</span> <span class='ocrx_word' id='word_1_48' title='bbox 2958 672 3291 729; x_wconf 84' lang='lat' dir='ltr'>inauditam</span> <span class='ocrx_word' id='word_1_49' title='bbox 3340 672 3572 748; x_wconf 80' lang='lat' dir='ltr'>lingua-</span> 
     </span>
    </p>
   </div>
   <div class='ocr_carea' id='block_1_9' title="bbox 122 767 993 830">
    <p class='ocr_par' dir='ltr' id='par_1_9' title="bbox 122 767 993 830">
     <span class='ocr_line' id='line_1_9' title="bbox 122 767 993 830; baseline -0.009 0"><span class='ocrx_word' id='word_1_50' title='bbox 122 791 277 830; x_wconf 86' lang='lat' dir='ltr'>rum</span> <span class='ocrx_word' id='word_1_51' title='bbox 318 788 382 828; x_wconf 86' lang='lat' dir='ltr'>se</span> <span class='ocrx_word' id='word_1_52' title='bbox 415 775 788 828; x_wconf 84' lang='lat' dir='ltr'>exserentem</span> <span class='ocrx_word' id='word_1_53' title='bbox 817 768 936 823; x_wconf 84' lang='lat' dir='ltr'>vim</span> <span class='ocrx_word' id='word_1_54' title='bbox 966 767 993 823; x_wconf 86' lang='lat'>‘?</span> 
     </span>
    </p>
   </div>
   <div class='ocr_carea' id='block_1_10' title="bbox 204 846 1810 934">
    <p class='ocr_par' dir='ltr' id='par_1_10' title="bbox 204 846 1810 934">
     <span class='ocr_line' id='line_1_10' title="bbox 204 846 1810 934; baseline -0.009 -18"><span class='ocrx_word' id='word_1_55' title='bbox 204 862 317 918; x_wconf 81' lang='lat' dir='ltr'>IZ&#39;.</span> <span class='ocrx_word' id='word_1_56' title='bbox 355 861 605 934; x_wconf 80' lang='grc' dir='ltr'>Ἐγένετο</span> <span class='ocrx_word' id='word_1_57' title='bbox 636 858 896 934; x_wconf 52' lang='grc' dir='ltr'>σύγχυσις</span> <span class='ocrx_word' id='word_1_58' title='bbox 942 860 1039 913; x_wconf 79' lang='grc' dir='ltr'>τοῦ</span> <span class='ocrx_word' id='word_1_59' title='bbox 1094 854 1345 927; x_wconf 78' lang='grc' dir='ltr'>πλήθους</span> <span class='ocrx_word' id='word_1_60' title='bbox 1394 857 1502 907; x_wconf 71' lang='grc' dir='ltr'>τῶν</span> <span class='ocrx_word' id='word_1_61' title='bbox 1545 846 1810 905; x_wconf 78' lang='grc' dir='ltr'>ἀκουσάν-</span> 
     </span>
    </p>
   </div>
   <div class='ocr_carea' id='block_1_11' title="bbox 122 937 1811 1025">
    <p class='ocr_par' dir='ltr' id='par_1_11' title="bbox 122 937 1811 1025">
     <span class='ocr_line' id='line_1_11' title="bbox 122 937 1811 1025; baseline -0.009 -18"><span class='ocrx_word' id='word_1_62' title='bbox 122 972 272 1007; x_wconf 83' lang='grc' dir='ltr'>των·</span> <span class='ocrx_word' id='word_1_63' title='bbox 315 948 544 1025; x_wconf 77' lang='grc' dir='ltr'>δευτέρα</span> <span class='ocrx_word' id='word_1_64' title='bbox 574 949 866 1023; x_wconf 73' lang='grc' dir='ltr'>σύγχυσις,</span> <span class='ocrx_word' id='word_1_65' title='bbox 900 946 1013 1002; x_wconf 80' lang='grc' dir='ltr'>ἀντὶ</span> <span class='ocrx_word' id='word_1_66' title='bbox 1062 953 1163 1016; x_wconf 76' lang='grc' dir='ltr'>τῆς</span> <span class='ocrx_word' id='word_1_67' title='bbox 1212 943 1263 999; x_wconf 83' lang='grc' dir='ltr'>ἐν</span> <span class='ocrx_word' id='word_1_68' title='bbox 1315 938 1606 1001; x_wconf 76' lang='grc' dir='ltr'>Βαϐυλῶνι</span> <span class='ocrx_word' id='word_1_69' title='bbox 1657 937 1811 1011; x_wconf 82' lang='grc' dir='ltr'>πρώ-</span> 
     </span>
    </p>
   </div>
   <div class='ocr_carea' id='block_1_12' title="bbox 125 1027 1808 1111">
    <p class='ocr_par' dir='ltr' id='par_1_12' title="bbox 125 1027 1808 1111">
     <span class='ocr_line' id='line_1_12' title="bbox 125 1027 1808 1111; baseline -0.008 -16"><span class='ocrx_word' id='word_1_70' title='bbox 125 1061 236 1110; x_wconf 84' lang='grc' dir='ltr'>της</span> <span class='ocrx_word' id='word_1_71' title='bbox 268 1046 481 1109; x_wconf 81' lang='grc' dir='ltr'>κακῆς.</span> <span class='ocrx_word' id='word_1_72' title='bbox 512 1039 639 1094; x_wconf 79' lang='grc' dir='ltr'>Ἐπὶ</span> <span class='ocrx_word' id='word_1_73' title='bbox 675 1039 769 1110; x_wconf 80' lang='grc' dir='ltr'>μὲν</span> <span class='ocrx_word' id='word_1_74' title='bbox 796 1037 898 1111; x_wconf 69' lang='grc' dir='ltr'>γὰρ</span> <span class='ocrx_word' id='word_1_75' title='bbox 954 1043 1053 1105; x_wconf 77' lang='grc' dir='ltr'>τῆς</span> <span class='ocrx_word' id='word_1_76' title='bbox 1105 1032 1424 1109; x_wconf 82' lang='grc' dir='ltr'>συγχύσεως</span> <span class='ocrx_word' id='word_1_77' title='bbox 1470 1035 1575 1086; x_wconf 71' lang='grc' dir='ltr'>τῶν</span> <span class='ocrx_word' id='word_1_78' title='bbox 1626 1027 1808 1103; x_wconf 81' lang='grc' dir='ltr'>γλωσ-</span> 
     </span>
    </p>
   </div>
   <div class='ocr_carea' id='block_1_13' title="bbox 128 1119 1807 1203">
    <p class='ocr_par' dir='ltr' id='par_1_13' title="bbox 128 1119 1807 1203">
     <span class='ocr_line' id='line_1_13' title="bbox 128 1119 1807 1203; baseline -0.008 -17"><span class='ocrx_word' id='word_1_79' title='bbox 128 1137 274 1202; x_wconf 80' lang='grc' dir='ltr'>σῶν,</span> <span class='ocrx_word' id='word_1_80' title='bbox 315 1129 589 1203; x_wconf 77' lang='grc' dir='ltr'>διαίρεσις</span> <span class='ocrx_word' id='word_1_81' title='bbox 633 1129 700 1198; x_wconf 80' lang='grc' dir='ltr'>ἦν</span> <span class='ocrx_word' id='word_1_82' title='bbox 752 1131 853 1193; x_wconf 80' lang='grc' dir='ltr'>τῆς</span> <span class='ocrx_word' id='word_1_83' title='bbox 910 1127 1268 1203; x_wconf 79' lang='grc' dir='ltr'>πραιρέσιως,</span> <span class='ocrx_word' id='word_1_84' title='bbox 1324 1120 1514 1192; x_wconf 75' lang='grc' dir='ltr'>ἐπειδὴ</span> <span class='ocrx_word' id='word_1_85' title='bbox 1568 1119 1807 1183; x_wconf 78' lang='grc' dir='ltr'>ἀντίθεον</span> 
     </span>
    </p>
   </div>
   <div class='ocr_carea' id='block_1_14' title="bbox 124 1206 1807 1296">
    <p class='ocr_par' dir='ltr' id='par_1_14' title="bbox 124 1206 1807 1296">
     <span class='ocr_line' id='line_1_14' title="bbox 124 1206 1807 1296; baseline -0.008 -20"><span class='ocrx_word' id='word_1_86' title='bbox 124 1223 197 1291; x_wconf 80' lang='grc' dir='ltr'>ἧν</span> <span class='ocrx_word' id='word_1_87' title='bbox 233 1222 307 1276; x_wconf 81' lang='grc' dir='ltr'>τὸ</span> <span class='ocrx_word' id='word_1_88' title='bbox 364 1219 647 1296; x_wconf 69' lang='grc' dir='ltr'>φρόνημα·</span> <span class='ocrx_word' id='word_1_89' title='bbox 708 1216 814 1273; x_wconf 81' lang='grc' dir='ltr'>ὧδε</span> <span class='ocrx_word' id='word_1_90' title='bbox 867 1214 922 1271; x_wconf 70' lang='grc' dir='ltr'>δὲ</span> <span class='ocrx_word' id='word_1_91' title='bbox 981 1214 1416 1275; x_wconf 73' lang='grc' dir='ltr'>ἀποκατάστασις</span> <span class='ocrx_word' id='word_1_92' title='bbox 1472 1210 1563 1268; x_wconf 88' lang='grc' dir='ltr'>καὶ</span> <span class='ocrx_word' id='word_1_93' title='bbox 1617 1206 1807 1271; x_wconf 72' lang='grc' dir='ltr'>ἓνωσις</span> 
     </span>
    </p>
   </div>
   <div class='ocr_carea' id='block_1_15' title="bbox 126 1296 1807 1383">
    <p class='ocr_par' dir='ltr' id='par_1_15' title="bbox 126 1296 1807 1383">
     <span class='ocr_line' id='line_1_15' title="bbox 126 1296 1807 1383; baseline -0.007 -17"><span class='ocrx_word' id='word_1_94' title='bbox 126 1313 244 1367; x_wconf 79' lang='grc' dir='ltr'>τῶν</span> <span class='ocrx_word' id='word_1_95' title='bbox 270 1312 546 1383; x_wconf 80' lang='grc' dir='ltr'>γνωμῶν,</span> <span class='ocrx_word' id='word_1_96' title='bbox 593 1302 781 1375; x_wconf 80' lang='grc' dir='ltr'>ἐπειδὴ</span> <span class='ocrx_word' id='word_1_97' title='bbox 844 1299 1056 1366; x_wconf 75' lang='grc' dir='ltr'>εὐσεϐὲς</span> <span class='ocrx_word' id='word_1_98' title='bbox 1113 1301 1183 1372; x_wconf 76' lang='grc' dir='ltr'>ἦν</span> <span class='ocrx_word' id='word_1_99' title='bbox 1239 1302 1301 1357; x_wconf 90' lang='grc' dir='ltr'>τὸ</span> <span class='ocrx_word' id='word_1_100' title='bbox 1345 1296 1807 1371; x_wconf 68' lang='grc' dir='ltr'>σπουδαζόμενον.</span> 
     </span>
    </p>
   </div>
   <div class='ocr_carea' id='block_1_16' title="bbox 139 1386 1807 1467">
    <p class='ocr_par' dir='ltr' id='par_1_16' title="bbox 139 1386 1807 1467">
     <span class='ocr_line' id='line_1_16' title="bbox 139 1386 1807 1467; baseline -0.008 -13"><span class='ocrx_word' id='word_1_101' title='bbox 139 1400 221 1455; x_wconf 80' lang='grc' dir='ltr'>Δι’</span> <span class='ocrx_word' id='word_1_102' title='bbox 289 1399 367 1452; x_wconf 82' lang='grc' dir='ltr'>ὧν</span> <span class='ocrx_word' id='word_1_103' title='bbox 403 1400 441 1467; x_wconf 77' lang='grc' dir='ltr'>ἠ</span> <span class='ocrx_word' id='word_1_104' title='bbox 476 1394 820 1466; x_wconf 74' lang='grc' dir='ltr'>ἀπόπτωσις,</span> <span class='ocrx_word' id='word_1_105' title='bbox 870 1390 961 1448; x_wconf 74' lang='grc' dir='ltr'>διὰ</span> <span class='ocrx_word' id='word_1_106' title='bbox 1003 1392 1211 1448; x_wconf 69' lang='grc' dir='ltr'>τούτων</span> <span class='ocrx_word' id='word_1_107' title='bbox 1244 1392 1279 1461; x_wconf 79' lang='grc' dir='ltr'>ἡ</span> <span class='ocrx_word' id='word_1_108' title='bbox 1312 1386 1597 1451; x_wconf 80' lang='grc' dir='ltr'>ἐπάνοδος.</span> <span class='ocrx_word' id='word_1_109' title='bbox 1647 1388 1807 1445; x_wconf 83' lang='grc' dir='ltr'>’Όθεν</span> 
     </span>
    </p>
   </div>
   <div class='ocr_carea' id='block_1_17' title="bbox 140 1474 1810 1561">
    <p class='ocr_par' dir='ltr' id='par_1_17' title="bbox 140 1474 1810 1561">
     <span class='ocr_line' id='line_1_17' title="bbox 140 1474 1810 1561; baseline -0.008 -17"><span class='ocrx_word' id='word_1_110' title='bbox 140 1488 464 1561; x_wconf 69' lang='grc' dir='ltr'>ἐθαύμαζον</span> <span class='ocrx_word' id='word_1_111' title='bbox 516 1485 783 1561; x_wconf 52' lang='grc' dir='ltr'>λέγοντες</span> <span class='ocrx_word' id='word_1_112' title='bbox 837 1488 964 1546; x_wconf 82' lang='grc' dir='ltr'>Ηῶς</span> <span class='ocrx_word' id='word_1_113' title='bbox 1022 1485 1190 1555; x_wconf 78' lang='grc' dir='ltr'>ἡμεῖς</span> <span class='ocrx_word' id='word_1_114' title='bbox 1246 1479 1514 1552; x_wconf 65' lang='grc' dir='ltr'>ἀκούομεν</span> <span class='ocrx_word' id='word_1_115' title='bbox 1574 1474 1810 1533; x_wconf 71' lang='grc' dir='ltr'>λαλούν-</span> 
     </span>
    </p>
   </div>
   <div class='ocr_carea' id='block_1_18' title="bbox 147 1569 1809 1647">
    <p class='ocr_par' dir='ltr' id='par_1_18' title="bbox 147 1569 1809 1647">
     <span class='ocr_line' id='line_1_18' title="bbox 147 1569 1809 1647; baseline -0.007 -14"><span class='ocrx_word' id='word_1_116' title='bbox 147 1599 268 1634; x_wconf 83' lang='grc' dir='ltr'>των</span> <span class='ocrx_word' id='word_1_117' title='bbox 332 1579 552 1645; x_wconf 79' lang='grc' dir='ltr'>αὗτῶν;</span> <span class='ocrx_word' id='word_1_118' title='bbox 615 1572 782 1633; x_wconf 69' lang='grc' dir='ltr'>Οὐδὲν</span> <span class='ocrx_word' id='word_1_119' title='bbox 837 1572 1146 1647; x_wconf 81' lang='grc' dir='ltr'>θαυμαστὸν</span> <span class='ocrx_word' id='word_1_120' title='bbox 1203 1571 1248 1627; x_wconf 72' lang='grc' dir='ltr'>εἰ</span> <span class='ocrx_word' id='word_1_121' title='bbox 1310 1571 1463 1643; x_wconf 84' lang='grc' dir='ltr'>ὑμεῖς</span> <span class='ocrx_word' id='word_1_122' title='bbox 1543 1569 1809 1644; x_wconf 78' lang='grc' dir='ltr'>ἀγνοεῖτε·</span> 
     </span>
    </p>
   </div>
   <div class='ocr_carea' id='block_1_19' title="bbox 154 1657 1810 1742">
    <p class='ocr_par' dir='ltr' id='par_1_19' title="bbox 154 1657 1810 1742">
     <span class='ocr_line' id='line_1_19' title="bbox 154 1657 1810 1742; baseline -0.008 -19"><span class='ocrx_word' id='word_1_123' title='bbox 154 1669 256 1723; x_wconf 80' lang='grc' dir='ltr'>καὶ</span> <span class='ocrx_word' id='word_1_124' title='bbox 291 1668 396 1742; x_wconf 76' lang='grc' dir='ltr'>γὰρ</span> <span class='ocrx_word' id='word_1_125' title='bbox 421 1667 507 1722; x_wconf 78' lang='grc' dir='ltr'>καὶ</span> <span class='ocrx_word' id='word_1_126' title='bbox 542 1661 860 1737; x_wconf 79' lang='grc' dir='ltr'>Νικόδημος</span> <span class='ocrx_word' id='word_1_127' title='bbox 912 1663 1157 1738; x_wconf 79' lang='grc' dir='ltr'>ἠγνόησὲ</span> <span class='ocrx_word' id='word_1_128' title='bbox 1193 1664 1290 1716; x_wconf 82' lang='grc' dir='ltr'>τοῦ</span> <span class='ocrx_word' id='word_1_129' title='bbox 1343 1658 1659 1731; x_wconf 69' lang='grc' dir='ltr'>Πνεύματος</span> <span class='ocrx_word' id='word_1_130' title='bbox 1714 1657 1810 1726; x_wconf 81' lang='grc' dir='ltr'>τὴν</span> 
     </span>
    </p>
   </div>
   <div class='ocr_carea' id='block_1_20' title="bbox 149 1750 1814 1834">
    <p class='ocr_par' dir='ltr' id='par_1_20' title="bbox 149 1750 1814 1834">
     <span class='ocr_line' id='line_1_20' title="bbox 149 1750 1814 1834; baseline -0.006 -21"><span class='ocrx_word' id='word_1_131' title='bbox 149 1756 479 1834; x_wconf 62' lang='grc' dir='ltr'>πιιιρουετίαν⁸</span> <span class='ocrx_word' id='word_1_132' title='bbox 540 1755 634 1811; x_wconf 79' lang='grc' dir='ltr'>καὶ</span> <span class='ocrx_word' id='word_1_133' title='bbox 690 1756 827 1831; x_wconf 82' lang='grc' dir='ltr'>πρὸς</span> <span class='ocrx_word' id='word_1_134' title='bbox 886 1754 1089 1810; x_wconf 79' lang='grc' dir='ltr'>ἐκεῖνον</span> <span class='ocrx_word' id='word_1_135' title='bbox 1177 1750 1392 1830; x_wconf 78' lang='grc' dir='ltr'>έρῥέθη·</span> <span class='ocrx_word' id='word_1_136' title='bbox 1466 1750 1536 1804; x_wconf 87' lang='grc' dir='ltr'>Τὸ</span> <span class='ocrx_word' id='word_1_137' title='bbox 1595 1753 1814 1822; x_wconf 76' lang='grc' dir='ltr'>Πνεῦμα</span> 
     </span>
    </p>
   </div>
   <div class='ocr_carea' id='block_1_21' title="bbox 145 1837 1805 1919">
    <p class='ocr_par' dir='ltr' id='par_1_21' title="bbox 145 1837 1805 1919">
     <span class='ocr_line' id='line_1_21' title="bbox 145 1837 1805 1919; baseline -0.004 -18"><span class='ocrx_word' id='word_1_138' title='bbox 145 1846 295 1911; x_wconf 67' lang='grc' dir='ltr'>ὅπου</span> <span class='ocrx_word' id='word_1_139' title='bbox 356 1844 506 1911; x_wconf 76' lang='grc' dir='ltr'>θέλει</span> <span class='ocrx_word' id='word_1_140' title='bbox 560 1850 705 1911; x_wconf 85' lang='grc' dir='ltr'>πνεῖ,</span> <span class='ocrx_word' id='word_1_141' title='bbox 760 1844 851 1898; x_wconf 80' lang='grc' dir='ltr'>καὶ</span> <span class='ocrx_word' id='word_1_142' title='bbox 907 1844 1010 1913; x_wconf 81' lang='grc' dir='ltr'>τὴν</span> <span class='ocrx_word' id='word_1_143' title='bbox 1064 1843 1249 1919; x_wconf 70' lang='grc' dir='ltr'>φωνὴν</span> <span class='ocrx_word' id='word_1_144' title='bbox 1322 1840 1492 1896; x_wconf 78' lang='grc' dir='ltr'>αὐτοῦ</span> <span class='ocrx_word' id='word_1_145' title='bbox 1563 1837 1805 1895; x_wconf 71' lang='grc' dir='ltr'>ἀκούεις·</span> 
     </span>
    </p>
   </div>
   <div class='ocr_carea' id='block_1_22' title="bbox 1990 848 3568 926">
    <p class='ocr_par' dir='ltr' id='par_1_22' title="bbox 1990 848 3568 926">
     <span class='ocr_line' id='line_1_22' title="bbox 1990 848 3568 926; baseline 0 -20"><span class='ocrx_word' id='word_1_146' title='bbox 1990 848 2159 907; x_wconf 77' lang='lat' dir='ltr'>XVII.</span> <span class='ocrx_word' id='word_1_147' title='bbox 2189 853 2363 909; x_wconf 88' lang='lat' dir='ltr'>Facta</span> <span class='ocrx_word' id='word_1_148' title='bbox 2385 854 2554 910; x_wconf 83' lang='lat' dir='ltr'>estin</span> <span class='ocrx_word' id='word_1_149' title='bbox 2580 870 2783 909; x_wconf 90' lang='lat' dir='ltr'>eorum</span> <span class='ocrx_word' id='word_1_150' title='bbox 2809 855 2911 926; x_wconf 85' lang='lat' dir='ltr'>qui</span> <span class='ocrx_word' id='word_1_151' title='bbox 2937 852 3254 910; x_wconf 83' lang='lat' dir='ltr'>audierant</span> <span class='ocrx_word' id='word_1_152' title='bbox 3300 852 3568 908; x_wconf 85' lang='lat' dir='ltr'>multitu-</span> 
     </span>
    </p>
   </div>
   <div class='ocr_carea' id='block_1_23' title="bbox 1919 939 3571 1016">
    <p class='ocr_par' dir='ltr' id='par_1_23' title="bbox 1919 939 3571 1016">
     <span class='ocr_line' id='line_1_23' title="bbox 1919 939 3571 1016; baseline 0.001 -22"><span class='ocrx_word' id='word_1_153' title='bbox 1919 939 2057 995; x_wconf 89' lang='lat' dir='ltr'>dine</span> <span class='ocrx_word' id='word_1_154' title='bbox 2090 942 2359 999; x_wconf 87' lang='lat' dir='ltr'>confusio</span> <span class='ocrx_word' id='word_1_155' title='bbox 2392 942 2461 1013; x_wconf 71' lang='grc' dir='ltr'>θί,</span> <span class='ocrx_word' id='word_1_156' title='bbox 2494 943 2763 1000; x_wconf 84' lang='lat' dir='ltr'>confusio</span> <span class='ocrx_word' id='word_1_157' title='bbox 2794 944 3005 1012; x_wconf 89' lang='lat' dir='ltr'>altera,</span> <span class='ocrx_word' id='word_1_158' title='bbox 3064 943 3340 1016; x_wconf 89' lang='lat' dir='ltr'>opposita</span> <span class='ocrx_word' id='word_1_159' title='bbox 3385 940 3571 1013; x_wconf 82' lang='lat' dir='ltr'>priori</span> 
     </span>
    </p>
   </div>
   <div class='ocr_carea' id='block_1_24' title="bbox 1919 1029 3573 1107">
    <p class='ocr_par' dir='ltr' id='par_1_24' title="bbox 1919 1029 3573 1107">
     <span class='ocr_line' id='line_1_24' title="bbox 1919 1029 3573 1107; baseline -0.001 -20"><span class='ocrx_word' id='word_1_160' title='bbox 1919 1029 2007 1087; x_wconf 90' lang='lat' dir='ltr'>illi</span> <span class='ocrx_word' id='word_1_161' title='bbox 2040 1048 2233 1103; x_wconf 70' lang='lat' dir='ltr'>pravaa</span> <span class='ocrx_word' id='word_1_162' title='bbox 2265 1033 2328 1087; x_wconf 92' lang='lat' dir='ltr'>in</span> <span class='ocrx_word' id='word_1_163' title='bbox 2360 1032 2658 1107; x_wconf 85' lang='lat' dir='ltr'>Babylone</span> <span class='ocrx_word' id='word_1_164' title='bbox 2689 1033 3024 1089; x_wconf 84' lang='lat' dir='ltr'>confusioni</span> <span class='ocrx_word' id='word_1_165' title='bbox 3055 1033 3137 1087; x_wconf 68' lang='grc' dir='ltr'>ἐς</span> <span class='ocrx_word' id='word_1_166' title='bbox 3172 1033 3234 1087; x_wconf 93' lang='lat' dir='ltr'>in</span> <span class='ocrx_word' id='word_1_167' title='bbox 3264 1031 3367 1087; x_wconf 91' lang='lat' dir='ltr'>illa</span> <span class='ocrx_word' id='word_1_168' title='bbox 3389 1030 3573 1102; x_wconf 81' lang='lat' dir='ltr'>siqui~</span> 
     </span>
    </p>
   </div>
   <div class='ocr_carea' id='block_1_25' title="bbox 1921 1117 3572 1194">
    <p class='ocr_par' dir='ltr' id='par_1_25' title="bbox 1921 1117 3572 1194">
     <span class='ocr_line' id='line_1_25' title="bbox 1921 1117 3572 1194; baseline -0.001 -20"><span class='ocrx_word' id='word_1_169' title='bbox 1921 1117 2054 1175; x_wconf 89' lang='lat' dir='ltr'>dem</span> <span class='ocrx_word' id='word_1_170' title='bbox 2109 1120 2451 1194; x_wconf 82' lang='lat' dir='ltr'>linguarum</span> <span class='ocrx_word' id='word_1_171' title='bbox 2502 1123 2870 1192; x_wconf 79' lang='lat' dir='ltr'>confusione,</span> <span class='ocrx_word' id='word_1_172' title='bbox 2921 1123 3256 1178; x_wconf 87' lang='lat' dir='ltr'>animorum</span> <span class='ocrx_word' id='word_1_173' title='bbox 3308 1121 3459 1177; x_wconf 73' lang='lat'>273</span> <span class='ocrx_word' id='word_1_174' title='bbox 3505 1137 3572 1174; x_wconf 90' lang='lat' dir='ltr'>ac</span> 
     </span>
    </p>
   </div>
   <div class='ocr_carea' id='block_1_26' title="bbox 1920 1209 3571 1286">
    <p class='ocr_par' dir='ltr' id='par_1_26' title="bbox 1920 1209 3571 1286">
     <span class='ocr_line' id='line_1_26' title="bbox 1920 1209 3571 1286; baseline 0.001 -24"><span class='ocrx_word' id='word_1_175' title='bbox 1920 1209 2290 1268; x_wconf 82' lang='lat' dir='ltr'>voluntatum</span> <span class='ocrx_word' id='word_1_176' title='bbox 2306 1211 2514 1268; x_wconf 86' lang='lat' dir='ltr'>divisio</span> <span class='ocrx_word' id='word_1_177' title='bbox 2540 1214 2669 1281; x_wconf 90' lang='lat' dir='ltr'>fuit,</span> <span class='ocrx_word' id='word_1_178' title='bbox 2691 1212 3172 1286; x_wconf 87' lang='lat' dir='ltr'>quandoquidem</span> <span class='ocrx_word' id='word_1_179' title='bbox 3188 1211 3431 1266; x_wconf 88' lang='lat' dir='ltr'>inimica</span> <span class='ocrx_word' id='word_1_180' title='bbox 3453 1210 3571 1264; x_wconf 89' lang='lat' dir='ltr'>Deo</span> 
     </span>
    </p>
   </div>
   <div class='ocr_carea' id='block_1_27' title="bbox 1918 1300 3574 1377">
    <p class='ocr_par' dir='ltr' id='par_1_27' title="bbox 1918 1300 3574 1377">
     <span class='ocr_line' id='line_1_27' title="bbox 1918 1300 3574 1377; baseline -0.001 -20"><span class='ocrx_word' id='word_1_181' title='bbox 1918 1300 2114 1359; x_wconf 81' lang='lat' dir='ltr'>fuerat</span> <span class='ocrx_word' id='word_1_182' title='bbox 2130 1310 2417 1376; x_wconf 89' lang='lat' dir='ltr'>concepta</span> <span class='ocrx_word' id='word_1_183' title='bbox 2438 1305 2712 1377; x_wconf 74' lang='lat' dir='ltr'>cogitatio</span> <span class='ocrx_word' id='word_1_184' title='bbox 2733 1327 2747 1372; x_wconf 88' lang='lat'><strong>;</strong></span> <span class='ocrx_word' id='word_1_185' title='bbox 2770 1305 2866 1361; x_wconf 89' lang='lat' dir='ltr'>hic</span> <span class='ocrx_word' id='word_1_186' title='bbox 2889 1322 3024 1360; x_wconf 91' lang='lat' dir='ltr'>vero</span> <span class='ocrx_word' id='word_1_187' title='bbox 3044 1303 3331 1360; x_wconf 68' lang='lat' dir='ltr'>restituta:</span> <span class='ocrx_word' id='word_1_188' title='bbox 3360 1307 3417 1357; x_wconf 92' lang='lat' dir='ltr'>et</span> <span class='ocrx_word' id='word_1_189' title='bbox 3433 1300 3574 1357; x_wconf 85' lang='lat' dir='ltr'>adu-</span> 
     </span>
    </p>
   </div>
   <div class='ocr_carea' id='block_1_28' title="bbox 1921 1389 3572 1468">
    <p class='ocr_par' dir='ltr' id='par_1_28' title="bbox 1921 1389 3572 1468">
     <span class='ocr_line' id='line_1_28' title="bbox 1921 1389 3572 1468; baseline -0.002 -19"><span class='ocrx_word' id='word_1_190' title='bbox 1921 1400 2075 1450; x_wconf 70' lang='lat' dir='ltr'>nataa</span> <span class='ocrx_word' id='word_1_191' title='bbox 2108 1395 2400 1450; x_wconf 87' lang='lat' dir='ltr'>mentium</span> <span class='ocrx_word' id='word_1_192' title='bbox 2421 1396 2753 1463; x_wconf 66' lang='lat' dir='ltr'>sententiae,</span> <span class='ocrx_word' id='word_1_193' title='bbox 2783 1396 3060 1468; x_wconf 88' lang='lat' dir='ltr'>quoniam</span> <span class='ocrx_word' id='word_1_194' title='bbox 3082 1395 3247 1467; x_wconf 92' lang='lat' dir='ltr'>pium</span> <span class='ocrx_word' id='word_1_195' title='bbox 3276 1389 3572 1463; x_wconf 85' lang='lat' dir='ltr'>eratquod</span> 
     </span>
    </p>
   </div>
   <div class='ocr_carea' id='block_1_29' title="bbox 1920 1484 3572 1557">
    <p class='ocr_par' dir='ltr' id='par_1_29' title="bbox 1920 1484 3572 1557">
     <span class='ocr_line' id='line_1_29' title="bbox 1920 1484 3572 1557; baseline -0.003 -17"><span class='ocrx_word' id='word_1_196' title='bbox 1920 1484 2353 1556; x_wconf 81' lang='lat' dir='ltr'>properabatur</span> <span class='ocrx_word' id='word_1_197' title='bbox 2382 1486 2666 1543; x_wconf 88' lang='lat' dir='ltr'>studium.</span> <span class='ocrx_word' id='word_1_198' title='bbox 2699 1488 2810 1542; x_wconf 90' lang='lat' dir='ltr'>Per</span> <span class='ocrx_word' id='word_1_199' title='bbox 2839 1503 2971 1557; x_wconf 73' lang='lat' dir='ltr'>qua:</span> <span class='ocrx_word' id='word_1_200' title='bbox 3003 1485 3249 1557; x_wconf 76' lang='lat' dir='ltr'>contigit</span> <span class='ocrx_word' id='word_1_201' title='bbox 3268 1498 3572 1554; x_wconf 81' lang='lat' dir='ltr'>casusper</span> 
     </span>
    </p>
   </div>
   <div class='ocr_carea' id='block_1_30' title="bbox 1920 1573 3574 1637">
    <p class='ocr_par' dir='ltr' id='par_1_30' title="bbox 1920 1573 3574 1637">
     <span class='ocr_line' id='line_1_30' title="bbox 1920 1573 3574 1637; baseline -0.002 -9"><span class='ocrx_word' id='word_1_202' title='bbox 1920 1573 2132 1630; x_wconf 88' lang='lat' dir='ltr'>eadem</span> <span class='ocrx_word' id='word_1_203' title='bbox 2162 1574 2443 1632; x_wconf 86' lang='lat' dir='ltr'>reversio.</span> <span class='ocrx_word' id='word_1_204' title='bbox 2477 1576 2623 1631; x_wconf 85' lang='lat' dir='ltr'>Hinc</span> <span class='ocrx_word' id='word_1_205' title='bbox 2655 1575 3106 1632; x_wconf 86' lang='lat' dir='ltr'>admirabantur</span> <span class='ocrx_word' id='word_1_206' title='bbox 3123 1574 3574 1637; x_wconf 77' lang='lat' dir='ltr'>dicenteszouo-</span> 
     </span>
    </p>
   </div>
   <div class='ocr_carea' id='block_1_31' title="bbox 1922 1661 3571 1735">
    <p class='ocr_par' dir='ltr' id='par_1_31' title="bbox 1922 1661 3571 1735">
     <span class='ocr_line' id='line_1_31' title="bbox 1922 1661 3571 1735; baseline -0.004 -15"><span class='ocrx_word' id='word_1_207' title='bbox 1922 1664 2081 1720; x_wconf 85' lang='lat' dir='ltr'>modo</span> <span class='ocrx_word' id='word_1_208' title='bbox 2112 1680 2208 1721; x_wconf 87' lang='lat' dir='ltr'>nos</span> <span class='ocrx_word' id='word_1_209' title='bbox 2238 1666 2495 1721; x_wconf 82' lang='lat' dir='ltr'>audimus</span> <span class='ocrx_word' id='word_1_210' title='bbox 2520 1666 2799 1735; x_wconf 80' lang='lat' dir='ltr'>loquentes</span> <span class='ocrx_word' id='word_1_211' title='bbox 2828 1665 2951 1721; x_wconf 85' lang='lat' dir='ltr'>illos</span> <span class='ocrx_word' id='word_1_212' title='bbox 2972 1663 3058 1721; x_wconf 68' lang='lat'>93?</span> <span class='ocrx_word' id='word_1_213' title='bbox 3079 1664 3207 1719; x_wconf 82' lang='lat' dir='ltr'>Miri</span> <span class='ocrx_word' id='word_1_214' title='bbox 3233 1661 3385 1719; x_wconf 88' lang='lat' dir='ltr'>nihil</span> <span class='ocrx_word' id='word_1_215' title='bbox 3410 1662 3571 1715; x_wconf 90' lang='lat' dir='ltr'>sivos</span> 
     </span>
    </p>
   </div>
   <div class='ocr_carea' id='block_1_32' title="bbox 1923 1754 3573 1826">
    <p class='ocr_par' dir='ltr' id='par_1_32' title="bbox 1923 1754 3573 1826">
     <span class='ocr_line' id='line_1_32' title="bbox 1923 1754 3573 1826; baseline -0.002 -18"><span class='ocrx_word' id='word_1_216' title='bbox 1923 1754 2229 1826; x_wconf 78' lang='lat' dir='ltr'>ignoratis.</span> <span class='ocrx_word' id='word_1_217' title='bbox 2259 1757 2405 1811; x_wconf 73' lang='lat' dir='ltr'>Nam</span> <span class='ocrx_word' id='word_1_218' title='bbox 2455 1760 2515 1811; x_wconf 89' lang='lat' dir='ltr'>et</span> <span class='ocrx_word' id='word_1_219' title='bbox 2571 1756 2924 1811; x_wconf 87' lang='lat' dir='ltr'>Nicodemus</span> <span class='ocrx_word' id='word_1_220' title='bbox 2973 1754 3225 1826; x_wconf 87' lang='lat' dir='ltr'>Spiritus</span> <span class='ocrx_word' id='word_1_221' title='bbox 3268 1767 3573 1808; x_wconf 84' lang='lat' dir='ltr'>accessum</span> 
     </span>
    </p>
   </div>
   <div class='ocr_carea' id='block_1_33' title="bbox 1924 1842 3575 1915">
    <p class='ocr_par' dir='ltr' id='par_1_33' title="bbox 1924 1842 3575 1915">
     <span class='ocr_line' id='line_1_33' title="bbox 1924 1842 3575 1915; baseline 0.001 -18"><span class='ocrx_word' id='word_1_222' title='bbox 1924 1842 2235 1915; x_wconf 78' lang='lat' dir='ltr'>ignoravit,</span> <span class='ocrx_word' id='word_1_223' title='bbox 2266 1849 2447 1915; x_wconf 88' lang='lat' dir='ltr'>atque</span> <span class='ocrx_word' id='word_1_224' title='bbox 2478 1844 2591 1915; x_wconf 89' lang='lat' dir='ltr'>ipsi</span> <span class='ocrx_word' id='word_1_225' title='bbox 2622 1844 2847 1900; x_wconf 89' lang='lat' dir='ltr'>dictum</span> <span class='ocrx_word' id='word_1_226' title='bbox 2883 1849 3007 1899; x_wconf 89' lang='lat' dir='ltr'>est:</span> <span class='ocrx_word' id='word_1_227' title='bbox 3041 1844 3284 1914; x_wconf 81' lang='lat' dir='ltr'>Spiritus</span> <span class='ocrx_word' id='word_1_228' title='bbox 3314 1843 3409 1898; x_wconf 74' lang='lat' dir='ltr'>ubi</span> <span class='ocrx_word' id='word_1_229' title='bbox 3458 1843 3575 1898; x_wconf 79' lang='lat' dir='ltr'>vult</span> 
     </span>
    </p>
   </div>
   <div class='ocr_carea' id='block_1_34' title="bbox 142 1922 1786 2009">
    <p class='ocr_par' dir='ltr' id='par_1_34' title="bbox 142 1928 1785 2009">
     <span class='ocr_line' id='line_1_34' title="bbox 142 1928 1785 2009; baseline -0.005 -18"><span class='ocrx_word' id='word_1_230' title='bbox 142 1934 280 1991; x_wconf 79' lang='grc' dir='ltr'>ἀλλ’</span> <span class='ocrx_word' id='word_1_231' title='bbox 314 1928 416 1990; x_wconf 74' lang='grc' dir='ltr'>οὖκ</span> <span class='ocrx_word' id='word_1_232' title='bbox 448 1931 599 1997; x_wconf 76' lang='grc' dir='ltr'>οἶδας</span> <span class='ocrx_word' id='word_1_233' title='bbox 651 1933 817 1998; x_wconf 81' lang='grc' dir='ltr'>πόθεν</span> <span class='ocrx_word' id='word_1_234' title='bbox 884 1928 1108 2009; x_wconf 79' lang='grc' dir='ltr'>ἔρχεται</span> <span class='ocrx_word' id='word_1_235' title='bbox 1164 1931 1255 1985; x_wconf 75' lang='grc' dir='ltr'>καὶ</span> <span class='ocrx_word' id='word_1_236' title='bbox 1304 1932 1408 1984; x_wconf 78' lang='grc' dir='ltr'>ποῦ</span> <span class='ocrx_word' id='word_1_237' title='bbox 1467 1930 1657 2005; x_wconf 76' lang='grc' dir='ltr'>ὑπάγει</span> <span class='ocrx_word' id='word_1_238' title='bbox 1714 1930 1785 2000; x_wconf 82' lang='grc'>(1)</span> 
     </span>
    </p>
   </div>
   <div class='ocr_carea' id='block_1_35' title="bbox 1989 1922 3571 2009">
    <p class='ocr_par' dir='ltr' id='par_1_35' title="bbox 1989 1934 3571 2004">
     <span class='ocr_line' id='line_1_35' title="bbox 1989 1934 3571 2004; baseline 0.001 -18"><span class='ocrx_word' id='word_1_239' title='bbox 1989 1934 2118 2000; x_wconf 85' lang='lat' dir='ltr'>irat,</span> <span class='ocrx_word' id='word_1_240' title='bbox 2146 1940 2199 1987; x_wconf 88' lang='lat' dir='ltr'>et</span> <span class='ocrx_word' id='word_1_241' title='bbox 2246 1950 2430 1989; x_wconf 69' lang='lat' dir='ltr'>uocem</span> <span class='ocrx_word' id='word_1_242' title='bbox 2458 1935 2576 2004; x_wconf 83' lang='lat' dir='ltr'>ejus</span> <span class='ocrx_word' id='word_1_243' title='bbox 2607 1934 2766 1989; x_wconf 82' lang='lat' dir='ltr'>audis</span> <span class='ocrx_word' id='word_1_244' title='bbox 2785 1952 2808 1999; x_wconf 87' lang='lat'><em>;</em></span> <span class='ocrx_word' id='word_1_245' title='bbox 2835 1934 2928 1988; x_wconf 88' lang='lat' dir='ltr'>sed</span> <span class='ocrx_word' id='word_1_246' title='bbox 2956 1935 3128 1989; x_wconf 85' lang='lat' dir='ltr'>nescis</span> <span class='ocrx_word' id='word_1_247' title='bbox 3160 1934 3304 1989; x_wconf 88' lang='lat' dir='ltr'>unde</span> <span class='ocrx_word' id='word_1_248' title='bbox 3349 1934 3494 1988; x_wconf 63' lang='lat' dir='ltr'>venit</span> <span class='ocrx_word' id='word_1_249' title='bbox 3521 1939 3571 1988; x_wconf 87' lang='lat' dir='ltr'>et</span> 
     </span>
    </p>
   </div>
   <div class='ocr_carea' id='block_1_36' title="bbox 144 2015 1811 2101">
    <p class='ocr_par' dir='ltr' id='par_1_36' title="bbox 144 2015 1811 2101">
     <span class='ocr_line' id='line_1_36' title="bbox 144 2015 1811 2101; baseline -0.004 -21"><span class='ocrx_word' id='word_1_250' title='bbox 144 2023 192 2079; x_wconf 73' lang='grc' dir='ltr'>εἰ</span> <span class='ocrx_word' id='word_1_251' title='bbox 228 2021 293 2080; x_wconf 73' lang='grc' dir='ltr'>δὶ</span> <span class='ocrx_word' id='word_1_252' title='bbox 325 2022 422 2079; x_wconf 64' lang='grc' dir='ltr'>καῖ⁵</span> <span class='ocrx_word' id='word_1_253' title='bbox 450 2025 553 2092; x_wconf 78' lang='grc' dir='ltr'>τὴν</span> <span class='ocrx_word' id='word_1_254' title='bbox 585 2023 770 2101; x_wconf 74' lang='grc' dir='ltr'>φωνὴν</span> <span class='ocrx_word' id='word_1_255' title='bbox 804 2020 970 2077; x_wconf 78' lang='grc' dir='ltr'>αὐτοῦ</span> <span class='ocrx_word' id='word_1_256' title='bbox 1003 2021 1089 2077; x_wconf 80' lang='grc' dir='ltr'>ἔὰν</span> <span class='ocrx_word' id='word_1_257' title='bbox 1122 2018 1361 2089; x_wconf 76' lang='grc' dir='ltr'>ἀκούσω,</span> <span class='ocrx_word' id='word_1_258' title='bbox 1414 2018 1515 2074; x_wconf 77' lang='grc' dir='ltr'>οὐκ</span> <span class='ocrx_word' id='word_1_259' title='bbox 1558 2015 1679 2074; x_wconf 73' lang='grc' dir='ltr'>οἶδα</span> <span class='ocrx_word' id='word_1_260' title='bbox 1708 2017 1811 2073; x_wconf 81' lang='grc' dir='ltr'>πόο</span> 
     </span>
    </p>
   </div>
   <div class='ocr_carea' id='block_1_37' title="bbox 145 2106 1813 2190">
    <p class='ocr_par' dir='ltr' id='par_1_37' title="bbox 145 2106 1813 2190">
     <span class='ocr_line' id='line_1_37' title="bbox 145 2106 1813 2190; baseline -0.005 -20"><span class='ocrx_word' id='word_1_261' title='bbox 145 2116 237 2169; x_wconf 83' lang='grc' dir='ltr'>θεν</span> <span class='ocrx_word' id='word_1_262' title='bbox 262 2113 515 2190; x_wconf 81' lang='grc' dir='ltr'>ἔρχεται·</span> <span class='ocrx_word' id='word_1_263' title='bbox 547 2112 677 2169; x_wconf 77' lang='grc' dir='ltr'>αὐτὸ</span> <span class='ocrx_word' id='word_1_264' title='bbox 706 2111 759 2168; x_wconf 77' lang='grc' dir='ltr'>τί</span> <span class='ocrx_word' id='word_1_265' title='bbox 799 2106 933 2167; x_wconf 81' lang='grc' dir='ltr'>ποτέ</span> <span class='ocrx_word' id='word_1_266' title='bbox 989 2109 1099 2166; x_wconf 69' lang='grc' dir='ltr'>ἔστι</span> <span class='ocrx_word' id='word_1_267' title='bbox 1156 2112 1256 2181; x_wconf 81' lang='grc' dir='ltr'>τὴν</span> <span class='ocrx_word' id='word_1_268' title='bbox 1318 2108 1632 2179; x_wconf 82' lang='grc' dir='ltr'>ὑπόστασιν,</span> <span class='ocrx_word' id='word_1_269' title='bbox 1694 2111 1813 2170; x_wconf 74' lang='grc' dir='ltr'>πῶς</span> 
     </span>
    </p>
   </div>
   <div class='ocr_carea' id='block_1_38' title="bbox 146 2200 839 2278">
    <p class='ocr_par' dir='ltr' id='par_1_38' title="bbox 146 2200 839 2278">
     <span class='ocr_line' id='line_1_38' title="bbox 146 2200 839 2278; baseline 0 -21"><span class='ocrx_word' id='word_1_270' title='bbox 146 2201 282 2258; x_wconf 73' lang='grc' dir='ltr'>δῦνα</span> <span class='ocrx_word' id='word_1_271' title='bbox 295 2224 396 2277; x_wconf 84' lang='grc' dir='ltr'>μαι</span> <span class='ocrx_word' id='word_1_272' title='bbox 433 2200 797 2278; x_wconf 77' lang='grc' dir='ltr'>διηγήσασθαι</span> <span class='ocrx_word' id='word_1_273' title='bbox 824 2221 839 2273; x_wconf 89' lang='grc'><strong>;</strong></span> 
     </span>
    </p>
   </div>
   <div class='ocr_carea' id='block_1_39' title="bbox 220 2284 1812 2366">
    <p class='ocr_par' dir='ltr' id='par_1_39' title="bbox 220 2284 1812 2366">
     <span class='ocr_line' id='line_1_39' title="bbox 220 2284 1812 2366; baseline -0.004 -16"><span class='ocrx_word' id='word_1_274' title='bbox 220 2295 335 2350; x_wconf 85' lang='lat' dir='ltr'>IH&#39;.</span> <span class='ocrx_word' id='word_1_275' title='bbox 422 2291 629 2349; x_wconf 75' lang='grc' dir='ltr'>’Ἄλλοι</span> <span class='ocrx_word' id='word_1_276' title='bbox 707 2290 763 2347; x_wconf 72' lang='grc' dir='ltr'>δὲ</span> <span class='ocrx_word' id='word_1_277' title='bbox 850 2288 1298 2366; x_wconf 80' lang='grc' dir='ltr'>διαχλενάζοντες</span> <span class='ocrx_word' id='word_1_278' title='bbox 1405 2284 1618 2362; x_wconf 75' lang='grc' dir='ltr'>ἔλεγον,</span> <span class='ocrx_word' id='word_1_279' title='bbox 1728 2288 1812 2343; x_wconf 79' lang='grc' dir='ltr'>δτι</span> 
     </span>
    </p>
   </div>
   <div class='ocr_carea' id='block_1_40' title="bbox 150 2376 1810 2455">
    <p class='ocr_par' dir='ltr' id='par_1_40' title="bbox 150 2376 1810 2455">
     <span class='ocr_line' id='line_1_40' title="bbox 150 2376 1810 2455; baseline -0.003 -19"><span class='ocrx_word' id='word_1_280' title='bbox 150 2380 438 2444; x_wconf 78' lang='grc' dir='ltr'>Γλεύκους</span> <span class='ocrx_word' id='word_1_281' title='bbox 495 2383 573 2455; x_wconf 74' lang='lat'>(2)</span> <span class='ocrx_word' id='word_1_282' title='bbox 662 2380 1075 2454; x_wconf 71' lang='grc' dir='ltr'>μεμεστωμένοι</span> <span class='ocrx_word' id='word_1_283' title='bbox 1155 2378 1305 2433; x_wconf 71' lang='grc' dir='ltr'>εἰσίν·</span> <span class='ocrx_word' id='word_1_284' title='bbox 1386 2376 1631 2452; x_wconf 77' lang='grc' dir='ltr'>λέγοντες</span> <span class='ocrx_word' id='word_1_285' title='bbox 1714 2377 1810 2450; x_wconf 69' lang='grc' dir='ltr'>μὲν</span> 
     </span>
    </p>
   </div>
   <div class='ocr_carea' id='block_1_41' title="bbox 154 2465 1810 2546">
    <p class='ocr_par' dir='ltr' id='par_1_41' title="bbox 154 2465 1810 2546">
     <span class='ocr_line' id='line_1_41' title="bbox 154 2465 1810 2546; baseline -0.002 -20"><span class='ocrx_word' id='word_1_286' title='bbox 154 2471 407 2541; x_wconf 78' lang='grc' dir='ltr'>ἀληθῶς,</span> <span class='ocrx_word' id='word_1_287' title='bbox 440 2470 585 2527; x_wconf 82' lang='grc' dir='ltr'>ἀλλά</span> <span class='ocrx_word' id='word_1_288' title='bbox 613 2468 1013 2546; x_wconf 78' lang='grc' dir='ltr'>χλευαστικῶς’</span> <span class='ocrx_word' id='word_1_289' title='bbox 1072 2468 1195 2530; x_wconf 85' lang='grc' dir='ltr'>νέος</span> <span class='ocrx_word' id='word_1_290' title='bbox 1251 2468 1353 2543; x_wconf 79' lang='grc' dir='ltr'>γὰρ</span> <span class='ocrx_word' id='word_1_291' title='bbox 1411 2466 1476 2535; x_wconf 70' lang='grc' dir='ltr'>ἦν</span> <span class='ocrx_word' id='word_1_292' title='bbox 1526 2465 1747 2537; x_wconf 78' lang='grc' dir='ltr'>ἀληθῶς</span> <span class='ocrx_word' id='word_1_293' title='bbox 1781 2467 1810 2522; x_wconf 76' lang='grc'>6</span> 
     </span>
    </p>
   </div>
   <div class='ocr_carea' id='block_1_42' title="bbox 158 2555 1811 2635">
    <p class='ocr_par' dir='ltr' id='par_1_42' title="bbox 158 2555 1811 2635">
     <span class='ocr_line' id='line_1_42' title="bbox 158 2555 1811 2635; baseline -0.004 -19"><span class='ocrx_word' id='word_1_294' title='bbox 158 2562 333 2626; x_wconf 73' lang='grc' dir='ltr'>οἶνος,</span> <span class='ocrx_word' id='word_1_295' title='bbox 392 2567 594 2630; x_wconf 80' lang='grc' dir='ltr'>Καινῆς</span> <span class='ocrx_word' id='word_1_296' title='bbox 651 2560 984 2631; x_wconf 77' lang='grc' dir='ltr'>Διαθήκηςή</span> <span class='ocrx_word' id='word_1_297' title='bbox 1017 2558 1202 2635; x_wconf 78' lang='grc' dir='ltr'>χάρις·</span> <span class='ocrx_word' id='word_1_298' title='bbox 1265 2555 1390 2613; x_wconf 78' lang='grc' dir='ltr'>ἀλλ’</span> <span class='ocrx_word' id='word_1_299' title='bbox 1420 2558 1449 2612; x_wconf 89' lang='grc' dir='ltr'><strong>ὁ</strong></span> <span class='ocrx_word' id='word_1_300' title='bbox 1478 2557 1596 2621; x_wconf 84' lang='grc' dir='ltr'>νέος</span> <span class='ocrx_word' id='word_1_301' title='bbox 1654 2556 1811 2617; x_wconf 81' lang='grc' dir='ltr'>οὗτος</span> 
     </span>
    </p>
   </div>
   <div class='ocr_carea' id='block_1_43' title="bbox 156 2644 1808 2723">
    <p class='ocr_par' dir='ltr' id='par_1_43' title="bbox 156 2644 1808 2723">
     <span class='ocr_line' id='line_1_43' title="bbox 156 2644 1808 2723; baseline -0.003 -18"><span class='ocrx_word' id='word_1_302' title='bbox 156 2650 324 2721; x_wconf 76' lang='grc' dir='ltr'>οἶνος,</span> <span class='ocrx_word' id='word_1_303' title='bbox 357 2650 467 2706; x_wconf 79' lang='grc' dir='ltr'>ἀπὸ</span> <span class='ocrx_word' id='word_1_304' title='bbox 499 2656 700 2721; x_wconf 83' lang='grc' dir='ltr'>νοητῆς</span> <span class='ocrx_word' id='word_1_305' title='bbox 728 2649 1004 2723; x_wconf 78' lang='grc' dir='ltr'>ἀμπέλου,</span> <span class='ocrx_word' id='word_1_306' title='bbox 1040 2644 1313 2709; x_wconf 75' lang='grc' dir='ltr'>πολλάκις</span> <span class='ocrx_word' id='word_1_307' title='bbox 1361 2644 1469 2717; x_wconf 71' lang='grc' dir='ltr'>ἤδη</span> <span class='ocrx_word' id='word_1_308' title='bbox 1529 2666 1808 2723; x_wconf 82' lang='grc' dir='ltr'>καρποφο-</span> 
     </span>
    </p>
   </div>
   <div class='ocr_carea' id='block_1_44' title="bbox 160 2735 1806 2818">
    <p class='ocr_par' dir='ltr' id='par_1_44' title="bbox 160 2735 1806 2818">
     <span class='ocr_line' id='line_1_44' title="bbox 160 2735 1806 2818; baseline -0.004 -22"><span class='ocrx_word' id='word_1_309' title='bbox 160 2745 405 2816; x_wconf 80' lang='grc' dir='ltr'>ρησάσης</span> <span class='ocrx_word' id='word_1_310' title='bbox 425 2739 477 2796; x_wconf 75' lang='grc' dir='ltr'>ἐν</span> <span class='ocrx_word' id='word_1_311' title='bbox 506 2743 834 2818; x_wconf 73' lang='grc' dir='ltr'>προφήταις,</span> <span class='ocrx_word' id='word_1_312' title='bbox 869 2738 960 2794; x_wconf 79' lang='grc' dir='ltr'>καί</span> <span class='ocrx_word' id='word_1_313' title='bbox 991 2737 1043 2793; x_wconf 80' lang='grc' dir='ltr'>έν</span> <span class='ocrx_word' id='word_1_314' title='bbox 1076 2739 1253 2811; x_wconf 86' lang='grc' dir='ltr'>Καινῇ</span> <span class='ocrx_word' id='word_1_315' title='bbox 1286 2737 1525 2811; x_wconf 77' lang='grc' dir='ltr'>Διαθήκῃ</span> <span class='ocrx_word' id='word_1_316' title='bbox 1566 2735 1806 2812; x_wconf 76' lang='grc' dir='ltr'>βλαστη-</span> 
     </span>
    </p>
   </div>
   <div class='ocr_carea' id='block_1_45' title="bbox 156 2824 1807 2905">
    <p class='ocr_par' dir='ltr' id='par_1_45' title="bbox 156 2824 1807 2905">
     <span class='ocr_line' id='line_1_45' title="bbox 156 2824 1807 2905; baseline -0.002 -20"><span class='ocrx_word' id='word_1_317' title='bbox 156 2830 350 2900; x_wconf 71' lang='grc' dir='ltr'>σάσης.</span> <span class='ocrx_word' id='word_1_318' title='bbox 377 2832 582 2905; x_wconf 82' lang='grc' dir='ltr'>Ὥσπερ</span> <span class='ocrx_word' id='word_1_319' title='bbox 605 2831 709 2905; x_wconf 82' lang='grc' dir='ltr'>γὰρ</span> <span class='ocrx_word' id='word_1_320' title='bbox 743 2828 1040 2899; x_wconf 73' lang='grc' dir='ltr'>αἲσθητῶς,</span> <span class='ocrx_word' id='word_1_321' title='bbox 1071 2831 1107 2898; x_wconf 74' lang='grc' dir='ltr'><strong>ἢ</strong></span> <span class='ocrx_word' id='word_1_322' title='bbox 1144 2828 1240 2900; x_wconf 74' lang='grc' dir='ltr'>μὶν</span> <span class='ocrx_word' id='word_1_323' title='bbox 1272 2824 1521 2899; x_wconf 72' lang='grc' dir='ltr'>ἄμπελος</span> <span class='ocrx_word' id='word_1_324' title='bbox 1550 2825 1628 2881; x_wconf 78' lang='grc' dir='ltr'>ἀεὶ</span> <span class='ocrx_word' id='word_1_325' title='bbox 1664 2824 1807 2899; x_wconf 80' lang='grc' dir='ltr'>μένει</span> 
     </span>
    </p>
   </div>
   <div class='ocr_carea' id='block_1_46' title="bbox 156 2915 1810 2993">
    <p class='ocr_par' dir='ltr' id='par_1_46' title="bbox 156 2915 1810 2993">
     <span class='ocr_line' id='line_1_46' title="bbox 156 2915 1810 2993; baseline -0.003 -19"><span class='ocrx_word' id='word_1_326' title='bbox 156 2922 189 2989; x_wconf 78' lang='grc' dir='ltr'><strong>ἡ</strong></span> <span class='ocrx_word' id='word_1_327' title='bbox 217 2919 379 2990; x_wconf 75' lang='grc' dir='ltr'>αὐτή·</span> <span class='ocrx_word' id='word_1_328' title='bbox 414 2919 552 2973; x_wconf 81' lang='grc' dir='ltr'>κατὰ</span> <span class='ocrx_word' id='word_1_329' title='bbox 582 2916 639 2974; x_wconf 76' lang='grc' dir='ltr'>δὲ</span> <span class='ocrx_word' id='word_1_330' title='bbox 666 2919 891 2993; x_wconf 82' lang='grc' dir='ltr'>καιροὺς</span> <span class='ocrx_word' id='word_1_331' title='bbox 923 2920 1022 2991; x_wconf 89' lang='grc'>(3),</span> <span class='ocrx_word' id='word_1_332' title='bbox 1046 2917 1392 2992; x_wconf 69' lang='grc' dir='ltr'>καινοτέρους</span> <span class='ocrx_word' id='word_1_333' title='bbox 1425 2915 1635 2993; x_wconf 68' lang='grc' dir='ltr'>ἐκφέρει</span> <span class='ocrx_word' id='word_1_334' title='bbox 1673 2935 1810 2990; x_wconf 79' lang='grc' dir='ltr'>καρ-</span> 
     </span>
    </p>
   </div>
   <div class='ocr_carea' id='block_1_47' title="bbox 158 3003 1807 3080">
    <p class='ocr_par' dir='ltr' id='par_1_47' title="bbox 158 3003 1807 3080">
     <span class='ocr_line' id='line_1_47' title="bbox 158 3003 1807 3080; baseline -0.002 -17"><span class='ocrx_word' id='word_1_335' title='bbox 158 3007 321 3071; x_wconf 73' lang='grc' dir='ltr'>ποῦςο</span> <span class='ocrx_word' id='word_1_336' title='bbox 356 3007 615 3063; x_wconf 72' lang='grc' dir='ltr'>οὕτωκαὶ</span> <span class='ocrx_word' id='word_1_337' title='bbox 667 3010 730 3062; x_wconf 85' lang='grc' dir='ltr'>τὸ</span> <span class='ocrx_word' id='word_1_338' title='bbox 787 3006 920 3063; x_wconf 84' lang='grc' dir='ltr'>αὐτὸ</span> <span class='ocrx_word' id='word_1_339' title='bbox 985 3008 1207 3080; x_wconf 71' lang='grc' dir='ltr'>Πνεῦμα</span> <span class='ocrx_word' id='word_1_340' title='bbox 1266 3006 1421 3079; x_wconf 84' lang='grc' dir='ltr'>μένον</span> <span class='ocrx_word' id='word_1_341' title='bbox 1480 3004 1611 3080; x_wconf 79' lang='grc' dir='ltr'>ὅπερ</span> <span class='ocrx_word' id='word_1_342' title='bbox 1672 3003 1807 3074; x_wconf 79' lang='grc' dir='ltr'>ἐστὶ,</span> 
     </span>
    </p>
   </div>
   <div class='ocr_carea' id='block_1_48' title="bbox 153 3093 1806 3175">
    <p class='ocr_par' dir='ltr' id='par_1_48' title="bbox 153 3093 1806 3175">
     <span class='ocr_line' id='line_1_48' title="bbox 153 3093 1806 3175; baseline -0.001 -24"><span class='ocrx_word' id='word_1_343' title='bbox 153 3098 241 3152; x_wconf 85' lang='grc' dir='ltr'>καὶ</span> <span class='ocrx_word' id='word_1_344' title='bbox 268 3096 544 3159; x_wconf 66' lang='grc' dir='ltr'>πολλάκις</span> <span class='ocrx_word' id='word_1_345' title='bbox 581 3096 633 3152; x_wconf 79' lang='grc' dir='ltr'>ἐν</span> <span class='ocrx_word' id='word_1_346' title='bbox 690 3098 999 3175; x_wconf 74' lang='grc' dir='ltr'>προφήταις</span> <span class='ocrx_word' id='word_1_347' title='bbox 1056 3094 1371 3171; x_wconf 78' lang='grc' dir='ltr'>ἐνεργῆσαν,</span> <span class='ocrx_word' id='word_1_348' title='bbox 1429 3099 1518 3149; x_wconf 77' lang='grc' dir='ltr'>νῦν</span> <span class='ocrx_word' id='word_1_349' title='bbox 1578 3093 1697 3150; x_wconf 86' lang='grc' dir='ltr'>νέον</span> <span class='ocrx_word' id='word_1_350' title='bbox 1752 3114 1806 3149; x_wconf 87' lang='grc' dir='ltr'>τι</span> 
     </span>
    </p>
   </div>
   <div class='ocr_carea' id='block_1_49' title="bbox 152 3183 1803 3263">
    <p class='ocr_par' dir='ltr' id='par_1_49' title="bbox 152 3183 1803 3263">
     <span class='ocr_line' id='line_1_49' title="bbox 152 3183 1803 3263; baseline -0.002 -22"><span class='ocrx_word' id='word_1_351' title='bbox 152 3187 239 3241; x_wconf 80' lang='grc' dir='ltr'>καὶ</span> <span class='ocrx_word' id='word_1_352' title='bbox 295 3188 598 3259; x_wconf 78' lang='grc' dir='ltr'>θαυμάσιον</span> <span class='ocrx_word' id='word_1_353' title='bbox 688 3183 1012 3257; x_wconf 70' lang='grc' dir='ltr'>ἕνεδείξατο.</span> <span class='ocrx_word' id='word_1_354' title='bbox 1086 3190 1325 3263; x_wconf 74' lang='grc' dir='ltr'>Ἕφθασε</span> <span class='ocrx_word' id='word_1_355' title='bbox 1411 3185 1506 3258; x_wconf 73' lang='grc' dir='ltr'>μὶν</span> <span class='ocrx_word' id='word_1_356' title='bbox 1561 3185 1663 3260; x_wconf 81' lang='grc' dir='ltr'>γὰρ</span> <span class='ocrx_word' id='word_1_357' title='bbox 1713 3184 1803 3240; x_wconf 78' lang='grc' dir='ltr'>καὶ</span> 
     </span>
    </p>
   </div>
   <div class='ocr_carea' id='block_1_50' title="bbox 1920 2021 3571 2094">
    <p class='ocr_par' dir='ltr' id='par_1_50' title="bbox 1920 2021 3571 2094">
     <span class='ocr_line' id='line_1_50' title="bbox 1920 2021 3571 2094; baseline -0.001 -17"><span class='ocrx_word' id='word_1_358' title='bbox 1920 2038 2027 2093; x_wconf 86' lang='lat' dir='ltr'>quo</span> <span class='ocrx_word' id='word_1_359' title='bbox 2054 2022 2206 2077; x_wconf 81' lang='lat' dir='ltr'>vadit</span> <span class='ocrx_word' id='word_1_360' title='bbox 2232 2021 2348 2076; x_wconf 69' lang='lat'>9‘.”</span> <span class='ocrx_word' id='word_1_361' title='bbox 2375 2023 2430 2077; x_wconf 88' lang='lat' dir='ltr'>Si</span> <span class='ocrx_word' id='word_1_362' title='bbox 2453 2026 2725 2079; x_wconf 87' lang='lat' dir='ltr'>autemet</span> <span class='ocrx_word' id='word_1_363' title='bbox 2741 2022 2980 2094; x_wconf 88' lang='lat' dir='ltr'>quando</span> <span class='ocrx_word' id='word_1_364' title='bbox 3011 2038 3215 2077; x_wconf 88' lang='lat' dir='ltr'>vocem</span> <span class='ocrx_word' id='word_1_365' title='bbox 3239 2021 3367 2094; x_wconf 89' lang='lat' dir='ltr'>ejus</span> <span class='ocrx_word' id='word_1_366' title='bbox 3391 2038 3571 2078; x_wconf 83' lang='lat' dir='ltr'>exau-</span> 
     </span>
    </p>
   </div>
   <div class='ocr_carea' id='block_1_51' title="bbox 1921 2109 3574 2183">
    <p class='ocr_par' dir='ltr' id='par_1_51' title="bbox 1921 2109 3574 2183">
     <span class='ocr_line' id='line_1_51' title="bbox 1921 2109 3574 2183; baseline -0.001 -17"><span class='ocrx_word' id='word_1_367' title='bbox 1921 2110 2038 2178; x_wconf 89' lang='lat' dir='ltr'>dio,</span> <span class='ocrx_word' id='word_1_368' title='bbox 2067 2110 2226 2167; x_wconf 89' lang='lat' dir='ltr'>unde</span> <span class='ocrx_word' id='word_1_369' title='bbox 2260 2112 2457 2167; x_wconf 82' lang='lat' dir='ltr'>veniat</span> <span class='ocrx_word' id='word_1_370' title='bbox 2484 2112 2730 2183; x_wconf 87' lang='lat' dir='ltr'>ignoro;</span> <span class='ocrx_word' id='word_1_371' title='bbox 2765 2111 2907 2182; x_wconf 91' lang='lat' dir='ltr'>quid</span> <span class='ocrx_word' id='word_1_372' title='bbox 2928 2111 3054 2182; x_wconf 91' lang='lat' dir='ltr'>ipse</span> <span class='ocrx_word' id='word_1_373' title='bbox 3076 2109 3406 2165; x_wconf 89' lang='lat' dir='ltr'>secundum</span> <span class='ocrx_word' id='word_1_374' title='bbox 3439 2109 3574 2164; x_wconf 88' lang='lat' dir='ltr'>sub-</span> 
     </span>
    </p>
   </div>
   <div class='ocr_carea' id='block_1_52' title="bbox 1922 2198 3322 2272">
    <p class='ocr_par' dir='ltr' id='par_1_52' title="bbox 1922 2198 3322 2272">
     <span class='ocr_line' id='line_1_52' title="bbox 1922 2198 3322 2272; baseline -0.001 -15"><span class='ocrx_word' id='word_1_375' title='bbox 1922 2202 2202 2257; x_wconf 83' lang='lat' dir='ltr'>stantiam</span> <span class='ocrx_word' id='word_1_376' title='bbox 2235 2202 2331 2270; x_wconf 86' lang='lat' dir='ltr'>sit,</span> <span class='ocrx_word' id='word_1_377' title='bbox 2365 2201 2664 2272; x_wconf 90' lang='lat' dir='ltr'>quomodo</span> <span class='ocrx_word' id='word_1_378' title='bbox 2698 2200 3016 2272; x_wconf 85' lang='lat' dir='ltr'>explanare</span> <span class='ocrx_word' id='word_1_379' title='bbox 3050 2198 3322 2270; x_wconf 86' lang='lat' dir='ltr'>possim?</span> 
     </span>
    </p>
   </div>
   <div class='ocr_carea' id='block_1_53' title="bbox 1989 2288 3571 2358">
    <p class='ocr_par' dir='ltr' id='par_1_53' title="bbox 1989 2288 3571 2358">
     <span class='ocr_line' id='line_1_53' title="bbox 1989 2288 3571 2358; baseline -0.004 -11"><span class='ocrx_word' id='word_1_380' title='bbox 1989 2290 2181 2347; x_wconf 86' lang='lat' dir='ltr'>XVIII.</span> <span class='ocrx_word' id='word_1_381' title='bbox 2217 2292 2336 2347; x_wconf 84' lang='lat' dir='ltr'>Alii</span> <span class='ocrx_word' id='word_1_382' title='bbox 2363 2297 2548 2347; x_wconf 87' lang='lat' dir='ltr'>autem</span> <span class='ocrx_word' id='word_1_383' title='bbox 2580 2292 2872 2347; x_wconf 80' lang='lat' dir='ltr'>irridentes</span> <span class='ocrx_word' id='word_1_384' title='bbox 2900 2290 3189 2345; x_wconf 85' lang='lat' dir='ltr'>dicebant:</span> <span class='ocrx_word' id='word_1_385' title='bbox 3213 2291 3390 2343; x_wconf 85' lang='lat' dir='ltr'>Musto</span> <span class='ocrx_word' id='word_1_386' title='bbox 3413 2288 3571 2358; x_wconf 80' lang='lat' dir='ltr'>pleni</span> 
     </span>
    </p>
   </div>
   <div class='ocr_carea' id='block_1_54' title="bbox 1916 2379 3571 2452">
    <p class='ocr_par' dir='ltr' id='par_1_54' title="bbox 1916 2379 3571 2452">
     <span class='ocr_line' id='line_1_54' title="bbox 1916 2379 3571 2452; baseline -0.003 -14"><span class='ocrx_word' id='word_1_387' title='bbox 1916 2390 2041 2438; x_wconf 73' lang='lat' dir='ltr'>sum</span> <span class='ocrx_word' id='word_1_388' title='bbox 2069 2381 2136 2438; x_wconf 62' lang='grc' dir='ltr'>οδ.</span> <span class='ocrx_word' id='word_1_389' title='bbox 2174 2384 2322 2438; x_wconf 78' lang='lat' dir='ltr'>Vera</span> <span class='ocrx_word' id='word_1_390' title='bbox 2352 2381 2595 2452; x_wconf 89' lang='lat' dir='ltr'>quidem</span> <span class='ocrx_word' id='word_1_391' title='bbox 2627 2380 2926 2448; x_wconf 89' lang='lat' dir='ltr'>dicebant,</span> <span class='ocrx_word' id='word_1_392' title='bbox 2961 2379 3571 2451; x_wconf 78' lang='lat' dir='ltr'>sedjoculariter.No-</span> 
     </span>
    </p>
   </div>
   <div class='ocr_carea' id='block_1_55' title="bbox 1920 2468 3580 2543">
    <p class='ocr_par' dir='ltr' id='par_1_55' title="bbox 1920 2468 3580 2543">
     <span class='ocr_line' id='line_1_55' title="bbox 1920 2468 3580 2543; baseline -0.001 -18"><span class='ocrx_word' id='word_1_393' title='bbox 1920 2488 2052 2527; x_wconf 89' lang='lat' dir='ltr'>vum</span> <span class='ocrx_word' id='word_1_394' title='bbox 2086 2472 2247 2527; x_wconf 91' lang='lat' dir='ltr'>enim</span> <span class='ocrx_word' id='word_1_395' title='bbox 2268 2487 2401 2525; x_wconf 88' lang='lat' dir='ltr'>vere</span> <span class='ocrx_word' id='word_1_396' title='bbox 2422 2470 2625 2526; x_wconf 85' lang='lat' dir='ltr'>vinum</span> <span class='ocrx_word' id='word_1_397' title='bbox 2653 2468 2943 2526; x_wconf 65' lang='lat' dir='ltr'>erat.No&#39;vi</span> <span class='ocrx_word' id='word_1_398' title='bbox 2971 2471 3534 2543; x_wconf 80' lang='lat' dir='ltr'>Testamentigratia</span> <span class='ocrx_word' id='word_1_399' title='bbox 3569 2485 3580 2523; x_wconf 92' lang='lat'>:</span> 
     </span>
    </p>
   </div>
   <div class='ocr_carea' id='block_1_56' title="bbox 1916 2558 3568 2632">
    <p class='ocr_par' dir='ltr' id='par_1_56' title="bbox 1916 2558 3568 2632">
     <span class='ocr_line' id='line_1_56' title="bbox 1916 2558 3568 2632; baseline -0.001 -15"><span class='ocrx_word' id='word_1_400' title='bbox 1916 2577 2123 2617; x_wconf 87' lang='lat' dir='ltr'>verum</span> <span class='ocrx_word' id='word_1_401' title='bbox 2154 2577 2370 2616; x_wconf 89' lang='lat' dir='ltr'>novum</span> <span class='ocrx_word' id='word_1_402' title='bbox 2401 2558 2445 2595; x_wconf 76' lang='lat'>’7</span> <span class='ocrx_word' id='word_1_403' title='bbox 2477 2560 2637 2616; x_wconf 89' lang='lat' dir='ltr'>istud</span> <span class='ocrx_word' id='word_1_404' title='bbox 2667 2560 2871 2616; x_wconf 89' lang='lat' dir='ltr'>vinum</span> <span class='ocrx_word' id='word_1_405' title='bbox 2902 2577 2974 2616; x_wconf 80' lang='lat' dir='ltr'>ex</span> <span class='ocrx_word' id='word_1_406' title='bbox 3004 2559 3365 2632; x_wconf 86' lang='lat' dir='ltr'>intelligibili</span> <span class='ocrx_word' id='word_1_407' title='bbox 3396 2558 3568 2615; x_wconf 91' lang='lat' dir='ltr'>vinea</span> 
     </span>
    </p>
   </div>
   <div class='ocr_carea' id='block_1_57' title="bbox 1918 2648 3571 2723">
    <p class='ocr_par' dir='ltr' id='par_1_57' title="bbox 1918 2648 3571 2723">
     <span class='ocr_line' id='line_1_57' title="bbox 1918 2648 3571 2723; baseline -0.002 -17"><span class='ocrx_word' id='word_1_408' title='bbox 1918 2655 2064 2718; x_wconf 87' lang='lat' dir='ltr'>erat,</span> <span class='ocrx_word' id='word_1_409' title='bbox 2089 2666 2221 2721; x_wconf 83' lang='lat' dir='ltr'>quae</span> <span class='ocrx_word' id='word_1_410' title='bbox 2252 2666 2408 2721; x_wconf 74' lang='lat' dir='ltr'>saepe</span> <span class='ocrx_word' id='word_1_411' title='bbox 2433 2650 2494 2706; x_wconf 92' lang='lat' dir='ltr'>in</span> <span class='ocrx_word' id='word_1_412' title='bbox 2516 2650 2822 2723; x_wconf 89' lang='lat' dir='ltr'>prophetis</span> <span class='ocrx_word' id='word_1_413' title='bbox 2835 2651 2963 2723; x_wconf 89' lang='lat' dir='ltr'>jam</span> <span class='ocrx_word' id='word_1_414' title='bbox 2985 2649 3246 2704; x_wconf 82' lang='lat' dir='ltr'>fructum</span> <span class='ocrx_word' id='word_1_415' title='bbox 3270 2648 3571 2714; x_wconf 90' lang='lat' dir='ltr'>tulerat,et</span> 
     </span>
    </p>
   </div>
   <div class='ocr_carea' id='block_1_58' title="bbox 1918 2737 3564 2812">
    <p class='ocr_par' dir='ltr' id='par_1_58' title="bbox 1918 2737 3564 2812">
     <span class='ocr_line' id='line_1_58' title="bbox 1918 2737 3564 2812; baseline -0.001 -19"><span class='ocrx_word' id='word_1_416' title='bbox 1918 2739 1979 2794; x_wconf 92' lang='lat' dir='ltr'>in</span> <span class='ocrx_word' id='word_1_417' title='bbox 2012 2741 2166 2795; x_wconf 88' lang='lat' dir='ltr'>Novo</span> <span class='ocrx_word' id='word_1_418' title='bbox 2196 2741 2569 2795; x_wconf 88' lang='lat' dir='ltr'>Testamento</span> <span class='ocrx_word' id='word_1_419' title='bbox 2601 2739 2971 2812; x_wconf 81' lang='lat' dir='ltr'>germinavit.</span> <span class='ocrx_word' id='word_1_420' title='bbox 3000 2741 3145 2795; x_wconf 86' lang='lat' dir='ltr'>Nam</span> <span class='ocrx_word' id='word_1_421' title='bbox 3195 2737 3367 2805; x_wconf 89' lang='lat' dir='ltr'>sicut,</span> <span class='ocrx_word' id='word_1_422' title='bbox 3419 2753 3564 2793; x_wconf 87' lang='lat' dir='ltr'>sen-</span> 
     </span>
    </p>
   </div>
   <div class='ocr_carea' id='block_1_59' title="bbox 1918 2827 3569 2900">
    <p class='ocr_par' dir='ltr' id='par_1_59' title="bbox 1918 2827 3569 2900">
     <span class='ocr_line' id='line_1_59' title="bbox 1918 2827 3569 2900; baseline 0 -18"><span class='ocrx_word' id='word_1_423' title='bbox 1918 2828 2075 2882; x_wconf 90' lang='lat' dir='ltr'>sibili</span> <span class='ocrx_word' id='word_1_424' title='bbox 2109 2828 2378 2900; x_wconf 84' lang='lat' dir='ltr'>exemplo</span> <span class='ocrx_word' id='word_1_425' title='bbox 2436 2828 2804 2897; x_wconf 64' lang='lat' dir='ltr'>inhaarendo,</span> <span class='ocrx_word' id='word_1_426' title='bbox 2855 2828 3028 2884; x_wconf 89' lang='lat' dir='ltr'>vinea</span> <span class='ocrx_word' id='word_1_427' title='bbox 3084 2827 3291 2884; x_wconf 88' lang='lat' dir='ltr'>eadem</span> <span class='ocrx_word' id='word_1_428' title='bbox 3332 2844 3569 2899; x_wconf 86' lang='lat' dir='ltr'>semper</span> 
     </span>
    </p>
   </div>
   <div class='ocr_carea' id='block_1_60' title="bbox 1917 2918 3572 2990">
    <p class='ocr_par' dir='ltr' id='par_1_60' title="bbox 1917 2918 3572 2990">
     <span class='ocr_line' id='line_1_60' title="bbox 1917 2918 3572 2990; baseline 0.001 -19"><span class='ocrx_word' id='word_1_429' title='bbox 1917 2924 2143 2984; x_wconf 88' lang='lat' dir='ltr'>manet,</span> <span class='ocrx_word' id='word_1_430' title='bbox 2178 2924 2235 2972; x_wconf 90' lang='lat' dir='ltr'>et</span> <span class='ocrx_word' id='word_1_431' title='bbox 2265 2918 2594 2973; x_wconf 88' lang='lat' dir='ltr'>secundum</span> <span class='ocrx_word' id='word_1_432' title='bbox 2626 2924 2963 2990; x_wconf 87' lang='lat' dir='ltr'>temporum</span> <span class='ocrx_word' id='word_1_433' title='bbox 2999 2918 3357 2974; x_wconf 86' lang='lat' dir='ltr'>mutationes</span> <span class='ocrx_word' id='word_1_434' title='bbox 3388 2933 3572 2972; x_wconf 87' lang='lat' dir='ltr'>novos</span> 
     </span>
    </p>
   </div>
   <div class='ocr_carea' id='block_1_61' title="bbox 1918 3004 3569 3079">
    <p class='ocr_par' dir='ltr' id='par_1_61' title="bbox 1918 3004 3569 3079">
     <span class='ocr_line' id='line_1_61' title="bbox 1918 3004 3569 3079; baseline -0.001 -18"><span class='ocrx_word' id='word_1_435' title='bbox 1918 3022 2155 3078; x_wconf 90' lang='lat' dir='ltr'>semper</span> <span class='ocrx_word' id='word_1_436' title='bbox 2174 3008 2430 3078; x_wconf 89' lang='lat' dir='ltr'>parturit</span> <span class='ocrx_word' id='word_1_437' title='bbox 2450 3007 2711 3064; x_wconf 86' lang='lat' dir='ltr'>fructus:</span> <span class='ocrx_word' id='word_1_438' title='bbox 2739 3009 2845 3072; x_wconf 91' lang='lat' dir='ltr'>sic,</span> <span class='ocrx_word' id='word_1_439' title='bbox 2870 3006 3029 3062; x_wconf 88' lang='lat' dir='ltr'>idem</span> <span class='ocrx_word' id='word_1_440' title='bbox 3052 3004 3302 3079; x_wconf 88' lang='lat' dir='ltr'>Spiritus</span> <span class='ocrx_word' id='word_1_441' title='bbox 3320 3022 3569 3061; x_wconf 87' lang='lat' dir='ltr'>manens</span> 
     </span>
    </p>
   </div>
   <div class='ocr_carea' id='block_1_62' title="bbox 1916 3097 3574 3171">
    <p class='ocr_par' dir='ltr' id='par_1_62' title="bbox 1916 3097 3574 3171">
     <span class='ocr_line' id='line_1_62' title="bbox 1916 3097 3574 3171; baseline 0 -19"><span class='ocrx_word' id='word_1_442' title='bbox 1916 3097 1978 3153; x_wconf 89' lang='lat' dir='ltr'>id</span> <span class='ocrx_word' id='word_1_443' title='bbox 2000 3097 2159 3171; x_wconf 91' lang='lat' dir='ltr'>quod</span> <span class='ocrx_word' id='word_1_444' title='bbox 2181 3103 2290 3165; x_wconf 91' lang='lat' dir='ltr'>est,</span> <span class='ocrx_word' id='word_1_445' title='bbox 2315 3114 2451 3153; x_wconf 91' lang='lat' dir='ltr'>cum</span> <span class='ocrx_word' id='word_1_446' title='bbox 2477 3099 2616 3153; x_wconf 90' lang='lat' dir='ltr'>etin</span> <span class='ocrx_word' id='word_1_447' title='bbox 2637 3099 2945 3171; x_wconf 85' lang='lat' dir='ltr'>prophetis</span> <span class='ocrx_word' id='word_1_448' title='bbox 2968 3116 3123 3170; x_wconf 76' lang='lat' dir='ltr'>saepe</span> <span class='ocrx_word' id='word_1_449' title='bbox 3145 3099 3261 3153; x_wconf 90' lang='lat' dir='ltr'>vim</span> <span class='ocrx_word' id='word_1_450' title='bbox 3295 3113 3574 3153; x_wconf 83' lang='lat' dir='ltr'>exserue—</span> 
     </span>
    </p>
   </div>
   <div class='ocr_carea' id='block_1_63' title="bbox 1914 3186 3567 3260">
    <p class='ocr_par' dir='ltr' id='par_1_63' title="bbox 1914 3186 3567 3260">
     <span class='ocr_line' id='line_1_63' title="bbox 1914 3186 3567 3260; baseline -0.001 -18"><span class='ocrx_word' id='word_1_451' title='bbox 1914 3187 2013 3255; x_wconf 89' lang='lat' dir='ltr'>rit,</span> <span class='ocrx_word' id='word_1_452' title='bbox 2054 3204 2215 3243; x_wconf 92' lang='lat' dir='ltr'>nunc</span> <span class='ocrx_word' id='word_1_453' title='bbox 2245 3188 2378 3243; x_wconf 89' lang='lat' dir='ltr'>novi</span> <span class='ocrx_word' id='word_1_454' title='bbox 2411 3188 2720 3260; x_wconf 85' lang='lat' dir='ltr'>quidpiam</span> <span class='ocrx_word' id='word_1_455' title='bbox 2752 3194 2809 3243; x_wconf 93' lang='lat' dir='ltr'>et</span> <span class='ocrx_word' id='word_1_456' title='bbox 2838 3187 3176 3244; x_wconf 88' lang='lat' dir='ltr'>admirandi</span> <span class='ocrx_word' id='word_1_457' title='bbox 3218 3186 3567 3260; x_wconf 82' lang='lat' dir='ltr'>designavit.</span> 
     </span>
    </p>
   </div>
   <div class='ocr_carea' id='block_1_64' title="bbox 146 3269 1786 3352">
    <p class='ocr_par' dir='ltr' id='par_1_64' title="bbox 146 3269 1782 3352">
     <span class='ocr_line' id='line_1_64' title="bbox 146 3269 1782 3352; baseline -0.002 -21"><span class='ocrx_word' id='word_1_458' title='bbox 146 3275 237 3331; x_wconf 85' lang='grc' dir='ltr'>ἐπὶ</span> <span class='ocrx_word' id='word_1_459' title='bbox 262 3276 395 3339; x_wconf 80' lang='grc' dir='ltr'>τοὺς</span> <span class='ocrx_word' id='word_1_460' title='bbox 458 3277 762 3349; x_wconf 70' lang='grc' dir='ltr'>Ηατὶραςή</span> <span class='ocrx_word' id='word_1_461' title='bbox 804 3276 988 3352; x_wconf 77' lang='grc' dir='ltr'>χάρις,</span> <span class='ocrx_word' id='word_1_462' title='bbox 1047 3272 1176 3331; x_wconf 79' lang='grc' dir='ltr'>ἀλλ’</span> <span class='ocrx_word' id='word_1_463' title='bbox 1230 3272 1338 3330; x_wconf 75' lang='grc' dir='ltr'>ὧδε</span> <span class='ocrx_word' id='word_1_464' title='bbox 1399 3269 1782 3350; x_wconf 74' lang='grc' dir='ltr'>ὑπερϐολικῶς</span> 
     </span>
    </p>
   </div>
   <div class='ocr_carea' id='block_1_65' title="bbox 1989 3269 3574 3352">
    <p class='ocr_par' dir='ltr' id='par_1_65' title="bbox 1995 3277 3574 3351">
     <span class='ocr_line' id='line_1_65' title="bbox 1995 3277 3574 3351; baseline -0.001 -19"><span class='ocrx_word' id='word_1_465' title='bbox 1995 3279 2189 3347; x_wconf 79' lang='lat' dir='ltr'>Antea</span> <span class='ocrx_word' id='word_1_466' title='bbox 2217 3277 2460 3349; x_wconf 90' lang='lat' dir='ltr'>quidem</span> <span class='ocrx_word' id='word_1_467' title='bbox 2491 3278 2627 3334; x_wconf 90' lang='lat' dir='ltr'>etin</span> <span class='ocrx_word' id='word_1_468' title='bbox 2653 3280 2860 3335; x_wconf 85' lang='lat' dir='ltr'>Patres</span> <span class='ocrx_word' id='word_1_469' title='bbox 2878 3278 3067 3351; x_wconf 83' lang='lat' dir='ltr'>gratia</span> <span class='ocrx_word' id='word_1_470' title='bbox 3088 3277 3391 3350; x_wconf 88' lang='lat' dir='ltr'>pervenit;</span> <span class='ocrx_word' id='word_1_471' title='bbox 3415 3293 3574 3332; x_wconf 92' lang='lat' dir='ltr'>nunc</span> 
     </span>
    </p>
   </div>
   <div class='ocr_carea' id='block_1_66' title="bbox 144 3361 1809 3441">
    <p class='ocr_par' dir='ltr' id='par_1_66' title="bbox 144 3361 1809 3441">
     <span class='ocr_line' id='line_1_66' title="bbox 144 3361 1809 3441; baseline -0.002 -18"><span class='ocrx_word' id='word_1_472' title='bbox 144 3371 297 3423; x_wconf 83' lang='grc' dir='ltr'>Ἐκεῖ</span> <span class='ocrx_word' id='word_1_473' title='bbox 342 3365 439 3438; x_wconf 77' lang='grc' dir='ltr'>μὲν</span> <span class='ocrx_word' id='word_1_474' title='bbox 486 3366 588 3441; x_wconf 72' lang='grc' dir='ltr'>γὰρ</span> <span class='ocrx_word' id='word_1_475' title='bbox 650 3366 916 3440; x_wconf 71' lang='grc' dir='ltr'>μετέσχον</span> <span class='ocrx_word' id='word_1_476' title='bbox 975 3362 1129 3439; x_wconf 77' lang='grc' dir='ltr'>ἁγίου</span> <span class='ocrx_word' id='word_1_477' title='bbox 1185 3364 1527 3438; x_wconf 73' lang='grc' dir='ltr'>ῙῙνεύματος,</span> <span class='ocrx_word' id='word_1_478' title='bbox 1585 3361 1695 3418; x_wconf 80' lang='grc' dir='ltr'>ὧδε</span> <span class='ocrx_word' id='word_1_479' title='bbox 1752 3361 1809 3419; x_wconf 68' lang='grc' dir='ltr'>δὲ</span> 
     </span>
    </p>
   </div>
   <div class='ocr_carea' id='block_1_67' title="bbox 145 3450 914 3525">
    <p class='ocr_par' dir='ltr' id='par_1_67' title="bbox 145 3450 914 3525">
     <span class='ocr_line' id='line_1_67' title="bbox 145 3450 914 3525; baseline -0.001 -12"><span class='ocrx_word' id='word_1_480' title='bbox 145 3454 463 3517; x_wconf 71' lang='grc' dir='ltr'>αὐτοτελῶς</span> <span class='ocrx_word' id='word_1_481' title='bbox 490 3450 914 3525; x_wconf 70' lang='grc' dir='ltr'>ἐϐαπτίσθησαν.</span> 
     </span>
    </p>
   </div>
   <div class='ocr_carea' id='block_1_68' title="bbox 222 3633 1807 3711">
    <p class='ocr_par' dir='ltr' id='par_1_68' title="bbox 222 3633 1807 3711">
     <span class='ocr_line' id='line_1_68' title="bbox 222 3633 1807 3711; baseline -0.003 -19"><span class='ocrx_word' id='word_1_482' title='bbox 222 3633 536 3708; x_wconf 64' lang='grc' dir='ltr'>ΙΘ“.ιἈλλ’</span> <span class='ocrx_word' id='word_1_483' title='bbox 576 3637 604 3691; x_wconf 79' lang='grc' dir='ltr'>ὁ</span> <span class='ocrx_word' id='word_1_484' title='bbox 665 3633 867 3711; x_wconf 73' lang='grc' dir='ltr'>Πέτρος</span> <span class='ocrx_word' id='word_1_485' title='bbox 918 3637 946 3690; x_wconf 84' lang='grc' dir='ltr'>ὁ</span> <span class='ocrx_word' id='word_1_486' title='bbox 1004 3633 1150 3710; x_wconf 74' lang='grc' dir='ltr'>ἔχων</span> <span class='ocrx_word' id='word_1_487' title='bbox 1214 3637 1431 3707; x_wconf 76' lang='grc' dir='ltr'>Πνεῦμα</span> <span class='ocrx_word' id='word_1_488' title='bbox 1486 3635 1661 3709; x_wconf 79' lang='grc' dir='ltr'>ἅγιον,</span> <span class='ocrx_word' id='word_1_489' title='bbox 1717 3634 1807 3690; x_wconf 75' lang='grc' dir='ltr'>καὶ</span> 
     </span>
    </p>
   </div>
   <div class='ocr_carea' id='block_1_69' title="bbox 151 3720 1803 3803">
    <p class='ocr_par' dir='ltr' id='par_1_69' title="bbox 151 3720 1803 3803">
     <span class='ocr_line' id='line_1_69' title="bbox 151 3720 1803 3803; baseline -0.001 -23"><span class='ocrx_word' id='word_1_490' title='bbox 151 3723 317 3786; x_wconf 77' lang='grc' dir='ltr'>εἶδὼς</span> <span class='ocrx_word' id='word_1_491' title='bbox 364 3722 393 3779; x_wconf 67' lang='grc' dir='ltr'><strong>ὅ</strong></span> <span class='ocrx_word' id='word_1_492' title='bbox 444 3723 588 3801; x_wconf 65' lang='grc' dir='ltr'>ἔχει,</span> <span class='ocrx_word' id='word_1_493' title='bbox 648 3724 835 3803; x_wconf 74' lang='grc' dir='ltr'>φησιν·</span> <span class='ocrx_word' id='word_1_494' title='bbox 899 3720 1129 3799; x_wconf 74' lang='grc' dir='ltr'>’Ἄνδρες</span> <span class='ocrx_word' id='word_1_495' title='bbox 1189 3724 1551 3795; x_wconf 78' lang='grc' dir='ltr'>Ἰσραηλῖται,</span> <span class='ocrx_word' id='word_1_496' title='bbox 1612 3725 1664 3779; x_wconf 72' lang='grc' dir='ltr'>οἱ</span> <span class='ocrx_word' id='word_1_497' title='bbox 1713 3724 1803 3781; x_wconf 83' lang='grc' dir='ltr'>τὸν</span> 
     </span>
    </p>
   </div>
   <div class='ocr_carea' id='block_1_70' title="bbox 155 3810 1805 3889">
    <p class='ocr_par' dir='ltr' id='par_1_70' title="bbox 155 3810 1805 3889">
     <span class='ocr_line' id='line_1_70' title="bbox 155 3810 1805 3889; baseline -0.001 -20"><span class='ocrx_word' id='word_1_498' title='bbox 155 3815 255 3888; x_wconf 74' lang='grc' dir='ltr'>μὲν</span> <span class='ocrx_word' id='word_1_499' title='bbox 297 3813 454 3884; x_wconf 82' lang='grc' dir='ltr'>Ἰωήλ</span> <span class='ocrx_word' id='word_1_500' title='bbox 487 3812 955 3889; x_wconf 83' lang='grc' dir='ltr'>ἀπαγγέλλοντες,</span> <span class='ocrx_word' id='word_1_501' title='bbox 1000 3814 1078 3888; x_wconf 79' lang='grc' dir='ltr'>μὴ</span> <span class='ocrx_word' id='word_1_502' title='bbox 1137 3810 1339 3874; x_wconf 78' lang='grc' dir='ltr'>εἰδότες</span> <span class='ocrx_word' id='word_1_503' title='bbox 1371 3810 1428 3868; x_wconf 72' lang='grc' dir='ltr'>δὲ</span> <span class='ocrx_word' id='word_1_504' title='bbox 1454 3813 1522 3868; x_wconf 70' lang='grc' dir='ltr'>τὰ</span> <span class='ocrx_word' id='word_1_505' title='bbox 1565 3832 1805 3888; x_wconf 81' lang='grc' dir='ltr'>γεγραμ-</span> 
     </span>
    </p>
   </div>
   <div class='ocr_carea' id='block_1_71' title="bbox 151 3898 1805 3980">
    <p class='ocr_par' dir='ltr' id='par_1_71' title="bbox 151 3898 1805 3980">
     <span class='ocr_line' id='line_1_71' title="bbox 151 3898 1805 3980; baseline 0.001 -21"><span class='ocrx_word' id='word_1_506' title='bbox 151 3906 312 3977; x_wconf 79' lang='grc' dir='ltr'>μένα,</span> <span class='ocrx_word' id='word_1_507' title='bbox 343 3904 454 3980; x_wconf 76' lang='grc' dir='ltr'>οὐχ</span> <span class='ocrx_word' id='word_1_508' title='bbox 482 3904 558 3968; x_wconf 83' lang='grc' dir='ltr'>ὡς</span> <span class='ocrx_word' id='word_1_509' title='bbox 615 3905 780 3979; x_wconf 80' lang='grc' dir='ltr'>ὺμρῖς</span> <span class='ocrx_word' id='word_1_510' title='bbox 839 3898 1251 3976; x_wconf 73' lang='grc' dir='ltr'>ὑπελαμϐάνετε</span> <span class='ocrx_word' id='word_1_511' title='bbox 1307 3903 1457 3959; x_wconf 80' lang='grc' dir='ltr'>οὗτοι</span> <span class='ocrx_word' id='word_1_512' title='bbox 1524 3904 1805 3976; x_wconf 70' lang='grc' dir='ltr'>μεθύουσι.</span> 
     </span>
    </p>
   </div>
   <div class='ocr_carea' id='block_1_72' title="bbox 151 3988 1807 4069">
    <p class='ocr_par' dir='ltr' id='par_1_72' title="bbox 151 3988 1807 4069">
     <span class='ocr_line' id='line_1_72' title="bbox 151 3988 1807 4069; baseline 0.001 -21"><span class='ocrx_word' id='word_1_513' title='bbox 151 3994 588 4069; x_wconf 71' lang='grc' dir='ltr'>Μεθῦουσιγὰρ,</span> <span class='ocrx_word' id='word_1_514' title='bbox 651 3992 757 4069; x_wconf 73' lang='grc' dir='ltr'>οὔχ</span> <span class='ocrx_word' id='word_1_515' title='bbox 814 3994 890 4055; x_wconf 78' lang='grc' dir='ltr'>ὡς</span> <span class='ocrx_word' id='word_1_516' title='bbox 948 3993 1106 4066; x_wconf 71' lang='grc' dir='ltr'>ὑμεῖς</span> <span class='ocrx_word' id='word_1_517' title='bbox 1165 3988 1602 4066; x_wconf 76' lang='grc' dir='ltr'>ὑπολαμϐάνετε,</span> <span class='ocrx_word' id='word_1_518' title='bbox 1662 3991 1807 4049; x_wconf 80' lang='grc' dir='ltr'>ἀλλὰ</span> 
     </span>
    </p>
   </div>
   <div class='ocr_carea' id='block_1_73' title="bbox 142 4083 1806 4159">
    <p class='ocr_par' dir='ltr' id='par_1_73' title="bbox 142 4083 1806 4159">
     <span class='ocr_line' id='line_1_73' title="bbox 142 4083 1806 4159; baseline 0 -20"><span class='ocrx_word' id='word_1_519' title='bbox 142 4086 330 4149; x_wconf 79' lang='grc' dir='ltr'>καθὼς</span> <span class='ocrx_word' id='word_1_520' title='bbox 419 4084 742 4159; x_wconf 80' lang='grc' dir='ltr'>γέγραπται·</span> <span class='ocrx_word' id='word_1_521' title='bbox 826 4084 1269 4153; x_wconf 74' lang='grc' dir='ltr'>Μεθυσθήσονται</span> <span class='ocrx_word' id='word_1_522' title='bbox 1353 4083 1460 4138; x_wconf 76' lang='grc' dir='ltr'>ἀπὸ</span> <span class='ocrx_word' id='word_1_523' title='bbox 1542 4084 1806 4153; x_wconf 84' lang='grc' dir='ltr'>πιότητος</span> 
     </span>
    </p>
   </div>
   <div class='ocr_carea' id='block_1_74' title="bbox 146 4171 1804 4249">
    <p class='ocr_par' dir='ltr' id='par_1_74' title="bbox 146 4171 1804 4249">
     <span class='ocr_line' id='line_1_74' title="bbox 146 4171 1804 4249; baseline -0.001 -20"><span class='ocrx_word' id='word_1_524' title='bbox 146 4171 304 4229; x_wconf 71' lang='grc' dir='ltr'>οἷ’κου</span> <span class='ocrx_word' id='word_1_525' title='bbox 357 4193 453 4227; x_wconf 90' lang='grc' dir='ltr'>σου</span> <span class='ocrx_word' id='word_1_526' title='bbox 509 4174 610 4247; x_wconf 72' lang='grc'>(4),</span> <span class='ocrx_word' id='word_1_527' title='bbox 669 4173 762 4227; x_wconf 82' lang='grc' dir='ltr'>καὶ</span> <span class='ocrx_word' id='word_1_528' title='bbox 822 4171 883 4227; x_wconf 81' lang='grc' dir='ltr'>ἐκ</span> <span class='ocrx_word' id='word_1_529' title='bbox 934 4176 1045 4227; x_wconf 80' lang='grc' dir='ltr'>τῶν</span> <span class='ocrx_word' id='word_1_530' title='bbox 1103 4171 1423 4249; x_wconf 64' lang='grc' dir='ltr'>χειμάρρων</span> <span class='ocrx_word' id='word_1_531' title='bbox 1493 4180 1595 4242; x_wconf 84' lang='grc' dir='ltr'>τῆς</span> <span class='ocrx_word' id='word_1_532' title='bbox 1675 4192 1804 4249; x_wconf 80' lang='grc' dir='ltr'>τρυ-</span> 
     </span>
    </p>
   </div>
   <div class='ocr_carea' id='block_1_75' title="bbox 151 4260 1804 4342">
    <p class='ocr_par' dir='ltr' id='par_1_75' title="bbox 151 4260 1804 4342">
     <span class='ocr_line' id='line_1_75' title="bbox 151 4260 1804 4342; baseline 0.001 -25"><span class='ocrx_word' id='word_1_533' title='bbox 151 4270 259 4334; x_wconf 73' lang='grc' dir='ltr'>φῆς</span> <span class='ocrx_word' id='word_1_534' title='bbox 313 4284 409 4317; x_wconf 88' lang='grc' dir='ltr'>σου</span> <span class='ocrx_word' id='word_1_535' title='bbox 464 4268 675 4325; x_wconf 83' lang='grc' dir='ltr'>ποτιεῖς</span> <span class='ocrx_word' id='word_1_536' title='bbox 755 4260 975 4325; x_wconf 70' lang='grc' dir='ltr'>αὐτούς.</span> <span class='ocrx_word' id='word_1_537' title='bbox 1061 4261 1332 4326; x_wconf 81' lang='grc' dir='ltr'>Μεθύουσι</span> <span class='ocrx_word' id='word_1_538' title='bbox 1396 4261 1564 4336; x_wconf 80' lang='grc' dir='ltr'>μέθην</span> <span class='ocrx_word' id='word_1_539' title='bbox 1626 4264 1804 4342; x_wconf 58' lang='grc' dir='ltr'>νηιιάο</span> 
     </span>
    </p>
   </div>
   <div class='ocr_carea' id='block_1_76' title="bbox 150 4348 1806 4428">
    <p class='ocr_par' dir='ltr' id='par_1_76' title="bbox 150 4348 1806 4428">
     <span class='ocr_line' id='line_1_76' title="bbox 150 4348 1806 4428; baseline 0 -20"><span class='ocrx_word' id='word_1_540' title='bbox 150 4354 301 4425; x_wconf 82' lang='grc' dir='ltr'>λιον,</span> <span class='ocrx_word' id='word_1_541' title='bbox 330 4352 664 4428; x_wconf 81' lang='grc' dir='ltr'>νεκρωτικήν</span> <span class='ocrx_word' id='word_1_542' title='bbox 717 4349 983 4427; x_wconf 76' lang='grc' dir='ltr'>ἁμαρτίας</span> <span class='ocrx_word' id='word_1_543' title='bbox 1032 4350 1123 4405; x_wconf 85' lang='grc' dir='ltr'>καὶ</span> <span class='ocrx_word' id='word_1_544' title='bbox 1180 4348 1403 4425; x_wconf 82' lang='grc' dir='ltr'>καρδίας</span> <span class='ocrx_word' id='word_1_545' title='bbox 1469 4356 1806 4423; x_wconf 85' lang='grc' dir='ltr'>ζωοποιητι-</span> 
     </span>
    </p>
   </div>
   <div class='ocr_carea' id='block_1_77' title="bbox 144 4438 1800 4516">
    <p class='ocr_par' dir='ltr' id='par_1_77' title="bbox 144 4438 1800 4516">
     <span class='ocr_line' id='line_1_77' title="bbox 144 4438 1800 4516; baseline -0.001 -18"><span class='ocrx_word' id='word_1_546' title='bbox 144 4445 269 4514; x_wconf 74' lang='grc' dir='ltr'>κῆν,</span> <span class='ocrx_word' id='word_1_547' title='bbox 329 4442 499 4515; x_wconf 73' lang='grc' dir='ltr'>μέθην</span> <span class='ocrx_word' id='word_1_548' title='bbox 557 4438 793 4496; x_wconf 82' lang='grc' dir='ltr'>ἐναντίαν</span> <span class='ocrx_word' id='word_1_549' title='bbox 850 4445 953 4509; x_wconf 81' lang='grc' dir='ltr'>τῆς</span> <span class='ocrx_word' id='word_1_550' title='bbox 1008 4443 1352 4511; x_wconf 80' lang='grc' dir='ltr'>σωματικῆς.</span> <span class='ocrx_word' id='word_1_551' title='bbox 1411 4440 1476 4497; x_wconf 85' lang='grc' dir='ltr'><strong><em>Ἡ</em></strong></span> <span class='ocrx_word' id='word_1_552' title='bbox 1557 4442 1650 4514; x_wconf 76' lang='grc' dir='ltr'>μὲν</span> <span class='ocrx_word' id='word_1_553' title='bbox 1698 4443 1800 4516; x_wconf 76' lang='grc' dir='ltr'>γὰρ</span> 
     </span>
    </p>
   </div>
   <div class='ocr_carea' id='block_1_78' title="bbox 143 4526 1802 4606">
    <p class='ocr_par' dir='ltr' id='par_1_78' title="bbox 143 4526 1802 4606">
     <span class='ocr_line' id='line_1_78' title="bbox 143 4526 1802 4606; baseline 0.001 -19"><span class='ocrx_word' id='word_1_554' title='bbox 143 4533 235 4587; x_wconf 78' lang='grc' dir='ltr'>καὶ</span> <span class='ocrx_word' id='word_1_555' title='bbox 264 4536 373 4587; x_wconf 82' lang='grc' dir='ltr'>τῶν</span> <span class='ocrx_word' id='word_1_556' title='bbox 405 4530 763 4606; x_wconf 80' lang='grc' dir='ltr'>ἐγνωσμένων</span> <span class='ocrx_word' id='word_1_557' title='bbox 793 4529 1015 4603; x_wconf 83' lang='grc' dir='ltr'>ἐμποιεῖ</span> <span class='ocrx_word' id='word_1_558' title='bbox 1066 4526 1273 4599; x_wconf 74' lang='grc' dir='ltr'>λήθην,</span> <span class='ocrx_word' id='word_1_559' title='bbox 1305 4529 1439 4600; x_wconf 76' lang='grc' dir='ltr'>αὕτη</span> <span class='ocrx_word' id='word_1_560' title='bbox 1474 4527 1531 4585; x_wconf 70' lang='grc' dir='ltr'>δὲ</span> <span class='ocrx_word' id='word_1_561' title='bbox 1576 4531 1664 4587; x_wconf 86' lang='grc' dir='ltr'>καὶ</span> <span class='ocrx_word' id='word_1_562' title='bbox 1695 4538 1802 4589; x_wconf 84' lang='grc' dir='ltr'>τῶν</span> 
     </span>
    </p>
   </div>
   <div class='ocr_carea' id='block_1_79' title="bbox 214 4683 1690 4751">
    <p class='ocr_par' dir='ltr' id='par_1_79' title="bbox 214 4683 1690 4751">
     <span class='ocr_line' id='line_1_79' title="bbox 214 4683 1690 4751; baseline 0.002 -11"><span class='ocrx_word' id='word_1_563' title='bbox 214 4688 261 4724; x_wconf 80' lang='grc' dir='ltr'>⁹ι</span> <span class='ocrx_word' id='word_1_564' title='bbox 294 4688 419 4741; x_wconf 78' lang='lat' dir='ltr'>Act.</span> <span class='ocrx_word' id='word_1_565' title='bbox 452 4702 510 4751; x_wconf 82' lang='lat' dir='ltr'>ll,</span> <span class='ocrx_word' id='word_1_566' title='bbox 544 4688 597 4740; x_wconf 91' lang='grc'>6.</span> <span class='ocrx_word' id='word_1_567' title='bbox 697 4684 743 4719; x_wconf 71' lang='grc'>⁸⁸</span> <span class='ocrx_word' id='word_1_568' title='bbox 773 4685 917 4740; x_wconf 88' lang='lat' dir='ltr'>Gen.</span> <span class='ocrx_word' id='word_1_569' title='bbox 950 4699 1027 4747; x_wconf 72' lang='lat' dir='ltr'>Il,</span> <span class='ocrx_word' id='word_1_570' title='bbox 1061 4686 1115 4751; x_wconf 87' lang='lat'>&#39;1,</span> <span class='ocrx_word' id='word_1_571' title='bbox 1147 4685 1199 4737; x_wconf 79' lang='lat'>9°</span> <span class='ocrx_word' id='word_1_572' title='bbox 1304 4683 1350 4719; x_wconf 69' lang='grc'>⁸³</span> <span class='ocrx_word' id='word_1_573' title='bbox 1377 4687 1505 4740; x_wconf 81' lang='lat' dir='ltr'>Act.</span> <span class='ocrx_word' id='word_1_574' title='bbox 1539 4703 1599 4749; x_wconf 84' lang='grc' dir='ltr'>ιι.</span> <span class='ocrx_word' id='word_1_575' title='bbox 1635 4689 1690 4743; x_wconf 90' lang='grc'>8.</span> 
     </span>
    </p>
   </div>
   <div class='ocr_carea' id='block_1_80' title="bbox 1789 4688 2243 4756">
    <p class='ocr_par' dir='ltr' id='par_1_80' title="bbox 1789 4688 2243 4756">
     <span class='ocr_line' id='line_1_80' title="bbox 1789 4688 2243 4756; baseline -0.004 -12"><span class='ocrx_word' id='word_1_576' title='bbox 1789 4688 1834 4724; x_wconf 74' lang='grc'><strong>⁸⁵</strong></span> <span class='ocrx_word' id='word_1_577' title='bbox 1862 4690 2028 4747; x_wconf 82' lang='lat' dir='ltr'>Joan.</span> <span class='ocrx_word' id='word_1_578' title='bbox 2065 4706 2149 4756; x_wconf 80' lang='grc' dir='ltr'>ιιι,</span> <span class='ocrx_word' id='word_1_579' title='bbox 2181 4690 2243 4743; x_wconf 75' lang='grc'>8.-</span> 
     </span>
    </p>
   </div>
   <div class='ocr_carea' id='block_1_81' title="bbox 1918 3366 3571 3440">
    <p class='ocr_par' dir='ltr' id='par_1_81' title="bbox 1918 3366 3571 3440">
     <span class='ocr_line' id='line_1_81' title="bbox 1918 3366 3571 3440; baseline -0.001 -19"><span class='ocrx_word' id='word_1_580' title='bbox 1918 3383 2057 3423; x_wconf 89' lang='lat' dir='ltr'>vero</span> <span class='ocrx_word' id='word_1_581' title='bbox 2089 3384 2225 3425; x_wconf 86' lang='lat' dir='ltr'>cum</span> <span class='ocrx_word' id='word_1_582' title='bbox 2257 3369 2717 3440; x_wconf 80' lang='lat' dir='ltr'>exsuperantia:</span> <span class='ocrx_word' id='word_1_583' title='bbox 2750 3367 2832 3421; x_wconf 93' lang='lat' dir='ltr'>ibi</span> <span class='ocrx_word' id='word_1_584' title='bbox 2866 3367 3162 3439; x_wconf 87' lang='lat' dir='ltr'>siquidem</span> <span class='ocrx_word' id='word_1_585' title='bbox 3224 3367 3411 3424; x_wconf 89' lang='lat' dir='ltr'>sancti</span> <span class='ocrx_word' id='word_1_586' title='bbox 3441 3366 3571 3438; x_wconf 86' lang='lat' dir='ltr'>Spi-</span> 
     </span>
    </p>
   </div>
   <div class='ocr_carea' id='block_1_82' title="bbox 1917 3458 3572 3533">
    <p class='ocr_par' dir='ltr' id='par_1_82' title="bbox 1917 3458 3572 3533">
     <span class='ocr_line' id='line_1_82' title="bbox 1917 3458 3572 3533; baseline 0.001 -19"><span class='ocrx_word' id='word_1_587' title='bbox 1917 3460 2070 3516; x_wconf 86' lang='lat' dir='ltr'>ritus</span> <span class='ocrx_word' id='word_1_588' title='bbox 2098 3460 2618 3533; x_wconf 86' lang='lat' dir='ltr'>participationem</span> <span class='ocrx_word' id='word_1_589' title='bbox 2640 3460 3037 3532; x_wconf 86' lang='lat' dir='ltr'>recipiebant:</span> <span class='ocrx_word' id='word_1_590' title='bbox 3067 3460 3163 3515; x_wconf 86' lang='lat' dir='ltr'>hic</span> <span class='ocrx_word' id='word_1_591' title='bbox 3185 3475 3320 3516; x_wconf 88' lang='lat' dir='ltr'>vero</span> <span class='ocrx_word' id='word_1_592' title='bbox 3346 3458 3572 3532; x_wconf 88' lang='lat' dir='ltr'>integre</span> 
     </span>
    </p>
   </div>
   <div class='ocr_carea' id='block_1_83' title="bbox 1919 3548 2710 3621">
    <p class='ocr_par' dir='ltr' id='par_1_83' title="bbox 1919 3548 2710 3621">
     <span class='ocr_line' id='line_1_83' title="bbox 1919 3548 2710 3621; baseline 0.001 -18"><span class='ocrx_word' id='word_1_593' title='bbox 1919 3564 1985 3604; x_wconf 87' lang='lat' dir='ltr'>ac</span> <span class='ocrx_word' id='word_1_594' title='bbox 2011 3548 2187 3620; x_wconf 89' lang='lat' dir='ltr'>plene</span> <span class='ocrx_word' id='word_1_595' title='bbox 2217 3549 2495 3621; x_wconf 78' lang='lat' dir='ltr'>baptizati</span> <span class='ocrx_word' id='word_1_596' title='bbox 2523 3549 2710 3605; x_wconf 83' lang='lat' dir='ltr'>fuere.</span> 
     </span>
    </p>
   </div>
   <div class='ocr_carea' id='block_1_84' title="bbox 1989 3637 3569 3710">
    <p class='ocr_par' dir='ltr' id='par_1_84' title="bbox 1989 3637 3569 3710">
     <span class='ocr_line' id='line_1_84' title="bbox 1989 3637 3569 3710; baseline -0.001 -16"><span class='ocrx_word' id='word_1_597' title='bbox 1989 3640 2135 3694; x_wconf 83' lang='lat' dir='ltr'>XIX.</span> <span class='ocrx_word' id='word_1_598' title='bbox 2169 3638 2284 3695; x_wconf 91' lang='lat' dir='ltr'>Sed</span> <span class='ocrx_word' id='word_1_599' title='bbox 2315 3640 2524 3695; x_wconf 89' lang='lat' dir='ltr'>Petrus</span> <span class='ocrx_word' id='word_1_600' title='bbox 2556 3640 2658 3710; x_wconf 91' lang='lat' dir='ltr'>qui</span> <span class='ocrx_word' id='word_1_601' title='bbox 2681 3639 2966 3710; x_wconf 90' lang='lat' dir='ltr'>Spiritum</span> <span class='ocrx_word' id='word_1_602' title='bbox 2992 3643 3265 3694; x_wconf 90' lang='lat' dir='ltr'>sanctum</span> <span class='ocrx_word' id='word_1_603' title='bbox 3292 3637 3569 3705; x_wconf 86' lang='lat' dir='ltr'>habebat,</span> 
     </span>
    </p>
   </div>
   <div class='ocr_carea' id='block_1_85' title="bbox 1919 3727 3572 3801">
    <p class='ocr_par' dir='ltr' id='par_1_85' title="bbox 1919 3727 3572 3801">
     <span class='ocr_line' id='line_1_85' title="bbox 1919 3727 3572 3801; baseline -0.002 -16"><span class='ocrx_word' id='word_1_604' title='bbox 1919 3730 2048 3801; x_wconf 88' lang='lat' dir='ltr'>ejus</span> <span class='ocrx_word' id='word_1_605' title='bbox 2081 3728 2238 3800; x_wconf 87' lang='lat' dir='ltr'>quod</span> <span class='ocrx_word' id='word_1_606' title='bbox 2271 3728 2527 3783; x_wconf 87' lang='lat' dir='ltr'>habebat</span> <span class='ocrx_word' id='word_1_607' title='bbox 2574 3727 2752 3798; x_wconf 91' lang='lat' dir='ltr'>plane</span> <span class='ocrx_word' id='word_1_608' title='bbox 2782 3742 3002 3800; x_wconf 81' lang='lat' dir='ltr'>gnarus</span> <span class='ocrx_word' id='word_1_609' title='bbox 3047 3728 3168 3783; x_wconf 89' lang='lat' dir='ltr'>ait:</span> <span class='ocrx_word' id='word_1_610' title='bbox 3229 3728 3352 3783; x_wconf 85' lang='lat' dir='ltr'>Viri</span> <span class='ocrx_word' id='word_1_611' title='bbox 3391 3729 3572 3782; x_wconf 85' lang='lat' dir='ltr'>Israe-</span> 
     </span>
    </p>
   </div>
   <div class='ocr_carea' id='block_1_86' title="bbox 1919 3816 3569 3891">
    <p class='ocr_par' dir='ltr' id='par_1_86' title="bbox 1919 3816 3569 3891">
     <span class='ocr_line' id='line_1_86' title="bbox 1919 3816 3569 3891; baseline 0 -18"><span class='ocrx_word' id='word_1_612' title='bbox 1919 3820 2052 3886; x_wconf 58' lang='lat' dir='ltr'>lita,</span> <span class='ocrx_word' id='word_1_613' title='bbox 2085 3819 2187 3891; x_wconf 91' lang='lat' dir='ltr'>qui</span> <span class='ocrx_word' id='word_1_614' title='bbox 2215 3819 2435 3875; x_wconf 81' lang='lat' dir='ltr'>Joelem</span> <span class='ocrx_word' id='word_1_615' title='bbox 2465 3818 2803 3890; x_wconf 82' lang='lat' dir='ltr'>praedicatis</span> <span class='ocrx_word' id='word_1_616' title='bbox 2833 3822 2893 3873; x_wconf 91' lang='lat' dir='ltr'>et</span> <span class='ocrx_word' id='word_1_617' title='bbox 2949 3833 3080 3887; x_wconf 74' lang='lat' dir='ltr'>quaa</span> <span class='ocrx_word' id='word_1_618' title='bbox 3131 3816 3569 3888; x_wconf 87' lang='lat' dir='ltr'>Scripturarum</span> 
     </span>
    </p>
   </div>
   <div class='ocr_carea' id='block_1_87' title="bbox 1918 3907 3572 3976">
    <p class='ocr_par' dir='ltr' id='par_1_87' title="bbox 1918 3907 3572 3976">
     <span class='ocr_line' id='line_1_87' title="bbox 1918 3907 3572 3976; baseline -0.001 -12"><span class='ocrx_word' id='word_1_619' title='bbox 1918 3914 2058 3964; x_wconf 90' lang='lat' dir='ltr'>sunt</span> <span class='ocrx_word' id='word_1_620' title='bbox 2087 3910 2352 3968; x_wconf 88' lang='lat' dir='ltr'>nescitis.</span> <span class='ocrx_word' id='word_1_621' title='bbox 2386 3925 2485 3965; x_wconf 88' lang='lat' dir='ltr'>nos</span> <span class='ocrx_word' id='word_1_622' title='bbox 2537 3912 2680 3965; x_wconf 82' lang='lat' dir='ltr'>sicut</span> <span class='ocrx_word' id='word_1_623' title='bbox 2733 3924 2826 3964; x_wconf 83' lang='lat' dir='ltr'>vos</span> <span class='ocrx_word' id='word_1_624' title='bbox 2884 3909 3234 3976; x_wconf 63' lang='lat' dir='ltr'>existimatis,</span> <span class='ocrx_word' id='word_1_625' title='bbox 3284 3908 3377 3963; x_wconf 84' lang='lat' dir='ltr'>isti</span> <span class='ocrx_word' id='word_1_626' title='bbox 3433 3907 3572 3962; x_wconf 83' lang='lat' dir='ltr'>ebrii</span> 
     </span>
    </p>
   </div>
   <div class='ocr_carea' id='block_1_88' title="bbox 1916 3999 3567 4071">
    <p class='ocr_par' dir='ltr' id='par_1_88' title="bbox 1916 3999 3567 4071">
     <span class='ocr_line' id='line_1_88' title="bbox 1916 3999 3567 4071; baseline 0 -17"><span class='ocrx_word' id='word_1_627' title='bbox 1916 4007 2043 4055; x_wconf 87' lang='lat' dir='ltr'>sunt</span> <span class='ocrx_word' id='word_1_628' title='bbox 2069 3999 2135 4058; x_wconf 66' lang='lat'>9°.</span> <span class='ocrx_word' id='word_1_629' title='bbox 2169 4000 2329 4056; x_wconf 90' lang='lat' dir='ltr'>Ebrii</span> <span class='ocrx_word' id='word_1_630' title='bbox 2352 4005 2495 4056; x_wconf 90' lang='lat' dir='ltr'>sunt</span> <span class='ocrx_word' id='word_1_631' title='bbox 2516 4000 2699 4064; x_wconf 86' lang='lat' dir='ltr'>enim,</span> <span class='ocrx_word' id='word_1_632' title='bbox 2724 4016 2844 4054; x_wconf 92' lang='lat' dir='ltr'>non</span> <span class='ocrx_word' id='word_1_633' title='bbox 2866 4000 3132 4054; x_wconf 89' lang='lat' dir='ltr'>sicutvos</span> <span class='ocrx_word' id='word_1_634' title='bbox 3157 3999 3567 4071; x_wconf 85' lang='lat' dir='ltr'>suspicamini,</span> 
     </span>
    </p>
   </div>
   <div class='ocr_carea' id='block_1_89' title="bbox 1918 4089 3572 4161">
    <p class='ocr_par' dir='ltr' id='par_1_89' title="bbox 1918 4089 3572 4161">
     <span class='ocr_line' id='line_1_89' title="bbox 1918 4089 3572 4161; baseline -0.001 -16"><span class='ocrx_word' id='word_1_635' title='bbox 1918 4090 2023 4145; x_wconf 88' lang='lat' dir='ltr'>sed</span> <span class='ocrx_word' id='word_1_636' title='bbox 2055 4090 2211 4146; x_wconf 84' lang='lat' dir='ltr'>sicut</span> <span class='ocrx_word' id='word_1_637' title='bbox 2240 4090 2528 4161; x_wconf 89' lang='lat' dir='ltr'>scriptum</span> <span class='ocrx_word' id='word_1_638' title='bbox 2560 4093 2688 4145; x_wconf 87' lang='lat' dir='ltr'>est:</span> <span class='ocrx_word' id='word_1_639' title='bbox 2720 4089 3154 4146; x_wconf 74' lang='lat' dir='ltr'>Inebriabuntur</span> <span class='ocrx_word' id='word_1_640' title='bbox 3173 4105 3208 4143; x_wconf 90' lang='lat' dir='ltr'>a</span> <span class='ocrx_word' id='word_1_641' title='bbox 3228 4090 3572 4159; x_wconf 83' lang='lat' dir='ltr'>pinguedine</span> 
     </span>
    </p>
   </div>
   <div class='ocr_carea' id='block_1_90' title="bbox 1916 4178 3570 4249">
    <p class='ocr_par' dir='ltr' id='par_1_90' title="bbox 1916 4178 3570 4249">
     <span class='ocr_line' id='line_1_90' title="bbox 1916 4178 3570 4249; baseline -0.001 -14"><span class='ocrx_word' id='word_1_642' title='bbox 1916 4181 2105 4235; x_wconf 86' lang='lat' dir='ltr'>domus</span> <span class='ocrx_word' id='word_1_643' title='bbox 2138 4185 2265 4247; x_wconf 70' lang='lat' dir='ltr'>tuae,</span> <span class='ocrx_word' id='word_1_644' title='bbox 2295 4185 2347 4234; x_wconf 84' lang='lat' dir='ltr'>et</span> <span class='ocrx_word' id='word_1_645' title='bbox 2376 4195 2445 4233; x_wconf 73' lang='lat' dir='ltr'>ea:</span> <span class='ocrx_word' id='word_1_646' title='bbox 2478 4179 2810 4234; x_wconf 81' lang='lat' dir='ltr'>torrentibus</span> <span class='ocrx_word' id='word_1_647' title='bbox 2838 4178 3161 4235; x_wconf 82' lang='lat' dir='ltr'>deliciarum</span> <span class='ocrx_word' id='word_1_648' title='bbox 3194 4184 3416 4234; x_wconf 77' lang='lat' dir='ltr'>tuarum</span> <span class='ocrx_word' id='word_1_649' title='bbox 3462 4194 3570 4249; x_wconf 70' lang='lat' dir='ltr'>po-</span> 
     </span>
    </p>
   </div>
   <div class='ocr_carea' id='block_1_91' title="bbox 1916 4267 3565 4339">
    <p class='ocr_par' dir='ltr' id='par_1_91' title="bbox 1916 4267 3565 4339">
     <span class='ocr_line' id='line_1_91' title="bbox 1916 4267 3565 4339; baseline -0.001 -16"><span class='ocrx_word' id='word_1_650' title='bbox 1916 4270 2055 4325; x_wconf 84' lang='lat' dir='ltr'>tabis</span> <span class='ocrx_word' id='word_1_651' title='bbox 2085 4285 2170 4324; x_wconf 88' lang='lat' dir='ltr'>eos</span> <span class='ocrx_word' id='word_1_652' title='bbox 2204 4271 2243 4322; x_wconf 75' lang='grc' dir='ltr'>ί.</span> <span class='ocrx_word' id='word_1_653' title='bbox 2276 4267 2438 4322; x_wconf 90' lang='lat' dir='ltr'>Ebrii</span> <span class='ocrx_word' id='word_1_654' title='bbox 2470 4272 2610 4322; x_wconf 91' lang='lat' dir='ltr'>sunt</span> <span class='ocrx_word' id='word_1_655' title='bbox 2641 4267 2841 4323; x_wconf 89' lang='lat' dir='ltr'>sobria</span> <span class='ocrx_word' id='word_1_656' title='bbox 2870 4267 3175 4336; x_wconf 88' lang='lat' dir='ltr'>ebrietate,</span> <span class='ocrx_word' id='word_1_657' title='bbox 3212 4285 3344 4339; x_wconf 61' lang='lat' dir='ltr'>quas</span> <span class='ocrx_word' id='word_1_658' title='bbox 3362 4284 3565 4339; x_wconf 87' lang='lat' dir='ltr'>pecca-</span> 
     </span>
    </p>
   </div>
   <div class='ocr_carea' id='block_1_92' title="bbox 1915 4356 3566 4430">
    <p class='ocr_par' dir='ltr' id='par_1_92' title="bbox 1915 4356 3566 4430">
     <span class='ocr_line' id='line_1_92' title="bbox 1915 4356 3566 4430; baseline -0.002 -15"><span class='ocrx_word' id='word_1_659' title='bbox 1915 4365 2040 4414; x_wconf 88' lang='lat' dir='ltr'>tum</span> <span class='ocrx_word' id='word_1_660' title='bbox 2071 4357 2366 4415; x_wconf 91' lang='lat' dir='ltr'>interimit</span> <span class='ocrx_word' id='word_1_661' title='bbox 2394 4363 2453 4413; x_wconf 92' lang='lat' dir='ltr'>et</span> <span class='ocrx_word' id='word_1_662' title='bbox 2482 4374 2585 4413; x_wconf 92' lang='lat' dir='ltr'>cor</span> <span class='ocrx_word' id='word_1_663' title='bbox 2624 4358 2896 4422; x_wconf 84' lang='lat' dir='ltr'>vivificat,</span> <span class='ocrx_word' id='word_1_664' title='bbox 2943 4356 3215 4413; x_wconf 85' lang='lat' dir='ltr'>ebrietati</span> <span class='ocrx_word' id='word_1_665' title='bbox 3266 4374 3566 4430; x_wconf 70' lang='lat' dir='ltr'>corporeae</span> 
     </span>
    </p>
   </div>
   <div class='ocr_carea' id='block_1_93' title="bbox 1911 4445 3572 4519">
    <p class='ocr_par' dir='ltr' id='par_1_93' title="bbox 1911 4445 3572 4519">
     <span class='ocr_line' id='line_1_93' title="bbox 1911 4445 3572 4519; baseline -0.002 -17"><span class='ocrx_word' id='word_1_666' title='bbox 1911 4446 2089 4519; x_wconf 87' lang='lat' dir='ltr'>plane</span> <span class='ocrx_word' id='word_1_667' title='bbox 2120 4445 2437 4502; x_wconf 90' lang='lat' dir='ltr'>contraria.</span> <span class='ocrx_word' id='word_1_668' title='bbox 2470 4447 2617 4501; x_wconf 88' lang='lat' dir='ltr'>Nam</span> <span class='ocrx_word' id='word_1_669' title='bbox 2645 4445 2773 4501; x_wconf 60' lang='lat' dir='ltr'>hinc</span> <span class='ocrx_word' id='word_1_670' title='bbox 2804 4446 2983 4502; x_wconf 90' lang='lat' dir='ltr'>etiam</span> <span class='ocrx_word' id='word_1_671' title='bbox 3008 4462 3209 4502; x_wconf 89' lang='lat' dir='ltr'>rerum</span> <span class='ocrx_word' id='word_1_672' title='bbox 3241 4463 3389 4517; x_wconf 89' lang='lat' dir='ltr'>quas</span> <span class='ocrx_word' id='word_1_673' title='bbox 3411 4445 3572 4501; x_wconf 83' lang='lat' dir='ltr'>novi-</span> 
     </span>
    </p>
   </div>
   <div class='ocr_carea' id='block_1_94' title="bbox 1911 4534 3567 4607">
    <p class='ocr_par' dir='ltr' id='par_1_94' title="bbox 1911 4534 3567 4607">
     <span class='ocr_line' id='line_1_94' title="bbox 1911 4534 3567 4607; baseline -0.001 -16"><span class='ocrx_word' id='word_1_674' title='bbox 1911 4552 2046 4591; x_wconf 91' lang='lat' dir='ltr'>mus</span> <span class='ocrx_word' id='word_1_675' title='bbox 2076 4534 2437 4591; x_wconf 90' lang='lat' dir='ltr'>oblivionem</span> <span class='ocrx_word' id='word_1_676' title='bbox 2463 4535 2732 4604; x_wconf 90' lang='lat' dir='ltr'>inducit;</span> <span class='ocrx_word' id='word_1_677' title='bbox 2764 4535 2881 4592; x_wconf 88' lang='lat' dir='ltr'>ista</span> <span class='ocrx_word' id='word_1_678' title='bbox 2937 4552 3071 4591; x_wconf 90' lang='lat' dir='ltr'>vero</span> <span class='ocrx_word' id='word_1_679' title='bbox 3131 4535 3567 4607; x_wconf 90' lang='lat' dir='ltr'>incognitarum</span> 
     </span>
    </p>
   </div>
   <div class='ocr_carea' id='block_1_95' title="bbox 2337 4686 3566 4755">
    <p class='ocr_par' dir='ltr' id='par_1_95' title="bbox 2337 4686 3566 4755">
     <span class='ocr_line' id='line_1_95' title="bbox 2337 4686 3566 4755; baseline -0.002 -11"><span class='ocrx_word' id='word_1_680' title='bbox 2337 4686 2384 4724; x_wconf 81' lang='grc'>⁹⁸</span> <span class='ocrx_word' id='word_1_681' title='bbox 2420 4690 2549 4744; x_wconf 87' lang='lat' dir='ltr'>Vid.</span> <span class='ocrx_word' id='word_1_682' title='bbox 2583 4694 2689 4744; x_wconf 88' lang='lat' dir='ltr'>cat.</span> <span class='ocrx_word' id='word_1_683' title='bbox 2728 4691 2812 4755; x_wconf 79' lang='lat' dir='ltr'>l6,</span> <span class='ocrx_word' id='word_1_684' title='bbox 2844 4704 2901 4743; x_wconf 84' lang='grc' dir='ltr'>η.</span> <span class='ocrx_word' id='word_1_685' title='bbox 2934 4692 2965 4742; x_wconf 81' lang='lat'><strong>5</strong></span> <span class='ocrx_word' id='word_1_686' title='bbox 2998 4695 3050 4743; x_wconf 85' lang='lat' dir='ltr'>et</span> <span class='ocrx_word' id='word_1_687' title='bbox 3082 4689 3169 4745; x_wconf 77' lang='grc'>24.</span> <span class='ocrx_word' id='word_1_688' title='bbox 3274 4686 3319 4722; x_wconf 80' lang='grc'><strong>⁹⁶</strong></span> <span class='ocrx_word' id='word_1_689' title='bbox 3347 4690 3473 4743; x_wconf 84' lang='lat' dir='ltr'>Act.</span> <span class='ocrx_word' id='word_1_690' title='bbox 3506 4705 3566 4754; x_wconf 76' lang='grc' dir='ltr'>ιι,</span> 
     </span>
    </p>
   </div>
   <div class='ocr_carea' id='block_1_96' title="bbox 148 4754 1786 4830">
    <p class='ocr_par' dir='ltr' id='par_1_96' title="bbox 148 4754 1786 4830">
     <span class='ocr_line' id='line_1_96' title="bbox 148 4754 1786 4830; baseline 0.002 -17"><span class='ocrx_word' id='word_1_691' title='bbox 148 4761 233 4815; x_wconf 83' lang='grc'>13.</span> <span class='ocrx_word' id='word_1_692' title='bbox 309 4756 356 4792; x_wconf 72' lang='grc'>9⁷</span> <span class='ocrx_word' id='word_1_693' title='bbox 380 4758 580 4813; x_wconf 82' lang='lat' dir='ltr'>Matth.</span> <span class='ocrx_word' id='word_1_694' title='bbox 615 4773 691 4822; x_wconf 83' lang='lat' dir='ltr'>ix,</span> <span class='ocrx_word' id='word_1_695' title='bbox 725 4761 810 4811; x_wconf 82' lang='lat' dir='ltr'>l7.</span> <span class='ocrx_word' id='word_1_696' title='bbox 888 4754 934 4790; x_wconf 70' lang='grc'>9³</span> <span class='ocrx_word' id='word_1_697' title='bbox 972 4754 1097 4811; x_wconf 86' lang='lat' dir='ltr'>Vid.</span> <span class='ocrx_word' id='word_1_698' title='bbox 1131 4760 1238 4810; x_wconf 83' lang='lat' dir='ltr'>cat.</span> <span class='ocrx_word' id='word_1_699' title='bbox 1276 4758 1361 4823; x_wconf 80' lang='grc'>16,</span> <span class='ocrx_word' id='word_1_700' title='bbox 1394 4773 1452 4811; x_wconf 87' lang='grc' dir='ltr'>η.</span> <span class='ocrx_word' id='word_1_701' title='bbox 1488 4759 1593 4823; x_wconf 85' lang='lat'>26;</span> <span class='ocrx_word' id='word_1_702' title='bbox 1625 4774 1748 4830; x_wconf 86' lang='lat' dir='ltr'>sup.</span> <span class='ocrx_word' id='word_1_703' title='bbox 1781 4780 1786 4815; x_wconf 69' lang='grc' dir='ltr'><strong>ς</strong></span> 
     </span>
    </p>
   </div>
   <div class='ocr_carea' id='block_1_97' title="bbox 1989 4754 3133 4830">
    <p class='ocr_par' dir='ltr' id='par_1_97' title="bbox 2039 4754 3133 4830">
     <span class='ocr_line' id='line_1_97' title="bbox 2039 4754 3133 4830; baseline 0 -16"><span class='ocrx_word' id='word_1_704' title='bbox 2039 4759 2086 4795; x_wconf 65' lang='grc' dir='ltr'>θ’</span> <span class='ocrx_word' id='word_1_705' title='bbox 2116 4754 2244 4816; x_wconf 76' lang='lat' dir='ltr'>Act.</span> <span class='ocrx_word' id='word_1_706' title='bbox 2276 4777 2313 4816; x_wconf 82' lang='grc' dir='ltr'>ιι</span> <span class='ocrx_word' id='word_1_707' title='bbox 2348 4762 2435 4830; x_wconf 74' lang='grc'>14,</span> <span class='ocrx_word' id='word_1_708' title='bbox 2471 4763 2558 4815; x_wconf 83' lang='lat' dir='ltr'>l5.</span> <span class='ocrx_word' id='word_1_709' title='bbox 2638 4762 2654 4797; x_wconf 75' lang='grc' dir='ltr'>ί</span> <span class='ocrx_word' id='word_1_710' title='bbox 2689 4759 2845 4816; x_wconf 87' lang='lat' dir='ltr'>Psal.</span> <span class='ocrx_word' id='word_1_711' title='bbox 2878 4776 3047 4828; x_wconf 85' lang='lat' dir='ltr'>xxxv,</span> <span class='ocrx_word' id='word_1_712' title='bbox 3080 4763 3133 4815; x_wconf 83' lang='lat'>9.</span> 
     </span>
    </p>
   </div>
   <div class='ocr_carea' id='block_1_98' title="bbox 219 4908 1801 4984">
    <p class='ocr_par' dir='ltr' id='par_1_98' title="bbox 219 4908 1801 4984">
     <span class='ocr_line' id='line_1_98' title="bbox 219 4908 1801 4984; baseline 0.001 -17"><span class='ocrx_word' id='word_1_713' title='bbox 219 4911 561 4984; x_wconf 72' lang='grc' dir='ltr'>(1)Καὶποῦ</span> <span class='ocrx_word' id='word_1_714' title='bbox 617 4908 827 4982; x_wconf 80' lang='grc' dir='ltr'>ὑπάγει,</span> <span class='ocrx_word' id='word_1_715' title='bbox 884 4914 997 4965; x_wconf 90' lang='lat' dir='ltr'>etc.</span> <span class='ocrx_word' id='word_1_716' title='bbox 1052 4910 1185 4984; x_wconf 78' lang='lat' dir='ltr'>Haec</span> <span class='ocrx_word' id='word_1_717' title='bbox 1243 4909 1422 4984; x_wconf 76' lang='lat' dir='ltr'>verba</span> <span class='ocrx_word' id='word_1_718' title='bbox 1479 4927 1667 4982; x_wconf 89' lang='lat' dir='ltr'>usque</span> <span class='ocrx_word' id='word_1_719' title='bbox 1726 4914 1801 4969; x_wconf 88' lang='lat' dir='ltr'>ad</span> 
     </span>
    </p>
   </div>
   <div class='ocr_carea' id='block_1_99' title="bbox 148 4975 1800 5064">
    <p class='ocr_par' dir='ltr' id='par_1_99' title="bbox 148 4975 1800 5064">
     <span class='ocr_line' id='line_1_99' title="bbox 148 4975 1800 5064; baseline 0 -26"><span class='ocrx_word' id='word_1_720' title='bbox 148 4975 356 5064; x_wconf 55' lang='lat' dir='ltr'>«sese</span> <span class='ocrx_word' id='word_1_721' title='bbox 388 4983 549 5064; x_wconf 74' lang='lat' dir='ltr'>excl._</span> <span class='ocrx_word' id='word_1_722' title='bbox 561 4975 822 5064; x_wconf 26' lang='lat' dir='ltr'>propter“</span> <span class='ocrx_word' id='word_1_723' title='bbox 835 4997 1067 5063; x_wconf 76' lang='lat' dir='ltr'>vocum,</span> <span class='ocrx_word' id='word_1_724' title='bbox 1099 4979 1261 5042; x_wconf 83' lang='grc' dir='ltr'>πόθεν</span> <span class='ocrx_word' id='word_1_725' title='bbox 1293 4975 1534 5064; x_wconf 72' lang='grc' dir='ltr'>ἔρχεται,</span> <span class='ocrx_word' id='word_1_726' title='bbox 1572 4975 1800 5064; x_wconf 69' lang='lat' dir='ltr'>repeti-</span> 
     </span>
    </p>
   </div>
   <div class='ocr_carea' id='block_1_100' title="bbox 152 5053 1802 5124">
    <p class='ocr_par' dir='ltr' id='par_1_100' title="bbox 152 5053 1802 5124">
     <span class='ocr_line' id='line_1_100' title="bbox 152 5053 1802 5124; baseline 0 -12"><span class='ocrx_word' id='word_1_727' title='bbox 152 5059 369 5112; x_wconf 88' lang='lat' dir='ltr'>tionem</span> <span class='ocrx_word' id='word_1_728' title='bbox 392 5056 455 5110; x_wconf 93' lang='lat' dir='ltr'>in</span> <span class='ocrx_word' id='word_1_729' title='bbox 480 5053 657 5109; x_wconf 89' lang='lat' dir='ltr'>editis</span> <span class='ocrx_word' id='word_1_730' title='bbox 678 5053 1516 5124; x_wconf 68' lang='lat' dir='ltr'>prmtermissa,reparavimus</span> <span class='ocrx_word' id='word_1_731' title='bbox 1544 5072 1615 5110; x_wconf 85' lang='lat' dir='ltr'>ex</span> <span class='ocrx_word' id='word_1_732' title='bbox 1630 5053 1802 5113; x_wconf 79' lang='lat' dir='ltr'>codd.</span> 
     </span>
    </p>
   </div>
   <div class='ocr_carea' id='block_1_101' title="bbox 149 5123 1803 5197">
    <p class='ocr_par' dir='ltr' id='par_1_101' title="bbox 149 5123 1803 5197">
     <span class='ocr_line' id='line_1_101' title="bbox 149 5123 1803 5197; baseline -0.001 -13"><span class='ocrx_word' id='word_1_733' title='bbox 149 5132 287 5197; x_wconf 82' lang='lat' dir='ltr'>Roe,</span> <span class='ocrx_word' id='word_1_734' title='bbox 311 5126 583 5192; x_wconf 86' lang='lat' dir='ltr'>Casaub.,</span> <span class='ocrx_word' id='word_1_735' title='bbox 609 5123 800 5197; x_wconf 77' lang='lat' dir='ltr'>Ottob.</span> <span class='ocrx_word' id='word_1_736' title='bbox 830 5130 889 5179; x_wconf 89' lang='lat' dir='ltr'>et</span> <span class='ocrx_word' id='word_1_737' title='bbox 914 5123 1089 5179; x_wconf 89' lang='lat' dir='ltr'>Coisl.</span> <span class='ocrx_word' id='word_1_738' title='bbox 1114 5123 1325 5197; x_wconf 69' lang='lat' dir='ltr'>Agnita</span> <span class='ocrx_word' id='word_1_739' title='bbox 1348 5132 1488 5180; x_wconf 91' lang='lat' dir='ltr'>sunt</span> <span class='ocrx_word' id='word_1_740' title='bbox 1516 5143 1550 5183; x_wconf 93' lang='lat' dir='ltr'>a</span> <span class='ocrx_word' id='word_1_741' title='bbox 1581 5127 1803 5184; x_wconf 85' lang='lat' dir='ltr'>Grode-</span> 
     </span>
    </p>
   </div>
   <div class='ocr_carea' id='block_1_102' title="bbox 149 5195 1800 5270">
    <p class='ocr_par' dir='ltr' id='par_1_102' title="bbox 149 5195 1800 5270">
     <span class='ocr_line' id='line_1_102' title="bbox 149 5195 1800 5270; baseline -0.001 -15"><span class='ocrx_word' id='word_1_742' title='bbox 149 5195 427 5263; x_wconf 24' lang='lat' dir='ltr'>cio,‘cum</span> <span class='ocrx_word' id='word_1_743' title='bbox 460 5196 758 5270; x_wconf 83' lang='lat' dir='ltr'>nonnulla</span> <span class='ocrx_word' id='word_1_744' title='bbox 787 5203 994 5270; x_wconf 74' lang='lat' dir='ltr'>tamen</span> <span class='ocrx_word' id='word_1_745' title='bbox 1012 5195 1318 5270; x_wconf 66' lang='lat' dir='ltr'>varietate.</span> <span class='ocrx_word' id='word_1_746' title='bbox 1348 5199 1414 5252; x_wconf 90' lang='lat' dir='ltr'>In</span> <span class='ocrx_word' id='word_1_747' title='bbox 1444 5197 1620 5253; x_wconf 90' lang='lat' dir='ltr'>Coisl.</span> <span class='ocrx_word' id='word_1_748' title='bbox 1655 5214 1800 5270; x_wconf 84' lang='lat' dir='ltr'>quo-</span> 
     </span>
    </p>
   </div>
   <div class='ocr_carea' id='block_1_103' title="bbox 150 5266 1802 5344">
    <p class='ocr_par' dir='ltr' id='par_1_103' title="bbox 150 5266 1802 5344">
     <span class='ocr_line' id='line_1_103' title="bbox 150 5266 1802 5344; baseline 0.001 -18"><span class='ocrx_word' id='word_1_749' title='bbox 150 5288 263 5344; x_wconf 87' lang='lat' dir='ltr'>que</span> <span class='ocrx_word' id='word_1_750' title='bbox 283 5268 803 5344; x_wconf 81' lang='lat' dir='ltr'>co_d_ice_habentur</span> <span class='ocrx_word' id='word_1_751' title='bbox 827 5268 917 5322; x_wconf 71' lang='lat' dir='ltr'>hee</span> <span class='ocrx_word' id='word_1_752' title='bbox 941 5266 1333 5344; x_wconf 80' lang='lat' dir='ltr'>diversitates.</span> <span class='ocrx_word' id='word_1_753' title='bbox 1365 5269 1590 5324; x_wconf 88' lang='lat' dir='ltr'>Desunt</span> <span class='ocrx_word' id='word_1_754' title='bbox 1608 5266 1802 5344; x_wconf 73' lang='lat' dir='ltr'>voces,</span> 
     </span>
    </p>
   </div>
   <div class='ocr_carea' id='block_1_104' title="bbox 148 5336 1799 5411">
    <p class='ocr_par' dir='ltr' id='par_1_104' title="bbox 148 5336 1799 5411">
     <span class='ocr_line' id='line_1_104' title="bbox 148 5336 1799 5411; baseline 0 -15"><span class='ocrx_word' id='word_1_755' title='bbox 148 5336 309 5396; x_wconf 67' lang='grc' dir='ltr'>αὐτοῦ</span> <span class='ocrx_word' id='word_1_756' title='bbox 341 5340 451 5396; x_wconf 69' lang='grc' dir='ltr'><strong>ἐάν·</strong></span> <span class='ocrx_word' id='word_1_757' title='bbox 486 5341 615 5395; x_wconf 90' lang='lat' dir='ltr'>loco</span> <span class='ocrx_word' id='word_1_758' title='bbox 661 5338 897 5406; x_wconf 70' lang='grc' dir='ltr'>ἀκούσω,</span> <span class='ocrx_word' id='word_1_759' title='bbox 957 5343 1050 5411; x_wconf 78' lang='lat' dir='ltr'>est</span> <span class='ocrx_word' id='word_1_760' title='bbox 1096 5336 1329 5411; x_wconf 53' lang='grc' dir='ltr'>ἀκούεις,</span> <span class='ocrx_word' id='word_1_761' title='bbox 1382 5345 1443 5395; x_wconf 90' lang='lat' dir='ltr'>et</span> <span class='ocrx_word' id='word_1_762' title='bbox 1489 5358 1593 5411; x_wconf 90' lang='lat' dir='ltr'>pro</span> <span class='ocrx_word' id='word_1_763' title='bbox 1652 5336 1799 5410; x_wconf 71' lang='grc' dir='ltr'>οἶδα,</span> 
     </span>
    </p>
   </div>
   <div class='ocr_carea' id='block_1_105' title="bbox 150 5406 1801 5484">
    <p class='ocr_par' dir='ltr' id='par_1_105' title="bbox 150 5406 1801 5484">
     <span class='ocr_line' id='line_1_105' title="bbox 150 5406 1801 5484; baseline 0.001 -16"><span class='ocrx_word' id='word_1_764' title='bbox 150 5412 312 5478; x_wconf 77' lang='grc' dir='ltr'>οἶδας.</span> <span class='ocrx_word' id='word_1_765' title='bbox 344 5413 527 5484; x_wconf 86' lang='lat' dir='ltr'>Paulo</span> <span class='ocrx_word' id='word_1_766' title='bbox 564 5416 715 5484; x_wconf 85' lang='lat' dir='ltr'>post,</span> <span class='ocrx_word' id='word_1_767' title='bbox 748 5411 878 5484; x_wconf 80' lang='lat' dir='ltr'>loco</span> <span class='ocrx_word' id='word_1_768' title='bbox 912 5408 977 5462; x_wconf 80' lang='grc' dir='ltr'>οὐ</span> <span class='ocrx_word' id='word_1_769' title='bbox 1002 5415 1149 5484; x_wconf 79' lang='lat' dir='ltr'>ante</span> <span class='ocrx_word' id='word_1_770' title='bbox 1180 5406 1414 5484; x_wconf 76' lang='grc' dir='ltr'>δύναμαι</span> <span class='ocrx_word' id='word_1_771' title='bbox 1450 5406 1801 5484; x_wconf 77' lang='lat' dir='ltr'>scripsimus</span> 
     </span>
    </p>
   </div>
   <div class='ocr_carea' id='block_1_106' title="bbox 148 5481 1802 5553">
    <p class='ocr_par' dir='ltr' id='par_1_106' title="bbox 148 5481 1802 5553">
     <span class='ocr_line' id='line_1_106' title="bbox 148 5481 1802 5553; baseline 0.001 -12"><span class='ocrx_word' id='word_1_772' title='bbox 148 5491 265 5546; x_wconf 83' lang='grc' dir='ltr'>πῶς</span> <span class='ocrx_word' id='word_1_773' title='bbox 295 5504 361 5541; x_wconf 66' lang='lat' dir='ltr'>es</span> <span class='ocrx_word' id='word_1_774' title='bbox 394 5481 579 5539; x_wconf 40' lang='lat' dir='ltr'>codd.‘</span> <span class='ocrx_word' id='word_1_775' title='bbox 606 5484 746 5547; x_wconf 80' lang='lat' dir='ltr'>Roe,</span> <span class='ocrx_word' id='word_1_776' title='bbox 807 5481 1082 5545; x_wconf 85' lang='lat' dir='ltr'>Casaub.,</span> <span class='ocrx_word' id='word_1_777' title='bbox 1133 5481 1328 5553; x_wconf 76' lang='lat' dir='ltr'>Qttob.</span> <span class='ocrx_word' id='word_1_778' title='bbox 1382 5490 1440 5538; x_wconf 90' lang='lat' dir='ltr'>et</span> <span class='ocrx_word' id='word_1_779' title='bbox 1491 5481 1664 5539; x_wconf 78' lang='lat' dir='ltr'>Grod.</span> <span class='ocrx_word' id='word_1_780' title='bbox 1694 5504 1708 5553; x_wconf 91' lang='lat'><strong>;</strong></span> <span class='ocrx_word' id='word_1_781' title='bbox 1742 5494 1802 5542; x_wconf 88' lang='lat' dir='ltr'>at</span> 
     </span>
    </p>
   </div>
   <div class='ocr_carea' id='block_1_107' title="bbox 150 5549 1797 5630">
    <p class='ocr_par' dir='ltr' id='par_1_107' title="bbox 150 5549 1797 5630">
     <span class='ocr_line' id='line_1_107' title="bbox 150 5549 1797 5630; baseline -0.002 -15"><span class='ocrx_word' id='word_1_782' title='bbox 150 5559 377 5619; x_wconf 86' lang='lat' dir='ltr'>iisdem,</span> <span class='ocrx_word' id='word_1_783' title='bbox 408 5554 676 5630; x_wconf 35' lang='lat' dir='ltr'>si‘Ottob.</span> <span class='ocrx_word' id='word_1_784' title='bbox 713 5549 1386 5630; x_wconf 51' lang='lat' dir='ltr'>excipias._pro_86v191t</span> <span class='ocrx_word' id='word_1_785' title='bbox 1412 5549 1797 5630; x_wconf 67' lang='grc' dir='ltr'>διηγήσασθαι,</span> 
     </span>
    </p>
   </div>
   <div class='ocr_carea' id='block_1_108' title="bbox 153 5621 1361 5701">
    <p class='ocr_par' dir='ltr' id='par_1_108' title="bbox 153 5621 1361 5701">
     <span class='ocr_line' id='line_1_108' title="bbox 153 5621 1361 5701; baseline -0.007 -14"><span class='ocrx_word' id='word_1_786' title='bbox 153 5631 435 5701; x_wconf 84' lang='lat' dir='ltr'>scriptum</span> <span class='ocrx_word' id='word_1_787' title='bbox 464 5626 684 5701; x_wconf 72' lang='lat' dir='ltr'>ferunt,</span> <span class='ocrx_word' id='word_1_788' title='bbox 716 5621 1081 5701; x_wconf 15' lang='lat' dir='ltr'>Btnivtécaaoﬁat</span> <span class='ocrx_word' id='word_1_789' title='bbox 1115 5621 1361 5701; x_wconf 62' lang='grc' dir='ltr'>δυνατόν.</span> 
     </span>
    </p>
   </div>
   <div class='ocr_carea' id='block_1_109' title="bbox 217 5695 1797 5774">
    <p class='ocr_par' dir='ltr' id='par_1_109' title="bbox 217 5695 1797 5774">
     <span class='ocr_line' id='line_1_109' title="bbox 217 5695 1797 5774; baseline 0.009 -32"><span class='ocrx_word' id='word_1_790' title='bbox 217 5695 295 5774; x_wconf 64' lang='grc' dir='ltr'>(ρ’)</span> <span class='ocrx_word' id='word_1_791' title='bbox 324 5700 446 5755; x_wconf 81' lang='grc' dir='ltr'>’Ὁτι</span> <span class='ocrx_word' id='word_1_792' title='bbox 479 5695 762 5772; x_wconf 78' lang='grc' dir='ltr'>γλεύκοκς.</span> <span class='ocrx_word' id='word_1_793' title='bbox 797 5696 1155 5752; x_wconf 86' lang='lat' dir='ltr'>Particulam</span> <span class='ocrx_word' id='word_1_794' title='bbox 1200 5696 1283 5753; x_wconf 78' lang='grc' dir='ltr'>ὅτι</span> <span class='ocrx_word' id='word_1_795' title='bbox 1334 5699 1682 5769; x_wconf 80' lang='lat' dir='ltr'>scripsimus</span> <span class='ocrx_word' id='word_1_796' title='bbox 1727 5718 1797 5757; x_wconf 84' lang='lat' dir='ltr'>ex</span> 
     </span>
    </p>
   </div>
   <div class='ocr_carea' id='block_1_110' title="bbox 1836 4912 3032 4990">
    <p class='ocr_par' dir='ltr' id='par_1_110' title="bbox 1836 4912 3032 4990">
     <span class='ocr_line' id='line_1_110' title="bbox 1836 4912 3032 4990; baseline -0.003 -19"><span class='ocrx_word' id='word_1_797' title='bbox 1836 4927 1881 4990; x_wconf 88' lang='grc'>[)</span> <span class='ocrx_word' id='word_1_798' title='bbox 1918 4914 2319 4990; x_wconf 81' lang='lat' dir='ltr'>codd._Coi_sl.,</span> <span class='ocrx_word' id='word_1_799' title='bbox 2353 4912 2530 4990; x_wconf 79' lang='lat' dir='ltr'>Grod.</span> <span class='ocrx_word' id='word_1_800' title='bbox 2565 4918 2622 4990; x_wconf 72' lang='lat' dir='ltr'>e_t_</span> <span class='ocrx_word' id='word_1_801' title='bbox 2652 4929 2819 4969; x_wconf 84' lang='lat' dir='ltr'>sacro</span> <span class='ocrx_word' id='word_1_802' title='bbox 2850 4918 3032 4968; x_wconf 88' lang='lat' dir='ltr'>textu.</span> 
     </span>
    </p>
   </div>
   <div class='ocr_carea' id='block_1_111' title="bbox 1993 4981 3568 5058">
    <p class='ocr_par' dir='ltr' id='par_1_111' title="bbox 1993 4981 3568 5058">
     <span class='ocr_line' id='line_1_111' title="bbox 1993 4981 3568 5058; baseline -0.004 -17"><span class='ocrx_word' id='word_1_803' title='bbox 1993 4990 2067 5057; x_wconf 87' lang='grc'>(3)</span> <span class='ocrx_word' id='word_1_804' title='bbox 2102 4986 2246 5041; x_wconf 77' lang='grc' dir='ltr'>Κατὰ</span> <span class='ocrx_word' id='word_1_805' title='bbox 2282 4983 2528 5058; x_wconf 77' lang='grc' dir='ltr'>καιρούς.</span> <span class='ocrx_word' id='word_1_806' title='bbox 2590 4987 2708 5041; x_wconf 79' lang='lat' dir='ltr'>Roe</span> <span class='ocrx_word' id='word_1_807' title='bbox 2751 4990 2810 5039; x_wconf 86' lang='lat' dir='ltr'>et</span> <span class='ocrx_word' id='word_1_808' title='bbox 2850 4984 3137 5058; x_wconf 72' lang='lat' dir='ltr'>Casaub.,</span> <span class='ocrx_word' id='word_1_809' title='bbox 3189 4981 3324 5036; x_wconf 81' lang='grc' dir='ltr'>κατὰ</span> <span class='ocrx_word' id='word_1_810' title='bbox 3381 4983 3568 5058; x_wconf 79' lang='grc' dir='ltr'>καιρὸν</span> 
     </span>
    </p>
   </div>
   <div class='ocr_carea' id='block_1_112' title="bbox 1915 5054 3572 5127">
    <p class='ocr_par' dir='ltr' id='par_1_112' title="bbox 1915 5054 3572 5127">
     <span class='ocr_line' id='line_1_112' title="bbox 1915 5054 3572 5127; baseline -0.001 -15"><span class='ocrx_word' id='word_1_811' title='bbox 1915 5054 2138 5113; x_wconf 68' lang='grc' dir='ltr'>ἕκαστον</span> <span class='ocrx_word' id='word_1_812' title='bbox 2172 5054 2651 5127; x_wconf 70' lang='grc' dir='ltr'>ᾳιιουίεἰωηρονε.</span> <span class='ocrx_word' id='word_1_813' title='bbox 2690 5054 2890 5121; x_wconf 87' lang='grc' dir='ltr'>Καιρός</span> <span class='ocrx_word' id='word_1_814' title='bbox 2923 5057 3019 5111; x_wconf 88' lang='lat' dir='ltr'>hic</span> <span class='ocrx_word' id='word_1_815' title='bbox 3051 5072 3154 5126; x_wconf 91' lang='lat' dir='ltr'>pro</span> <span class='ocrx_word' id='word_1_816' title='bbox 3207 5071 3365 5109; x_wconf 91' lang='lat' dir='ltr'>anno</span> <span class='ocrx_word' id='word_1_817' title='bbox 3416 5054 3572 5110; x_wconf 87' lang='lat' dir='ltr'>sumi</span> 
     </span>
    </p>
   </div>
   <div class='ocr_carea' id='block_1_113' title="bbox 1914 5127 3570 5200">
    <p class='ocr_par' dir='ltr' id='par_1_113' title="bbox 1914 5127 3570 5200">
     <span class='ocr_line' id='line_1_113' title="bbox 1914 5127 3570 5200; baseline -0.002 -13"><span class='ocrx_word' id='word_1_818' title='bbox 1914 5133 2163 5195; x_wconf 88' lang='lat' dir='ltr'>videtur,</span> <span class='ocrx_word' id='word_1_819' title='bbox 2198 5135 2263 5184; x_wconf 87' lang='lat' dir='ltr'>ut</span> <span class='ocrx_word' id='word_1_820' title='bbox 2287 5128 2611 5199; x_wconf 89' lang='lat' dir='ltr'>aliquando</span> <span class='ocrx_word' id='word_1_821' title='bbox 2642 5129 2703 5183; x_wconf 86' lang='lat' dir='ltr'>in</span> <span class='ocrx_word' id='word_1_822' title='bbox 2734 5129 3037 5200; x_wconf 89' lang='lat' dir='ltr'>Scriptura</span> <span class='ocrx_word' id='word_1_823' title='bbox 3075 5127 3349 5198; x_wconf 89' lang='lat' dir='ltr'>usurpari</span> <span class='ocrx_word' id='word_1_824' title='bbox 3405 5128 3570 5183; x_wconf 88' lang='lat' dir='ltr'>testis</span> 
     </span>
    </p>
   </div>
   <div class='ocr_carea' id='block_1_114' title="bbox 1914 5200 3027 5274">
    <p class='ocr_par' dir='ltr' id='par_1_114' title="bbox 1914 5200 3027 5274">
     <span class='ocr_line' id='line_1_114' title="bbox 1914 5200 3027 5274; baseline -0.006 -15"><span class='ocrx_word' id='word_1_825' title='bbox 1914 5210 2005 5259; x_wconf 89' lang='lat' dir='ltr'>est</span> <span class='ocrx_word' id='word_1_826' title='bbox 2032 5201 2287 5274; x_wconf 77' lang='lat' dir='ltr'>Cyrillus</span> <span class='ocrx_word' id='word_1_827' title='bbox 2317 5200 2444 5272; x_wconf 89' lang='lat' dir='ltr'>ipse</span> <span class='ocrx_word' id='word_1_828' title='bbox 2465 5205 2584 5274; x_wconf 78' lang='lat' dir='ltr'>cat.</span> <span class='ocrx_word' id='word_1_829' title='bbox 2622 5204 2708 5263; x_wconf 78' lang='grc'>15,</span> <span class='ocrx_word' id='word_1_830' title='bbox 2739 5217 2905 5274; x_wconf 86' lang='lat' dir='ltr'>num.</span> <span class='ocrx_word' id='word_1_831' title='bbox 2940 5202 3027 5274; x_wconf 72' lang='grc'>16.</span> 
     </span>
    </p>
   </div>
   <div class='ocr_carea' id='block_1_115' title="bbox 1984 5270 3565 5345">
    <p class='ocr_par' dir='ltr' id='par_1_115' title="bbox 1984 5270 3565 5345">
     <span class='ocr_line' id='line_1_115' title="bbox 1984 5270 3565 5345; baseline -0.003 -16"><span class='ocrx_word' id='word_1_832' title='bbox 1984 5270 2260 5345; x_wconf 74' lang='grc' dir='ltr'>(4)Ὀῖ’κου</span> <span class='ocrx_word' id='word_1_833' title='bbox 2291 5270 2407 5339; x_wconf 67' lang='grc' dir='ltr'>σου,</span> <span class='ocrx_word' id='word_1_834' title='bbox 2441 5272 2631 5345; x_wconf 79' lang='lat' dir='ltr'>domus</span> <span class='ocrx_word' id='word_1_835' title='bbox 2690 5279 2815 5345; x_wconf 62' lang='lat' dir='ltr'>tuae.</span> <span class='ocrx_word' id='word_1_836' title='bbox 2867 5270 3190 5345; x_wconf 72' lang='lat' dir='ltr'>Legebatur</span> <span class='ocrx_word' id='word_1_837' title='bbox 3236 5270 3301 5345; x_wconf 87' lang='lat' dir='ltr'>in</span> <span class='ocrx_word' id='word_1_838' title='bbox 3355 5270 3565 5326; x_wconf 87' lang='lat' dir='ltr'>editio-</span> 
     </span>
    </p>
   </div>
   <div class='ocr_carea' id='block_1_116' title="bbox 1913 5339 3566 5414">
    <p class='ocr_par' dir='ltr' id='par_1_116' title="bbox 1913 5339 3566 5414">
     <span class='ocr_line' id='line_1_116' title="bbox 1913 5339 3566 5414; baseline -0.002 -13"><span class='ocrx_word' id='word_1_839' title='bbox 1913 5339 2089 5402; x_wconf 84' lang='lat' dir='ltr'>nibus</span> <span class='ocrx_word' id='word_1_840' title='bbox 2114 5350 2252 5400; x_wconf 90' lang='lat' dir='ltr'>ante</span> <span class='ocrx_word' id='word_1_841' title='bbox 2284 5344 2706 5409; x_wconf 77' lang='lat' dir='ltr'>Omniensem,</span> <span class='ocrx_word' id='word_1_842' title='bbox 2735 5339 2889 5395; x_wconf 70' lang='grc' dir='ltr'>οἶνον</span> <span class='ocrx_word' id='word_1_843' title='bbox 2916 5339 3032 5406; x_wconf 78' lang='grc' dir='ltr'>σου,</span> <span class='ocrx_word' id='word_1_844' title='bbox 3066 5344 3185 5397; x_wconf 83' lang='lat' dir='ltr'>vini</span> <span class='ocrx_word' id='word_1_845' title='bbox 3220 5343 3320 5396; x_wconf 86' lang='lat' dir='ltr'>tui.</span> <span class='ocrx_word' id='word_1_846' title='bbox 3376 5348 3566 5414; x_wconf 87' lang='lat' dir='ltr'>Atque</span> 
     </span>
    </p>
   </div>
   <div class='ocr_carea' id='block_1_117' title="bbox 1912 5414 3562 5485">
    <p class='ocr_par' dir='ltr' id='par_1_117' title="bbox 1912 5414 3562 5485">
     <span class='ocr_line' id='line_1_117' title="bbox 1912 5414 3562 5485; baseline -0.001 -13"><span class='ocrx_word' id='word_1_847' title='bbox 1912 5419 1993 5473; x_wconf 88' lang='lat' dir='ltr'>ita</span> <span class='ocrx_word' id='word_1_848' title='bbox 2017 5418 2168 5472; x_wconf 84' lang='lat' dir='ltr'>forte</span> <span class='ocrx_word' id='word_1_849' title='bbox 2192 5414 2498 5471; x_wconf 65' lang='lat' dir='ltr'>memorias</span> <span class='ocrx_word' id='word_1_850' title='bbox 2523 5415 2692 5484; x_wconf 89' lang='lat' dir='ltr'>lapsu</span> <span class='ocrx_word' id='word_1_851' title='bbox 2714 5414 2946 5469; x_wconf 81' lang='lat' dir='ltr'>dixerat</span> <span class='ocrx_word' id='word_1_852' title='bbox 2964 5414 3243 5485; x_wconf 84' lang='lat' dir='ltr'>Cyrillus.</span> <span class='ocrx_word' id='word_1_853' title='bbox 3276 5416 3360 5469; x_wconf 84' lang='lat' dir='ltr'>Ex</span> <span class='ocrx_word' id='word_1_854' title='bbox 3390 5415 3562 5470; x_wconf 91' lang='lat' dir='ltr'>codd.</span> 
     </span>
    </p>
   </div>
   <div class='ocr_carea' id='block_1_118' title="bbox 1909 5485 3567 5559">
    <p class='ocr_par' dir='ltr' id='par_1_118' title="bbox 1909 5485 3567 5559">
     <span class='ocr_line' id='line_1_118' title="bbox 1909 5485 3567 5559; baseline -0.003 -13"><span class='ocrx_word' id='word_1_855' title='bbox 1909 5489 2153 5545; x_wconf 89' lang='lat' dir='ltr'>Casaub.</span> <span class='ocrx_word' id='word_1_856' title='bbox 2184 5494 2242 5542; x_wconf 90' lang='lat' dir='ltr'>et</span> <span class='ocrx_word' id='word_1_857' title='bbox 2265 5490 2405 5551; x_wconf 84' lang='lat' dir='ltr'>Roe,</span> <span class='ocrx_word' id='word_1_858' title='bbox 2430 5486 2644 5559; x_wconf 73' lang='lat' dir='ltr'>quibus</span> <span class='ocrx_word' id='word_1_859' title='bbox 2663 5486 2836 5559; x_wconf 82' lang='lat' dir='ltr'>Coisl.</span> <span class='ocrx_word' id='word_1_860' title='bbox 2865 5493 2923 5541; x_wconf 90' lang='lat' dir='ltr'>et</span> <span class='ocrx_word' id='word_1_861' title='bbox 2943 5485 3119 5559; x_wconf 61' lang='lat' dir='ltr'>tirod.</span> <span class='ocrx_word' id='word_1_862' title='bbox 3144 5488 3567 5559; x_wconf 72' lang='lat' dir='ltr'>suffragantur,</span> 
     </span>
    </p>
   </div>
   <div class='ocr_carea' id='block_1_119' title="bbox 1910 5554 3563 5633">
    <p class='ocr_par' dir='ltr' id='par_1_119' title="bbox 1910 5554 3563 5633">
     <span class='ocr_line' id='line_1_119' title="bbox 1910 5554 3563 5633; baseline -0.004 -17"><span class='ocrx_word' id='word_1_863' title='bbox 1910 5560 2192 5616; x_wconf 80' lang='lat' dir='ltr'>Millesius</span> <span class='ocrx_word' id='word_1_864' title='bbox 2227 5554 2512 5633; x_wconf 76' lang='lat' dir='ltr'>reposuit.</span> <span class='ocrx_word' id='word_1_865' title='bbox 2531 5554 2723 5633; x_wconf 69' lang='lat' dir='ltr'>_oi’x_ou.</span> <span class='ocrx_word' id='word_1_866' title='bbox 2758 5558 2908 5614; x_wconf 88' lang='lat' dir='ltr'>Loco</span> <span class='ocrx_word' id='word_1_867' title='bbox 2938 5555 3004 5633; x_wconf 55' lang='lat' dir='ltr'>in</span> <span class='ocrx_word' id='word_1_868' title='bbox 3051 5560 3174 5633; x_wconf 66' lang='grc' dir='ltr'>τῷνΔ</span> <span class='ocrx_word' id='word_1_869' title='bbox 3219 5554 3563 5633; x_wconf 63' lang='grc' dir='ltr'>χειμάῥρων,</span> 
     </span>
    </p>
   </div>
   <div class='ocr_carea' id='block_1_120' title="bbox 1846 5630 3563 5697">
    <p class='ocr_par' dir='ltr' id='par_1_120' title="bbox 1846 5630 3563 5697">
     <span class='ocr_line' id='line_1_120' title="bbox 1846 5630 3563 5697; baseline -0.001 -11"><span class='ocrx_word' id='word_1_870' title='bbox 1846 5682 1855 5686; x_wconf 86' lang='grc'>-</span> <span class='ocrx_word' id='word_1_871' title='bbox 1909 5650 1979 5688; x_wconf 78' lang='lat' dir='ltr'>ea:</span> <span class='ocrx_word' id='word_1_872' title='bbox 2009 5632 2358 5695; x_wconf 80' lang='lat' dir='ltr'>torrentibus,</span> <span class='ocrx_word' id='word_1_873' title='bbox 2391 5630 2593 5697; x_wconf 83' lang='lat' dir='ltr'>Coisl.,</span> <span class='ocrx_word' id='word_1_874' title='bbox 2626 5631 2768 5697; x_wconf 81' lang='lat' dir='ltr'>Roe,</span> <span class='ocrx_word' id='word_1_875' title='bbox 2801 5630 3047 5686; x_wconf 84' lang='lat' dir='ltr'>Casaub.</span> <span class='ocrx_word' id='word_1_876' title='bbox 3082 5630 3304 5686; x_wconf 83' lang='lat' dir='ltr'>habent</span> <span class='ocrx_word' id='word_1_877' title='bbox 3352 5630 3439 5686; x_wconf 79' lang='lat' dir='ltr'>ut</span> <span class='ocrx_word' id='word_1_878' title='bbox 3464 5647 3563 5685; x_wconf 84' lang='lat' dir='ltr'>sa-</span> 
     </span>
    </p>
   </div>
   <div class='ocr_carea' id='block_1_121' title="bbox 1909 5698 3123 5775">
    <p class='ocr_par' dir='ltr' id='par_1_121' title="bbox 1909 5698 3123 5775">
     <span class='ocr_line' id='line_1_121' title="bbox 1909 5698 3123 5775; baseline -0.001 -16"><span class='ocrx_word' id='word_1_879' title='bbox 1909 5721 2012 5759; x_wconf 88' lang='lat' dir='ltr'>cer</span> <span class='ocrx_word' id='word_1_880' title='bbox 2042 5710 2256 5771; x_wconf 87' lang='lat' dir='ltr'>textus,</span> <span class='ocrx_word' id='word_1_881' title='bbox 2288 5702 2381 5755; x_wconf 86' lang='grc' dir='ltr'>τὸν</span> <span class='ocrx_word' id='word_1_882' title='bbox 2408 5698 2768 5775; x_wconf 62' lang='grc' dir='ltr'>χειμάρῥουν,</span> <span class='ocrx_word' id='word_1_883' title='bbox 2803 5709 3123 5758; x_wconf 83' lang='lat' dir='ltr'>torrentem.</span> 
     </span>
    </p>
   </div>
  </div>
