3932 6388
397 371 517 432 991

1463 373 1526 432 S.
1573 364 1886 432 CYRILLI
1929 355 2350 422 HIEBOSOL.
2394 358 2764 420 ARCHIEP.

3666 366 3762 426 992

408 505 592 558 etiam
618 504 929 560 scientiam
946 504 1228 576 impertit.
1254 503 1411 558 Ebrii
1430 509 1568 558 sunt
1586 508 1758 575 epoto
1783 496 2009 568 intellig

2187 490 2262 561 μή
2323 489 2678 564 ἐγνωσμένων
2735 491 2836 559 τήν
2891 493 3090 564 γνῶσιν
3149 487 3454 564 χαρίζεται.
3522 491 3763 567 Μεθῦουσι,

411 593 556 648 bilis
589 595 724 648 vitis
757 594 888 648 vino
921 595 1014 662 (1),
1051 610 1181 663 quin
1216 593 1330 646 ait:
1367 597 1483 661 Ego
1507 610 1624 647 sum
1682 593 1831 652 vitis,
1887 596 1937 643 et
1983 602 2073 642 vos

407 681 673 752 palmites
699 683 741 736 ³.
776 681 938 746 Quod
973 682 1017 734 si
1053 681 1197 736 mihi
1233 681 1456 736 dicenti
1519 699 1638 736 non
1689 679 1950 746 creditis,
2001 693 2073 730 ex

417 772 548 842 ipsa
579 773 865 842 temporis
898 771 1349 826 circumstantia
1380 771 1537 842 quod
1571 771 1702 826 dico
1735 768 2070 839 intelligite.

415 863 507 916 Est
529 862 688 915 enim
711 861 845 914 hora
867 861 977 913 diei
1001 863 1166 914 tertia
1192 861 1232 913 ³.
1252 861 1357 926 Qui
1388 861 1545 916 enim
1571 861 1716 916 liora
1738 859 1913 914 tertia
1939 874 2074 912 cru-

412 950 620 1004 cifixus
637 954 726 1003 est
744 947 860 1012 ‘,ut
883 951 1108 1003 Marcus
1123 950 1225 1016 ait,
1242 949 1266 982 ⁵
1291 951 1464 1004 tertia
1486 967 1648 1004 nunc
1665 947 2070 1019 horagratiam

413 1038 610 1104 misit;
637 1037 792 1092 6non
817 1038 975 1092 enim
1002 1037 1385 1104 aliaillius,et
1405 1039 1523 1093 alia
1541 1035 2072 1110 hujusgratia;sed

411 1127 511 1197 qui
542 1133 680 1181 tunc
710 1127 1029 1181 crucifixus
1053 1134 1162 1195 est,
1189 1134 1246 1182 et
1265 1128 1643 1200 promiserat,
1679 1127 1738 1182 id
1766 1127 1923 1198 quod
1946 1126 2074 1180 fue-

410 1222 502 1270 rat
531 1216 836 1287 pollicitus
868 1217 1220 1288 implevit.Si
1255 1235 1388 1272 vero
1412 1224 1471 1272 et
1496 1216 2070 1272 testimoniumacci-

406 1322 546 1377 pere
573 1307 811 1378 optatis,
839 1307 994 1362 27-!
1030 1307 1276 1375 'audite,
1321 1308 1554 1379 inquit:
1601 1330 1629 1358 «
1664 1306 1776 1361 Sed
1825 1307 1936 1360 hoc
1987 1309 2075 1359 est

409 1418 437 1444 «
474 1396 632 1466 quod
666 1396 892 1451 dictum
927 1403 1018 1451 est
1040 1414 1146 1468 per
1169 1397 1519 1468 prophetam
1543 1396 1666 1452 Joel
1699 1395 2075 1464 :Eteritpost

413 1507 440 1534 «
473 1485 620 1552 haec,
647 1485 792 1539 dicit
819 1486 993 1548 Deus,
1024 1485 1326 1540 effundam
1351 1485 1422 1540 de
1455 1485 1676 1556 Spiritu
1707 1484 1892 1539 meo".
1926 1482 2074 1537 Illud

410 1592 562 1642 vero,
599 1573 900 1629 effundam
937 1596 988 1641 ››,
1021 1574 1323 1646 cOpiosam
1357 1574 1629 1646 designat
1657 1573 2071 1628 donationem:

415 1685 443 1714 ‹‹
479 1666 604 1718 Non
628 1665 792 1718 enim
815 1663 890 1718 ad
911 1679 1250 1718 mensuram
1281 1663 1380 1717 dat
1402 1665 1556 1717 Deus
1581 1663 1884 1734 Spiritum.
1901 1663 2075 1716 Pater

411 1774 440 1804 ‹‹
477 1752 989 1824 diligitFilium,et
1010 1753 1212 1808 omnia
1231 1753 1395 1808 dedit
1417 1754 1477 1806 in
1501 1769 1681 1808 manu
1706 1753 1836 1824 ejus
1856 1753 1876 1786 ⁸
1901 1752 2068 1806 ».De-

412 1841 499 1896 dit
527 1847 727 1896 autem
759 1841 846 1895 illi
870 1847 1226 1912 potestatem
1253 1842 1433 1896 etiam
1454 1840 1799 1896 conferendi
1821 1841 2070 1929 sanctis-
2101 1863 2147 1929 Β

409 1931 542 1985 simi
569 1931 821 2002 Spiritus
847 1931 1120 2002 gratiam,
1140 1931 1356 2001 quibus
1384 1931 1656 1985 voluerit.
1693 1952 1722 1979 «
1755 1928 2069 1984 Effundam

411 2041 434 2070 σ
459 2019 529 2075 de
553 2021 773 2091 Spiritu
795 2036 928 2075 meo
944 2037 1124 2091 super
1138 2037 1376 2075 omnem
1402 2024 1736 2080 carnem.et
1759 2019 2070 2090 propheta-

407 2132 435 2160 «
471 2109 744 2164 buntt‘ilii
781 2109 956 2164 vestri
986 2115 1044 2164 et
1077 2109 1213 2164 filim
1242 2116 1448 2164 vestrm
1475 2117 1560 2176 ;et
1589 2112 1646 2163 in
1678 2109 2070 2178 sequentibus:

409 2219 438 2249 ιι
471 2199 538 2251 Et
567 2198 810 2268 quidem
838 2214 1018 2270 super
1049 2216 1246 2254 servos
1279 2217 1444 2254 meos
1475 2204 1533 2253 et
1583 2215 1762 2270 super
1819 2197 2071 2252 ancillas

407 2307 438 2339 α
465 2303 650 2355 meas,
681 2289 744 2344 in
771 2287 982 2342 diebus
1014 2288 1134 2342 illis
1167 2289 1468 2344 effundam
1501 2289 1574 2343 de
1605 2288 1828 2360 Spiritu
1851 2293 2074 2355 meo,et

410 2397 440 2428 α
467 2377 910 2448 propbetabunt
938 2379 959 2412 ⁸
995 2401 1042 2431 ››.
1078 2378 1330 2448 Spiritus
1363 2385 1604 2433 sanctus
1636 2394 1920 2448 personas
1949 2394 2068 2432 non

403 2468 686 2537 respicit;
720 2484 841 2522 non
876 2469 1034 2522 enim
1062 2468 1378 2539 dignitates
1415 2469 1646 2538 quaerit,
1698 2468 1802 2523 sed
1851 2469 2070 2523 animai

403 2558 707 2629 pietatem.
744 2558 788 2592 ¹⁰
810 2560 1010 2629 Neque
1035 2559 1245 2612 divites
1267 2559 1692 2623 intumescant,
1720 2576 1914 2630 neque
1933 2575 2071 2630 pau-

404 2663 579 2720 peres
639 2648 838 2702 animo
899 2647 1310 2718 dejiciantur;
1375 2653 1605 2703 tantum
1656 2649 2070 2719 unusquisque

402 2737 666 2808 seipsum
682 2744 932 2808 apparet
947 2736 1020 2792 ad
1035 2736 1478 2808 suscipiendam
1497 2738 1794 2792 cailestem
1811 2737 2068 2810 gratiam.

2180 578 2394 640 πιόντες
2428 579 2519 633 τὸν
2551 581 2696 633 οἶνον
2741 585 2842 647 τῆς
2900 584 3106 646 νοητῆς
3162 575 3438 649 ἀμπέλου,
3482 585 3572 647 τῆς
3614 579 3767 656 λεγοις.

2183 685 2301 736 σης·
2339 667 2478 742 Ἑγὼ
2509 667 2626 740 εἶμι
2674 670 2709 737 ἡ
2766 666 3039 740 ἄμπελος,
3091 667 3178 722 καὶ
3235 667 3392 739 ὑμεῖς
3439 666 3502 720 τὰ
3541 666 3768 742 κλήματα,

2183 756 2246 813 Εἰ
2292 753 2348 810 δέ
2409 758 2484 828 μὴ
2537 757 2782 820 πείθεσθέ
2842 777 2959 827 μοι,
3019 754 3078 810 ἐκ
3130 756 3230 810 τοῦ
3289 759 3479 827 καιροῦ
3530 755 3683 812 σύνετε
3722 762 3768 814 τὸ

2182 841 2498 920 λεγόμενον
2555 848 2707 902 Ἔστι
2764 845 2866 920 γὰρ
2927 841 3042 918 ὢρα
3100 845 3262 919 τρίτη
3322 851 3421 912 τῆς
3488 847 3690 921 ἡμέρας.
3730 851 3770 906 Ὀ

2179 934 2280 1010 γὰρ
2343 934 2394 990 ἐν
2449 935 2608 1010 τρίτῃ
2668 931 2784 1010 ὢρᾳ
2837 934 3186 1008 παυρωθεῖς,
3249 933 3326 995 ὡς
3393 935 3597 1008 Μάρκος
3662 939 3772 1007 cmi,

2180 1023 2336 1098 τρίτῃ
2372 1024 2488 1098 ὥρᾳ
2513 1028 2605 1077 νῦν
2655 1023 2969 1096 κατέπεμψε
3005 1023 3104 1092 τὴν
3163 1023 3357 1097 χάριν.
3414 1023 3490 1079 Οὐ
3535 1023 3624 1098 γὰρ
3668 1022 3774 1097 ἄλλη

2183 1115 2346 1188 χάρις
2375 1111 2604 1181 ἐκείνου,
2657 1113 2746 1167 καὶ
2808 1112 2955 1182 ἄλλη
3015 1115 3177 1188 χάρις
3232 1115 3456 1165 τοῦτου·
3510 1111 3779 1170 ἀλλ’ὁτὸτε

2183 1207 2536 1277 παυρωθεὶς,
2587 1203 2675 1257 καὶ
2725 1200 3214 1278 ἐπαγγειλάμενος,
3265 1199 3780 1279 ἐπλήρωσενδέπηγ-

2179 1290 2403 1366 γείλατο
2452 1295 2550 1364 (2).
2607 1291 2671 1349 Εἰ
2736 1289 2792 1345 δὲ
2853 1289 3115 1364 βούλεσθε
3181 1288 3434 1360 δέξασθαι
3487 1289 3573 1345 καὶ
3627 1313 3777 1366 (aptu-

2182 1380 2323 1456 ρίαν,
2356 1381 2641 1452 ἀκούσατε,
2701 1380 2884 1458 φησίν·
2947 1377 3126 1436 Ἀλλὰ
3179 1380 3352 1434 τοῦτὸ
3410 1378 3521 1435 ἐστι
3570 1381 3626 1434 τὸ
3675 1381 3778 1454 sipr-

2185 1473 2347 1550 μενον
2404 1469 2494 1526 διὰ
2547 1475 2645 1525 τοῦ
2700 1471 2990 1548 προφήτου
3049 1468 3244 1540 Ἰωήλ
3342 1469 3440 1526 Καὶ
3498 1462 3635 1525 ἔσται
3688 1475 3775 1544 μετᾶ

2177 1573 2348 1626 ταῦτα
2381 1569 2478 1640 (3),
2521 1563 2667 1640 λέγει
2728 1565 2756 1618 ὁ
2814 1564 2966 1635 Θεὸς,
3024 1561 3204 1638 ἐκχεῶ
3263 1563 3375 1616 ἀπὸ
3429 1567 3526 1617 τοῦ
3582 1564 3776 1635 Πνεύμι-

2179 1661 2270 1720 τὸς
2302 1679 2428 1731 μου.
2460 1654 2537 1712 Τὸ
2570 1651 2647 1716 δέ,
2707 1651 2908 1727 ἐκχεῶ,
2959 1650 3227 1708 πλουσίαν
3281 1651 3505 1726 ᾐνίξατο
3561 1649 3708 1707 δόσιν·
3730 1656 3776 1710 Οὐ

2180 1751 2284 1824 γὰρ
2344 1746 2404 1802 ἐκ
2492 1745 2692 1818 μέτρου
2771 1738 2990 1796 δίδωσιν
3045 1742 3073 1796 ὁ
3132 1741 3271 1802 Θεὸς
3349 1742 3413 1795 τὸ
3494 1744 3705 1812 Πνεῦμα.
3742 1749 3779 1798 ‘0

2184 1839 2369 1913 Πατὴρ
2430 1834 2611 1910 ἀγαπᾷ
2670 1831 2762 1886 τὸν
2849 1830 2995 1898 Υἱὸν,
3073 1830 3164 1886 καὶ
3251 1830 3434 1884 πάντα
3509 1827 3709 1884 δέδωκεν
3748 1829 3779 1884 ἑν

2177 1931 2245 2002 τῇ
2279 1925 2428 2002 χειρὶ
2479 1922 2665 1978 αὐτοῦ.
2725 1917 2939 1976 Δέδωκε
2989 1917 3047 1974 δέ
3105 1918 3259 1990 αὐτῷ
3305 1919 3407 1987 τὴν
3463 1918 3680 1990 ἐξουσίαν
3724 1921 3782 1972 καὶ

2177 2017 2273 2072 τοῦ
2305 2013 2621 2090 χαρίζεσθαι
2667 2014 2766 2064 τοῦ
2819 2008 3091 2083 παναγίου
3149 2007 3478 2082 Ηνεύματος
3535 2009 3628 2075 τὴν
3670 2007 3780 2082 χάριν

2180 2109 2262 2167 οἷς
2322 2101 2601 2181 βούλεται.
2668 2100 2882 2173 Ἐκχεῶ
2968 2095 3074 2152 ἀπὸ
3150 2101 3255 2151 τοῦ
3339 2096 3644 2169 Πνεῦματός
3713 2116 3780 2166 μου

2182 2195 2269 2251 ἐπὶ
2347 2198 2519 2248 πᾶσαν
2608 2191 2800 2263 σάρκα,
2877 2188 2967 2242 καὶ
3055 2185 3540 2264 προφητεύσουσιν
3619 2187 3661 2239 οἱ
3707 2185 3780 2238 υἱοὶ

2181 2287 2360 2359 ὑμῶν,
2390 2282 2480 2336 καὶ
2540 2281 2594 2334 αἱ
2653 2277 2941 2352 θυγατέρες
3001 2277 3177 2350 ὑμῶν·
3235 2276 3332 2331 καὶ
3391 2275 3538 2345 ἑξῆς.
3596 2275 3682 2332 Καὶ
3726 2293 3780 2346 γε,

2177 2373 2266 2430 ἐπὶ
2297 2370 2425 2432 τοὺς
2459 2367 2696 2428 δούλους
2730 2387 2836 2439 μου
2884 2365 2976 2420 καὶ
3031 2363 3118 2420 ἐπὶ
3171 2365 3276 2426 τὰς
3342 2363 3543 2426 δούλας
3599 2384 3686 2435 μου
3731 2363 3780 2432 (4]

2179 2463 2232 2518 ἐν
2282 2467 2401 2522 ταῖς
2461 2459 2696 2533 ἡμέραις
2750 2454 2980 2519 ἐκείναις
3031 2456 3211 2529 ἐκχεῶ
3275 2454 3386 2509 ἀπὸ
3443 2458 3536 2508 τοῦ
3588 2459 3778 2522 [Inops-

2177 2553 2270 2614 τός
2308 2571 2435 2624 μου,
2476 2547 2566 2602 καὶ
2625 2542 3090 2622 προφητεύσουσι.
3147 2545 3230 2600 Τὸ
3294 2547 3518 2615 Πνεῦμα
3567 2541 3622 2596 τὸ
3671 2542 3776 2612 ἅγιον

2181 2633 2699 2716 ἆπροσωπὸληπτόν
2755 2633 2919 2690 ἐστιν·
2977 2634 3042 2688 οὗ
3101 2633 3206 2708 γὰρ
3305 2638 3462 2702 ζητεῖ
3540 2631 3775 2702 ἀξιώματα,

2181 2731 2328 2788 ἀλλᾶ
2356 2733 2542 2804 ψυχῆς
2573 2719 2886 2783 εὐλάϐειαν.
2922 2726 3075 2793 Μήτε
3106 2724 3158 2777 οἱ
3206 2721 3479 2778 πλούσιοι
3524 2719 3775 2780 τυοοῦσθω-

401 2846 516 2894 σαν,
587 2827 727 2898 μήτε
786 2826 838 2880 οἱ
895 2826 1120 2894 πένητες
1179 2824 1671 2879 ταπεινοῦσθιυσαδο
1738 2827 1900 2898 μόνον
1959 2823 2017 2880 δέ
2073 2824 2295 2885 ἕκαστος
2351 2817 2539 2874 ἐαυτὸν
2601 2815 2937 2888 ἐτοιμαζέτω
3001 2817 3073 2884 (5)
3150 2812 3297 2888 πρὸς
3379 2808 3645 2884 ὑποδοχὴν
3703 2812 3770 2873 τῆς

405 2912 731 2988 ἐπουρανίου
767 2915 1015 2988 χάριτος.

476 2982 589 3062 XX.
628 2982 808 3061 Multa
835 2982 1076 3076 quidem
1117 3011 1256 3060 sunt
1287 3006 1462 3061 hodie
1495 3023 1528 3061 a
1551 3005 1722 3061 nobis
1743 3006 2009 3077 disputat

2253 3004 2328 3057 K‘.
2365 2995 2555 3052 [Ιολλᾶ
2591 2994 2686 3066 μὲν
2720 2989 2814 3048 οὖν
2846 2994 2982 3064 ἡμῖν
3015 2989 3221 3063 εἴρύται
3260 2992 3529 3065 σήμερον,
3559 2987 3635 3043 καὶ
3675 2982 3758 3077 iam;

408 3100 468 3151 et
494 3111 667 3150 aures
699 3095 850 3149 forte
881 3095 1140 3167 fatigatas
1187 3101 1326 3150 sunt
1361 3113 1373 3150 :
1437 3097 1610 3168 plura
1663 3112 1798 3151 vero
1859 3112 2068 3166 super-

405 3191 546 3241 sunt
574 3185 813 3249 adhuc;
853 3189 1032 3256 atque
1091 3185 1163 3240 ad
1227 3184 1648 3240 absolvendam
1708 3184 1781 3239 de
1842 3183 2064 3254 Spiritu

403 3281 610 3332 sancto
633 3275 966 3331 doctrinam
992 3276 1166 3331 tertia
1185 3276 1363 3330 etiam
1389 3275 2062 3348 etpluribuscatechesi-

402 3364 513 3420 bus
534 3381 668 3420 vere
701 3369 858 3419 esset
889 3381 1060 3436 opus.
1098 3368 1171 3419 At
1198 3365 1374 3420 detur
1404 3365 1573 3420 nobis
1605 3366 1776 3420 venia
1807 3365 1880 3420 de
1901 3371 2067 3420 utro—

405 3475 562 3528 que;
597 3474 736 3512 nam
770 3473 904 3511 cum
939 3457 1209 3528 proxime
1243 3457 1424 3512 instet
1457 3463 1727 3512 sanctum
1761 3455 2066 3513 Paschatis

403 3548 650 3615 festum,
668 3546 886 3602 idcirco
912 3552 970 3600 et
992 3547 1170 3601 hodie
1198 3563 1536 3602 sermonem
1555 3547 1975 3618 produximus;
2009 3552 2069 3600 et

406 3637 627 3704 omnia,
649 3641 943 3708 quotquot
956 3636 1270 3707 oportebat
1283 3654 1311 3691 e
1328 3654 1478 3691 novo
1494 3637 1711 3692 findere
1729 3637 2069 3692 testimonia

405 3729 465 3782 in
488 3727 754 3782 medium
773 3725 1068 3781 adducere
1093 3742 1213 3780 non
1241 3725 1424 3780 licuit.
1443 3727 1690 3781 Restant
1710 3725 1867 3781 enim
1893 3725 2068 3780 nobis

405 3817 595 3873 multa
627 3833 696 3870 ex
727 3817 970 3871 Actibus
1029 3816 1457 3886 apostolorum,
1505 3817 1564 3870 in
1615 3815 1829 3887 quibus
1880 3814 2070 3887 gratia

405 3907 657 3978 Spiritus
689 3906 877 3960 sancti
907 3906 966 3958 in
1002 3907 1202 3977 Petro,
1235 3910 1294 3959 et
1323 3905 1384 3958 in
1417 3905 1696 3960 omnibus
1721 3903 1901 3958 simul
1925 3920 2069 3974 apo-

409 3995 600 4062 stolis,
635 3993 958 4049 efﬁcaciter
986 3999 1230 4064 operata
1261 3999 1368 4047 est.
1405 3994 1736 4065 Supersunt
1785 3993 1973 4048 multa
2014 3998 2071 4046 et

408 4085 480 4140 de
510 4082 851 4144 Calholicis,
881 4089 939 4135 et
968 4082 1039 4136 de
1072 4082 1524 4152 quatuordecim
1557 4081 1724 4137 Pauli
1748 4081 2028 4152 Epistolis
2054 4097 2066 4134 :

408 4175 480 4230 de
511 4171 728 4245 quibus
760 4189 919 4227 nunc
952 4189 1160 4242 pauca,
1195 4177 1480 4242 tanquam
1515 4188 1582 4226 ex
1617 4172 1840 4239 ingenti
1875 4177 2068 4242 prato,

480 4381 500 4414 ²
530 4380 695 4433 Joan.
727 4394 817 4443 xv,
857 4378 939 4431 15.
1045 4375 1068 4410 ³
1100 4379 1227 4433 Act.
1264 4395 1322 4441 ιι,
1359 4381 1445 4431 15.
1550 4377 1572 4411 ⁴
1603 4379 1776 4434 Marc.
1811 4396 1900 4447 xv,
1933 4382 2020 4433 25.

2120 4379 2142 4413 ⁸
2175 4380 2298 4433 Vid.
2333 4385 2442 4434 cat.
2477 4380 2562 4444 13,
2595 4394 2653 4432 η.
2689 4379 2778 4432 24.

2176 3091 2451 3162 κέκμηκεν
2482 3088 2517 3155 ἡ
2550 3082 2826 3157 ἀκρόασιςο
2860 3078 3090 3136 πλείονα
3143 3079 3202 3135 δὲ
3253 3078 3369 3135 ἐστι
3420 3080 3488 3134 τὰ
3529 3074 3762 3149 λειοθάντιιθ

2172 3181 2263 3238 καὶ
2293 3179 2454 3256 χρεία
2485 3179 2553 3246 ἦν
2587 3176 2660 3237 ὡς
2721 3173 2964 3244 ἀληθῶς,
3025 3177 3143 3234 τοῖς
3202 3172 3335 3248 περὶ
3387 3171 3541 3246 ἁγίου
3590 3164 3768 3234 Huc-3p:—

2171 3292 2264 3334 τος
2298 3253 2613 3344 διδάγμασι,
2646 3264 2738 3320 καὶ
2768 3262 2957 3339 τρίτης
2977 3259 3160 3331 ἄλλης
3179 3263 3275 3316 καὶ
3298 3258 3570 3316 πλειόνων
3588 3253 3769 3344 κατηᾏή-

2174 3383 2333 3418 σεων.
2362 3342 2666 3433 Συγγνώμη
2693 3353 2751 3410 δὲ
2770 3356 2907 3428 ἡμῖν
2936 3352 3011 3414 εἰς
3042 3353 3325 3426 ἑκάτερον,
3385 3354 3501 3421 Τῆς
3544 3349 3634 3423 γὰρ
3660 3342 3768 3417 ἁγίας

2175 3453 2370 3529 ἐορτῆς
2399 3455 2498 3507 τοῦ
2526 3449 2724 3521 Πάσχα
2762 3444 2958 3502 λοιπὸν
3015 3443 3334 3521 ἐφεστώσης
3402 3446 3504 3513 (6),
3549 3435 3764 3529 tpqxﬁvtt

2172 3525 2400 3613 τενήμῖν
2454 3536 2753 3611 σήμερονὸ
2787 3534 2978 3608 λόγος’
3040 3534 3131 3588 καὶ
3189 3533 3394 3601 πάσας,
3453 3530 3577 3589 ὅσας
3627 3525 3765 3613 ἐχρῆγν

2178 3608 2478 3705 μαρτυρίας
2535 3608 2645 3682 ίάτέδ
2700 3632 2800 3694 τῆς
2857 3629 3058 3690 Καινῆς
3117 3625 3400 3693 Amet/ix“
3484 3620 3673 3705 ἆγατέῖί
3718 3608 3765 3705 εί(

2179 3699 2477 3794 μέσον-οὐκ
2533 3717 2863 3792 ἐνεχώρησε.
2927 3715 3093 3768 Λείπε
3151 3713 3258 3788 γὰρ
3319 3715 3456 3784 ἡμῖν
3512 3703 3672 3762 πολλᾶ

2176 3811 2284 3867 ἀπὸ
2313 3815 2421 3867 τῶν
2457 3809 2704 3885 Ιιράξεων
2736 3811 2844 3861 τῶν
2877 3803 3224 3871 ἀποστόλῶν,
3259 3803 3307 3858 ἐκ
3353 3805 3438 3863 οἷς
3467 3804 3500 3870 ἡ
3530 3801 3617 3852 τοῦ
3656 3790 3764 3864 Maii

2177 3883 2689 3974 ﬂveifigntocy‘cipic
2724 3896 2777 3951 ἐν
2810 3894 2998 3968 Πέτρῳ
3028 3895 3118 3948 καὶ
3148 3899 3312 3948 πᾶσιν
3357 3893 3496 3964 ὁμοῦ
3523 3892 3626 3946 τοῖς
3671 3883 3763 3974 at?“

2177 3991 2397 4052 στόλοις
2430 3973 2718 4061 ἐνήργησε.
2755 3984 2941 4040 Λείπει
2977 3981 3032 4038 δέ
3093 3982 3284 4038 πολλᾶ
3333 3982 3428 4037 καὶ
3474 3978 3530 4033 ἐκ
3566 3980 3658 4029 τῶν
3690 3973 3763 4026 Κα-

2179 4079 2441 4139 θολικῶν,
2472 4077 2559 4131 καὶ
2591 4075 2650 4130 ἐκ
2704 4079 2813 4130 τῶν
2870 4071 3088 4128 Παῦλου
3146 4069 3548 4144 δεκατεσσάρων
3601 4063 3763 4118 ἐπιστοσ

2181 4167 2315 4224 λῶν⁶
2349 4166 2401 4238 ἐξ
2428 4167 2504 4220 ὧν
2533 4165 2698 4240 ὀλίγα
2723 4169 2838 4233 νῦν,
2897 4161 3078 4237 ὥσπερ
3137 4160 3196 4216 ἐκ
3259 4155 3500 4236 μεγάλου
3553 4153 3762 4223 λειμῶνος

2883 4374 2905 4409 σ
2942 4376 3067 4431 Vid.
3101 4382 3208 4430 cat.
3247 4378 3334 4440 16,
3362 4390 3418 4428 η.
3452 4374 3535 4425 24.
3628 4365 3644 4398 τ
3669 4363 3755 4414 .ici.

408 4470 466 4523 ii,
503 4453 590 4520 16,
621 4453 683 4503 17
712 4467 726 4515 ;
753 4449 877 4504 Joel
907 4465 962 4515 ιι,
995 4451 1082 4503 28.
1160 4450 1181 4483 ⁸
1213 4450 1379 4504 Joan.
1417 4465 1497 4504 ιιι.
1529 4449 1620 4517 34,
1655 4452 1741 4506 35.
1819 4452 1840 4486 ⁹
1872 4443 1995 4505 Act.

2183 4456 2212 4516 ἵ,
2249 4452 2313 4503 18
2340 4468 2354 4515 ;
2380 4449 2504 4504 Joel
2539 4466 2594 4516 ιι,
2631 4448 2720 4516 28,
2753 4451 2841 4503 29.
2923 4446 2968 4482 ¹⁰
3006 4447 3131 4502 Vid.
3165 4454 3275 4502 cat.
3314 4448 3398 4511 16,
3432 4461 3486 4498 η.
3523 4443 3599 4495 19.

486 4690 561 4760 (1)
593 4691 771 4757 Epoto
802 4687 1171 4756 intelligibilis
1201 4689 1325 4760 pilis
1381 4690 1530 4744 vino.
1592 4689 1907 4760 Superiore
1947 4706 2068 4744 nu-
2105 4691 2146 4756 D

408 4759 574 4817 mero
593 4760 876 4830 Spiritum
903 4765 1175 4814 sanctum
1202 4759 1351 4813 dixit
1375 4759 1810 4829 intelligibilem
1831 4763 2065 4816 vineam

408 4850 438 4888 e
471 4849 587 4904 qua
619 4833 807 4904 ipsius
838 4831 1274 4904 gratiaprodit.
1311 4833 1467 4886 Hanc
1501 4834 1675 4886 vitem
1711 4851 1866 4888 nunc
1897 4833 2060 4887 Chri-

410 4903 564 4960 stum
590 4921 719 4958 esse
748 4903 920 4958 dicit:
947 4909 1004 4957 et
1028 4903 1210 4975 infra,
1235 4920 1356 4957 non
1381 4904 1558 4958 aliam
1585 4905 1838 4975 Spiritus
1853 4905 2064 4968 sancti,

408 4977 710 5046 aliamque
736 4976 865 5029 Filii
889 4974 1135 5048 gratiam
1159 4990 1297 5048 esse
1325 4976 1604 5030 affirmat.
1628 4974 1942 5030 Christum
1968 4976 2071 5048 igi-

408 5055 506 5105 tur
535 5055 648 5102 tam
679 5064 881 5101 verum
913 5046 1116 5117 gratia:
1151 5046 1404 5116 Spiritus
1436 5048 1623 5101 sancti
1674 5054 1978 5102 auctorem
1999 5046 2069 5102 iet

407 5121 718 5191 originem.
755 5135 931 5191 quam
965 5119 1159 5189 ipsum
1195 5118 1480 5187 Spiritum
1514 5125 1785 5173 sanctum
1809 5136 1940 5174 esse
1973 5119 2069 5173 do-

411 5190 522 5244 cet;
559 5195 632 5243 At
661 5190 845 5261 gratia
881 5190 940 5243 in
1003 5191 1350 5243 Pentecoste
1400 5191 1688 5256 apostolis
1737 5191 1893 5256 data,
1948 5207 2068 5244 non

411 5261 570 5314 aliud
602 5268 692 5315 est
721 5277 897 5330 quam
932 5261 1057 5330 ipse
1091 5267 1332 5314 sanctus
1363 5261 1616 5330 Spiritus
1647 5263 1860 5316 animae
1911 5262 2068 5316 inte-

407 5332 567 5405 riora
597 5349 792 5405 perse
826 5333 1148 5405 ingressus,
1185 5348 1340 5401 sup.,
1385 5349 1442 5386 n.
1471 5335 1564 5405 14.
1601 5335 1803 5388 Restat
1833 5350 1971 5405 ergo
2004 5339 2070 5387 ut

410 5403 597 5472 ipsius
629 5402 881 5472 Spiritus
911 5403 1098 5472 sancti
1129 5409 1340 5472 auctor
1372 5410 1429 5457 et
1461 5403 1592 5458 fons
1625 5405 1807 5459 Filius
1841 5402 1935 5460 sit.

486 5475 556 5546 (2)
591 5469 1007 5546 Ἐπλήρωσενδ
1036 5470 1434 5546 ἐπηγγείλατο.
1469 5475 1708 5529 Addidit
1740 5477 1863 5530 hinc
1896 5475 2073 5530 verba

419 5543 702 5597 Millesius
733 5560 802 5597 ex
833 5543 1002 5596 codd.
1034 5543 1174 5602 Hoe‘.
1195 5543 1457 5601 'Casaub.
1493 5552 1551 5600 et
1583 5548 1736 5602 Grod
1791 5565 1804 5610 ;
1845 5547 2072 5602 haben-

417 5621 513 5669 tur
543 5630 781 5684 quoque
809 5614 870 5666 in
903 5613 1078 5669 codd.
1120 5616 1296 5670 Coisl.
1329 5624 1384 5671 et
1415 5617 1614 5674 Ottob.
1651 5635 1663 5672 :
1698 5617 1770 5673 iis
1790 5618 2072 5673 detractis

417 5683 628 5740 mutila
659 5689 750 5738 est
779 5683 990 5738 oratio.

2255 4689 2333 4759 (3)
2365 4685 2513 4740 Μετᾶ
2536 4689 2724 4744 ταῦτα.
2759 4687 2959 4761 Verba
2980 4687 3105 4761 huic
3137 4695 3375 4758 sumpta
3407 4687 3641 4761 salit“?

2178 4742 2359 4816 Joelis
2391 4767 2552 4814 textu
2580 4777 2592 4813 :
2625 4742 2831 4814 eorum
2866 4742 3026 4813 enim
3059 4759 3190 4814 loco
3219 4742 3424 4814 Petrus
3445 4742 3750 4809 dixitinAct.

2178 4833 2583 4903 apostolorum
2615 4849 2742 4904 cap.
2781 4849 2837 4891 ιι,
2872 4829 3044 4904 1⁸7.ἐν
3094 4835 3214 4890 ταῖς
3248 4827 3512 4904 ἐσχάταις
3554 4818 3748 4904 ἡμέιεξίίῇ

2176 4876 2249 4957 ξιξ
2267 4905 2576 4958 novissimis
2605 4876 2812 4957 diebus.
2845 4903 3028 4958 Paulo
3061 4910 3213 4974 post.
3247 4876 3374 4957 1οῶ
3412 4896 3610 4974 μέτρῳ,
3638 4876 3748 4974 (193d

2179 4953 3089 5049 ᾆέιὲῑρἐῖἦὶὶὶἔέἶέὸᾶἆ.ἷξοῖὲι.ἴ
3105 4953 3334 5049 otiati;
3349 4953 3516 5049 'n'oe,‘
3539 4953 3748 5049 eis}:qu

2178 5031 2354 5102 Grod.
2391 5054 2448 5101 et
2479 5062 2645 5100 sacro
2678 5053 2861 5113 textu,
2897 5031 3111 5117 legitur
3149 5048 3209 5102 in
3242 5031 3534 5117 impressis
3561 5031 3747 5089 deforml

2177 5119 2419 5185 mendo,
2456 5118 2681 5188 [Ιέτρου.
2965 5115 2978 5118 ”
3329 5115 3342 5117 ⁷

2253 5191 2326 5213 ιιι
2360 5186 2560 5213 an}-.-
2586 5209 2684 5213 ---η
2741 5191 3071 5213 n_-_-_.-..
3104 5187 3536 5213 ---..-,.1..1;,1;.“ηρ
3555 5161 3731 5213 nvnndd

2740 5191 3076 5244 Pronomen
3101 5208 3207 5259 μου
3219 5164 3745 5259 τιάάἱάὶιῃιιειεξουιέξίς

2177 5250 2380 5327 Coisl.,
2414 5263 2555 5327 Roe,
2585 5250 2857 5321 Casaub.,
2885 5261 3058 5316 Grod.
3089 5250 3146 5316 et
3168 5278 3333 5316 sacro
3357 5262 3504 5312 textu
3528 5250 3742 5304 Actuum;

2186 5331 2344 5355 ΑἈ--ι
2377 5340 2571 5355 ι--υ-
2613 5332 2762 5355 --ηιι
2813 5332 3021 5355 μη-..
3066 5332 3388 5355 -J:.:-_-_-.....
3427 5323 3546 5355 ιγγ
3577 5302 3742 5355 ίῖηηιοί.

2180 5331 2348 5389 deest
2371 5319 2578 5388 tamen
2610 5332 2767 5389 apud
2797 5319 3026 5388 Joelem
3061 5332 3390 5387 editionum
3427 5323 3552 5381 LXX
3577 5319 3743 5376 Comi“:

2181 5411 2239 5459 et
2263 5407 2454 5467 Rom.,
2488 5411 2550 5460 at
2578 5398 2832 5459 habetur
2860 5404 2918 5457 in
2954 5403 3086 5458 Ald.
3123 5411 3178 5458 et
3209 5405 3336 5459 cod.
3369 5398 3530 5467 Alex._
3616 5445 3724 5467 nm:

2251 5449 2342 5548 (Ξῖ
2355 5449 2876 5548 τιέἓοῖροῐέῐέυῖῗιιᾰ
2885 5449 3086 5548 Eadd?
3106 5449 3236 5531 ιὶὸὲ
3245 5449 3566 5548 νβῖόέιὲξιμὺ-
3615 5449 3740 5508 ﬁdi"!

2182 5535 2582 5618 ἑτοιμαζέσθοι.
2607 5535 2731 5603 Vox
2758 5545 2945 5601 ἔαυτόν
2977 5549 3240 5613 postulat
3268 5535 3583 5618 ἑτοιμαςέτξυτ

2257 5603 2733 5690 (ὼἚφέστώσης.
2767 5603 3086 5674 Emendavi
3147 5603 3216 5675 ei
3275 5603 3397 5674 cod'.
3449 5603 3597 5665 Coisl.

2181 5689 2323 5746 vam
2341 5691 2662 5747 lectionem
2690 5689 3033 5768 ἀφεστώσης.

3642 5602 3736 5663 ριί·
