  <div class='ocr_page' id='page_1' title='image "/cluster/home/n/w/nwhite01/storage/ocr_20150623/33/coo.31924054869304/508.png"; bbox 0 0 3932 6368; ppageno 0'>
   <div class='ocr_carea' id='block_1_1' title="bbox 148 404 284 469">
    <p class='ocr_par' dir='ltr' id='par_1_1' title="bbox 148 404 284 469">
     <span class='ocr_line' id='line_1_1' title="bbox 148 404 284 469; baseline 0.007 -2"><span class='ocrx_word' id='word_1_1' title='bbox 148 404 284 469; x_wconf 87' lang='grc'>1001</span> 
     </span>
    </p>
   </div>
   <div class='ocr_carea' id='block_1_2' title="bbox 987 403 2691 469">
    <p class='ocr_par' dir='ltr' id='par_1_2' title="bbox 987 403 2691 469">
     <span class='ocr_line' id='line_1_2' title="bbox 987 403 2691 469; baseline 0.001 -3"><span class='ocrx_word' id='word_1_2' title='bbox 987 403 1469 466; x_wconf 82' lang='lat' dir='ltr'>CATECHESIS</span> <span class='ocrx_word' id='word_1_3' title='bbox 1512 406 1703 467; x_wconf 85' lang='lat' dir='ltr'><strong>XVII.</strong></span> <span class='ocrx_word' id='word_1_4' title='bbox 1754 404 1852 465; x_wconf 86' lang='lat' dir='ltr'>DE</span> <span class='ocrx_word' id='word_1_5' title='bbox 1897 403 2219 466; x_wconf 83' lang='lat' dir='ltr'>SPIRITU</span> <span class='ocrx_word' id='word_1_6' title='bbox 2263 404 2568 468; x_wconf 84' lang='lat' dir='ltr'>SANCTO</span> <span class='ocrx_word' id='word_1_7' title='bbox 2614 407 2691 469; x_wconf 90' lang='lat' dir='ltr'>II.</span> 
     </span>
    </p>
   </div>
   <div class='ocr_carea' id='block_1_3' title="bbox 3395 409 3552 472">
    <p class='ocr_par' dir='ltr' id='par_1_3' title="bbox 3395 409 3552 472">
     <span class='ocr_line' id='line_1_3' title="bbox 3395 409 3552 472; baseline 0.006 -1"><span class='ocrx_word' id='word_1_8' title='bbox 3395 409 3552 472; x_wconf 77' lang='grc'>1002</span> 
     </span>
    </p>
   </div>
   <div class='ocr_carea' id='block_1_4' title="bbox 164 535 1783 616">
    <p class='ocr_par' dir='ltr' id='par_1_4' title="bbox 164 535 1783 616">
     <span class='ocr_line' id='line_1_4' title="bbox 164 535 1783 616; baseline -0.001 -20"><span class='ocrx_word' id='word_1_9' title='bbox 164 540 480 616; x_wconf 72' lang='grc' dir='ltr'>Αντιοχείας</span> <span class='ocrx_word' id='word_1_10' title='bbox 516 540 764 610; x_wconf 76' lang='grc' dir='ltr'>ζήτησιν,</span> <span class='ocrx_word' id='word_1_11' title='bbox 804 540 911 594; x_wconf 85' lang='grc' dir='ltr'>τῶν</span> <span class='ocrx_word' id='word_1_12' title='bbox 969 535 1240 615; x_wconf 77' lang='grc' dir='ltr'>λεγόντων</span> <span class='ocrx_word' id='word_1_13' title='bbox 1300 535 1410 594; x_wconf 82' lang='grc' dir='ltr'>δεῖν</span> <span class='ocrx_word' id='word_1_14' title='bbox 1469 539 1783 615; x_wconf 80' lang='grc' dir='ltr'>περιτέμνε-</span> 
     </span>
    </p>
   </div>
   <div class='ocr_carea' id='block_1_5' title="bbox 1952 535 3558 616">
    <p class='ocr_par' dir='ltr' id='par_1_5' title="bbox 1957 540 3558 616">
     <span class='ocr_line' id='line_1_5' title="bbox 1957 540 3558 616; baseline 0.004 -22"><span class='ocrx_word' id='word_1_15' title='bbox 1957 545 2136 596; x_wconf 87' lang='lat' dir='ltr'>tatam</span> <span class='ocrx_word' id='word_1_16' title='bbox 2168 540 2497 596; x_wconf 82' lang='lat' dir='ltr'>Antiochiae</span> <span class='ocrx_word' id='word_1_17' title='bbox 2530 542 2946 613; x_wconf 65' lang='lat' dir='ltr'>quaestionem,</span> <span class='ocrx_word' id='word_1_18' title='bbox 2980 541 3054 599; x_wconf 89' lang='lat' dir='ltr'>ab</span> <span class='ocrx_word' id='word_1_19' title='bbox 3093 543 3165 599; x_wconf 90' lang='lat' dir='ltr'>iis</span> <span class='ocrx_word' id='word_1_20' title='bbox 3193 543 3293 616; x_wconf 89' lang='lat' dir='ltr'>qui</span> <span class='ocrx_word' id='word_1_21' title='bbox 3315 543 3558 600; x_wconf 80' lang='lat' dir='ltr'>aiebant</span> 
     </span>
    </p>
   </div>
   <div class='ocr_carea' id='block_1_6' title="bbox 146 625 1788 705">
    <p class='ocr_par' dir='ltr' id='par_1_6' title="bbox 146 625 1788 705">
     <span class='ocr_line' id='line_1_6' title="bbox 146 625 1788 705; baseline -0.001 -20"><span class='ocrx_word' id='word_1_22' title='bbox 146 640 261 695; x_wconf 84' lang='grc' dir='ltr'>σθαι</span> <span class='ocrx_word' id='word_1_23' title='bbox 286 630 373 685; x_wconf 82' lang='grc' dir='ltr'>καὶ</span> <span class='ocrx_word' id='word_1_24' title='bbox 405 634 595 704; x_wconf 83' lang='grc' dir='ltr'>τηρεῖν</span> <span class='ocrx_word' id='word_1_25' title='bbox 635 628 703 684; x_wconf 77' lang='grc' dir='ltr'>τὰ</span> <span class='ocrx_word' id='word_1_26' title='bbox 756 625 849 700; x_wconf 80' lang='grc' dir='ltr'>ἔθη</span> <span class='ocrx_word' id='word_1_27' title='bbox 902 629 1194 698; x_wconf 83' lang='grc' dir='ltr'>Μωϋσέως,</span> <span class='ocrx_word' id='word_1_28' title='bbox 1246 626 1467 684; x_wconf 81' lang='grc' dir='ltr'>Παύλου</span> <span class='ocrx_word' id='word_1_29' title='bbox 1513 628 1603 684; x_wconf 85' lang='grc' dir='ltr'>καὶ</span> <span class='ocrx_word' id='word_1_30' title='bbox 1644 634 1788 705; x_wconf 86' lang='grc' dir='ltr'>Βαρ-</span> 
     </span>
    </p>
   </div>
   <div class='ocr_carea' id='block_1_7' title="bbox 143 714 1788 797">
    <p class='ocr_par' dir='ltr' id='par_1_7' title="bbox 143 714 1788 797">
     <span class='ocr_line' id='line_1_7' title="bbox 143 714 1788 797; baseline -0.001 -23"><span class='ocrx_word' id='word_1_31' title='bbox 143 715 273 776; x_wconf 75' lang='grc' dir='ltr'>νᾶϐα</span> <span class='ocrx_word' id='word_1_32' title='bbox 299 719 680 797; x_wconf 75' lang='grc' dir='ltr'>πεμφθέντωνο</span> <span class='ocrx_word' id='word_1_33' title='bbox 726 718 777 774; x_wconf 83' lang='grc' dir='ltr'>ο⁸ι</span> <span class='ocrx_word' id='word_1_34' title='bbox 834 719 1062 782; x_wconf 77' lang='grc' dir='ltr'>ἐνταῦθα</span> <span class='ocrx_word' id='word_1_35' title='bbox 1113 717 1166 774; x_wconf 86' lang='grc' dir='ltr'>ἐν</span> <span class='ocrx_word' id='word_1_36' title='bbox 1226 718 1638 795; x_wconf 86' lang='grc' dir='ltr'>Ἱεροσολύμοις</span> <span class='ocrx_word' id='word_1_37' title='bbox 1696 714 1788 773; x_wconf 74' lang='grc' dir='ltr'>ὅν-</span> 
     </span>
    </p>
   </div>
   <div class='ocr_carea' id='block_1_8' title="bbox 138 808 1788 882">
    <p class='ocr_par' dir='ltr' id='par_1_8' title="bbox 138 808 1788 882">
     <span class='ocr_line' id='line_1_8' title="bbox 138 808 1788 882; baseline -0.001 -17"><span class='ocrx_word' id='word_1_38' title='bbox 138 832 221 873; x_wconf 85' lang='grc' dir='ltr'>τες</span> <span class='ocrx_word' id='word_1_39' title='bbox 252 808 573 881; x_wconf 85' lang='grc' dir='ltr'>ἀπόστολοι,</span> <span class='ocrx_word' id='word_1_40' title='bbox 605 808 820 864; x_wconf 77' lang='grc' dir='ltr'>πάντων</span> <span class='ocrx_word' id='word_1_41' title='bbox 888 808 983 881; x_wconf 73' lang='grc' dir='ltr'>μὲν</span> <span class='ocrx_word' id='word_1_42' title='bbox 1034 811 1140 862; x_wconf 87' lang='grc' dir='ltr'>τῶν</span> <span class='ocrx_word' id='word_1_43' title='bbox 1193 812 1440 882; x_wconf 81' lang='grc' dir='ltr'>νομικῶν</span> <span class='ocrx_word' id='word_1_44' title='bbox 1492 808 1583 863; x_wconf 83' lang='grc' dir='ltr'>καὶ</span> <span class='ocrx_word' id='word_1_45' title='bbox 1627 829 1788 864; x_wconf 90' lang='grc' dir='ltr'>τυπι-</span> 
     </span>
    </p>
   </div>
   <div class='ocr_carea' id='block_1_9' title="bbox 140 895 1786 975">
    <p class='ocr_par' dir='ltr' id='par_1_9' title="bbox 140 895 1786 975">
     <span class='ocr_line' id='line_1_9' title="bbox 140 895 1786 975; baseline -0.001 -21"><span class='ocrx_word' id='word_1_46' title='bbox 140 904 245 957; x_wconf 85' lang='grc' dir='ltr'>κῶν</span> <span class='ocrx_word' id='word_1_47' title='bbox 322 899 685 974; x_wconf 79' lang='grc' dir='ltr'>πραγμάτων,</span> <span class='ocrx_word' id='word_1_48' title='bbox 773 895 843 951; x_wconf 84' lang='grc' dir='ltr'>δι’</span> <span class='ocrx_word' id='word_1_49' title='bbox 925 895 1221 968; x_wconf 77' lang='grc' dir='ltr'>ἐπιστολῆς</span> <span class='ocrx_word' id='word_1_50' title='bbox 1307 895 1601 975; x_wconf 78' lang='grc' dir='ltr'>ἐγγράφου,</span> <span class='ocrx_word' id='word_1_51' title='bbox 1684 898 1786 968; x_wconf 80' lang='grc' dir='ltr'>τὴν</span> 
     </span>
    </p>
   </div>
   <div class='ocr_carea' id='block_1_10' title="bbox 140 985 1785 1061">
    <p class='ocr_par' dir='ltr' id='par_1_10' title="bbox 140 985 1785 1061">
     <span class='ocr_line' id='line_1_10' title="bbox 140 985 1785 1061; baseline 0 -17"><span class='ocrx_word' id='word_1_52' title='bbox 140 989 461 1061; x_wconf 73' lang='grc' dir='ltr'>οἰκουμένην</span> <span class='ocrx_word' id='word_1_53' title='bbox 496 986 707 1042; x_wconf 77' lang='grc' dir='ltr'>ἅπασαν</span> <span class='ocrx_word' id='word_1_54' title='bbox 737 985 1142 1061; x_wconf 80' lang='grc' dir='ltr'>ἠλευθέρωταν.</span> <span class='ocrx_word' id='word_1_55' title='bbox 1176 985 1254 1044; x_wconf 84' lang='grc' dir='ltr'>Οὐ</span> <span class='ocrx_word' id='word_1_56' title='bbox 1307 987 1415 1059; x_wconf 77' lang='grc' dir='ltr'>μὴν</span> <span class='ocrx_word' id='word_1_57' title='bbox 1466 986 1679 1051; x_wconf 75' lang='grc' dir='ltr'>ἑαυτοῖς</span> <span class='ocrx_word' id='word_1_58' title='bbox 1708 988 1785 1060; x_wconf 92' lang='grc'>(1)</span> 
     </span>
    </p>
   </div>
   <div class='ocr_carea' id='block_1_11' title="bbox 137 1074 1780 1152">
    <p class='ocr_par' dir='ltr' id='par_1_11' title="bbox 137 1074 1780 1152">
     <span class='ocr_line' id='line_1_11' title="bbox 137 1074 1780 1152; baseline -0.002 -18"><span class='ocrx_word' id='word_1_59' title='bbox 137 1076 336 1134; x_wconf 81' lang='grc' dir='ltr'>ἔδωκαν</span> <span class='ocrx_word' id='word_1_60' title='bbox 395 1077 497 1145; x_wconf 77' lang='grc' dir='ltr'>τὴν</span> <span class='ocrx_word' id='word_1_61' title='bbox 554 1074 838 1140; x_wconf 86' lang='grc' dir='ltr'>αύθεντίαν</span> <span class='ocrx_word' id='word_1_62' title='bbox 924 1079 1022 1130; x_wconf 88' lang='grc' dir='ltr'>τοῦ</span> <span class='ocrx_word' id='word_1_63' title='bbox 1098 1074 1352 1131; x_wconf 87' lang='grc' dir='ltr'>τοιούτου</span> <span class='ocrx_word' id='word_1_64' title='bbox 1433 1077 1780 1152; x_wconf 84' lang='grc' dir='ltr'>πράγματος·</span> 
     </span>
    </p>
   </div>
   <div class='ocr_carea' id='block_1_12' title="bbox 134 1163 1784 1243">
    <p class='ocr_par' dir='ltr' id='par_1_12' title="bbox 134 1163 1784 1243">
     <span class='ocr_line' id='line_1_12' title="bbox 134 1163 1784 1243; baseline -0.001 -20"><span class='ocrx_word' id='word_1_65' title='bbox 134 1165 259 1223; x_wconf 85' lang='grc' dir='ltr'>ἀλλ’</span> <span class='ocrx_word' id='word_1_66' title='bbox 312 1164 680 1241; x_wconf 71' lang='grc' dir='ltr'>ὁμολογοῦσιν</span> <span class='ocrx_word' id='word_1_67' title='bbox 736 1163 1041 1243; x_wconf 79' lang='grc' dir='ltr'>ἐγγράφως,</span> <span class='ocrx_word' id='word_1_68' title='bbox 1101 1163 1535 1228; x_wconf 72' lang='grc' dir='ltr'>ἐπιστέλλοντες·</span> <span class='ocrx_word' id='word_1_69' title='bbox 1593 1163 1784 1240; x_wconf 82' lang='grc' dir='ltr'>Ἔδοξε</span> 
     </span>
    </p>
   </div>
   <div class='ocr_carea' id='block_1_13' title="bbox 132 1254 1778 1335">
    <p class='ocr_par' dir='ltr' id='par_1_13' title="bbox 132 1254 1778 1335">
     <span class='ocr_line' id='line_1_13' title="bbox 132 1254 1778 1335; baseline -0.001 -21"><span class='ocrx_word' id='word_1_70' title='bbox 132 1259 229 1335; x_wconf 77' lang='grc' dir='ltr'>γὰρ</span> <span class='ocrx_word' id='word_1_71' title='bbox 284 1262 366 1330; x_wconf 79' lang='grc' dir='ltr'>τῷ</span> <span class='ocrx_word' id='word_1_72' title='bbox 414 1255 555 1333; x_wconf 78' lang='grc' dir='ltr'>ἁγίῳ</span> <span class='ocrx_word' id='word_1_73' title='bbox 610 1255 886 1330; x_wconf 88' lang='grc' dir='ltr'>Πνεύματι</span> <span class='ocrx_word' id='word_1_74' title='bbox 952 1256 1040 1311; x_wconf 83' lang='grc' dir='ltr'>καὶ</span> <span class='ocrx_word' id='word_1_75' title='bbox 1121 1258 1282 1330; x_wconf 73' lang='grc' dir='ltr'>ἡμῖν,</span> <span class='ocrx_word' id='word_1_76' title='bbox 1367 1254 1534 1331; x_wconf 75' lang='grc' dir='ltr'>μηδὲν</span> <span class='ocrx_word' id='word_1_77' title='bbox 1611 1255 1778 1313; x_wconf 92' lang='grc' dir='ltr'>πλέον</span> 
     </span>
    </p>
   </div>
   <div class='ocr_carea' id='block_1_14' title="bbox 132 1345 1782 1425">
    <p class='ocr_par' dir='ltr' id='par_1_14' title="bbox 132 1345 1782 1425">
     <span class='ocr_line' id='line_1_14' title="bbox 132 1345 1782 1425; baseline -0.001 -21"><span class='ocrx_word' id='word_1_78' title='bbox 132 1347 457 1404; x_wconf 81' lang='grc' dir='ltr'>ἐπιτίθεσθαι</span> <span class='ocrx_word' id='word_1_79' title='bbox 547 1345 674 1420; x_wconf 83' lang='grc' dir='ltr'>ὑμῖν</span> <span class='ocrx_word' id='word_1_80' title='bbox 767 1347 958 1422; x_wconf 84' lang='grc' dir='ltr'>βάρος,</span> <span class='ocrx_word' id='word_1_81' title='bbox 1055 1347 1205 1416; x_wconf 82' lang='grc' dir='ltr'>πλὴν</span> <span class='ocrx_word' id='word_1_82' title='bbox 1296 1350 1405 1402; x_wconf 91' lang='grc' dir='ltr'>τῶν</span> <span class='ocrx_word' id='word_1_83' title='bbox 1489 1345 1782 1425; x_wconf 88' lang='grc' dir='ltr'>ἐπάναγκες</span> 
     </span>
    </p>
   </div>
   <div class='ocr_carea' id='block_1_15' title="bbox 130 1433 1779 1512">
    <p class='ocr_par' dir='ltr' id='par_1_15' title="bbox 130 1433 1779 1512">
     <span class='ocr_line' id='line_1_15' title="bbox 130 1433 1779 1512; baseline -0.001 -19"><span class='ocrx_word' id='word_1_84' title='bbox 130 1437 352 1494; x_wconf 82' lang='grc' dir='ltr'>τούτων’</span> <span class='ocrx_word' id='word_1_85' title='bbox 414 1436 711 1512; x_wconf 75' lang='grc' dir='ltr'>ἀπέχεσθαι</span> <span class='ocrx_word' id='word_1_86' title='bbox 772 1433 1174 1506; x_wconf 79' lang='grc' dir='ltr'>εἷ’δωλοθυτων,</span> <span class='ocrx_word' id='word_1_87' title='bbox 1234 1436 1324 1490; x_wconf 82' lang='grc' dir='ltr'>καὶ</span> <span class='ocrx_word' id='word_1_88' title='bbox 1381 1436 1633 1511; x_wconf 84' lang='grc' dir='ltr'>αἳματος,</span> <span class='ocrx_word' id='word_1_89' title='bbox 1690 1437 1779 1492; x_wconf 87' lang='grc' dir='ltr'>καὶ</span> 
     </span>
    </p>
   </div>
   <div class='ocr_carea' id='block_1_16' title="bbox 131 1522 1777 1605">
    <p class='ocr_par' dir='ltr' id='par_1_16' title="bbox 131 1522 1777 1605">
     <span class='ocr_line' id='line_1_16' title="bbox 131 1522 1777 1605; baseline -0.001 -22"><span class='ocrx_word' id='word_1_90' title='bbox 131 1530 352 1583; x_wconf 88' lang='grc' dir='ltr'>πνικτοῦ</span> <span class='ocrx_word' id='word_1_91' title='bbox 412 1529 509 1601; x_wconf 80' lang='grc'>(2),</span> <span class='ocrx_word' id='word_1_92' title='bbox 567 1525 658 1580; x_wconf 83' lang='grc' dir='ltr'>καὶ</span> <span class='ocrx_word' id='word_1_93' title='bbox 716 1524 992 1601; x_wconf 77' lang='grc' dir='ltr'>πορνείας·</span> <span class='ocrx_word' id='word_1_94' title='bbox 1053 1522 1123 1581; x_wconf 85' lang='grc' dir='ltr'>δι’</span> <span class='ocrx_word' id='word_1_95' title='bbox 1183 1526 1257 1579; x_wconf 85' lang='grc' dir='ltr'>ὧν</span> <span class='ocrx_word' id='word_1_96' title='bbox 1316 1524 1549 1605; x_wconf 81' lang='grc' dir='ltr'>ἔργαφον</span> <span class='ocrx_word' id='word_1_97' title='bbox 1616 1531 1777 1582; x_wconf 89' lang='grc' dir='ltr'>τοῦτο</span> 
     </span>
    </p>
   </div>
   <div class='ocr_carea' id='block_1_17' title="bbox 140 1612 1779 1693">
    <p class='ocr_par' dir='ltr' id='par_1_17' title="bbox 140 1612 1779 1693">
     <span class='ocr_line' id='line_1_17' title="bbox 140 1612 1779 1693; baseline 0.001 -21"><span class='ocrx_word' id='word_1_98' title='bbox 140 1615 422 1688; x_wconf 74' lang='grc' dir='ltr'>δηλοῦντες</span> <span class='ocrx_word' id='word_1_99' title='bbox 453 1619 663 1692; x_wconf 87' lang='grc' dir='ltr'>σαφῶς,</span> <span class='ocrx_word' id='word_1_100' title='bbox 695 1616 779 1670; x_wconf 78' lang='grc' dir='ltr'>δτι</span> <span class='ocrx_word' id='word_1_101' title='bbox 812 1614 860 1669; x_wconf 74' lang='grc' dir='ltr'>εἴ</span> <span class='ocrx_word' id='word_1_102' title='bbox 888 1614 979 1670; x_wconf 80' lang='grc' dir='ltr'>καὶ</span> <span class='ocrx_word' id='word_1_103' title='bbox 1012 1612 1083 1670; x_wconf 86' lang='grc' dir='ltr'>δι’</span> <span class='ocrx_word' id='word_1_104' title='bbox 1111 1614 1434 1671; x_wconf 83' lang='grc' dir='ltr'>ἀποστόλων</span> <span class='ocrx_word' id='word_1_105' title='bbox 1482 1615 1779 1693; x_wconf 80' lang='grc' dir='ltr'>ἀνθρώπων</span> 
     </span>
    </p>
   </div>
   <div class='ocr_carea' id='block_1_18' title="bbox 140 1702 1775 1783">
    <p class='ocr_par' dir='ltr' id='par_1_18' title="bbox 140 1702 1775 1783">
     <span class='ocr_line' id='line_1_18' title="bbox 140 1702 1775 1783; baseline 0.001 -25"><span class='ocrx_word' id='word_1_106' title='bbox 140 1706 204 1775; x_wconf 70' lang='grc' dir='ltr'>ἦν</span> <span class='ocrx_word' id='word_1_107' title='bbox 234 1706 294 1761; x_wconf 82' lang='grc' dir='ltr'>τὸ</span> <span class='ocrx_word' id='word_1_108' title='bbox 322 1704 540 1783; x_wconf 70' lang='grc' dir='ltr'>γραφὲν,</span> <span class='ocrx_word' id='word_1_109' title='bbox 574 1703 703 1761; x_wconf 84' lang='grc' dir='ltr'>ἀλλ’</span> <span class='ocrx_word' id='word_1_110' title='bbox 731 1702 785 1776; x_wconf 81' lang='grc' dir='ltr'>ἐξ</span> <span class='ocrx_word' id='word_1_111' title='bbox 816 1702 976 1779; x_wconf 79' lang='grc' dir='ltr'>ἁγίου</span> <span class='ocrx_word' id='word_1_112' title='bbox 1032 1703 1350 1777; x_wconf 84' lang='grc' dir='ltr'>Πνεύματος</span> <span class='ocrx_word' id='word_1_113' title='bbox 1399 1704 1775 1779; x_wconf 80' lang='grc' dir='ltr'>οἷκουμενικόν</span> 
     </span>
    </p>
   </div>
   <div class='ocr_carea' id='block_1_19' title="bbox 130 1789 1776 1871">
    <p class='ocr_par' dir='ltr' id='par_1_19' title="bbox 130 1789 1776 1871">
     <span class='ocr_line' id='line_1_19' title="bbox 130 1789 1776 1871; baseline -0.001 -21"><span class='ocrx_word' id='word_1_114' title='bbox 130 1794 237 1850; x_wconf 82' lang='grc' dir='ltr'>ἐστι</span> <span class='ocrx_word' id='word_1_115' title='bbox 264 1795 323 1850; x_wconf 84' lang='grc' dir='ltr'>τὸ</span> <span class='ocrx_word' id='word_1_116' title='bbox 368 1792 665 1869; x_wconf 79' lang='grc' dir='ltr'>διάταγμα’</span> <span class='ocrx_word' id='word_1_117' title='bbox 726 1794 860 1870; x_wconf 81' lang='grc' dir='ltr'>ὅπερ</span> <span class='ocrx_word' id='word_1_118' title='bbox 919 1795 972 1849; x_wconf 79' lang='grc' dir='ltr'>οἱ</span> <span class='ocrx_word' id='word_1_119' title='bbox 1030 1795 1154 1869; x_wconf 86' lang='grc' dir='ltr'>περῖ</span> <span class='ocrx_word' id='word_1_120' title='bbox 1207 1794 1299 1849; x_wconf 84' lang='grc' dir='ltr'>τὸν</span> <span class='ocrx_word' id='word_1_121' title='bbox 1358 1789 1636 1871; x_wconf 74' lang='grc' dir='ltr'>Βαρνάϐαν</span> <span class='ocrx_word' id='word_1_122' title='bbox 1686 1795 1776 1851; x_wconf 80' lang='grc' dir='ltr'>καὶ</span> 
     </span>
    </p>
   </div>
   <div class='ocr_carea' id='block_1_20' title="bbox 1900 631 3561 705">
    <p class='ocr_par' dir='ltr' id='par_1_20' title="bbox 1900 631 3561 705">
     <span class='ocr_line' id='line_1_20' title="bbox 1900 631 3561 705; baseline 0.004 -20"><span class='ocrx_word' id='word_1_123' title='bbox 1900 631 2308 686; x_wconf 88' lang='lat' dir='ltr'>necessarium</span> <span class='ocrx_word' id='word_1_124' title='bbox 2336 648 2467 687; x_wconf 88' lang='lat' dir='ltr'>esse</span> <span class='ocrx_word' id='word_1_125' title='bbox 2485 631 2833 687; x_wconf 86' lang='lat' dir='ltr'>circumcidi</span> <span class='ocrx_word' id='word_1_126' title='bbox 2859 638 2917 687; x_wconf 91' lang='lat' dir='ltr'>et</span> <span class='ocrx_word' id='word_1_127' title='bbox 2934 634 3153 705; x_wconf 85' lang='lat' dir='ltr'>Moysis</span> <span class='ocrx_word' id='word_1_128' title='bbox 3175 636 3561 691; x_wconf 89' lang='lat' dir='ltr'>consuetudi-</span> 
     </span>
    </p>
   </div>
   <div class='ocr_carea' id='block_1_21' title="bbox 1898 720 3559 792">
    <p class='ocr_par' dir='ltr' id='par_1_21' title="bbox 1898 720 3559 792">
     <span class='ocr_line' id='line_1_21' title="bbox 1898 720 3559 792; baseline 0.004 -17"><span class='ocrx_word' id='word_1_129' title='bbox 1898 737 2006 775; x_wconf 87' lang='lat' dir='ltr'>nes</span> <span class='ocrx_word' id='word_1_130' title='bbox 2037 720 2375 787; x_wconf 89' lang='lat' dir='ltr'>observare,</span> <span class='ocrx_word' id='word_1_131' title='bbox 2408 722 2577 777; x_wconf 86' lang='lat' dir='ltr'>missi</span> <span class='ocrx_word' id='word_1_132' title='bbox 2609 726 2812 777; x_wconf 80' lang='lat' dir='ltr'>essent</span> <span class='ocrx_word' id='word_1_133' title='bbox 2845 721 3063 778; x_wconf 86' lang='lat' dir='ltr'>Paulus</span> <span class='ocrx_word' id='word_1_134' title='bbox 3097 728 3155 777; x_wconf 92' lang='lat' dir='ltr'>et</span> <span class='ocrx_word' id='word_1_135' title='bbox 3209 724 3512 781; x_wconf 80' lang='lat' dir='ltr'>Barnabas</span> <span class='ocrx_word' id='word_1_136' title='bbox 3542 742 3559 792; x_wconf 86' lang='lat'><strong>;</strong></span> 
     </span>
    </p>
   </div>
   <div class='ocr_carea' id='block_1_22' title="bbox 1897 810 3560 883">
    <p class='ocr_par' dir='ltr' id='par_1_22' title="bbox 1897 810 3560 883">
     <span class='ocr_line' id='line_1_22' title="bbox 1897 810 3560 883; baseline 0.003 -18"><span class='ocrx_word' id='word_1_137' title='bbox 1897 810 2151 883; x_wconf 82' lang='lat' dir='ltr'>apostoli</span> <span class='ocrx_word' id='word_1_138' title='bbox 2185 811 2285 882; x_wconf 89' lang='lat' dir='ltr'>qui</span> <span class='ocrx_word' id='word_1_139' title='bbox 2319 811 2496 867; x_wconf 84' lang='lat' dir='ltr'>isthic</span> <span class='ocrx_word' id='word_1_140' title='bbox 2528 811 2589 865; x_wconf 91' lang='lat' dir='ltr'>in</span> <span class='ocrx_word' id='word_1_141' title='bbox 2622 810 3052 882; x_wconf 84' lang='lat' dir='ltr'>Hierosolymis</span> <span class='ocrx_word' id='word_1_142' title='bbox 3084 818 3276 883; x_wconf 90' lang='lat' dir='ltr'>erant,</span> <span class='ocrx_word' id='word_1_143' title='bbox 3312 814 3385 869; x_wconf 90' lang='lat' dir='ltr'>ab</span> <span class='ocrx_word' id='word_1_144' title='bbox 3416 815 3560 870; x_wconf 91' lang='lat' dir='ltr'>uni-</span> 
     </span>
    </p>
   </div>
   <div class='ocr_carea' id='block_1_23' title="bbox 1895 900 3556 975">
    <p class='ocr_par' dir='ltr' id='par_1_23' title="bbox 1895 900 3556 975">
     <span class='ocr_line' id='line_1_23' title="bbox 1895 900 3556 975; baseline 0.004 -22"><span class='ocrx_word' id='word_1_145' title='bbox 1895 916 2061 954; x_wconf 86' lang='lat' dir='ltr'>verso</span> <span class='ocrx_word' id='word_1_146' title='bbox 2084 900 2230 972; x_wconf 91' lang='lat' dir='ltr'>legis</span> <span class='ocrx_word' id='word_1_147' title='bbox 2255 905 2313 955; x_wconf 91' lang='lat' dir='ltr'>et</span> <span class='ocrx_word' id='word_1_148' title='bbox 2332 900 2656 973; x_wconf 86' lang='lat' dir='ltr'>ﬁgurarum</span> <span class='ocrx_word' id='word_1_149' title='bbox 2679 900 2994 967; x_wconf 90' lang='lat' dir='ltr'>instructu,</span> <span class='ocrx_word' id='word_1_150' title='bbox 3022 916 3130 972; x_wconf 90' lang='lat' dir='ltr'>per</span> <span class='ocrx_word' id='word_1_151' title='bbox 3155 903 3556 975; x_wconf 82' lang='lat' dir='ltr'>conscriptam</span> 
     </span>
    </p>
   </div>
   <div class='ocr_carea' id='block_1_24' title="bbox 1896 990 3553 1064">
    <p class='ocr_par' dir='ltr' id='par_1_24' title="bbox 1896 990 3553 1064">
     <span class='ocr_line' id='line_1_24' title="bbox 1896 990 3553 1064; baseline 0.003 -20"><span class='ocrx_word' id='word_1_152' title='bbox 1896 990 2210 1062; x_wconf 83' lang='lat' dir='ltr'>epistolam</span> <span class='ocrx_word' id='word_1_153' title='bbox 2241 991 2447 1046; x_wconf 92' lang='lat' dir='ltr'>orbem</span> <span class='ocrx_word' id='word_1_154' title='bbox 2481 997 2669 1046; x_wconf 89' lang='lat' dir='ltr'>totum</span> <span class='ocrx_word' id='word_1_155' title='bbox 2698 990 3122 1046; x_wconf 87' lang='lat' dir='ltr'>liberaverunt.</span> <span class='ocrx_word' id='word_1_156' title='bbox 3181 993 3383 1064; x_wconf 89' lang='lat' dir='ltr'>Neque</span> <span class='ocrx_word' id='word_1_157' title='bbox 3414 1010 3553 1050; x_wconf 90' lang='lat' dir='ltr'>vero</span> 
     </span>
    </p>
   </div>
   <div class='ocr_carea' id='block_1_25' title="bbox 1895 1079 3555 1151">
    <p class='ocr_par' dir='ltr' id='par_1_25' title="bbox 1895 1079 3555 1151">
     <span class='ocr_line' id='line_1_25' title="bbox 1895 1079 3555 1151; baseline 0.002 -18"><span class='ocrx_word' id='word_1_158' title='bbox 1895 1079 2007 1134; x_wconf 89' lang='lat' dir='ltr'>sibi</span> <span class='ocrx_word' id='word_1_159' title='bbox 2040 1080 2186 1151; x_wconf 89' lang='lat' dir='ltr'>ipsis</span> <span class='ocrx_word' id='word_1_160' title='bbox 2208 1084 2386 1135; x_wconf 60' lang='lat' dir='ltr'>tanta)</span> <span class='ocrx_word' id='word_1_161' title='bbox 2409 1080 2586 1135; x_wconf 92' lang='lat' dir='ltr'>molis</span> <span class='ocrx_word' id='word_1_162' title='bbox 2616 1080 2702 1135; x_wconf 90' lang='lat' dir='ltr'>rei</span> <span class='ocrx_word' id='word_1_163' title='bbox 2725 1079 3141 1135; x_wconf 81' lang='lat' dir='ltr'>auctoritatem</span> <span class='ocrx_word' id='word_1_164' title='bbox 3161 1079 3555 1151; x_wconf 83' lang='lat' dir='ltr'>tribuere,sed</span> 
     </span>
    </p>
   </div>
   <div class='ocr_carea' id='block_1_26' title="bbox 1894 1169 3555 1242">
    <p class='ocr_par' dir='ltr' id='par_1_26' title="bbox 1894 1169 3555 1242">
     <span class='ocr_line' id='line_1_26' title="bbox 1894 1169 3555 1242; baseline 0.002 -19"><span class='ocrx_word' id='word_1_165' title='bbox 1894 1170 2147 1241; x_wconf 90' lang='lat' dir='ltr'>epistola</span> <span class='ocrx_word' id='word_1_166' title='bbox 2177 1171 2395 1242; x_wconf 91' lang='lat' dir='ltr'>scripto</span> <span class='ocrx_word' id='word_1_167' title='bbox 2423 1169 2561 1226; x_wconf 87' lang='lat' dir='ltr'>data</span> <span class='ocrx_word' id='word_1_168' title='bbox 2609 1170 2694 1225; x_wconf 88' lang='lat' dir='ltr'>ita</span> <span class='ocrx_word' id='word_1_169' title='bbox 2741 1170 3140 1225; x_wconf 84' lang='lat' dir='ltr'>conﬁtentur:</span> <span class='ocrx_word' id='word_1_170' title='bbox 3171 1191 3199 1219; x_wconf 85' lang='lat'>«</span> <span class='ocrx_word' id='word_1_171' title='bbox 3229 1170 3433 1225; x_wconf 90' lang='lat' dir='ltr'>Visum</span> <span class='ocrx_word' id='word_1_172' title='bbox 3465 1176 3555 1227; x_wconf 89' lang='lat' dir='ltr'>est</span> 
     </span>
    </p>
   </div>
   <div class='ocr_carea' id='block_1_27' title="bbox 1896 1259 3551 1332">
    <p class='ocr_par' dir='ltr' id='par_1_27' title="bbox 1896 1259 3551 1332">
     <span class='ocr_line' id='line_1_27' title="bbox 1896 1259 3551 1332; baseline 0.004 -21"><span class='ocrx_word' id='word_1_173' title='bbox 1896 1280 1920 1311; x_wconf 76' lang='grc' dir='ltr'>α</span> <span class='ocrx_word' id='word_1_174' title='bbox 1937 1261 2081 1315; x_wconf 83' lang='lat' dir='ltr'>enim</span> <span class='ocrx_word' id='word_1_175' title='bbox 2102 1259 2344 1331; x_wconf 86' lang='lat' dir='ltr'>Spiritui</span> <span class='ocrx_word' id='word_1_176' title='bbox 2369 1265 2574 1316; x_wconf 86' lang='lat' dir='ltr'>sancto</span> <span class='ocrx_word' id='word_1_177' title='bbox 2594 1264 2652 1315; x_wconf 91' lang='lat' dir='ltr'>et</span> <span class='ocrx_word' id='word_1_178' title='bbox 2670 1260 2945 1330; x_wconf 90' lang='lat' dir='ltr'>nobis,ne</span> <span class='ocrx_word' id='word_1_179' title='bbox 2960 1260 3103 1332; x_wconf 91' lang='lat' dir='ltr'>quid</span> <span class='ocrx_word' id='word_1_180' title='bbox 3115 1260 3375 1332; x_wconf 88' lang='lat' dir='ltr'>amplius</span> <span class='ocrx_word' id='word_1_181' title='bbox 3388 1260 3551 1318; x_wconf 86' lang='lat' dir='ltr'>vobis</span> 
     </span>
    </p>
   </div>
   <div class='ocr_carea' id='block_1_28' title="bbox 1892 1349 3553 1421">
    <p class='ocr_par' dir='ltr' id='par_1_28' title="bbox 1892 1349 3553 1421">
     <span class='ocr_line' id='line_1_28' title="bbox 1892 1349 3553 1421; baseline 0.004 -21"><span class='ocrx_word' id='word_1_182' title='bbox 1892 1371 1919 1399; x_wconf 83' lang='grc'>‹‹</span> <span class='ocrx_word' id='word_1_183' title='bbox 1940 1350 2389 1420; x_wconf 91' lang='lat' dir='ltr'>imponeremus</span> <span class='ocrx_word' id='word_1_184' title='bbox 2409 1349 2818 1421; x_wconf 89' lang='lat' dir='ltr'>oneris,quam</span> <span class='ocrx_word' id='word_1_185' title='bbox 2849 1350 2972 1406; x_wconf 74' lang='lat' dir='ltr'>haac</span> <span class='ocrx_word' id='word_1_186' title='bbox 2992 1350 3362 1419; x_wconf 89' lang='lat' dir='ltr'>necessaria;</span> <span class='ocrx_word' id='word_1_187' title='bbox 3390 1350 3553 1406; x_wconf 89' lang='lat' dir='ltr'>vide-</span> 
     </span>
    </p>
   </div>
   <div class='ocr_carea' id='block_1_29' title="bbox 1891 1437 3554 1510">
    <p class='ocr_par' dir='ltr' id='par_1_29' title="bbox 1891 1437 3554 1510">
     <span class='ocr_line' id='line_1_29' title="bbox 1891 1437 3554 1510; baseline 0.005 -23"><span class='ocrx_word' id='word_1_188' title='bbox 1891 1461 1918 1487; x_wconf 91' lang='grc'>‹‹</span> <span class='ocrx_word' id='word_1_189' title='bbox 1938 1437 2079 1494; x_wconf 89' lang='lat' dir='ltr'>licet</span> <span class='ocrx_word' id='word_1_190' title='bbox 2098 1437 2525 1495; x_wconf 90' lang='lat' dir='ltr'>utabstineatis</span> <span class='ocrx_word' id='word_1_191' title='bbox 2539 1439 2702 1494; x_wconf 90' lang='lat' dir='ltr'>abiis</span> <span class='ocrx_word' id='word_1_192' title='bbox 2716 1456 2847 1510; x_wconf 65' lang='lat' dir='ltr'>qua)</span> <span class='ocrx_word' id='word_1_193' title='bbox 2870 1443 3010 1494; x_wconf 88' lang='lat' dir='ltr'>sunt</span> <span class='ocrx_word' id='word_1_194' title='bbox 3027 1438 3203 1494; x_wconf 91' lang='lat' dir='ltr'>idolis</span> <span class='ocrx_word' id='word_1_195' title='bbox 3220 1439 3554 1508; x_wconf 87' lang='lat' dir='ltr'>immolata,</span> 
     </span>
    </p>
   </div>
   <div class='ocr_carea' id='block_1_30' title="bbox 1890 1529 3550 1602">
    <p class='ocr_par' dir='ltr' id='par_1_30' title="bbox 1890 1529 3550 1602">
     <span class='ocr_line' id='line_1_30' title="bbox 1890 1529 3550 1602; baseline 0.002 -23"><span class='ocrx_word' id='word_1_196' title='bbox 1890 1551 1919 1579; x_wconf 84' lang='lat'>«</span> <span class='ocrx_word' id='word_1_197' title='bbox 1953 1532 2012 1583; x_wconf 89' lang='lat' dir='ltr'>et</span> <span class='ocrx_word' id='word_1_198' title='bbox 2036 1544 2070 1584; x_wconf 88' lang='lat' dir='ltr'>a</span> <span class='ocrx_word' id='word_1_199' title='bbox 2100 1529 2412 1602; x_wconf 82' lang='lat' dir='ltr'>sanguine,</span> <span class='ocrx_word' id='word_1_200' title='bbox 2444 1533 2503 1584; x_wconf 90' lang='lat' dir='ltr'>et</span> <span class='ocrx_word' id='word_1_201' title='bbox 2534 1530 2820 1584; x_wconf 84' lang='lat' dir='ltr'>suffocato</span> <span class='ocrx_word' id='word_1_202' title='bbox 2862 1533 2922 1584; x_wconf 89' lang='lat' dir='ltr'>et</span> <span class='ocrx_word' id='word_1_203' title='bbox 2977 1529 3374 1584; x_wconf 87' lang='lat' dir='ltr'>fornicatione</span> <span class='ocrx_word' id='word_1_204' title='bbox 3403 1529 3448 1564; x_wconf 78' lang='grc'>³⁸</span> <span class='ocrx_word' id='word_1_205' title='bbox 3479 1550 3509 1580; x_wconf 91' lang='grc'><strong>››</strong></span> <span class='ocrx_word' id='word_1_206' title='bbox 3536 1532 3550 1582; x_wconf 78' lang='grc' dir='ltr'>ς</span> 
     </span>
    </p>
   </div>
   <div class='ocr_carea' id='block_1_31' title="bbox 1887 1617 3552 1691">
    <p class='ocr_par' dir='ltr' id='par_1_31' title="bbox 1887 1617 3552 1691">
     <span class='ocr_line' id='line_1_31' title="bbox 1887 1617 3552 1691; baseline 0.002 -19"><span class='ocrx_word' id='word_1_207' title='bbox 1887 1634 1995 1690; x_wconf 91' lang='lat' dir='ltr'>per</span> <span class='ocrx_word' id='word_1_208' title='bbox 2016 1635 2085 1673; x_wconf 88' lang='lat' dir='ltr'>ea</span> <span class='ocrx_word' id='word_1_209' title='bbox 2105 1635 2236 1691; x_wconf 73' lang='lat' dir='ltr'>quae</span> <span class='ocrx_word' id='word_1_210' title='bbox 2261 1619 2649 1691; x_wconf 89' lang='lat' dir='ltr'>scripserunt,</span> <span class='ocrx_word' id='word_1_211' title='bbox 2671 1619 2783 1674; x_wconf 91' lang='lat' dir='ltr'>hoc</span> <span class='ocrx_word' id='word_1_212' title='bbox 2806 1623 3007 1690; x_wconf 89' lang='lat' dir='ltr'>aperte</span> <span class='ocrx_word' id='word_1_213' title='bbox 3026 1617 3552 1690; x_wconf 87' lang='lat' dir='ltr'>indicantes,quod</span> 
     </span>
    </p>
   </div>
   <div class='ocr_carea' id='block_1_32' title="bbox 1888 1707 3550 1781">
    <p class='ocr_par' dir='ltr' id='par_1_32' title="bbox 1888 1707 3550 1781">
     <span class='ocr_line' id='line_1_32' title="bbox 1888 1707 3550 1781; baseline 0.002 -20"><span class='ocrx_word' id='word_1_214' title='bbox 1888 1708 2123 1763; x_wconf 87' lang='lat' dir='ltr'>tametsi</span> <span class='ocrx_word' id='word_1_215' title='bbox 2152 1725 2259 1780; x_wconf 91' lang='lat' dir='ltr'>per</span> <span class='ocrx_word' id='word_1_216' title='bbox 2286 1709 2562 1763; x_wconf 90' lang='lat' dir='ltr'>homines</span> <span class='ocrx_word' id='word_1_217' title='bbox 2584 1708 2886 1781; x_wconf 89' lang='lat' dir='ltr'>apostolos</span> <span class='ocrx_word' id='word_1_218' title='bbox 2910 1707 3062 1763; x_wconf 90' lang='lat' dir='ltr'>illud</span> <span class='ocrx_word' id='word_1_219' title='bbox 3086 1708 3377 1780; x_wconf 91' lang='lat' dir='ltr'>scriptum</span> <span class='ocrx_word' id='word_1_220' title='bbox 3402 1713 3550 1780; x_wconf 91' lang='lat' dir='ltr'>erat,</span> 
     </span>
    </p>
   </div>
   <div class='ocr_carea' id='block_1_33' title="bbox 1888 1798 3554 1871">
    <p class='ocr_par' dir='ltr' id='par_1_33' title="bbox 1888 1798 3554 1871">
     <span class='ocr_line' id='line_1_33' title="bbox 1888 1798 3554 1871; baseline 0.001 -19"><span class='ocrx_word' id='word_1_221' title='bbox 1888 1802 2089 1853; x_wconf 90' lang='lat' dir='ltr'>tamen</span> <span class='ocrx_word' id='word_1_222' title='bbox 2122 1815 2193 1854; x_wconf 80' lang='lat' dir='ltr'>ex</span> <span class='ocrx_word' id='word_1_223' title='bbox 2223 1798 2445 1871; x_wconf 89' lang='lat' dir='ltr'>Spiritu</span> <span class='ocrx_word' id='word_1_224' title='bbox 2478 1804 2684 1854; x_wconf 90' lang='lat' dir='ltr'>sancto</span> <span class='ocrx_word' id='word_1_225' title='bbox 2716 1803 3081 1871; x_wconf 74' lang='lat' dir='ltr'>praaceptum</span> <span class='ocrx_word' id='word_1_226' title='bbox 3115 1802 3274 1855; x_wconf 90' lang='lat' dir='ltr'>esset</span> <span class='ocrx_word' id='word_1_227' title='bbox 3328 1798 3403 1854; x_wconf 90' lang='lat' dir='ltr'>ad</span> <span class='ocrx_word' id='word_1_228' title='bbox 3452 1804 3554 1854; x_wconf 88' lang='lat' dir='ltr'>to-</span> 
     </span>
    </p>
   </div>
   <div class='ocr_carea' id='block_1_34' title="bbox 121 1877 1783 1975">
    <p class='ocr_par' dir='ltr' id='par_1_34' title="bbox 121 1877 1776 1961">
     <span class='ocr_line' id='line_1_34' title="bbox 121 1877 1776 1961; baseline 0.001 -22"><span class='ocrx_word' id='word_1_229' title='bbox 121 1884 331 1941; x_wconf 78' lang='grc' dir='ltr'>Παῦλον</span> <span class='ocrx_word' id='word_1_230' title='bbox 362 1877 647 1953; x_wconf 75' lang='grc' dir='ltr'>λαϐόντες,</span> <span class='ocrx_word' id='word_1_231' title='bbox 682 1882 759 1946; x_wconf 83' lang='grc' dir='ltr'>εἷς</span> <span class='ocrx_word' id='word_1_232' title='bbox 789 1888 960 1955; x_wconf 85' lang='grc' dir='ltr'>πᾷσαν</span> <span class='ocrx_word' id='word_1_233' title='bbox 995 1884 1096 1954; x_wconf 77' lang='grc' dir='ltr'>τὴς</span> <span class='ocrx_word' id='word_1_234' title='bbox 1157 1883 1486 1959; x_wconf 74' lang='grc' dir='ltr'>οἰκουμένην</span> <span class='ocrx_word' id='word_1_235' title='bbox 1538 1884 1776 1961; x_wconf 87' lang='grc' dir='ltr'>ὠχύρω-</span> 
     </span>
    </p>
   </div>
   <div class='ocr_carea' id='block_1_35' title="bbox 1952 1877 3552 1975">
    <p class='ocr_par' dir='ltr' id='par_1_35' title="bbox 1957 1887 3552 1960">
     <span class='ocr_line' id='line_1_35' title="bbox 1957 1887 3552 1960; baseline 0.002 -18"><span class='ocrx_word' id='word_1_236' title='bbox 1957 1904 2014 1942; x_wconf 91' lang='lat' dir='ltr'>m</span> <span class='ocrx_word' id='word_1_237' title='bbox 2046 1888 2251 1944; x_wconf 90' lang='lat' dir='ltr'>orbem</span> <span class='ocrx_word' id='word_1_238' title='bbox 2282 1889 2630 1960; x_wconf 86' lang='lat' dir='ltr'>pertinens;</span> <span class='ocrx_word' id='word_1_239' title='bbox 2660 1887 2819 1960; x_wconf 90' lang='lat' dir='ltr'>quod</span> <span class='ocrx_word' id='word_1_240' title='bbox 2864 1888 3085 1944; x_wconf 89' lang='lat' dir='ltr'>Paulus</span> <span class='ocrx_word' id='word_1_241' title='bbox 3135 1892 3195 1943; x_wconf 91' lang='lat' dir='ltr'>et</span> <span class='ocrx_word' id='word_1_242' title='bbox 3248 1888 3552 1945; x_wconf 88' lang='lat' dir='ltr'>Barnabas</span> 
     </span>
    </p>
   </div>
   <div class='ocr_carea' id='block_1_36' title="bbox 123 1996 234 2031">
    <p class='ocr_par' dir='ltr' id='par_1_36' title="bbox 123 1996 234 2031">
     <span class='ocr_line' id='line_1_36' title="bbox 123 1996 234 2031; baseline 0.009 -1"><span class='ocrx_word' id='word_1_243' title='bbox 123 1996 234 2031; x_wconf 89' lang='grc' dir='ltr'>σαν.</span> 
     </span>
    </p>
   </div>
   <div class='ocr_carea' id='block_1_37' title="bbox 187 2060 1784 2142">
    <p class='ocr_par' dir='ltr' id='par_1_37' title="bbox 187 2060 1784 2142">
     <span class='ocr_line' id='line_1_37' title="bbox 187 2060 1784 2142; baseline 0 -23"><span class='ocrx_word' id='word_1_244' title='bbox 187 2066 271 2122; x_wconf 81' lang='grc' dir='ltr'>Λ“.</span> <span class='ocrx_word' id='word_1_245' title='bbox 305 2060 660 2119; x_wconf 82' lang='grc' dir='ltr'>Ἐνταῦθαδέ</span> <span class='ocrx_word' id='word_1_246' title='bbox 687 2068 788 2119; x_wconf 88' lang='grc' dir='ltr'>τοῦ</span> <span class='ocrx_word' id='word_1_247' title='bbox 841 2061 1017 2139; x_wconf 84' lang='grc' dir='ltr'>λόγου</span> <span class='ocrx_word' id='word_1_248' title='bbox 1073 2063 1393 2140; x_wconf 89' lang='grc' dir='ltr'>γενόμενος,</span> <span class='ocrx_word' id='word_1_249' title='bbox 1452 2065 1784 2142; x_wconf 85' lang='grc' dir='ltr'>συγγνώμην</span> 
     </span>
    </p>
   </div>
   <div class='ocr_carea' id='block_1_38' title="bbox 120 2151 1784 2231">
    <p class='ocr_par' dir='ltr' id='par_1_38' title="bbox 120 2151 1784 2231">
     <span class='ocr_line' id='line_1_38' title="bbox 120 2151 1784 2231; baseline -0.001 -21"><span class='ocrx_word' id='word_1_250' title='bbox 120 2154 257 2210; x_wconf 82' lang='grc' dir='ltr'>αἰτῶ</span> <span class='ocrx_word' id='word_1_251' title='bbox 288 2154 438 2229; x_wconf 79' lang='grc' dir='ltr'>παρὰ</span> <span class='ocrx_word' id='word_1_252' title='bbox 464 2160 566 2224; x_wconf 81' lang='grc' dir='ltr'>τῆς</span> <span class='ocrx_word' id='word_1_253' title='bbox 598 2152 860 2229; x_wconf 74' lang='grc' dir='ltr'>ὑμετέρας</span> <span class='ocrx_word' id='word_1_254' title='bbox 893 2156 968 2229; x_wconf 89' lang='grc'>(3)</span> <span class='ocrx_word' id='word_1_255' title='bbox 999 2152 1234 2231; x_wconf 86' lang='grc' dir='ltr'>ἀγάπης,</span> <span class='ocrx_word' id='word_1_256' title='bbox 1280 2154 1495 2227; x_wconf 80' lang='grc' dir='ltr'>μᾶλλον</span> <span class='ocrx_word' id='word_1_257' title='bbox 1540 2151 1597 2209; x_wconf 78' lang='grc' dir='ltr'>δὲ</span> <span class='ocrx_word' id='word_1_258' title='bbox 1635 2155 1784 2229; x_wconf 84' lang='grc' dir='ltr'>παρὰ</span> 
     </span>
    </p>
   </div>
   <div class='ocr_carea' id='block_1_39' title="bbox 118 2242 1778 2319">
    <p class='ocr_par' dir='ltr' id='par_1_39' title="bbox 118 2242 1778 2319">
     <span class='ocr_line' id='line_1_39' title="bbox 118 2242 1778 2319; baseline -0.001 -18"><span class='ocrx_word' id='word_1_259' title='bbox 118 2250 214 2301; x_wconf 89' lang='grc' dir='ltr'>τοῦ</span> <span class='ocrx_word' id='word_1_260' title='bbox 244 2245 591 2308; x_wconf 85' lang='grc' dir='ltr'>ἐνοικοῦντος</span> <span class='ocrx_word' id='word_1_261' title='bbox 619 2242 671 2300; x_wconf 87' lang='grc' dir='ltr'>ἐν</span> <span class='ocrx_word' id='word_1_262' title='bbox 704 2242 916 2317; x_wconf 74' lang='grc' dir='ltr'>Παύλῳ</span> <span class='ocrx_word' id='word_1_263' title='bbox 974 2244 1315 2318; x_wconf 88' lang='grc' dir='ltr'>ΙΙνεύματος,</span> <span class='ocrx_word' id='word_1_264' title='bbox 1365 2243 1414 2299; x_wconf 75' lang='grc' dir='ltr'>εἷ’</span> <span class='ocrx_word' id='word_1_265' title='bbox 1465 2246 1541 2319; x_wconf 79' lang='grc' dir='ltr'>μὴ</span> <span class='ocrx_word' id='word_1_266' title='bbox 1595 2242 1778 2300; x_wconf 87' lang='grc' dir='ltr'>δυναί-</span> 
     </span>
    </p>
   </div>
   <div class='ocr_carea' id='block_1_40' title="bbox 122 2330 1776 2408">
    <p class='ocr_par' dir='ltr' id='par_1_40' title="bbox 122 2330 1776 2408">
     <span class='ocr_line' id='line_1_40' title="bbox 122 2330 1776 2408; baseline 0 -19"><span class='ocrx_word' id='word_1_267' title='bbox 122 2356 231 2408; x_wconf 87' lang='grc' dir='ltr'>μην</span> <span class='ocrx_word' id='word_1_268' title='bbox 260 2333 330 2389; x_wconf 83' lang='grc' dir='ltr'>τὰ</span> <span class='ocrx_word' id='word_1_269' title='bbox 358 2334 537 2389; x_wconf 87' lang='grc' dir='ltr'>πάντα</span> <span class='ocrx_word' id='word_1_270' title='bbox 586 2330 842 2403; x_wconf 80' lang='grc' dir='ltr'>διελθεῖν,</span> <span class='ocrx_word' id='word_1_271' title='bbox 896 2331 1167 2395; x_wconf 78' lang='grc' dir='ltr'>ἀσθενείας</span> <span class='ocrx_word' id='word_1_272' title='bbox 1213 2355 1272 2390; x_wconf 91' lang='grc' dir='ltr'>τε</span> <span class='ocrx_word' id='word_1_273' title='bbox 1317 2340 1416 2404; x_wconf 86' lang='grc' dir='ltr'>τῆς</span> <span class='ocrx_word' id='word_1_274' title='bbox 1464 2332 1605 2408; x_wconf 82' lang='grc' dir='ltr'>ἐμῆς</span> <span class='ocrx_word' id='word_1_275' title='bbox 1654 2330 1776 2389; x_wconf 78' lang='grc' dir='ltr'>ἕνε-</span> 
     </span>
    </p>
   </div>
   <div class='ocr_carea' id='block_1_41' title="bbox 1895 1976 3551 2035">
    <p class='ocr_par' dir='ltr' id='par_1_41' title="bbox 1895 1976 3551 2035">
     <span class='ocr_line' id='line_1_41' title="bbox 1895 1976 3551 2035; baseline 0.002 -3"><span class='ocrx_word' id='word_1_276' title='bbox 1895 1983 2200 2033; x_wconf 88' lang='lat' dir='ltr'>sumentes</span> <span class='ocrx_word' id='word_1_277' title='bbox 2232 1978 2294 2033; x_wconf 92' lang='lat' dir='ltr'>in</span> <span class='ocrx_word' id='word_1_278' title='bbox 2326 1978 2671 2033; x_wconf 86' lang='lat' dir='ltr'>universum</span> <span class='ocrx_word' id='word_1_279' title='bbox 2694 1977 2901 2033; x_wconf 91' lang='lat' dir='ltr'>orbem</span> <span class='ocrx_word' id='word_1_280' title='bbox 2930 1976 3195 2033; x_wconf 87' lang='lat' dir='ltr'>delatum</span> <span class='ocrx_word' id='word_1_281' title='bbox 3218 1979 3551 2035; x_wconf 82' lang='lat' dir='ltr'>ﬁrmavere.</span> 
     </span>
    </p>
   </div>
   <div class='ocr_carea' id='block_1_42' title="bbox 1964 2065 3554 2136">
    <p class='ocr_par' dir='ltr' id='par_1_42' title="bbox 1964 2065 3554 2136">
     <span class='ocr_line' id='line_1_42' title="bbox 1964 2065 3554 2136; baseline 0.001 -15"><span class='ocrx_word' id='word_1_282' title='bbox 1964 2066 2134 2122; x_wconf 91' lang='lat' dir='ltr'><strong>XXX.</strong></span> <span class='ocrx_word' id='word_1_283' title='bbox 2158 2065 2206 2101; x_wconf 81' lang='grc'>³⁷</span> <span class='ocrx_word' id='word_1_284' title='bbox 2228 2069 2350 2123; x_wconf 88' lang='lat' dir='ltr'>Huc</span> <span class='ocrx_word' id='word_1_285' title='bbox 2372 2066 2614 2123; x_wconf 88' lang='lat' dir='ltr'>devecto</span> <span class='ocrx_word' id='word_1_286' title='bbox 2648 2084 2948 2136; x_wconf 89' lang='lat' dir='ltr'>sermone,</span> <span class='ocrx_word' id='word_1_287' title='bbox 2981 2067 3110 2123; x_wconf 90' lang='lat' dir='ltr'>dari</span> <span class='ocrx_word' id='word_1_288' title='bbox 3139 2067 3288 2122; x_wconf 90' lang='lat' dir='ltr'>mihi</span> <span class='ocrx_word' id='word_1_289' title='bbox 3315 2068 3554 2124; x_wconf 88' lang='lat' dir='ltr'>veniam</span> 
     </span>
    </p>
   </div>
   <div class='ocr_carea' id='block_1_43' title="bbox 1891 2156 3554 2230">
    <p class='ocr_par' dir='ltr' id='par_1_43' title="bbox 1891 2156 3554 2230">
     <span class='ocr_line' id='line_1_43' title="bbox 1891 2156 3554 2230; baseline 0 -18"><span class='ocrx_word' id='word_1_290' title='bbox 1891 2173 1926 2212; x_wconf 90' lang='lat' dir='ltr'>a</span> <span class='ocrx_word' id='word_1_291' title='bbox 1954 2162 2149 2213; x_wconf 88' lang='lat' dir='ltr'>vestra</span> <span class='ocrx_word' id='word_1_292' title='bbox 2180 2156 2500 2213; x_wconf 91' lang='lat' dir='ltr'>dilectione</span> <span class='ocrx_word' id='word_1_293' title='bbox 2532 2174 2764 2230; x_wconf 89' lang='lat' dir='ltr'>precor,</span> <span class='ocrx_word' id='word_1_294' title='bbox 2797 2158 2917 2213; x_wconf 92' lang='lat' dir='ltr'>imo</span> <span class='ocrx_word' id='word_1_295' title='bbox 2948 2174 3085 2212; x_wconf 88' lang='lat' dir='ltr'>vero</span> <span class='ocrx_word' id='word_1_296' title='bbox 3117 2158 3318 2230; x_wconf 88' lang='lat' dir='ltr'>potius</span> <span class='ocrx_word' id='word_1_297' title='bbox 3349 2158 3422 2214; x_wconf 92' lang='lat' dir='ltr'>ab</span> <span class='ocrx_word' id='word_1_298' title='bbox 3453 2158 3554 2213; x_wconf 92' lang='lat' dir='ltr'>in-</span> 
     </span>
    </p>
   </div>
   <div class='ocr_carea' id='block_1_44' title="bbox 1890 2246 3548 2320">
    <p class='ocr_par' dir='ltr' id='par_1_44' title="bbox 1890 2246 3548 2320">
     <span class='ocr_line' id='line_1_44' title="bbox 1890 2246 3548 2320; baseline 0.001 -19"><span class='ocrx_word' id='word_1_299' title='bbox 1890 2246 2195 2302; x_wconf 76' lang='lat' dir='ltr'>habitants</span> <span class='ocrx_word' id='word_1_300' title='bbox 2222 2248 2284 2302; x_wconf 93' lang='lat' dir='ltr'>in</span> <span class='ocrx_word' id='word_1_301' title='bbox 2315 2247 2497 2303; x_wconf 89' lang='lat' dir='ltr'>Paulo</span> <span class='ocrx_word' id='word_1_302' title='bbox 2530 2247 2752 2319; x_wconf 85' lang='lat' dir='ltr'>Spiritu</span> <span class='ocrx_word' id='word_1_303' title='bbox 2786 2252 3013 2316; x_wconf 87' lang='lat' dir='ltr'>sancto,</span> <span class='ocrx_word' id='word_1_304' title='bbox 3046 2248 3096 2303; x_wconf 91' lang='lat' dir='ltr'>si</span> <span class='ocrx_word' id='word_1_305' title='bbox 3145 2264 3265 2303; x_wconf 91' lang='lat' dir='ltr'>non</span> <span class='ocrx_word' id='word_1_306' title='bbox 3321 2249 3548 2320; x_wconf 90' lang='lat' dir='ltr'>possim</span> 
     </span>
    </p>
   </div>
   <div class='ocr_carea' id='block_1_45' title="bbox 1889 2336 3551 2408">
    <p class='ocr_par' dir='ltr' id='par_1_45' title="bbox 1889 2336 3551 2408">
     <span class='ocr_line' id='line_1_45' title="bbox 1889 2336 3551 2408; baseline 0 -17"><span class='ocrx_word' id='word_1_307' title='bbox 1889 2336 2092 2391; x_wconf 90' lang='lat' dir='ltr'>omnia</span> <span class='ocrx_word' id='word_1_308' title='bbox 2121 2336 2422 2408; x_wconf 86' lang='lat' dir='ltr'>persequi,</span> <span class='ocrx_word' id='word_1_309' title='bbox 2456 2341 2582 2391; x_wconf 90' lang='lat' dir='ltr'>tum</span> <span class='ocrx_word' id='word_1_310' title='bbox 2616 2352 2687 2390; x_wconf 84' lang='lat' dir='ltr'>ex</span> <span class='ocrx_word' id='word_1_311' title='bbox 2716 2337 3003 2391; x_wconf 87' lang='lat' dir='ltr'>tenuitate</span> <span class='ocrx_word' id='word_1_312' title='bbox 3023 2351 3175 2404; x_wconf 88' lang='lat' dir='ltr'>mea,</span> <span class='ocrx_word' id='word_1_313' title='bbox 3201 2340 3329 2391; x_wconf 91' lang='lat' dir='ltr'>tum</span> <span class='ocrx_word' id='word_1_314' title='bbox 3356 2342 3551 2392; x_wconf 89' lang='lat' dir='ltr'>vestra</span> 
     </span>
    </p>
   </div>
   <div class='ocr_carea' id='block_1_46' title="bbox 119 2422 1783 2500">
    <p class='ocr_par' dir='ltr' id='par_1_46' title="bbox 119 2422 1776 2500">
     <span class='ocr_line' id='line_1_46' title="bbox 119 2422 1776 2500; baseline 0 -22"><span class='ocrx_word' id='word_1_315' title='bbox 119 2445 230 2496; x_wconf 89' lang='grc' dir='ltr'>κεν,</span> <span class='ocrx_word' id='word_1_316' title='bbox 264 2424 355 2479; x_wconf 85' lang='grc' dir='ltr'>καὶ</span> <span class='ocrx_word' id='word_1_317' title='bbox 389 2427 487 2478; x_wconf 88' lang='grc' dir='ltr'>τοῦ</span> <span class='ocrx_word' id='word_1_318' title='bbox 517 2422 693 2478; x_wconf 86' lang='grc' dir='ltr'>κόπου</span> <span class='ocrx_word' id='word_1_319' title='bbox 738 2426 835 2478; x_wconf 92' lang='grc' dir='ltr'>τοῦ</span> <span class='ocrx_word' id='word_1_320' title='bbox 889 2422 1198 2480; x_wconf 81' lang='grc' dir='ltr'>ἀκουόντων</span> <span class='ocrx_word' id='word_1_321' title='bbox 1254 2424 1431 2497; x_wconf 86' lang='grc' dir='ltr'>ὑμῶν.</span> <span class='ocrx_word' id='word_1_322' title='bbox 1487 2424 1625 2479; x_wconf 87' lang='grc' dir='ltr'>Πὸτε</span> <span class='ocrx_word' id='word_1_323' title='bbox 1673 2423 1776 2500; x_wconf 79' lang='grc' dir='ltr'>γὰρ</span> 
     </span>
    </p>
   </div>
   <div class='ocr_carea' id='block_1_47' title="bbox 1952 2422 3550 2500">
    <p class='ocr_par' dir='ltr' id='par_1_47' title="bbox 1952 2424 3550 2499">
     <span class='ocr_line' id='line_1_47' title="bbox 1952 2424 3550 2499; baseline 0.001 -19"><span class='ocrx_word' id='word_1_324' title='bbox 1952 2426 1988 2480; x_wconf 82' lang='grc' dir='ltr'>ιί</span> <span class='ocrx_word' id='word_1_325' title='bbox 2019 2425 2239 2481; x_wconf 87' lang='lat' dir='ltr'>auditis</span> <span class='ocrx_word' id='word_1_326' title='bbox 2270 2424 2693 2499; x_wconf 88' lang='lat' dir='ltr'>defatigatione</span> <span class='ocrx_word' id='word_1_327' title='bbox 2724 2424 3083 2496; x_wconf 88' lang='lat' dir='ltr'>prohibitus.</span> <span class='ocrx_word' id='word_1_328' title='bbox 3117 2425 3361 2490; x_wconf 89' lang='lat' dir='ltr'>Quando</span> <span class='ocrx_word' id='word_1_329' title='bbox 3387 2427 3550 2481; x_wconf 90' lang='lat' dir='ltr'>enim</span> 
     </span>
    </p>
   </div>
   <div class='ocr_carea' id='block_1_48' title="bbox 114 2509 1783 2589">
    <p class='ocr_par' dir='ltr' id='par_1_48' title="bbox 114 2509 1777 2589">
     <span class='ocr_line' id='line_1_48' title="bbox 114 2509 1777 2589; baseline 0 -20"><span class='ocrx_word' id='word_1_330' title='bbox 114 2514 284 2569; x_wconf 81' lang='grc' dir='ltr'>αὐτοῦ</span> <span class='ocrx_word' id='word_1_331' title='bbox 313 2514 435 2568; x_wconf 88' lang='grc' dir='ltr'>κατ’</span> <span class='ocrx_word' id='word_1_332' title='bbox 479 2512 625 2585; x_wconf 82' lang='grc' dir='ltr'>ἀξίαν</span> <span class='ocrx_word' id='word_1_333' title='bbox 681 2509 1023 2587; x_wconf 75' lang='grc' dir='ltr'>διηγήσομαι</span> <span class='ocrx_word' id='word_1_334' title='bbox 1081 2512 1178 2576; x_wconf 82' lang='grc' dir='ltr'>τὰς</span> <span class='ocrx_word' id='word_1_335' title='bbox 1235 2512 1297 2568; x_wconf 82' lang='grc' dir='ltr'>ἐκ</span> <span class='ocrx_word' id='word_1_336' title='bbox 1349 2518 1451 2583; x_wconf 87' lang='grc' dir='ltr'>τῆς</span> <span class='ocrx_word' id='word_1_337' title='bbox 1511 2513 1777 2589; x_wconf 80' lang='grc' dir='ltr'>ἐνεργείας</span> 
     </span>
    </p>
   </div>
   <div class='ocr_carea' id='block_1_49' title="bbox 1952 2509 3549 2589">
    <p class='ocr_par' dir='ltr' id='par_1_49' title="bbox 1952 2513 3549 2587">
     <span class='ocr_line' id='line_1_49' title="bbox 1952 2513 3549 2587; baseline 0.001 -18"><span class='ocrx_word' id='word_1_338' title='bbox 1952 2532 1992 2570; x_wconf 93' lang='grc' dir='ltr'>·ο</span> <span class='ocrx_word' id='word_1_339' title='bbox 2025 2514 2311 2587; x_wconf 85' lang='lat' dir='ltr'>dignitate</span> <span class='ocrx_word' id='word_1_340' title='bbox 2344 2513 2762 2586; x_wconf 85' lang='lat' dir='ltr'>explicaverim</span> <span class='ocrx_word' id='word_1_341' title='bbox 2794 2513 3148 2569; x_wconf 87' lang='lat' dir='ltr'>admiranda</span> <span class='ocrx_word' id='word_1_342' title='bbox 3178 2514 3308 2587; x_wconf 88' lang='lat' dir='ltr'>ejus</span> <span class='ocrx_word' id='word_1_343' title='bbox 3342 2515 3403 2570; x_wconf 92' lang='lat' dir='ltr'>in</span> <span class='ocrx_word' id='word_1_344' title='bbox 3436 2532 3549 2571; x_wconf 93' lang='lat' dir='ltr'>no-</span> 
     </span>
    </p>
   </div>
   <div class='ocr_carea' id='block_1_50' title="bbox 112 2601 1783 2680">
    <p class='ocr_par' dir='ltr' id='par_1_50' title="bbox 112 2601 1773 2680">
     <span class='ocr_line' id='line_1_50' title="bbox 112 2601 1773 2680; baseline 0 -22"><span class='ocrx_word' id='word_1_345' title='bbox 112 2608 207 2658; x_wconf 81' lang='grc' dir='ltr'>τοῦ</span> <span class='ocrx_word' id='word_1_346' title='bbox 238 2602 403 2680; x_wconf 84' lang='grc' dir='ltr'>ἆγίου</span> <span class='ocrx_word' id='word_1_347' title='bbox 435 2601 751 2676; x_wconf 84' lang='grc' dir='ltr'>Ηνεύματος</span> <span class='ocrx_word' id='word_1_348' title='bbox 798 2601 852 2657; x_wconf 90' lang='grc' dir='ltr'>ἐν</span> <span class='ocrx_word' id='word_1_349' title='bbox 900 2601 1129 2675; x_wconf 83' lang='grc' dir='ltr'>ὀνόματι</span> <span class='ocrx_word' id='word_1_350' title='bbox 1174 2606 1419 2678; x_wconf 79' lang='grc' dir='ltr'>Χριστοῦ</span> <span class='ocrx_word' id='word_1_351' title='bbox 1473 2603 1773 2677; x_wconf 85' lang='grc' dir='ltr'>θαυμασίας</span> 
     </span>
    </p>
   </div>
   <div class='ocr_carea' id='block_1_51' title="bbox 1952 2601 3547 2680">
    <p class='ocr_par' dir='ltr' id='par_1_51' title="bbox 1952 2606 3547 2679">
     <span class='ocr_line' id='line_1_51' title="bbox 1952 2606 3547 2679; baseline 0.001 -18"><span class='ocrx_word' id='word_1_352' title='bbox 1952 2607 2048 2662; x_wconf 91' lang='lat' dir='ltr'>ine</span> <span class='ocrx_word' id='word_1_353' title='bbox 2079 2607 2296 2662; x_wconf 87' lang='lat' dir='ltr'>Christi</span> <span class='ocrx_word' id='word_1_354' title='bbox 2325 2623 2394 2661; x_wconf 85' lang='lat' dir='ltr'>ex</span> <span class='ocrx_word' id='word_1_355' title='bbox 2425 2606 2675 2678; x_wconf 88' lang='lat' dir='ltr'>Spiritus</span> <span class='ocrx_word' id='word_1_356' title='bbox 2708 2606 2898 2661; x_wconf 89' lang='lat' dir='ltr'>sancti</span> <span class='ocrx_word' id='word_1_357' title='bbox 2928 2606 3273 2679; x_wconf 89' lang='lat' dir='ltr'>operatione</span> <span class='ocrx_word' id='word_1_358' title='bbox 3330 2612 3496 2679; x_wconf 87' lang='lat' dir='ltr'>gesta</span> <span class='ocrx_word' id='word_1_359' title='bbox 3518 2607 3547 2663; x_wconf 84' lang='lat'><strong>?</strong></span> 
     </span>
    </p>
   </div>
   <div class='ocr_carea' id='block_1_52' title="bbox 103 2687 1783 2769">
    <p class='ocr_par' dir='ltr' id='par_1_52' title="bbox 103 2687 1773 2769">
     <span class='ocr_line' id='line_1_52' title="bbox 103 2687 1773 2769; baseline 0.001 -22"><span class='ocrx_word' id='word_1_360' title='bbox 103 2693 369 2768; x_wconf 67' lang='grc' dir='ltr'>πράξεις,</span> <span class='ocrx_word' id='word_1_361' title='bbox 403 2692 501 2755; x_wconf 72' lang='grc' dir='ltr'>τὰς</span> <span class='ocrx_word' id='word_1_362' title='bbox 531 2691 583 2747; x_wconf 87' lang='grc' dir='ltr'>έν</span> <span class='ocrx_word' id='word_1_363' title='bbox 616 2691 824 2765; x_wconf 80' lang='grc' dir='ltr'>Κύπρῳ</span> <span class='ocrx_word' id='word_1_364' title='bbox 859 2690 948 2747; x_wconf 83' lang='grc' dir='ltr'>ἐπὶ</span> <span class='ocrx_word' id='word_1_365' title='bbox 1012 2687 1227 2766; x_wconf 86' lang='grc' dir='ltr'>Ἐλύμα</span> <span class='ocrx_word' id='word_1_366' title='bbox 1272 2696 1373 2747; x_wconf 88' lang='grc' dir='ltr'>τοῦ</span> <span class='ocrx_word' id='word_1_367' title='bbox 1435 2694 1632 2769; x_wconf 78' lang='grc' dir='ltr'>μάγοι),</span> <span class='ocrx_word' id='word_1_368' title='bbox 1682 2693 1773 2748; x_wconf 82' lang='grc' dir='ltr'>καὶ</span> 
     </span>
    </p>
   </div>
   <div class='ocr_carea' id='block_1_53' title="bbox 1952 2687 3543 2769">
    <p class='ocr_par' dir='ltr' id='par_1_53' title="bbox 1952 2694 3543 2769">
     <span class='ocr_line' id='line_1_53' title="bbox 1952 2694 3543 2769; baseline 0.001 -18"><span class='ocrx_word' id='word_1_369' title='bbox 1952 2713 2023 2752; x_wconf 72' lang='grc' dir='ltr'>ιω</span> <span class='ocrx_word' id='word_1_370' title='bbox 2054 2696 2117 2751; x_wconf 90' lang='lat' dir='ltr'>in</span> <span class='ocrx_word' id='word_1_371' title='bbox 2147 2697 2336 2769; x_wconf 86' lang='lat' dir='ltr'>Cypro</span> <span class='ocrx_word' id='word_1_372' title='bbox 2380 2712 2518 2769; x_wconf 91' lang='lat' dir='ltr'>erga</span> <span class='ocrx_word' id='word_1_373' title='bbox 2575 2696 2844 2767; x_wconf 86' lang='lat' dir='ltr'>Elymam</span> <span class='ocrx_word' id='word_1_374' title='bbox 2901 2711 3144 2769; x_wconf 88' lang='lat' dir='ltr'>magum</span> <span class='ocrx_word' id='word_1_375' title='bbox 3173 2694 3243 2766; x_wconf 80' lang='grc'>³³,</span> <span class='ocrx_word' id='word_1_376' title='bbox 3296 2701 3356 2752; x_wconf 92' lang='lat' dir='ltr'>et</span> <span class='ocrx_word' id='word_1_377' title='bbox 3410 2713 3543 2769; x_wconf 84' lang='lat' dir='ltr'>quae</span> 
     </span>
    </p>
   </div>
   <div class='ocr_carea' id='block_1_54' title="bbox 98 2780 1783 2858">
    <p class='ocr_par' dir='ltr' id='par_1_54' title="bbox 98 2780 1768 2858">
     <span class='ocr_line' id='line_1_54' title="bbox 98 2780 1768 2858; baseline 0 -20"><span class='ocrx_word' id='word_1_378' title='bbox 98 2782 193 2845; x_wconf 66' lang='grc' dir='ltr'>τὰς</span> <span class='ocrx_word' id='word_1_379' title='bbox 227 2785 309 2856; x_wconf 76' lang='grc'>(4)</span> <span class='ocrx_word' id='word_1_380' title='bbox 336 2781 390 2837; x_wconf 83' lang='grc' dir='ltr'>ἐν</span> <span class='ocrx_word' id='word_1_381' title='bbox 421 2780 692 2858; x_wconf 90' lang='grc' dir='ltr'>Λύστροις</span> <span class='ocrx_word' id='word_1_382' title='bbox 751 2781 837 2837; x_wconf 82' lang='grc' dir='ltr'>ἐπὶ</span> <span class='ocrx_word' id='word_1_383' title='bbox 896 2788 997 2852; x_wconf 83' lang='grc' dir='ltr'>τῆς</span> <span class='ocrx_word' id='word_1_384' title='bbox 1054 2785 1153 2837; x_wconf 92' lang='grc' dir='ltr'>τοῦ</span> <span class='ocrx_word' id='word_1_385' title='bbox 1214 2780 1409 2857; x_wconf 85' lang='grc' dir='ltr'>χωλοῦ</span> <span class='ocrx_word' id='word_1_386' title='bbox 1466 2782 1768 2858; x_wconf 83' lang='grc' dir='ltr'>θεραπείας·</span> 
     </span>
    </p>
   </div>
   <div class='ocr_carea' id='block_1_55' title="bbox 1952 2780 3548 2858">
    <p class='ocr_par' dir='ltr' id='par_1_55' title="bbox 1952 2781 3548 2852">
     <span class='ocr_line' id='line_1_55' title="bbox 1952 2781 3548 2852; baseline 0.001 -15"><span class='ocrx_word' id='word_1_387' title='bbox 1952 2783 2107 2839; x_wconf 68' lang='grc' dir='ltr'>νεινίε</span> <span class='ocrx_word' id='word_1_388' title='bbox 2136 2784 2198 2838; x_wconf 91' lang='lat' dir='ltr'>in</span> <span class='ocrx_word' id='word_1_389' title='bbox 2230 2783 2427 2840; x_wconf 86' lang='lat' dir='ltr'>claudi</span> <span class='ocrx_word' id='word_1_390' title='bbox 2460 2783 2767 2839; x_wconf 89' lang='lat' dir='ltr'>curatione</span> <span class='ocrx_word' id='word_1_391' title='bbox 2795 2781 2862 2851; x_wconf 66' lang='lat'>’9,</span> <span class='ocrx_word' id='word_1_392' title='bbox 2922 2788 2981 2838; x_wconf 92' lang='lat' dir='ltr'>et</span> <span class='ocrx_word' id='word_1_393' title='bbox 3024 2783 3087 2838; x_wconf 91' lang='lat' dir='ltr'>in</span> <span class='ocrx_word' id='word_1_394' title='bbox 3130 2783 3339 2839; x_wconf 88' lang='lat' dir='ltr'>Cilicia</span> <span class='ocrx_word' id='word_1_395' title='bbox 3366 2782 3433 2852; x_wconf 69' lang='lat'>‘0,</span> <span class='ocrx_word' id='word_1_396' title='bbox 3487 2788 3548 2839; x_wconf 89' lang='lat' dir='ltr'>et</span> 
     </span>
    </p>
   </div>
   <div class='ocr_carea' id='block_1_56' title="bbox 104 2869 1783 2947">
    <p class='ocr_par' dir='ltr' id='par_1_56' title="bbox 104 2869 1771 2947">
     <span class='ocr_line' id='line_1_56' title="bbox 104 2869 1771 2947; baseline 0.001 -21"><span class='ocrx_word' id='word_1_397' title='bbox 104 2872 191 2926; x_wconf 75' lang='grc' dir='ltr'>καὶ</span> <span class='ocrx_word' id='word_1_398' title='bbox 224 2871 281 2926; x_wconf 85' lang='grc' dir='ltr'>ἐν</span> <span class='ocrx_word' id='word_1_399' title='bbox 315 2870 566 2942; x_wconf 82' lang='grc' dir='ltr'>Κιλικίᾳ,</span> <span class='ocrx_word' id='word_1_400' title='bbox 595 2871 685 2926; x_wconf 81' lang='grc' dir='ltr'>καὶ</span> <span class='ocrx_word' id='word_1_401' title='bbox 720 2869 958 2947; x_wconf 78' lang='grc' dir='ltr'>Φρυγίᾳ,</span> <span class='ocrx_word' id='word_1_402' title='bbox 988 2871 1079 2926; x_wconf 87' lang='grc' dir='ltr'>καὶ</span> <span class='ocrx_word' id='word_1_403' title='bbox 1112 2871 1370 2944; x_wconf 84' lang='grc' dir='ltr'>Γαλατίᾳ,</span> <span class='ocrx_word' id='word_1_404' title='bbox 1427 2871 1519 2927; x_wconf 78' lang='grc' dir='ltr'>καὶ</span> <span class='ocrx_word' id='word_1_405' title='bbox 1567 2873 1771 2947; x_wconf 86' lang='grc' dir='ltr'>Μυσίᾳ,</span> 
     </span>
    </p>
   </div>
   <div class='ocr_carea' id='block_1_57' title="bbox 1952 2869 3548 2947">
    <p class='ocr_par' dir='ltr' id='par_1_57' title="bbox 1952 2872 3548 2947">
     <span class='ocr_line' id='line_1_57' title="bbox 1952 2872 3548 2947; baseline 0.001 -20"><span class='ocrx_word' id='word_1_406' title='bbox 1952 2873 2136 2946; x_wconf 66' lang='grc' dir='ltr'>ιιῪςὶθ,</span> <span class='ocrx_word' id='word_1_407' title='bbox 2156 2879 2214 2928; x_wconf 87' lang='lat' dir='ltr'>et</span> <span class='ocrx_word' id='word_1_408' title='bbox 2235 2872 2462 2930; x_wconf 87' lang='lat' dir='ltr'>Galatia</span> <span class='ocrx_word' id='word_1_409' title='bbox 2480 2874 2617 2940; x_wconf 80' lang='lat' dir='ltr'>“,et</span> <span class='ocrx_word' id='word_1_410' title='bbox 2637 2873 2818 2946; x_wconf 84' lang='lat' dir='ltr'>Mysia</span> <span class='ocrx_word' id='word_1_411' title='bbox 2839 2872 2885 2907; x_wconf 61' lang='grc' dir='ltr'><strong>η</strong></span> <span class='ocrx_word' id='word_1_412' title='bbox 2907 2878 2965 2927; x_wconf 90' lang='lat' dir='ltr'>et</span> <span class='ocrx_word' id='word_1_413' title='bbox 2987 2872 3329 2929; x_wconf 90' lang='lat' dir='ltr'>Macedonia</span> <span class='ocrx_word' id='word_1_414' title='bbox 3352 2872 3548 2947; x_wconf 65' lang='lat' dir='ltr'>“ges-</span> 
     </span>
    </p>
   </div>
   <div class='ocr_carea' id='block_1_58' title="bbox 104 2958 1783 3040">
    <p class='ocr_par' dir='ltr' id='par_1_58' title="bbox 104 2958 1775 3040">
     <span class='ocr_line' id='line_1_58' title="bbox 104 2958 1775 3040; baseline 0.002 -26"><span class='ocrx_word' id='word_1_415' title='bbox 104 2960 197 3015; x_wconf 86' lang='grc' dir='ltr'>καὶ</span> <span class='ocrx_word' id='word_1_416' title='bbox 254 2958 591 3032; x_wconf 85' lang='grc' dir='ltr'>Μακεδονίᾳ·</span> <span class='ocrx_word' id='word_1_417' title='bbox 655 2958 691 3031; x_wconf 72' lang='grc' dir='ltr'>ἤ</span> <span class='ocrx_word' id='word_1_418' title='bbox 748 2960 816 3016; x_wconf 75' lang='grc' dir='ltr'>τὰ</span> <span class='ocrx_word' id='word_1_419' title='bbox 863 2959 917 3016; x_wconf 88' lang='grc' dir='ltr'>ἐν</span> <span class='ocrx_word' id='word_1_420' title='bbox 973 2960 1298 3024; x_wconf 58' lang='grc' dir='ltr'>Φιλίπποις</span> <span class='ocrx_word' id='word_1_421' title='bbox 1379 2962 1442 3016; x_wconf 82' lang='grc' dir='ltr'>τὸ</span> <span class='ocrx_word' id='word_1_422' title='bbox 1516 2964 1775 3040; x_wconf 85' lang='grc' dir='ltr'>κήρυγμα</span> 
     </span>
    </p>
   </div>
   <div class='ocr_carea' id='block_1_59' title="bbox 1952 2958 3540 3040">
    <p class='ocr_par' dir='ltr' id='par_1_59' title="bbox 1952 2961 3540 3035">
     <span class='ocr_line' id='line_1_59' title="bbox 1952 2961 3540 3035; baseline -0.001 -17"><span class='ocrx_word' id='word_1_423' title='bbox 1952 2981 1996 3031; x_wconf 86' lang='grc'>;;</span> <span class='ocrx_word' id='word_1_424' title='bbox 2038 2963 2130 3018; x_wconf 85' lang='lat' dir='ltr'>vel</span> <span class='ocrx_word' id='word_1_425' title='bbox 2163 2980 2294 3035; x_wconf 70' lang='lat' dir='ltr'>quae</span> <span class='ocrx_word' id='word_1_426' title='bbox 2323 2963 2386 3019; x_wconf 93' lang='lat' dir='ltr'>in</span> <span class='ocrx_word' id='word_1_427' title='bbox 2415 2963 2790 3035; x_wconf 88' lang='lat' dir='ltr'>Philippensi</span> <span class='ocrx_word' id='word_1_428' title='bbox 2816 2962 3048 3018; x_wconf 88' lang='lat' dir='ltr'>civitate</span> <span class='ocrx_word' id='word_1_429' title='bbox 3068 2961 3136 3031; x_wconf 66' lang='lat'>44,</span> <span class='ocrx_word' id='word_1_430' title='bbox 3166 2964 3540 3034; x_wconf 84' lang='lat' dir='ltr'>praedicatio-</span> 
     </span>
    </p>
   </div>
   <div class='ocr_carea' id='block_1_60' title="bbox 106 3048 1783 3128">
    <p class='ocr_par' dir='ltr' id='par_1_60' title="bbox 106 3048 1772 3126">
     <span class='ocr_line' id='line_1_60' title="bbox 106 3048 1772 3126; baseline 0.001 -21"><span class='ocrx_word' id='word_1_431' title='bbox 106 3048 289 3125; x_wconf 83' lang='grc' dir='ltr'>λέγω,</span> <span class='ocrx_word' id='word_1_432' title='bbox 321 3051 415 3105; x_wconf 86' lang='grc' dir='ltr'>καὶ</span> <span class='ocrx_word' id='word_1_433' title='bbox 443 3055 541 3105; x_wconf 90' lang='grc' dir='ltr'>τοῦ</span> <span class='ocrx_word' id='word_1_434' title='bbox 571 3050 832 3115; x_wconf 88' lang='grc' dir='ltr'>Ηύθωνος</span> <span class='ocrx_word' id='word_1_435' title='bbox 864 3048 917 3105; x_wconf 87' lang='grc' dir='ltr'>ἐν</span> <span class='ocrx_word' id='word_1_436' title='bbox 949 3049 1179 3124; x_wconf 83' lang='grc' dir='ltr'>ὀνόματι</span> <span class='ocrx_word' id='word_1_437' title='bbox 1228 3052 1461 3126; x_wconf 87' lang='grc' dir='ltr'>Χριστοῦ</span> <span class='ocrx_word' id='word_1_438' title='bbox 1507 3054 1608 3123; x_wconf 81' lang='grc' dir='ltr'>τὴν</span> <span class='ocrx_word' id='word_1_439' title='bbox 1658 3052 1772 3107; x_wconf 82' lang='grc' dir='ltr'>άπ-</span> 
     </span>
    </p>
   </div>
   <div class='ocr_carea' id='block_1_61' title="bbox 1952 3048 3540 3128">
    <p class='ocr_par' dir='ltr' id='par_1_61' title="bbox 1952 3053 3540 3128">
     <span class='ocr_line' id='line_1_61' title="bbox 1952 3053 3540 3128; baseline 0.004 -23"><span class='ocrx_word' id='word_1_440' title='bbox 1952 3070 2021 3109; x_wconf 64' lang='grc' dir='ltr'>τιῃ</span> <span class='ocrx_word' id='word_1_441' title='bbox 2054 3054 2182 3126; x_wconf 90' lang='lat' dir='ltr'>ejus</span> <span class='ocrx_word' id='word_1_442' title='bbox 2214 3054 2366 3123; x_wconf 91' lang='lat' dir='ltr'>dico,</span> <span class='ocrx_word' id='word_1_443' title='bbox 2399 3058 2458 3109; x_wconf 89' lang='lat' dir='ltr'>et</span> <span class='ocrx_word' id='word_1_444' title='bbox 2482 3053 2769 3126; x_wconf 89' lang='lat' dir='ltr'>Pythonis</span> <span class='ocrx_word' id='word_1_445' title='bbox 2801 3053 2862 3108; x_wconf 93' lang='lat' dir='ltr'>in</span> <span class='ocrx_word' id='word_1_446' title='bbox 2893 3054 3138 3110; x_wconf 89' lang='lat' dir='ltr'>nomine</span> <span class='ocrx_word' id='word_1_447' title='bbox 3169 3054 3386 3111; x_wconf 90' lang='lat' dir='ltr'>Christi</span> <span class='ocrx_word' id='word_1_448' title='bbox 3417 3055 3540 3128; x_wconf 90' lang='lat' dir='ltr'>eje-</span> 
     </span>
    </p>
   </div>
   <div class='ocr_carea' id='block_1_62' title="bbox 103 3137 1783 3216">
    <p class='ocr_par' dir='ltr' id='par_1_62' title="bbox 103 3137 1773 3216">
     <span class='ocr_line' id='line_1_62' title="bbox 103 3137 1773 3216; baseline 0.001 -21"><span class='ocrx_word' id='word_1_449' title='bbox 103 3140 353 3195; x_wconf 72' lang='grc' dir='ltr'>ελασίανσ</span> <span class='ocrx_word' id='word_1_450' title='bbox 395 3139 487 3194; x_wconf 82' lang='grc' dir='ltr'>καὶ</span> <span class='ocrx_word' id='word_1_451' title='bbox 541 3141 641 3209; x_wconf 76' lang='grc' dir='ltr'>τὴν</span> <span class='ocrx_word' id='word_1_452' title='bbox 700 3138 754 3194; x_wconf 80' lang='grc' dir='ltr'>ἐν</span> <span class='ocrx_word' id='word_1_453' title='bbox 808 3137 982 3208; x_wconf 85' lang='grc' dir='ltr'>νυκτὶ,</span> <span class='ocrx_word' id='word_1_454' title='bbox 1047 3139 1183 3212; x_wconf 79' lang='grc' dir='ltr'>μέτᾶ</span> <span class='ocrx_word' id='word_1_455' title='bbox 1239 3140 1462 3214; x_wconf 88' lang='grc' dir='ltr'>σεισμὸν</span> <span class='ocrx_word' id='word_1_456' title='bbox 1519 3143 1619 3216; x_wconf 81' lang='grc'>(5),</span> <span class='ocrx_word' id='word_1_457' title='bbox 1674 3146 1773 3196; x_wconf 88' lang='grc' dir='ltr'>τοῦ</span> 
     </span>
    </p>
   </div>
   <div class='ocr_carea' id='block_1_63' title="bbox 1952 3137 3541 3216">
    <p class='ocr_par' dir='ltr' id='par_1_63' title="bbox 1952 3143 3541 3216">
     <span class='ocr_line' id='line_1_63' title="bbox 1952 3143 3541 3216; baseline 0.002 -19"><span class='ocrx_word' id='word_1_458' title='bbox 1952 3143 2144 3199; x_wconf 85' lang='lat' dir='ltr'>ionem</span> <span class='ocrx_word' id='word_1_459' title='bbox 2167 3149 2490 3216; x_wconf 82' lang='lat' dir='ltr'>;noctuque</span> <span class='ocrx_word' id='word_1_460' title='bbox 2505 3148 2639 3216; x_wconf 92' lang='lat' dir='ltr'>post</span> <span class='ocrx_word' id='word_1_461' title='bbox 2664 3148 2835 3198; x_wconf 66' lang='lat' dir='ltr'>terra:</span> <span class='ocrx_word' id='word_1_462' title='bbox 2850 3148 3078 3199; x_wconf 88' lang='lat' dir='ltr'>motum</span> <span class='ocrx_word' id='word_1_463' title='bbox 3094 3143 3291 3200; x_wconf 91' lang='lat' dir='ltr'>datam</span> <span class='ocrx_word' id='word_1_464' title='bbox 3306 3144 3541 3201; x_wconf 90' lang='lat' dir='ltr'>custodi</span> 
     </span>
    </p>
   </div>
   <div class='ocr_carea' id='block_1_64' title="bbox 99 3227 1769 3310">
    <p class='ocr_par' dir='ltr' id='par_1_64' title="bbox 99 3227 1769 3310">
     <span class='ocr_line' id='line_1_64' title="bbox 99 3227 1769 3310; baseline 0 -24"><span class='ocrx_word' id='word_1_465' title='bbox 99 3228 534 3310; x_wconf 78' lang='grc' dir='ltr'>δεσμοφύλακος</span> <span class='ocrx_word' id='word_1_466' title='bbox 595 3227 684 3285; x_wconf 82' lang='grc' dir='ltr'>διὰ</span> <span class='ocrx_word' id='word_1_467' title='bbox 745 3229 1119 3306; x_wconf 87' lang='grc' dir='ltr'>βαπτίσματος</span> <span class='ocrx_word' id='word_1_468' title='bbox 1169 3230 1395 3286; x_wconf 89' lang='grc' dir='ltr'>πανοικὶ</span> <span class='ocrx_word' id='word_1_469' title='bbox 1477 3229 1769 3308; x_wconf 85' lang='grc' dir='ltr'>σωτηρίαν·</span> 
     </span>
    </p>
   </div>
   <div class='ocr_carea' id='block_1_65' title="bbox 1885 3232 3537 3305">
    <p class='ocr_par' dir='ltr' id='par_1_65' title="bbox 1885 3232 3537 3305">
     <span class='ocr_line' id='line_1_65' title="bbox 1885 3232 3537 3305; baseline 0.002 -18"><span class='ocrx_word' id='word_1_470' title='bbox 1885 3232 2140 3288; x_wconf 89' lang='lat' dir='ltr'>carceris</span> <span class='ocrx_word' id='word_1_471' title='bbox 2171 3249 2308 3288; x_wconf 89' lang='lat' dir='ltr'>cum</span> <span class='ocrx_word' id='word_1_472' title='bbox 2340 3237 2465 3288; x_wconf 89' lang='lat' dir='ltr'>tota</span> <span class='ocrx_word' id='word_1_473' title='bbox 2493 3233 2669 3288; x_wconf 91' lang='lat' dir='ltr'>domo</span> <span class='ocrx_word' id='word_1_474' title='bbox 2704 3249 2810 3289; x_wconf 89' lang='lat' dir='ltr'>sua</span> <span class='ocrx_word' id='word_1_475' title='bbox 2834 3250 2943 3304; x_wconf 91' lang='lat' dir='ltr'>per</span> <span class='ocrx_word' id='word_1_476' title='bbox 2966 3233 3331 3305; x_wconf 87' lang='lat' dir='ltr'>baptismum</span> <span class='ocrx_word' id='word_1_477' title='bbox 3384 3234 3537 3290; x_wconf 88' lang='lat' dir='ltr'>salu-</span> 
     </span>
    </p>
   </div>
   <div class='ocr_carea' id='block_1_66' title="bbox 100 3298 1783 3395">
    <p class='ocr_par' dir='ltr' id='par_1_66' title="bbox 100 3298 1771 3394">
     <span class='ocr_line' id='line_1_66' title="bbox 100 3298 1771 3394; baseline -0.002 -17"><span class='ocrx_word' id='word_1_478' title='bbox 100 3298 239 3391; x_wconf 57' lang='grc' dir='ltr'>ἦτα</span> <span class='ocrx_word' id='word_1_479' title='bbox 372 3298 756 3394; x_wconf 65' lang='grc' dir='ltr'>Θεσσαλονίκῃ,</span> <span class='ocrx_word' id='word_1_480' title='bbox 810 3318 902 3375; x_wconf 88' lang='grc' dir='ltr'>καὶ</span> <span class='ocrx_word' id='word_1_481' title='bbox 953 3298 1053 3387; x_wconf 78' lang='grc' dir='ltr'>τήν</span> <span class='ocrx_word' id='word_1_482' title='bbox 1110 3321 1188 3394; x_wconf 87' lang='grc'>(6)</span> <span class='ocrx_word' id='word_1_483' title='bbox 1248 3319 1299 3375; x_wconf 90' lang='grc' dir='ltr'>ἐν</span> <span class='ocrx_word' id='word_1_484' title='bbox 1362 3321 1547 3393; x_wconf 88' lang='grc' dir='ltr'>μέσοις</span> <span class='ocrx_word' id='word_1_485' title='bbox 1601 3298 1771 3390; x_wconf 59' lang='grc' dir='ltr'>’Ᾰθη-</span> 
     </span>
    </p>
   </div>
   <div class='ocr_carea' id='block_1_67' title="bbox 1952 3298 3542 3395">
    <p class='ocr_par' dir='ltr' id='par_1_67' title="bbox 1952 3320 3542 3395">
     <span class='ocr_line' id='line_1_67' title="bbox 1952 3320 3542 3395; baseline 0.002 -19"><span class='ocrx_word' id='word_1_486' title='bbox 1952 3338 2006 3376; x_wconf 87' lang='lat' dir='ltr'>rn</span> <span class='ocrx_word' id='word_1_487' title='bbox 2035 3320 2118 3389; x_wconf 62' lang='lat'>‘3;</span> <span class='ocrx_word' id='word_1_488' title='bbox 2161 3328 2264 3376; x_wconf 91' lang='lat' dir='ltr'>aut</span> <span class='ocrx_word' id='word_1_489' title='bbox 2294 3340 2425 3393; x_wconf 81' lang='lat' dir='ltr'>qnae</span> <span class='ocrx_word' id='word_1_490' title='bbox 2452 3322 2912 3391; x_wconf 72' lang='lat' dir='ltr'>Thessalonicae,</span> <span class='ocrx_word' id='word_1_491' title='bbox 2947 3327 3005 3378; x_wconf 88' lang='lat' dir='ltr'>et</span> <span class='ocrx_word' id='word_1_492' title='bbox 3034 3323 3163 3395; x_wconf 89' lang='lat' dir='ltr'>ejus</span> <span class='ocrx_word' id='word_1_493' title='bbox 3213 3324 3274 3379; x_wconf 91' lang='lat' dir='ltr'>in</span> <span class='ocrx_word' id='word_1_494' title='bbox 3324 3323 3542 3379; x_wconf 91' lang='lat' dir='ltr'>mediis</span> 
     </span>
    </p>
   </div>
   <div class='ocr_carea' id='block_1_68' title="bbox 99 3406 1775 3486">
    <p class='ocr_par' dir='ltr' id='par_1_68' title="bbox 99 3406 1775 3486">
     <span class='ocr_line' id='line_1_68' title="bbox 99 3406 1775 3486; baseline -0.001 -20"><span class='ocrx_word' id='word_1_495' title='bbox 99 3411 290 3474; x_wconf 83' lang='grc' dir='ltr'>ναίοις</span> <span class='ocrx_word' id='word_1_496' title='bbox 318 3409 372 3465; x_wconf 81' lang='grc' dir='ltr'>ἐν</span> <span class='ocrx_word' id='word_1_497' title='bbox 397 3406 593 3483; x_wconf 72' lang='grc' dir='ltr'>Ἀρείῳ</span> <span class='ocrx_word' id='word_1_498' title='bbox 622 3408 782 3486; x_wconf 84' lang='grc' dir='ltr'>πάγῳ</span> <span class='ocrx_word' id='word_1_499' title='bbox 808 3406 1180 3485; x_wconf 86' lang='grc' dir='ltr'>δημηγορίαν’</span> <span class='ocrx_word' id='word_1_500' title='bbox 1209 3406 1245 3479; x_wconf 73' lang='grc' dir='ltr'><strong>ἤ</strong></span> <span class='ocrx_word' id='word_1_501' title='bbox 1276 3409 1372 3472; x_wconf 82' lang='grc' dir='ltr'>τὰς</span> <span class='ocrx_word' id='word_1_502' title='bbox 1425 3408 1477 3464; x_wconf 91' lang='grc' dir='ltr'>ἐν</span> <span class='ocrx_word' id='word_1_503' title='bbox 1525 3408 1775 3486; x_wconf 86' lang='grc' dir='ltr'>Κορίνθῳ</span> 
     </span>
    </p>
   </div>
   <div class='ocr_carea' id='block_1_69' title="bbox 95 3495 1773 3576">
    <p class='ocr_par' dir='ltr' id='par_1_69' title="bbox 95 3495 1773 3576">
     <span class='ocr_line' id='line_1_69' title="bbox 95 3495 1773 3576; baseline -0.001 -19"><span class='ocrx_word' id='word_1_504' title='bbox 95 3498 497 3569; x_wconf 81' lang='grc' dir='ltr'>διδασκαλίας,</span> <span class='ocrx_word' id='word_1_505' title='bbox 526 3499 617 3553; x_wconf 81' lang='grc' dir='ltr'>καὶ</span> <span class='ocrx_word' id='word_1_506' title='bbox 648 3498 703 3554; x_wconf 85' lang='grc' dir='ltr'>ἐν</span> <span class='ocrx_word' id='word_1_507' title='bbox 730 3501 931 3573; x_wconf 82' lang='grc' dir='ltr'>’Λχαῖᾳ</span> <span class='ocrx_word' id='word_1_508' title='bbox 960 3499 1106 3574; x_wconf 72' lang='grc' dir='ltr'>πάσῃ</span> <span class='ocrx_word' id='word_1_509' title='bbox 1133 3518 1147 3568; x_wconf 90' lang='lat'><strong>;</strong></span> <span class='ocrx_word' id='word_1_510' title='bbox 1188 3503 1306 3562; x_wconf 87' lang='grc' dir='ltr'>πῶς</span> <span class='ocrx_word' id='word_1_511' title='bbox 1352 3495 1410 3554; x_wconf 75' lang='grc' dir='ltr'>δὲ</span> <span class='ocrx_word' id='word_1_512' title='bbox 1455 3500 1572 3555; x_wconf 89' lang='grc' dir='ltr'>κατ’</span> <span class='ocrx_word' id='word_1_513' title='bbox 1623 3499 1773 3576; x_wconf 82' lang='grc' dir='ltr'>ἀξίαν</span> 
     </span>
    </p>
   </div>
   <div class='ocr_carea' id='block_1_70' title="bbox 93 3585 1777 3667">
    <p class='ocr_par' dir='ltr' id='par_1_70' title="bbox 93 3585 1777 3667">
     <span class='ocr_line' id='line_1_70' title="bbox 93 3585 1777 3667; baseline -0.002 -19"><span class='ocrx_word' id='word_1_514' title='bbox 93 3590 462 3667; x_wconf 73' lang='grc' dir='ltr'>διηγήσομαι</span> <span class='ocrx_word' id='word_1_515' title='bbox 518 3588 616 3651; x_wconf 75' lang='grc' dir='ltr'>τὰς</span> <span class='ocrx_word' id='word_1_516' title='bbox 682 3587 737 3644; x_wconf 84' lang='grc' dir='ltr'>ἐν</span> <span class='ocrx_word' id='word_1_517' title='bbox 794 3587 1000 3666; x_wconf 82' lang='grc' dir='ltr'>Ἐφέσῳ</span> <span class='ocrx_word' id='word_1_518' title='bbox 1058 3585 1149 3643; x_wconf 80' lang='grc' dir='ltr'>διὰ</span> <span class='ocrx_word' id='word_1_519' title='bbox 1207 3587 1428 3644; x_wconf 82' lang='grc' dir='ltr'>Παύλου</span> <span class='ocrx_word' id='word_1_520' title='bbox 1480 3587 1777 3664; x_wconf 85' lang='grc' dir='ltr'>γενομένας</span> 
     </span>
    </p>
   </div>
   <div class='ocr_carea' id='block_1_71' title="bbox 94 3677 1776 3753">
    <p class='ocr_par' dir='ltr' id='par_1_71' title="bbox 94 3677 1776 3753">
     <span class='ocr_line' id='line_1_71' title="bbox 94 3677 1776 3753; baseline -0.001 -16"><span class='ocrx_word' id='word_1_521' title='bbox 94 3682 217 3737; x_wconf 86' lang='grc' dir='ltr'>ὑπὸ</span> <span class='ocrx_word' id='word_1_522' title='bbox 251 3678 359 3733; x_wconf 80' lang='grc' dir='ltr'>τοῦ</span> <span class='ocrx_word' id='word_1_523' title='bbox 386 3678 541 3752; x_wconf 83' lang='grc' dir='ltr'>ἆγίου</span> <span class='ocrx_word' id='word_1_524' title='bbox 570 3677 892 3752; x_wconf 85' lang='grc' dir='ltr'>ΙῙνεύματος</span> <span class='ocrx_word' id='word_1_525' title='bbox 921 3677 1192 3753; x_wconf 78' lang='grc' dir='ltr'>ἐνεργείας</span> <span class='ocrx_word' id='word_1_526' title='bbox 1220 3699 1235 3747; x_wconf 74' lang='grc' dir='ltr'>ς</span> <span class='ocrx_word' id='word_1_527' title='bbox 1295 3679 1469 3753; x_wconf 87' lang='grc' dir='ltr'>’Ὀπερ</span> <span class='ocrx_word' id='word_1_528' title='bbox 1517 3678 1776 3753; x_wconf 84' lang='grc' dir='ltr'>ἀγνοοῦν-</span> 
     </span>
    </p>
   </div>
   <div class='ocr_carea' id='block_1_72' title="bbox 86 3765 1774 3844">
    <p class='ocr_par' dir='ltr' id='par_1_72' title="bbox 86 3765 1774 3844">
     <span class='ocr_line' id='line_1_72' title="bbox 86 3765 1774 3844; baseline -0.001 -19"><span class='ocrx_word' id='word_1_529' title='bbox 86 3791 199 3832; x_wconf 87' lang='grc' dir='ltr'>τες</span> <span class='ocrx_word' id='word_1_530' title='bbox 242 3766 342 3841; x_wconf 76' lang='grc' dir='ltr'>μὶν</span> <span class='ocrx_word' id='word_1_531' title='bbox 384 3769 433 3822; x_wconf 76' lang='grc' dir='ltr'>οἱ</span> <span class='ocrx_word' id='word_1_532' title='bbox 462 3768 654 3832; x_wconf 81' lang='grc' dir='ltr'>αὐτόθι</span> <span class='ocrx_word' id='word_1_533' title='bbox 686 3769 763 3842; x_wconf 87' lang='grc'>(7)</span> <span class='ocrx_word' id='word_1_534' title='bbox 815 3768 1101 3844; x_wconf 79' lang='grc' dir='ltr'>προτέρον,</span> <span class='ocrx_word' id='word_1_535' title='bbox 1156 3765 1466 3843; x_wconf 82' lang='grc' dir='ltr'>ἐπέγνωσαν</span> <span class='ocrx_word' id='word_1_536' title='bbox 1528 3765 1618 3824; x_wconf 76' lang='grc' dir='ltr'>διὰ</span> <span class='ocrx_word' id='word_1_537' title='bbox 1669 3775 1774 3838; x_wconf 86' lang='grc' dir='ltr'>τῆς</span> 
     </span>
    </p>
   </div>
   <div class='ocr_carea' id='block_1_73' title="bbox 171 3891 1515 3966">
    <p class='ocr_par' dir='ltr' id='par_1_73' title="bbox 171 3891 1515 3966">
     <span class='ocr_line' id='line_1_73' title="bbox 171 3891 1515 3966; baseline -0.001 -16"><span class='ocrx_word' id='word_1_538' title='bbox 171 3894 228 3931; x_wconf 78' lang='grc'>³⁸</span> <span class='ocrx_word' id='word_1_539' title='bbox 262 3895 395 3950; x_wconf 82' lang='lat' dir='ltr'>Act.</span> <span class='ocrx_word' id='word_1_540' title='bbox 426 3911 517 3959; x_wconf 83' lang='lat' dir='ltr'>xv,</span> <span class='ocrx_word' id='word_1_541' title='bbox 549 3895 617 3948; x_wconf 89' lang='lat'>28</span> <span class='ocrx_word' id='word_1_542' title='bbox 649 3911 809 3966; x_wconf 42' lang='lat' dir='ltr'>sqq,</span> <span class='ocrx_word' id='word_1_543' title='bbox 838 3964 849 3966; x_wconf 9' lang='grc' dir='ltr'><strong>ξ</strong></span> <span class='ocrx_word' id='word_1_544' title='bbox 884 3891 933 3927; x_wconf 80' lang='grc'><strong>³⁷</strong></span> <span class='ocrx_word' id='word_1_545' title='bbox 970 3893 1112 3966; x_wconf 57' lang='grc' dir='ltr'>για.</span> <span class='ocrx_word' id='word_1_546' title='bbox 1134 3895 1309 3966; x_wconf 79' lang='lat' dir='ltr'>infra,</span> <span class='ocrx_word' id='word_1_547' title='bbox 1335 3910 1394 3948; x_wconf 87' lang='grc' dir='ltr'>η.</span> <span class='ocrx_word' id='word_1_548' title='bbox 1428 3895 1515 3950; x_wconf 82' lang='grc'>34.</span> 
     </span>
    </p>
   </div>
   <div class='ocr_carea' id='block_1_74' title="bbox 88 3963 1482 4032">
    <p class='ocr_par' dir='ltr' id='par_1_74' title="bbox 88 3963 1482 4032">
     <span class='ocr_line' id='line_1_74' title="bbox 88 3963 1482 4032; baseline -0.001 -9"><span class='ocrx_word' id='word_1_549' title='bbox 88 3967 137 4002; x_wconf 70' lang='grc' dir='ltr'>δί</span> <span class='ocrx_word' id='word_1_550' title='bbox 176 3970 321 4023; x_wconf 80' lang='lat' dir='ltr'>Act.</span> <span class='ocrx_word' id='word_1_551' title='bbox 354 3981 465 4032; x_wconf 71' lang='lat' dir='ltr'>xw,</span> <span class='ocrx_word' id='word_1_552' title='bbox 496 3968 550 4021; x_wconf 85' lang='lat'>6.</span> <span class='ocrx_word' id='word_1_553' title='bbox 654 3963 716 4001; x_wconf 45' lang='lat'>“—</span> <span class='ocrx_word' id='word_1_554' title='bbox 733 3963 878 4021; x_wconf 81' lang='lat' dir='ltr'>ibid.</span> <span class='ocrx_word' id='word_1_555' title='bbox 913 3968 966 4020; x_wconf 86' lang='lat'>7.</span> <span class='ocrx_word' id='word_1_556' title='bbox 1070 3963 1116 4000; x_wconf 72' lang='lat'>‘3</span> <span class='ocrx_word' id='word_1_557' title='bbox 1146 3963 1301 4023; x_wconf 72' lang='lat' dir='ltr'>ibid.</span> <span class='ocrx_word' id='word_1_558' title='bbox 1325 3968 1482 4021; x_wconf 84' lang='grc'>9-11.</span> 
     </span>
    </p>
   </div>
   <div class='ocr_carea' id='block_1_75' title="bbox 168 4091 1775 4167">
    <p class='ocr_par' dir='ltr' id='par_1_75' title="bbox 168 4091 1775 4167">
     <span class='ocr_line' id='line_1_75' title="bbox 168 4091 1775 4167; baseline 0.002 -18"><span class='ocrx_word' id='word_1_559' title='bbox 168 4096 256 4167; x_wconf 90' lang='grc'>(1)</span> <span class='ocrx_word' id='word_1_560' title='bbox 281 4091 552 4167; x_wconf 82' lang='grc' dir='ltr'>Ἑάυτοῖς.</span> <span class='ocrx_word' id='word_1_561' title='bbox 586 4095 736 4150; x_wconf 92' lang='lat' dir='ltr'>Loco</span> <span class='ocrx_word' id='word_1_562' title='bbox 768 4091 975 4167; x_wconf 75' lang='grc' dir='ltr'>αὐτοῖς,</span> <span class='ocrx_word' id='word_1_563' title='bbox 1018 4093 1127 4167; x_wconf 36' lang='grc' dir='ltr'>ἤδη</span> <span class='ocrx_word' id='word_1_564' title='bbox 1151 4094 1503 4167; x_wconf 86' lang='lat' dir='ltr'>scripsimus</span> <span class='ocrx_word' id='word_1_565' title='bbox 1552 4112 1623 4151; x_wconf 85' lang='lat' dir='ltr'>ex</span> <span class='ocrx_word' id='word_1_566' title='bbox 1671 4112 1775 4153; x_wconf 89' lang='lat' dir='ltr'>au-</span> 
     </span>
    </p>
   </div>
   <div class='ocr_carea' id='block_1_76' title="bbox 90 4165 1779 4236">
    <p class='ocr_par' dir='ltr' id='par_1_76' title="bbox 90 4165 1779 4236">
     <span class='ocr_line' id='line_1_76' title="bbox 90 4165 1779 4236; baseline 0.001 -13"><span class='ocrx_word' id='word_1_567' title='bbox 90 4165 393 4224; x_wconf 82' lang='lat' dir='ltr'>ctoritate</span> <span class='ocrx_word' id='word_1_568' title='bbox 416 4166 690 4223; x_wconf 88' lang='lat' dir='ltr'>codicum</span> <span class='ocrx_word' id='word_1_569' title='bbox 715 4165 918 4236; x_wconf 88' lang='lat' dir='ltr'>Coisl,,</span> <span class='ocrx_word' id='word_1_570' title='bbox 936 4168 1079 4235; x_wconf 85' lang='lat' dir='ltr'>Roe,</span> <span class='ocrx_word' id='word_1_571' title='bbox 1102 4165 1350 4222; x_wconf 86' lang='lat' dir='ltr'>Casaub.</span> <span class='ocrx_word' id='word_1_572' title='bbox 1376 4184 1389 4236; x_wconf 87' lang='lat'><strong>;</strong></span> <span class='ocrx_word' id='word_1_573' title='bbox 1413 4167 1504 4223; x_wconf 87' lang='lat' dir='ltr'>vel</span> <span class='ocrx_word' id='word_1_574' title='bbox 1516 4168 1779 4224; x_wconf 89' lang='lat' dir='ltr'>scriben-</span> 
     </span>
    </p>
   </div>
   <div class='ocr_carea' id='block_1_77' title="bbox 91 4236 501 4299">
    <p class='ocr_par' dir='ltr' id='par_1_77' title="bbox 91 4236 501 4299">
     <span class='ocr_line' id='line_1_77' title="bbox 91 4236 501 4299; baseline 0 -4"><span class='ocrx_word' id='word_1_575' title='bbox 91 4242 256 4297; x_wconf 82' lang='lat' dir='ltr'>dum</span> <span class='ocrx_word' id='word_1_576' title='bbox 293 4236 501 4299; x_wconf 80' lang='grc' dir='ltr'>αὐτοῖς.</span> 
     </span>
    </p>
   </div>
   <div class='ocr_carea' id='block_1_78' title="bbox 177 4309 1778 4384">
    <p class='ocr_par' dir='ltr' id='par_1_78' title="bbox 177 4309 1778 4384">
     <span class='ocr_line' id='line_1_78' title="bbox 177 4309 1778 4384; baseline 0.001 -18"><span class='ocrx_word' id='word_1_577' title='bbox 177 4315 258 4382; x_wconf 84' lang='grc'>(2)</span> <span class='ocrx_word' id='word_1_578' title='bbox 296 4310 401 4384; x_wconf 67' lang='grc' dir='ltr'>Καὶ</span> <span class='ocrx_word' id='word_1_579' title='bbox 434 4313 692 4384; x_wconf 59' lang='grc' dir='ltr'>πνικτοῦ.</span> <span class='ocrx_word' id='word_1_580' title='bbox 716 4310 1226 4384; x_wconf 14' lang='grc' dir='ltr'>Οοιψιηοιὶοῐιβωί</span> <span class='ocrx_word' id='word_1_581' title='bbox 1247 4309 1351 4384; x_wconf 76' lang='grc' dir='ltr'>καί</span> <span class='ocrx_word' id='word_1_582' title='bbox 1391 4311 1778 4384; x_wconf 88' lang='lat' dir='ltr'>ascripsimus</span> 
     </span>
    </p>
   </div>
   <div class='ocr_carea' id='block_1_79' title="bbox 92 4382 1776 4452">
    <p class='ocr_par' dir='ltr' id='par_1_79' title="bbox 92 4382 1776 4452">
     <span class='ocr_line' id='line_1_79' title="bbox 92 4382 1776 4452; baseline -0.001 -12"><span class='ocrx_word' id='word_1_583' title='bbox 92 4402 177 4440; x_wconf 78' lang='lat' dir='ltr'>ex</span> <span class='ocrx_word' id='word_1_584' title='bbox 200 4382 523 4440; x_wconf 88' lang='lat' dir='ltr'>codicibus</span> <span class='ocrx_word' id='word_1_585' title='bbox 542 4382 744 4449; x_wconf 85' lang='lat' dir='ltr'>Coisl.,</span> <span class='ocrx_word' id='word_1_586' title='bbox 766 4382 908 4452; x_wconf 78' lang='lat' dir='ltr'>Hoc,</span> <span class='ocrx_word' id='word_1_587' title='bbox 932 4382 1180 4439; x_wconf 89' lang='lat' dir='ltr'>Casaub.</span> <span class='ocrx_word' id='word_1_588' title='bbox 1201 4382 1613 4439; x_wconf 86' lang='lat' dir='ltr'>Ottobonianis</span> <span class='ocrx_word' id='word_1_589' title='bbox 1628 4384 1776 4439; x_wconf 91' lang='lat' dir='ltr'>duo-</span> 
     </span>
    </p>
   </div>
   <div class='ocr_carea' id='block_1_80' title="bbox 1619 3893 2193 3952">
    <p class='ocr_par' dir='ltr' id='par_1_80' title="bbox 1619 3893 2193 3952">
     <span class='ocr_line' id='line_1_80' title="bbox 1619 3893 2193 3952; baseline 0 -2"><span class='ocrx_word' id='word_1_590' title='bbox 1619 3893 1668 3930; x_wconf 77' lang='grc'>³⁸</span> <span class='ocrx_word' id='word_1_591' title='bbox 1697 3897 1823 3951; x_wconf 89' lang='lat' dir='ltr'>Act.</span> <span class='ocrx_word' id='word_1_592' title='bbox 1857 3912 1981 3952; x_wconf 81' lang='lat' dir='ltr'>xm.</span> <span class='ocrx_word' id='word_1_593' title='bbox 2035 3896 2193 3952; x_wconf 80' lang='lat'>5-13.</span> 
     </span>
    </p>
   </div>
   <div class='ocr_carea' id='block_1_81' title="bbox 1588 3965 2074 4041">
    <p class='ocr_par' dir='ltr' id='par_1_81' title="bbox 1588 3965 2074 4041">
     <span class='ocr_line' id='line_1_81' title="bbox 1588 3965 2074 4041; baseline 0.006 -19"><span class='ocrx_word' id='word_1_594' title='bbox 1588 3965 1635 4001; x_wconf 78' lang='grc'>⁴⁴</span> <span class='ocrx_word' id='word_1_595' title='bbox 1663 3966 1807 4023; x_wconf 91' lang='lat' dir='ltr'>ibid.</span> <span class='ocrx_word' id='word_1_596' title='bbox 1843 3972 1911 4023; x_wconf 97' lang='grc'>12</span> <span class='ocrx_word' id='word_1_597' title='bbox 1940 3986 2074 4041; x_wconf 90' lang='lat' dir='ltr'>sqq.</span> 
     </span>
    </p>
   </div>
   <div class='ocr_carea' id='block_1_82' title="bbox 1883 3410 3537 3487">
    <p class='ocr_par' dir='ltr' id='par_1_82' title="bbox 1883 3410 3537 3487">
     <span class='ocr_line' id='line_1_82' title="bbox 1883 3410 3537 3487; baseline 0.002 -20"><span class='ocrx_word' id='word_1_598' title='bbox 1883 3410 2349 3467; x_wconf 85' lang='lat' dir='ltr'>Atheniensibus</span> <span class='ocrx_word' id='word_1_599' title='bbox 2363 3411 2422 3466; x_wconf 92' lang='lat' dir='ltr'>in</span> <span class='ocrx_word' id='word_1_600' title='bbox 2438 3413 2736 3485; x_wconf 85' lang='lat' dir='ltr'>Areopago</span> <span class='ocrx_word' id='word_1_601' title='bbox 2753 3412 3223 3481; x_wconf 89' lang='lat' dir='ltr'>concionem;vel</span> <span class='ocrx_word' id='word_1_602' title='bbox 3235 3415 3285 3487; x_wconf 90' lang='lat' dir='ltr'>ej</span> <span class='ocrx_word' id='word_1_603' title='bbox 3296 3432 3365 3470; x_wconf 91' lang='lat' dir='ltr'>us</span> <span class='ocrx_word' id='word_1_604' title='bbox 3383 3416 3477 3472; x_wconf 72' lang='grc'>27</span> <span class='ocrx_word' id='word_1_605' title='bbox 3491 3417 3537 3471; x_wconf 80' lang='lat'><strong>9</strong></span> 
     </span>
    </p>
   </div>
   <div class='ocr_carea' id='block_1_83' title="bbox 1883 3499 3542 3573">
    <p class='ocr_par' dir='ltr' id='par_1_83' title="bbox 1883 3499 3542 3573">
     <span class='ocr_line' id='line_1_83' title="bbox 1883 3499 3542 3573; baseline 0.002 -18"><span class='ocrx_word' id='word_1_606' title='bbox 1883 3501 1946 3555; x_wconf 92' lang='lat' dir='ltr'>in</span> <span class='ocrx_word' id='word_1_607' title='bbox 1971 3499 2118 3555; x_wconf 89' lang='lat' dir='ltr'>urbe</span> <span class='ocrx_word' id='word_1_608' title='bbox 2148 3501 2452 3569; x_wconf 87' lang='lat' dir='ltr'>Corintho,</span> <span class='ocrx_word' id='word_1_609' title='bbox 2487 3506 2730 3573; x_wconf 89' lang='lat' dir='ltr'>totaque</span> <span class='ocrx_word' id='word_1_610' title='bbox 2759 3502 2821 3556; x_wconf 91' lang='lat' dir='ltr'>in</span> <span class='ocrx_word' id='word_1_611' title='bbox 2856 3502 3080 3557; x_wconf 80' lang='lat' dir='ltr'>Achaia</span> <span class='ocrx_word' id='word_1_612' title='bbox 3099 3502 3353 3559; x_wconf 91' lang='lat' dir='ltr'>docendi</span> <span class='ocrx_word' id='word_1_613' title='bbox 3375 3503 3542 3559; x_wconf 89' lang='lat' dir='ltr'>labo-</span> 
     </span>
    </p>
   </div>
   <div class='ocr_carea' id='block_1_84' title="bbox 1882 3588 3545 3663">
    <p class='ocr_par' dir='ltr' id='par_1_84' title="bbox 1882 3588 3545 3663">
     <span class='ocr_line' id='line_1_84' title="bbox 1882 3588 3545 3663; baseline 0 -17"><span class='ocrx_word' id='word_1_614' title='bbox 1882 3607 1980 3646; x_wconf 90' lang='lat' dir='ltr'>res</span> <span class='ocrx_word' id='word_1_615' title='bbox 2000 3588 2068 3644; x_wconf 82' lang='grc'>⁴⁶,</span> <span class='ocrx_word' id='word_1_616' title='bbox 2088 3589 2393 3655; x_wconf 84' lang='lat' dir='ltr'>Quomodo</span> <span class='ocrx_word' id='word_1_617' title='bbox 2413 3606 2551 3645; x_wconf 90' lang='lat' dir='ltr'>vero</span> <span class='ocrx_word' id='word_1_618' title='bbox 2569 3589 2821 3646; x_wconf 89' lang='lat' dir='ltr'>dicendo</span> <span class='ocrx_word' id='word_1_619' title='bbox 2849 3606 3135 3661; x_wconf 90' lang='lat' dir='ltr'>assequar</span> <span class='ocrx_word' id='word_1_620' title='bbox 3160 3606 3259 3646; x_wconf 87' lang='lat' dir='ltr'>eas</span> <span class='ocrx_word' id='word_1_621' title='bbox 3284 3608 3415 3663; x_wconf 77' lang='lat' dir='ltr'>quaa</span> <span class='ocrx_word' id='word_1_622' title='bbox 3437 3608 3545 3663; x_wconf 89' lang='lat' dir='ltr'>per</span> 
     </span>
    </p>
   </div>
   <div class='ocr_carea' id='block_1_85' title="bbox 1883 3678 3543 3752">
    <p class='ocr_par' dir='ltr' id='par_1_85' title="bbox 1883 3678 3543 3752">
     <span class='ocr_line' id='line_1_85' title="bbox 1883 3678 3543 3752; baseline 0 -17"><span class='ocrx_word' id='word_1_623' title='bbox 1883 3679 2136 3735; x_wconf 90' lang='lat' dir='ltr'>Paulum</span> <span class='ocrx_word' id='word_1_624' title='bbox 2166 3678 2383 3752; x_wconf 87' lang='lat' dir='ltr'>Ephesi</span> <span class='ocrx_word' id='word_1_625' title='bbox 2418 3680 2643 3735; x_wconf 71' lang='lat' dir='ltr'>eﬂ‘ectaa</span> <span class='ocrx_word' id='word_1_626' title='bbox 2675 3684 2817 3736; x_wconf 90' lang='lat' dir='ltr'>sunt</span> <span class='ocrx_word' id='word_1_627' title='bbox 2846 3695 2881 3736; x_wconf 89' lang='lat' dir='ltr'>a</span> <span class='ocrx_word' id='word_1_628' title='bbox 2908 3680 3129 3751; x_wconf 91' lang='lat' dir='ltr'>Spiritu</span> <span class='ocrx_word' id='word_1_629' title='bbox 3157 3685 3363 3735; x_wconf 88' lang='lat' dir='ltr'>sancto</span> <span class='ocrx_word' id='word_1_630' title='bbox 3395 3697 3543 3751; x_wconf 92' lang='lat' dir='ltr'>ope-</span> 
     </span>
    </p>
   </div>
   <div class='ocr_carea' id='block_1_86' title="bbox 1883 3771 3541 3844">
    <p class='ocr_par' dir='ltr' id='par_1_86' title="bbox 1883 3771 3541 3844">
     <span class='ocr_line' id='line_1_86' title="bbox 1883 3771 3541 3844; baseline 0 -17"><span class='ocrx_word' id='word_1_631' title='bbox 1883 3771 2149 3827; x_wconf 89' lang='lat' dir='ltr'>rationes</span> <span class='ocrx_word' id='word_1_632' title='bbox 2172 3772 2201 3827; x_wconf 86' lang='lat'><strong>?</strong></span> <span class='ocrx_word' id='word_1_633' title='bbox 2230 3773 2417 3839; x_wconf 88' lang='lat' dir='ltr'>Quem</span> <span class='ocrx_word' id='word_1_634' title='bbox 2449 3771 2694 3844; x_wconf 90' lang='lat' dir='ltr'>quidem</span> <span class='ocrx_word' id='word_1_635' title='bbox 2723 3771 3029 3844; x_wconf 89' lang='lat' dir='ltr'>(Spiritum</span> <span class='ocrx_word' id='word_1_636' title='bbox 3060 3772 3358 3843; x_wconf 89' lang='lat' dir='ltr'>sanctum)</span> <span class='ocrx_word' id='word_1_637' title='bbox 3397 3777 3541 3827; x_wconf 89' lang='lat' dir='ltr'>ante</span> 
     </span>
    </p>
   </div>
   <div class='ocr_carea' id='block_1_87' title="bbox 2296 3894 3542 3968">
    <p class='ocr_par' dir='ltr' id='par_1_87' title="bbox 2296 3894 3542 3968">
     <span class='ocr_line' id='line_1_87' title="bbox 2296 3894 3542 3968; baseline 0.001 -16"><span class='ocrx_word' id='word_1_638' title='bbox 2296 3896 2344 3932; x_wconf 76' lang='grc'>³⁸</span> <span class='ocrx_word' id='word_1_639' title='bbox 2397 3898 2525 3952; x_wconf 78' lang='lat' dir='ltr'>Act.</span> <span class='ocrx_word' id='word_1_640' title='bbox 2582 3913 2698 3967; x_wconf 74' lang='lat' dir='ltr'>11v,</span> <span class='ocrx_word' id='word_1_641' title='bbox 2757 3898 2912 3951; x_wconf 81' lang='grc'>7-11.</span> <span class='ocrx_word' id='word_1_642' title='bbox 3012 3894 3062 3930; x_wconf 73' lang='grc'><strong>⁴⁰</strong></span> <span class='ocrx_word' id='word_1_643' title='bbox 3118 3896 3249 3952; x_wconf 84' lang='lat' dir='ltr'>Act.</span> <span class='ocrx_word' id='word_1_644' title='bbox 3302 3913 3398 3968; x_wconf 81' lang='lat' dir='ltr'>xv,</span> <span class='ocrx_word' id='word_1_645' title='bbox 3446 3898 3542 3953; x_wconf 86' lang='grc'>41.</span> 
     </span>
    </p>
   </div>
   <div class='ocr_carea' id='block_1_88' title="bbox 2178 3967 3543 4041">
    <p class='ocr_par' dir='ltr' id='par_1_88' title="bbox 2178 3967 3543 4041">
     <span class='ocr_line' id='line_1_88' title="bbox 2178 3967 3543 4041; baseline 0 -17"><span class='ocrx_word' id='word_1_646' title='bbox 2178 3967 2226 4004; x_wconf 78' lang='grc'>⁴⁵</span> <span class='ocrx_word' id='word_1_647' title='bbox 2269 3970 2397 4027; x_wconf 86' lang='lat' dir='ltr'>Act.</span> <span class='ocrx_word' id='word_1_648' title='bbox 2446 3985 2587 4037; x_wconf 81' lang='lat' dir='ltr'>xvu,</span> <span class='ocrx_word' id='word_1_649' title='bbox 2620 3969 2645 4026; x_wconf 78' lang='lat' dir='ltr'>l</span> <span class='ocrx_word' id='word_1_650' title='bbox 2683 3985 2816 4041; x_wconf 85' lang='lat' dir='ltr'>sqq.</span> <span class='ocrx_word' id='word_1_651' title='bbox 2917 3970 3045 4025; x_wconf 84' lang='lat' dir='ltr'>Act.</span> <span class='ocrx_word' id='word_1_652' title='bbox 3105 3984 3262 4037; x_wconf 80' lang='lat' dir='ltr'>xvm,</span> <span class='ocrx_word' id='word_1_653' title='bbox 3323 3972 3348 4022; x_wconf 95' lang='grc'>1</span> <span class='ocrx_word' id='word_1_654' title='bbox 3385 3967 3543 4040; x_wconf 84' lang='lat' dir='ltr'>sqq.</span> 
     </span>
    </p>
   </div>
   <div class='ocr_carea' id='block_1_89' title="bbox 1886 4094 3547 4169">
    <p class='ocr_par' dir='ltr' id='par_1_89' title="bbox 1886 4094 3547 4169">
     <span class='ocr_line' id='line_1_89' title="bbox 1886 4094 3547 4169; baseline -0.002 -15"><span class='ocrx_word' id='word_1_655' title='bbox 1886 4096 1960 4154; x_wconf 89' lang='lat' dir='ltr'>ad</span> <span class='ocrx_word' id='word_1_656' title='bbox 1992 4096 2173 4153; x_wconf 88' lang='lat' dir='ltr'>verba</span> <span class='ocrx_word' id='word_1_657' title='bbox 2201 4094 2452 4159; x_wconf 81' lang='grc' dir='ltr'>πύθωνος</span> <span class='ocrx_word' id='word_1_658' title='bbox 2481 4094 2822 4169; x_wconf 67' lang='grc' dir='ltr'>ἀπελασίαν,</span> <span class='ocrx_word' id='word_1_659' title='bbox 2845 4095 3137 4169; x_wconf 87' lang='lat' dir='ltr'>Cyrillum</span> <span class='ocrx_word' id='word_1_660' title='bbox 3192 4095 3547 4169; x_wconf 17' lang='lat' dir='ltr'>legisseivi-</span> 
     </span>
    </p>
   </div>
   <div class='ocr_carea' id='block_1_90' title="bbox 1887 4167 3546 4242">
    <p class='ocr_par' dir='ltr' id='par_1_90' title="bbox 1887 4167 3546 4242">
     <span class='ocr_line' id='line_1_90' title="bbox 1887 4167 3546 4242; baseline -0.001 -16"><span class='ocrx_word' id='word_1_661' title='bbox 1887 4169 2037 4237; x_wconf 90' lang='lat' dir='ltr'>deri,</span> <span class='ocrx_word' id='word_1_662' title='bbox 2068 4171 2195 4225; x_wconf 88' lang='lat' dir='ltr'>Act.</span> <span class='ocrx_word' id='word_1_663' title='bbox 2228 4186 2344 4235; x_wconf 72' lang='lat' dir='ltr'>xw,</span> <span class='ocrx_word' id='word_1_664' title='bbox 2389 4172 2478 4237; x_wconf 91' lang='grc'>16,</span> <span class='ocrx_word' id='word_1_665' title='bbox 2509 4171 2725 4241; x_wconf 86' lang='grc' dir='ltr'>πνεῦμα</span> <span class='ocrx_word' id='word_1_666' title='bbox 2753 4167 2999 4237; x_wconf 81' lang='grc' dir='ltr'>πύθωνα,</span> <span class='ocrx_word' id='word_1_667' title='bbox 3034 4173 3103 4242; x_wconf 86' lang='lat' dir='ltr'>ut</span> <span class='ocrx_word' id='word_1_668' title='bbox 3140 4167 3295 4242; x_wconf 82' lang='lat' dir='ltr'>legit</span> <span class='ocrx_word' id='word_1_669' title='bbox 3334 4168 3546 4242; x_wconf 48' lang='lat' dir='ltr'>Vulgaf</span> 
     </span>
    </p>
   </div>
   <div class='ocr_carea' id='block_1_91' title="bbox 1890 4240 3546 4313">
    <p class='ocr_par' dir='ltr' id='par_1_91' title="bbox 1890 4240 3546 4313">
     <span class='ocr_line' id='line_1_91' title="bbox 1890 4240 3546 4313; baseline -0.002 -16"><span class='ocrx_word' id='word_1_670' title='bbox 1890 4248 1983 4297; x_wconf 88' lang='lat' dir='ltr'>tus</span> <span class='ocrx_word' id='word_1_671' title='bbox 2014 4246 2219 4297; x_wconf 89' lang='lat' dir='ltr'>noster</span> <span class='ocrx_word' id='word_1_672' title='bbox 2247 4242 2565 4313; x_wconf 88' lang='lat' dir='ltr'>interpres,</span> <span class='ocrx_word' id='word_1_673' title='bbox 2598 4240 2664 4298; x_wconf 88' lang='lat' dir='ltr'>ac</span> <span class='ocrx_word' id='word_1_674' title='bbox 2721 4242 2922 4297; x_wconf 89' lang='lat' dir='ltr'>ferunt</span> <span class='ocrx_word' id='word_1_675' title='bbox 2978 4240 3154 4297; x_wconf 88' lang='lat' dir='ltr'>multi</span> <span class='ocrx_word' id='word_1_676' title='bbox 3210 4240 3353 4297; x_wconf 88' lang='lat' dir='ltr'>mss.</span> <span class='ocrx_word' id='word_1_677' title='bbox 3405 4240 3546 4313; x_wconf 73' lang='lat' dir='ltr'>Novi</span> 
     </span>
    </p>
   </div>
   <div class='ocr_carea' id='block_1_92' title="bbox 1887 4311 3548 4386">
    <p class='ocr_par' dir='ltr' id='par_1_92' title="bbox 1887 4311 3548 4386">
     <span class='ocr_line' id='line_1_92' title="bbox 1887 4311 3548 4386; baseline -0.001 -16"><span class='ocrx_word' id='word_1_678' title='bbox 1887 4313 2269 4382; x_wconf 86' lang='lat' dir='ltr'>Testamenti,</span> <span class='ocrx_word' id='word_1_679' title='bbox 2303 4311 2426 4369; x_wconf 66' lang='lat' dir='ltr'>non</span> <span class='ocrx_word' id='word_1_680' title='bbox 2456 4319 2655 4368; x_wconf 90' lang='lat' dir='ltr'>autem</span> <span class='ocrx_word' id='word_1_681' title='bbox 2709 4316 2924 4386; x_wconf 83' lang='grc' dir='ltr'>πνεῦμα</span> <span class='ocrx_word' id='word_1_682' title='bbox 2968 4322 3245 4380; x_wconf 88' lang='grc' dir='ltr'>πυθωνος,</span> <span class='ocrx_word' id='word_1_683' title='bbox 3280 4311 3439 4385; x_wconf 91' lang='lat' dir='ltr'>quod</span> <span class='ocrx_word' id='word_1_684' title='bbox 3484 4313 3548 4368; x_wconf 91' lang='lat' dir='ltr'>in</span> 
     </span>
    </p>
   </div>
   <div class='ocr_carea' id='block_1_93' title="bbox 1889 4386 2934 4442">
    <p class='ocr_par' dir='ltr' id='par_1_93' title="bbox 1889 4386 2934 4442">
     <span class='ocr_line' id='line_1_93' title="bbox 1889 4386 2934 4442; baseline -0.001 -1"><span class='ocrx_word' id='word_1_685' title='bbox 1889 4386 2111 4441; x_wconf 89' lang='lat' dir='ltr'>nostris</span> <span class='ocrx_word' id='word_1_686' title='bbox 2145 4386 2362 4441; x_wconf 70' lang='lat' dir='ltr'>Grmcis</span> <span class='ocrx_word' id='word_1_687' title='bbox 2396 4386 2628 4441; x_wconf 85' lang='lat' dir='ltr'>excusis</span> <span class='ocrx_word' id='word_1_688' title='bbox 2660 4386 2934 4442; x_wconf 87' lang='lat' dir='ltr'>habetur.</span> 
     </span>
    </p>
   </div>
   <div class='ocr_carea' id='block_1_94' title="bbox 91 4425 1783 4531">
    <p class='ocr_par' dir='ltr' id='par_1_94' title="bbox 91 4425 1777 4531">
     <span class='ocr_line' id='line_1_94' title="bbox 91 4425 1777 4531; baseline -0.001 -20"><span class='ocrx_word' id='word_1_689' title='bbox 91 4458 247 4523; x_wconf 88' lang='lat' dir='ltr'>bus,</span> <span class='ocrx_word' id='word_1_690' title='bbox 285 4455 462 4531; x_wconf 80' lang='lat' dir='ltr'>Gro_d.</span> <span class='ocrx_word' id='word_1_691' title='bbox 496 4425 750 4531; x_wconf 62' lang='lat' dir='ltr'>et_sacrd</span> <span class='ocrx_word' id='word_1_692' title='bbox 782 4425 966 4511; x_wconf 63' lang='lat' dir='ltr'>textu.</span> <span class='ocrx_word' id='word_1_693' title='bbox 1006 4455 1074 4510; x_wconf 94' lang='lat' dir='ltr'><strong>In</strong></span> <span class='ocrx_word' id='word_1_694' title='bbox 1131 4454 1328 4531; x_wconf 82' lang='lat' dir='ltr'>priore</span> <span class='ocrx_word' id='word_1_695' title='bbox 1376 4454 1569 4531; x_wconf 77' lang='lat' dir='ltr'>0ttob.</span> <span class='ocrx_word' id='word_1_696' title='bbox 1627 4462 1685 4511; x_wconf 88' lang='lat' dir='ltr'>et</span> <span class='ocrx_word' id='word_1_697' title='bbox 1713 4455 1777 4531; x_wconf 75' lang='lat' dir='ltr'>in</span> 
     </span>
    </p>
   </div>
   <div class='ocr_carea' id='block_1_95' title="bbox 1952 4425 3551 4531">
    <p class='ocr_par' dir='ltr' id='par_1_95' title="bbox 1958 4455 3551 4531">
     <span class='ocr_line' id='line_1_95' title="bbox 1958 4455 3551 4531; baseline 0 -20"><span class='ocrx_word' id='word_1_698' title='bbox 1958 4460 2036 4527; x_wconf 82' lang='lat'>(5)</span> <span class='ocrx_word' id='word_1_699' title='bbox 2069 4455 2235 4531; x_wconf 45' lang='lat' dir='ltr'>Merci</span> <span class='ocrx_word' id='word_1_700' title='bbox 2252 4457 2495 4531; x_wconf 83' lang='grc' dir='ltr'>σεισμόν.</span> <span class='ocrx_word' id='word_1_701' title='bbox 2528 4459 2668 4512; x_wconf 82' lang='lat' dir='ltr'>Post</span> <span class='ocrx_word' id='word_1_702' title='bbox 2697 4457 2921 4531; x_wconf 88' lang='grc' dir='ltr'>σεισμόν</span> <span class='ocrx_word' id='word_1_703' title='bbox 2965 4458 3029 4513; x_wconf 86' lang='lat' dir='ltr'>in</span> <span class='ocrx_word' id='word_1_704' title='bbox 3088 4457 3262 4513; x_wconf 86' lang='lat' dir='ltr'>editis</span> <span class='ocrx_word' id='word_1_705' title='bbox 3288 4528 3303 4531; x_wconf 95' lang='lat'><em>_</em></span> <span class='ocrx_word' id='word_1_706' title='bbox 3330 4455 3551 4531; x_wconf 74' lang='lat' dir='ltr'>adjun-</span> 
     </span>
    </p>
   </div>
   <div class='ocr_carea' id='block_1_96' title="bbox 93 4526 1778 4598">
    <p class='ocr_par' dir='ltr' id='par_1_96' title="bbox 93 4526 1778 4598">
     <span class='ocr_line' id='line_1_96' title="bbox 93 4526 1778 4598; baseline -0.001 -15"><span class='ocrx_word' id='word_1_707' title='bbox 93 4531 232 4584; x_wconf 80' lang='lat' dir='ltr'>Roe</span> <span class='ocrx_word' id='word_1_708' title='bbox 269 4544 343 4583; x_wconf 88' lang='lat' dir='ltr'>ac</span> <span class='ocrx_word' id='word_1_709' title='bbox 374 4526 622 4583; x_wconf 87' lang='lat' dir='ltr'>Casaub.</span> <span class='ocrx_word' id='word_1_710' title='bbox 652 4527 924 4595; x_wconf 85' lang='lat' dir='ltr'>habetur,</span> <span class='ocrx_word' id='word_1_711' title='bbox 982 4528 1242 4591; x_wconf 81' lang='grc' dir='ltr'>πνικτῶν,</span> <span class='ocrx_word' id='word_1_712' title='bbox 1296 4526 1455 4598; x_wconf 90' lang='lat' dir='ltr'>quod</span> <span class='ocrx_word' id='word_1_713' title='bbox 1500 4527 1778 4582; x_wconf 90' lang='lat' dir='ltr'>nonnulli</span> 
     </span>
    </p>
   </div>
   <div class='ocr_carea' id='block_1_97' title="bbox 90 4598 1783 4671">
    <p class='ocr_par' dir='ltr' id='par_1_97' title="bbox 90 4598 1783 4671">
     <span class='ocr_line' id='line_1_97' title="bbox 90 4598 1783 4671; baseline -0.001 -17"><span class='ocrx_word' id='word_1_714' title='bbox 90 4603 328 4655; x_wconf 84' lang='lat' dir='ltr'>Patres</span> <span class='ocrx_word' id='word_1_715' title='bbox 358 4599 456 4654; x_wconf 89' lang='lat' dir='ltr'>hic</span> <span class='ocrx_word' id='word_1_716' title='bbox 476 4599 691 4671; x_wconf 86' lang='lat' dir='ltr'>legisse</span> <span class='ocrx_word' id='word_1_717' title='bbox 712 4599 1009 4667; x_wconf 89' lang='lat' dir='ltr'>videntur,</span> <span class='ocrx_word' id='word_1_718' title='bbox 1026 4604 1090 4671; x_wconf 88' lang='lat' dir='ltr'>et</span> <span class='ocrx_word' id='word_1_719' title='bbox 1115 4598 1257 4671; x_wconf 88' lang='lat' dir='ltr'>legit</span> <span class='ocrx_word' id='word_1_720' title='bbox 1274 4599 1556 4667; x_wconf 83' lang='lat' dir='ltr'>Vulgatus</span> <span class='ocrx_word' id='word_1_721' title='bbox 1580 4605 1783 4655; x_wconf 90' lang='lat' dir='ltr'>noster</span> 
     </span>
    </p>
   </div>
   <div class='ocr_carea' id='block_1_98' title="bbox 88 4670 1781 4754">
    <p class='ocr_par' dir='ltr' id='par_1_98' title="bbox 88 4670 1781 4754">
     <span class='ocr_line' id='line_1_98' title="bbox 88 4670 1781 4754; baseline -0.001 -28"><span class='ocrx_word' id='word_1_722' title='bbox 88 4673 443 4754; x_wconf 68' lang='lat' dir='ltr'>interpres,</span> <span class='ocrx_word' id='word_1_723' title='bbox 476 4670 626 4726; x_wconf 83' lang='lat' dir='ltr'>vers.</span> <span class='ocrx_word' id='word_1_724' title='bbox 678 4673 889 4754; x_wconf 53' lang='lat' dir='ltr'>20._A£</span> <span class='ocrx_word' id='word_1_725' title='bbox 903 4670 1193 4754; x_wconf 59' lang='lat' dir='ltr'>Cyrinus,</span> <span class='ocrx_word' id='word_1_726' title='bbox 1233 4676 1348 4754; x_wconf 36' lang='lat' dir='ltr'>cﬁat.</span> <span class='ocrx_word' id='word_1_727' title='bbox 1382 4672 1436 4754; x_wconf 49' lang='grc' dir='ltr'>ἐν,</span> <span class='ocrx_word' id='word_1_728' title='bbox 1468 4687 1635 4754; x_wconf 57' lang='lat' dir='ltr'>num.</span> <span class='ocrx_word' id='word_1_729' title='bbox 1687 4674 1781 4736; x_wconf 86' lang='lat'>28,</span> 
     </span>
    </p>
   </div>
   <div class='ocr_carea' id='block_1_99' title="bbox 91 4737 1781 4815">
    <p class='ocr_par' dir='ltr' id='par_1_99' title="bbox 91 4737 1781 4815">
     <span class='ocr_line' id='line_1_99' title="bbox 91 4737 1781 4815; baseline -0.002 -16"><span class='ocrx_word' id='word_1_730' title='bbox 91 4737 331 4799; x_wconf 64' lang='lat' dir='ltr'>scribit</span> <span class='ocrx_word' id='word_1_731' title='bbox 357 4737 538 4799; x_wconf 72' lang='lat' dir='ltr'>etiam</span> <span class='ocrx_word' id='word_1_732' title='bbox 568 4745 815 4797; x_wconf 89' lang='grc' dir='ltr'>πνικτοῦ·</span> <span class='ocrx_word' id='word_1_733' title='bbox 850 4737 1064 4798; x_wconf 80' lang='lat' dir='ltr'>Postea</span> <span class='ocrx_word' id='word_1_734' title='bbox 1089 4737 1220 4815; x_wconf 70' lang='lat' dir='ltr'>loco</span> <span class='ocrx_word' id='word_1_735' title='bbox 1252 4737 1323 4795; x_wconf 89' lang='grc' dir='ltr'>δι’</span> <span class='ocrx_word' id='word_1_736' title='bbox 1379 4737 1437 4794; x_wconf 82' lang='grc' dir='ltr'>ὅν</span> <span class='ocrx_word' id='word_1_737' title='bbox 1488 4737 1781 4815; x_wconf 84' lang='grc' dir='ltr'>ἔγγραφον,</span> 
     </span>
    </p>
   </div>
   <div class='ocr_carea' id='block_1_100' title="bbox 92 4814 1783 4888">
    <p class='ocr_par' dir='ltr' id='par_1_100' title="bbox 92 4814 1783 4888">
     <span class='ocr_line' id='line_1_100' title="bbox 92 4814 1783 4888; baseline 0 -18"><span class='ocrx_word' id='word_1_738' title='bbox 92 4815 280 4888; x_wconf 87' lang='lat' dir='ltr'>quod</span> <span class='ocrx_word' id='word_1_739' title='bbox 318 4814 638 4888; x_wconf 84' lang='lat' dir='ltr'>Grodecius</span> <span class='ocrx_word' id='word_1_740' title='bbox 669 4816 843 4869; x_wconf 88' lang='lat' dir='ltr'>vertit</span> <span class='ocrx_word' id='word_1_741' title='bbox 864 4830 968 4888; x_wconf 76' lang='lat' dir='ltr'>per</span> <span class='ocrx_word' id='word_1_742' title='bbox 998 4814 1147 4888; x_wconf 66' lang='lat' dir='ltr'>quod</span> <span class='ocrx_word' id='word_1_743' title='bbox 1176 4816 1460 4888; x_wconf 65' lang='lat' dir='ltr'>scriptum,</span> <span class='ocrx_word' id='word_1_744' title='bbox 1496 4814 1783 4888; x_wconf 41' lang='lat' dir='ltr'>exmedi-</span> 
     </span>
    </p>
   </div>
   <div class='ocr_carea' id='block_1_101' title="bbox 91 4832 1786 4957">
    <p class='ocr_par' dir='ltr' id='par_1_101' title="bbox 91 4832 1786 4957">
     <span class='ocr_line' id='line_1_101' title="bbox 92 4832 1783 4888; baseline -0.001 -18"><span class='ocrx_word' id='word_1_745' title='bbox 92 4832 280 4888; x_wconf 86' lang='lat' dir='ltr'>quoa</span> <span class='ocrx_word' id='word_1_746' title='bbox 318 4832 638 4871; x_wconf 70' lang='lat' dir='ltr'>uroaecxus</span> <span class='ocrx_word' id='word_1_747' title='bbox 669 4832 843 4869; x_wconf 81' lang='lat' dir='ltr'>verm</span> <span class='ocrx_word' id='word_1_748' title='bbox 909 4832 968 4870; x_wconf 79' lang='lat' dir='ltr'>er</span> <span class='ocrx_word' id='word_1_749' title='bbox 998 4832 1147 4885; x_wconf 87' lang='lat' dir='ltr'>quoa</span> <span class='ocrx_word' id='word_1_750' title='bbox 1176 4832 1460 4885; x_wconf 62' lang='lat' dir='ltr'>scriptum,</span> <span class='ocrx_word' id='word_1_751' title='bbox 1496 4832 1567 4868; x_wconf 82' lang='lat' dir='ltr'>ex</span> <span class='ocrx_word' id='word_1_752' title='bbox 1620 4832 1783 4870; x_wconf 81' lang='grc' dir='ltr'>οοαι-</span> 
     </span>
     <span class='ocr_line' id='line_1_102' title="bbox 91 4832 1786 4957; baseline -0.003 -14"><span class='ocrx_word' id='word_1_753' title='bbox 91 4888 294 4943; x_wconf 84' lang='lat' dir='ltr'>cibus</span> <span class='ocrx_word' id='word_1_754' title='bbox 324 4887 593 4953; x_wconf 89' lang='lat' dir='ltr'>Coislin.,</span> <span class='ocrx_word' id='word_1_755' title='bbox 628 4890 746 4943; x_wconf 80' lang='lat' dir='ltr'>Roe</span> <span class='ocrx_word' id='word_1_756' title='bbox 779 4893 838 4942; x_wconf 84' lang='lat' dir='ltr'>et</span> <span class='ocrx_word' id='word_1_757' title='bbox 864 4832 1142 4951; x_wconf 57' lang='lat' dir='ltr'>Easaub.,</span> <span class='ocrx_word' id='word_1_758' title='bbox 1177 4880 1652 4957; x_wconf 10' lang='lat' dir='ltr'>scripsimus,78i’</span> <span class='ocrx_word' id='word_1_759' title='bbox 1712 4885 1786 4939; x_wconf 83' lang='grc' dir='ltr'>ὧν</span> 
     </span>
    </p>
   </div>
   <div class='ocr_carea' id='block_1_102' title="bbox 91 4956 1790 5103">
    <p class='ocr_par' dir='ltr' id='par_1_102' title="bbox 91 4956 1790 5103">
     <span class='ocr_line' id='line_1_103' title="bbox 91 4956 1784 5034; baseline 0 -21"><span class='ocrx_word' id='word_1_760' title='bbox 91 4957 380 5034; x_wconf 76' lang='grc' dir='ltr'>ἔγραφον,</span> <span class='ocrx_word' id='word_1_761' title='bbox 417 4976 515 5014; x_wconf 71' lang='lat' dir='ltr'>uer</span> <span class='ocrx_word' id='word_1_762' title='bbox 544 4976 609 5014; x_wconf 86' lang='lat' dir='ltr'>ea</span> <span class='ocrx_word' id='word_1_763' title='bbox 636 4975 758 5028; x_wconf 60' lang='lat' dir='ltr'>qua</span> <span class='ocrx_word' id='word_1_764' title='bbox 787 4960 1069 5028; x_wconf 81' lang='lat' dir='ltr'>scripsere.</span> <span class='ocrx_word' id='word_1_765' title='bbox 1095 4956 1399 5027; x_wconf 80' lang='lat' dir='ltr'>Nusquam</span> <span class='ocrx_word' id='word_1_766' title='bbox 1421 4956 1578 5027; x_wconf 87' lang='lat' dir='ltr'>apud</span> <span class='ocrx_word' id='word_1_767' title='bbox 1594 4958 1784 5030; x_wconf 84' lang='lat' dir='ltr'>Cyril-</span> 
     </span>
     <span class='ocr_line' id='line_1_104' title="bbox 92 5026 1790 5103; baseline -0.001 -16"><span class='ocrx_word' id='word_1_768' title='bbox 92 5033 242 5087; x_wconf 88' lang='lat' dir='ltr'>lum</span> <span class='ocrx_word' id='word_1_769' title='bbox 278 5048 501 5086; x_wconf 91' lang='lat' dir='ltr'>nomen</span> <span class='ocrx_word' id='word_1_770' title='bbox 527 5026 795 5103; x_wconf 77' lang='grc' dir='ltr'>ἔγγραφος</span> <span class='ocrx_word' id='word_1_771' title='bbox 828 5031 1114 5103; x_wconf 83' lang='lat' dir='ltr'>reperias,</span> <span class='ocrx_word' id='word_1_772' title='bbox 1148 5029 1790 5103; x_wconf 80' lang='lat' dir='ltr'>nisi_adjectivum,aut</span> 
     </span>
    </p>
   </div>
   <div class='ocr_carea' id='block_1_103' title="bbox 95 5099 1784 5173">
    <p class='ocr_par' dir='ltr' id='par_1_103' title="bbox 95 5099 1784 5173">
     <span class='ocr_line' id='line_1_105' title="bbox 95 5099 1784 5173; baseline -0.001 -14"><span class='ocrx_word' id='word_1_773' title='bbox 95 5099 576 5160; x_wconf 57' lang='lat' dir='ltr'>substantivum&#39;</span> <span class='ocrx_word' id='word_1_774' title='bbox 594 5099 867 5158; x_wconf 81' lang='lat' dir='ltr'>neutrius</span> <span class='ocrx_word' id='word_1_775' title='bbox 897 5099 1154 5173; x_wconf 74' lang='lat' dir='ltr'>generis.</span> <span class='ocrx_word' id='word_1_776' title='bbox 1190 5099 1332 5155; x_wconf 90' lang='lat' dir='ltr'>Vide</span> <span class='ocrx_word' id='word_1_777' title='bbox 1363 5099 1477 5157; x_wconf 85' lang='lat' dir='ltr'>cat.</span> <span class='ocrx_word' id='word_1_778' title='bbox 1504 5102 1591 5168; x_wconf 81' lang='grc'>14,</span> <span class='ocrx_word' id='word_1_779' title='bbox 1617 5118 1784 5157; x_wconf 90' lang='lat' dir='ltr'>num.</span> 
     </span>
    </p>
   </div>
   <div class='ocr_carea' id='block_1_104' title="bbox 100 5173 1790 5245">
    <p class='ocr_par' dir='ltr' id='par_1_104' title="bbox 100 5173 1790 5245">
     <span class='ocr_line' id='line_1_106' title="bbox 100 5173 1790 5245; baseline -0.001 -16"><span class='ocrx_word' id='word_1_780' title='bbox 100 5180 173 5230; x_wconf 82' lang='grc'>15</span> <span class='ocrx_word' id='word_1_781' title='bbox 208 5182 385 5245; x_wconf 42' lang='lat' dir='ltr'>seat.</span> <span class='ocrx_word' id='word_1_782' title='bbox 423 5176 510 5242; x_wconf 87' lang='grc'>18,</span> <span class='ocrx_word' id='word_1_783' title='bbox 542 5191 712 5245; x_wconf 85' lang='lat' dir='ltr'>num.</span> <span class='ocrx_word' id='word_1_784' title='bbox 740 5178 797 5228; x_wconf 86' lang='lat' dir='ltr'>II</span> <span class='ocrx_word' id='word_1_785' title='bbox 820 5191 841 5245; x_wconf 12' lang='lat'>7;</span> <span class='ocrx_word' id='word_1_786' title='bbox 865 5179 976 5229; x_wconf 86' lang='lat' dir='ltr'>cat.</span> <span class='ocrx_word' id='word_1_787' title='bbox 1010 5173 1096 5241; x_wconf 83' lang='grc'>19,</span> <span class='ocrx_word' id='word_1_788' title='bbox 1124 5189 1288 5228; x_wconf 92' lang='lat' dir='ltr'>num.</span> <span class='ocrx_word' id='word_1_789' title='bbox 1312 5173 1367 5241; x_wconf 87' lang='lat'>5,</span> <span class='ocrx_word' id='word_1_790' title='bbox 1397 5189 1577 5244; x_wconf 90' lang='lat' dir='ltr'>supra</span> <span class='ocrx_word' id='word_1_791' title='bbox 1601 5174 1790 5245; x_wconf 89' lang='lat' dir='ltr'>scrip-</span> 
     </span>
    </p>
   </div>
   <div class='ocr_carea' id='block_1_105' title="bbox 101 5242 964 5371">
    <p class='ocr_par' dir='ltr' id='par_1_105' title="bbox 101 5242 964 5371">
     <span class='ocr_line' id='line_1_107' title="bbox 101 5242 964 5327; baseline -0.003 -25"><span class='ocrx_word' id='word_1_792' title='bbox 101 5248 194 5303; x_wconf 77' lang='lat' dir='ltr'>sit</span> <span class='ocrx_word' id='word_1_793' title='bbox 231 5243 312 5301; x_wconf 86' lang='grc' dir='ltr'>δι’</span> <span class='ocrx_word' id='word_1_794' title='bbox 345 5243 644 5312; x_wconf 79' lang='grc' dir='ltr'>ἐπιστολῆς</span> <span class='ocrx_word' id='word_1_795' title='bbox 673 5242 697 5298; x_wconf 87' lang='grc' dir='ltr'>ἐ</span> <span class='ocrx_word' id='word_1_796' title='bbox 732 5244 834 5327; x_wconf 84' lang='grc' dir='ltr'>γρά</span> <span class='ocrx_word' id='word_1_797' title='bbox 879 5264 964 5299; x_wconf 92' lang='grc' dir='ltr'>ου.</span> 
     </span>
     <span class='ocr_line' id='line_1_108' title="bbox 180 5265 964 5371; baseline 0 0"><span class='ocrx_word' id='word_1_798' title='bbox 180 5322 278 5371; x_wconf 69' lang='grc'>(3)</span> <span class='ocrx_word' id='word_1_799' title='bbox 309 5315 615 5371; x_wconf 79' lang='grc' dir='ltr'>Ὑιιετέοας.</span> <span class='ocrx_word' id='word_1_800' title='bbox 649 5265 804 5371; x_wconf 61' lang='grc' dir='ltr'>Είίιῐὶ</span> <span class='ocrx_word' id='word_1_801' title='bbox 838 5265 964 5371; x_wconf 54' lang='grc' dir='ltr'>ζίειιέ</span> 
     </span>
    </p>
   </div>
   <div class='ocr_carea' id='block_1_106' title="bbox 180 5312 1789 5391">
    <p class='ocr_par' dir='ltr' id='par_1_106' title="bbox 180 5312 1789 5391">
     <span class='ocr_line' id='line_1_109' title="bbox 180 5312 1789 5391; baseline -0.001 -17"><span class='ocrx_word' id='word_1_802' title='bbox 180 5322 278 5387; x_wconf 83' lang='grc'>(3)</span> <span class='ocrx_word' id='word_1_803' title='bbox 309 5315 615 5391; x_wconf 81' lang='grc' dir='ltr'>Ὑμετέρας.</span> <span class='ocrx_word' id='word_1_804' title='bbox 850 5312 1455 5391; x_wconf 40' lang='grc' dir='ltr'>Ϊθτθῐιίβεηὴμετέρας,</span> <span class='ocrx_word' id='word_1_805' title='bbox 1483 5333 1789 5391; x_wconf 69' lang='lat' dir='ltr'>necessa-</span> 
     </span>
    </p>
   </div>
   <div class='ocr_carea' id='block_1_107' title="bbox 98 5386 1789 5462">
    <p class='ocr_par' dir='ltr' id='par_1_107' title="bbox 98 5386 1789 5462">
     <span class='ocr_line' id='line_1_110' title="bbox 98 5386 1789 5462; baseline -0.001 -15"><span class='ocrx_word' id='word_1_806' title='bbox 98 5386 201 5447; x_wconf 25' lang='lat' dir='ltr'>rio&#39;</span> <span class='ocrx_word' id='word_1_807' title='bbox 233 5386 412 5447; x_wconf 79' lang='lat' dir='ltr'>fuere</span> <span class='ocrx_word' id='word_1_808' title='bbox 443 5386 780 5462; x_wconf 84' lang='lat' dir='ltr'>corrigendi</span> <span class='ocrx_word' id='word_1_809' title='bbox 808 5405 878 5444; x_wconf 83' lang='lat' dir='ltr'>ex</span> <span class='ocrx_word' id='word_1_810' title='bbox 909 5388 1080 5444; x_wconf 89' lang='lat' dir='ltr'>codd.</span> <span class='ocrx_word' id='word_1_811' title='bbox 1125 5386 1346 5450; x_wconf 78' lang='lat' dir='ltr'>Ottob.,</span> <span class='ocrx_word' id='word_1_812' title='bbox 1395 5386 1602 5458; x_wconf 89' lang='lat' dir='ltr'>Coisl.,</span> <span class='ocrx_word' id='word_1_813' title='bbox 1647 5391 1789 5459; x_wconf 84' lang='lat' dir='ltr'>Roe,</span> 
     </span>
    </p>
   </div>
   <div class='ocr_carea' id='block_1_108' title="bbox 103 5461 685 5520">
    <p class='ocr_par' dir='ltr' id='par_1_108' title="bbox 103 5461 685 5520">
     <span class='ocr_line' id='line_1_111' title="bbox 103 5461 685 5520; baseline -0.005 0"><span class='ocrx_word' id='word_1_814' title='bbox 103 5463 383 5520; x_wconf 85' lang='lat' dir='ltr'>Casaub.</span> <span class='ocrx_word' id='word_1_815' title='bbox 417 5467 478 5519; x_wconf 89' lang='lat' dir='ltr'>et</span> <span class='ocrx_word' id='word_1_816' title='bbox 508 5461 685 5518; x_wconf 85' lang='lat' dir='ltr'>Grod.</span> 
     </span>
    </p>
   </div>
   <div class='ocr_carea' id='block_1_109' title="bbox 182 5527 1792 5605">
    <p class='ocr_par' dir='ltr' id='par_1_109' title="bbox 182 5527 1792 5605">
     <span class='ocr_line' id='line_1_112' title="bbox 182 5527 1792 5605; baseline -0.002 -14"><span class='ocrx_word' id='word_1_817' title='bbox 182 5539 277 5603; x_wconf 79' lang='grc'>(4)</span> <span class='ocrx_word' id='word_1_818' title='bbox 309 5531 410 5588; x_wconf 85' lang='grc' dir='ltr'>Καὶ</span> <span class='ocrx_word' id='word_1_819' title='bbox 439 5531 557 5593; x_wconf 83' lang='grc' dir='ltr'>τάς.</span> <span class='ocrx_word' id='word_1_820' title='bbox 591 5533 694 5588; x_wconf 88' lang='lat' dir='ltr'>Hic</span> <span class='ocrx_word' id='word_1_821' title='bbox 726 5531 1013 5605; x_wconf 86' lang='lat' dir='ltr'>scriptum</span> <span class='ocrx_word' id='word_1_822' title='bbox 1042 5535 1181 5605; x_wconf 68' lang='lat' dir='ltr'>erat</span> <span class='ocrx_word' id='word_1_823' title='bbox 1196 5527 1471 5605; x_wconf 25' lang='lat' dir='ltr'>vgi,_utiin</span> <span class='ocrx_word' id='word_1_824' title='bbox 1532 5547 1792 5605; x_wconf 85' lang='lat' dir='ltr'>sequen-</span> 
     </span>
    </p>
   </div>
   <div class='ocr_carea' id='block_1_110' title="bbox 110 5602 1793 5676">
    <p class='ocr_par' dir='ltr' id='par_1_110' title="bbox 110 5602 1793 5676">
     <span class='ocr_line' id='line_1_113' title="bbox 110 5602 1793 5676; baseline -0.002 -15"><span class='ocrx_word' id='word_1_825' title='bbox 110 5602 311 5675; x_wconf 83' lang='lat' dir='ltr'>tibus,</span> <span class='ocrx_word' id='word_1_826' title='bbox 342 5606 536 5662; x_wconf 86' lang='lat' dir='ltr'>visum</span> <span class='ocrx_word' id='word_1_827' title='bbox 561 5610 652 5661; x_wconf 90' lang='lat' dir='ltr'>est</span> <span class='ocrx_word' id='word_1_828' title='bbox 667 5602 891 5676; x_wconf 67' lang='lat' dir='ltr'>ponere</span> <span class='ocrx_word' id='word_1_829' title='bbox 911 5602 1031 5676; x_wconf 73' lang='grc' dir='ltr'>τᾷίς,</span> <span class='ocrx_word' id='word_1_830' title='bbox 1057 5619 1126 5657; x_wconf 80' lang='lat' dir='ltr'>ex</span> <span class='ocrx_word' id='word_1_831' title='bbox 1141 5602 1347 5676; x_wconf 60' lang='lat' dir='ltr'>Coisl.,</span> <span class='ocrx_word' id='word_1_832' title='bbox 1371 5602 1793 5673; x_wconf 72' lang='lat' dir='ltr'>Roe,Casaub.,</span> 
     </span>
    </p>
   </div>
   <div class='ocr_carea' id='block_1_111' title="bbox 107 5673 1795 5751">
    <p class='ocr_par' dir='ltr' id='par_1_111' title="bbox 107 5673 1795 5751">
     <span class='ocr_line' id='line_1_114' title="bbox 107 5673 1795 5751; baseline -0.002 -15"><span class='ocrx_word' id='word_1_833' title='bbox 107 5673 377 5751; x_wconf 83' lang='lat' dir='ltr'>propter</span> <span class='ocrx_word' id='word_1_834' title='bbox 391 5673 790 5751; x_wconf 43' lang='lat' dir='ltr'>superiqsﬁigc</span> <span class='ocrx_word' id='word_1_835' title='bbox 815 5674 866 5730; x_wconf 79' lang='grc' dir='ltr'>ἐν</span> <span class='ocrx_word' id='word_1_836' title='bbox 887 5673 1339 5751; x_wconf 64' lang='grc' dir='ltr'>Κύπρῳοάθίηᾴο</span> <span class='ocrx_word' id='word_1_837' title='bbox 1352 5679 1580 5751; x_wconf 80' lang='lat' dir='ltr'>mutata</span> <span class='ocrx_word' id='word_1_838' title='bbox 1592 5676 1795 5751; x_wconf 81' lang='lat' dir='ltr'>phrasi</span> 
     </span>
    </p>
   </div>
   <div class='ocr_carea' id='block_1_112' title="bbox 105 5743 1796 5818">
    <p class='ocr_par' dir='ltr' id='par_1_112' title="bbox 105 5743 1796 5818">
     <span class='ocr_line' id='line_1_115' title="bbox 105 5743 1796 5818; baseline 0 -11"><span class='ocrx_word' id='word_1_839' title='bbox 105 5743 338 5810; x_wconf 69' lang='lat' dir='ltr'>Scribit</span> <span class='ocrx_word' id='word_1_840' title='bbox 359 5743 591 5818; x_wconf 70' lang='lat' dir='ltr'>auctor,</span> <span class='ocrx_word' id='word_1_841' title='bbox 609 5746 644 5817; x_wconf 73' lang='grc' dir='ltr'>ἢ</span> <span class='ocrx_word' id='word_1_842' title='bbox 662 5743 793 5802; x_wconf 82' lang='grc' dir='ltr'>τᾶέν</span> <span class='ocrx_word' id='word_1_843' title='bbox 809 5743 918 5803; x_wconf 83' lang='grc' dir='ltr'>Φιλ</span> <span class='ocrx_word' id='word_1_844' title='bbox 930 5743 1522 5817; x_wconf 70' lang='grc' dir='ltr'>ίπτιοις,θιο.01)εθτνει</span> <span class='ocrx_word' id='word_1_845' title='bbox 1545 5743 1796 5807; x_wconf 79' lang='lat' dir='ltr'>inferius</span> 
     </span>
    </p>
   </div>
   <div class='ocr_carea' id='block_1_113' title="bbox 460 5874 1207 5942">
    <p class='ocr_par' dir='ltr' id='par_1_113' title="bbox 460 5874 1207 5942">
     <span class='ocr_line' id='line_1_116' title="bbox 460 5874 1207 5942; baseline -0.007 0"><span class='ocrx_word' id='word_1_846' title='bbox 460 5880 729 5942; x_wconf 75' lang='grc' dir='ltr'>ΡΑτιοι..</span> <span class='ocrx_word' id='word_1_847' title='bbox 771 5878 889 5942; x_wconf 74' lang='lat' dir='ltr'>Gn.</span> <span class='ocrx_word' id='word_1_848' title='bbox 933 5874 1207 5939; x_wconf 83' lang='lat' dir='ltr'><strong>XXXIII.</strong></span> 
     </span>
    </p>
   </div>
   <div class='ocr_carea' id='block_1_114' title="bbox 1886 4525 3545 4601">
    <p class='ocr_par' dir='ltr' id='par_1_114' title="bbox 1886 4525 3545 4601">
     <span class='ocr_line' id='line_1_117' title="bbox 1886 4525 3545 4601; baseline -0.001 -18"><span class='ocrx_word' id='word_1_849' title='bbox 1886 4525 2064 4599; x_wconf 82' lang='lat' dir='ltr'>gitur,</span> <span class='ocrx_word' id='word_1_850' title='bbox 2087 4528 2178 4582; x_wconf 88' lang='grc' dir='ltr'>τὸν</span> <span class='ocrx_word' id='word_1_851' title='bbox 2213 4525 2411 4601; x_wconf 87' lang='grc' dir='ltr'>δεσμόν</span> <span class='ocrx_word' id='word_1_852' title='bbox 2440 4545 2573 4600; x_wconf 70' lang='grc' dir='ltr'>(Ῑιιω</span> <span class='ocrx_word' id='word_1_853' title='bbox 2592 4547 2699 4585; x_wconf 84' lang='lat' dir='ltr'>vox</span> <span class='ocrx_word' id='word_1_854' title='bbox 2739 4525 2875 4586; x_wconf 84' lang='lat' dir='ltr'>cum</span> <span class='ocrx_word' id='word_1_855' title='bbox 2915 4530 3223 4585; x_wconf 87' lang='lat' dir='ltr'>omittatur</span> <span class='ocrx_word' id='word_1_856' title='bbox 3253 4528 3324 4584; x_wconf 88' lang='lat' dir='ltr'>ab</span> <span class='ocrx_word' id='word_1_857' title='bbox 3347 4525 3545 4601; x_wconf 81' lang='lat' dir='ltr'>Ottob.</span> 
     </span>
    </p>
   </div>
   <div class='ocr_carea' id='block_1_115' title="bbox 1887 4600 3547 4673">
    <p class='ocr_par' dir='ltr' id='par_1_115' title="bbox 1887 4600 3547 4673">
     <span class='ocr_line' id='line_1_118' title="bbox 1887 4600 3547 4673; baseline -0.001 -18"><span class='ocrx_word' id='word_1_858' title='bbox 1887 4605 1921 4655; x_wconf 82' lang='lat'><strong>2</strong></span> <span class='ocrx_word' id='word_1_859' title='bbox 1943 4600 2321 4665; x_wconf 82' lang='lat' dir='ltr'>etGrodecio,</span> <span class='ocrx_word' id='word_1_860' title='bbox 2346 4618 2457 4657; x_wconf 89' lang='lat' dir='ltr'>nec</span> <span class='ocrx_word' id='word_1_861' title='bbox 2481 4602 2669 4673; x_wconf 88' lang='lat' dir='ltr'>possit</span> <span class='ocrx_word' id='word_1_862' title='bbox 2699 4620 2834 4658; x_wconf 91' lang='lat' dir='ltr'>cum</span> <span class='ocrx_word' id='word_1_863' title='bbox 2852 4602 3103 4673; x_wconf 85' lang='lat' dir='ltr'>reliquis</span> <span class='ocrx_word' id='word_1_864' title='bbox 3121 4600 3547 4673; x_wconf 80' lang='lat' dir='ltr'>construi,eam</span> 
     </span>
    </p>
   </div>
   <div class='ocr_carea' id='block_1_116' title="bbox 1891 4670 3552 4745">
    <p class='ocr_par' dir='ltr' id='par_1_116' title="bbox 1891 4670 3552 4745">
     <span class='ocr_line' id='line_1_119' title="bbox 1891 4670 3552 4745; baseline -0.003 -17"><span class='ocrx_word' id='word_1_865' title='bbox 1891 4673 2238 4745; x_wconf 72' lang='lat' dir='ltr'>delevimus.</span> <span class='ocrx_word' id='word_1_866' title='bbox 2266 4676 2331 4729; x_wconf 93' lang='lat' dir='ltr'><strong>In</strong></span> <span class='ocrx_word' id='word_1_867' title='bbox 2353 4670 2531 4745; x_wconf 70' lang='lat' dir='ltr'>Goisl.</span> <span class='ocrx_word' id='word_1_868' title='bbox 2558 4674 2920 4745; x_wconf 84' lang='lat' dir='ltr'>codice,loco</span> <span class='ocrx_word' id='word_1_869' title='bbox 2943 4670 3077 4745; x_wconf 75' lang='grc' dir='ltr'>μέτὰ</span> <span class='ocrx_word' id='word_1_870' title='bbox 3098 4670 3343 4745; x_wconf 83' lang='grc' dir='ltr'>σεισμόν,</span> <span class='ocrx_word' id='word_1_871' title='bbox 3371 4670 3552 4745; x_wconf 78' lang='lat' dir='ltr'>habe-</span> 
     </span>
    </p>
   </div>
   <div class='ocr_carea' id='block_1_117' title="bbox 1892 4738 3546 4816">
    <p class='ocr_par' dir='ltr' id='par_1_117' title="bbox 1892 4738 3546 4816">
     <span class='ocr_line' id='line_1_120' title="bbox 1892 4738 3546 4816; baseline -0.002 -16"><span class='ocrx_word' id='word_1_872' title='bbox 1892 4751 1989 4800; x_wconf 89' lang='lat' dir='ltr'>tur</span> <span class='ocrx_word' id='word_1_873' title='bbox 2022 4738 2333 4814; x_wconf 71' lang='grc' dir='ltr'>μεταϐολὴν</span> <span class='ocrx_word' id='word_1_874' title='bbox 2366 4744 2458 4816; x_wconf 77' lang='grc' dir='ltr'>τὸν</span> <span class='ocrx_word' id='word_1_875' title='bbox 2494 4740 2715 4816; x_wconf 86' lang='grc' dir='ltr'>δεσμόν.</span> <span class='ocrx_word' id='word_1_876' title='bbox 2750 4738 2869 4802; x_wconf 86' lang='lat' dir='ltr'>Roe</span> <span class='ocrx_word' id='word_1_877' title='bbox 2916 4738 3053 4801; x_wconf 80' lang='lat' dir='ltr'>vero</span> <span class='ocrx_word' id='word_1_878' title='bbox 3108 4749 3168 4816; x_wconf 79' lang='lat' dir='ltr'>et</span> <span class='ocrx_word' id='word_1_879' title='bbox 3213 4738 3546 4816; x_wconf 60' lang='lat' dir='ltr'>Casaubon.</span> 
     </span>
    </p>
   </div>
   <div class='ocr_carea' id='block_1_118' title="bbox 1891 4810 3554 4887">
    <p class='ocr_par' dir='ltr' id='par_1_118' title="bbox 1891 4810 3554 4887">
     <span class='ocr_line' id='line_1_121' title="bbox 1891 4810 3554 4887; baseline -0.003 -15"><span class='ocrx_word' id='word_1_880' title='bbox 1891 4810 2176 4872; x_wconf 85' lang='lat' dir='ltr'>omittuut</span> <span class='ocrx_word' id='word_1_881' title='bbox 2209 4810 2455 4887; x_wconf 74' lang='grc' dir='ltr'>σεισμόν,</span> <span class='ocrx_word' id='word_1_882' title='bbox 2490 4821 2549 4872; x_wconf 92' lang='lat' dir='ltr'>et</span> <span class='ocrx_word' id='word_1_883' title='bbox 2576 4810 2708 4887; x_wconf 79' lang='lat' dir='ltr'>ejus</span> <span class='ocrx_word' id='word_1_884' title='bbox 2736 4817 2896 4872; x_wconf 89' lang='lat' dir='ltr'>vocis</span> <span class='ocrx_word' id='word_1_885' title='bbox 2924 4816 3054 4871; x_wconf 93' lang='lat' dir='ltr'>loco</span> <span class='ocrx_word' id='word_1_886' title='bbox 3084 4814 3176 4868; x_wconf 89' lang='grc' dir='ltr'>τὸν</span> <span class='ocrx_word' id='word_1_887' title='bbox 3209 4810 3408 4884; x_wconf 85' lang='grc' dir='ltr'>δεσμόν</span> <span class='ocrx_word' id='word_1_888' title='bbox 3443 4814 3554 4867; x_wconf 90' lang='lat' dir='ltr'>ha-</span> 
     </span>
    </p>
   </div>
   <div class='ocr_carea' id='block_1_119' title="bbox 1893 4888 3553 4952">
    <p class='ocr_par' dir='ltr' id='par_1_119' title="bbox 1893 4888 3553 4952">
     <span class='ocr_line' id='line_1_122' title="bbox 1893 4888 3553 4952; baseline -0.004 -8"><span class='ocrx_word' id='word_1_889' title='bbox 1893 4889 2353 4945; x_wconf 90' lang='lat' dir='ltr'>bent.Fortassis</span> <span class='ocrx_word' id='word_1_890' title='bbox 2365 4906 2465 4945; x_wconf 87' lang='lat' dir='ltr'>eas</span> <span class='ocrx_word' id='word_1_891' title='bbox 2477 4904 2686 4944; x_wconf 89' lang='lat' dir='ltr'>omnes</span> <span class='ocrx_word' id='word_1_892' title='bbox 2699 4888 3213 4952; x_wconf 88' lang='lat' dir='ltr'>variaslectiones,</span> <span class='ocrx_word' id='word_1_893' title='bbox 3229 4902 3364 4940; x_wconf 91' lang='lat' dir='ltr'>cum</span> <span class='ocrx_word' id='word_1_894' title='bbox 3396 4900 3553 4939; x_wconf 87' lang='lat' dir='ltr'>non—</span> 
     </span>
    </p>
   </div>
   <div class='ocr_carea' id='block_1_120' title="bbox 1895 4956 3553 5033">
    <p class='ocr_par' dir='ltr' id='par_1_120' title="bbox 1895 4956 3553 5033">
     <span class='ocr_line' id='line_1_123' title="bbox 1895 4956 3553 5033; baseline -0.004 -18"><span class='ocrx_word' id='word_1_895' title='bbox 1895 4961 2066 5017; x_wconf 90' lang='lat' dir='ltr'>nulla</span> <span class='ocrx_word' id='word_1_896' title='bbox 2095 4962 2447 5033; x_wconf 75' lang='lat' dir='ltr'>mutatione,</span> <span class='ocrx_word' id='word_1_897' title='bbox 2480 4958 2838 5033; x_wconf 86' lang='lat' dir='ltr'>colligendo,</span> <span class='ocrx_word' id='word_1_898' title='bbox 2872 4960 2960 5033; x_wconf 81' lang='lat' dir='ltr'>sic</span> <span class='ocrx_word' id='word_1_899' title='bbox 3008 4957 3338 5033; x_wconf 63' lang='lat' dir='ltr'>informari</span> <span class='ocrx_word' id='word_1_900' title='bbox 3363 4956 3553 5033; x_wconf 71' lang='lat' dir='ltr'>possit</span> 
     </span>
    </p>
   </div>
   <div class='ocr_carea' id='block_1_121' title="bbox 1894 5022 3551 5104">
    <p class='ocr_par' dir='ltr' id='par_1_121' title="bbox 1894 5022 3551 5104">
     <span class='ocr_line' id='line_1_124' title="bbox 1894 5022 3551 5104; baseline -0.006 -16"><span class='ocrx_word' id='word_1_901' title='bbox 1894 5038 2091 5104; x_wconf 75' lang='lat' dir='ltr'>textus</span> <span class='ocrx_word' id='word_1_902' title='bbox 2120 5050 2132 5088; x_wconf 91' lang='lat'>:</span> <span class='ocrx_word' id='word_1_903' title='bbox 2164 5032 2262 5099; x_wconf 79' lang='grc' dir='ltr'>τὴν</span> <span class='ocrx_word' id='word_1_904' title='bbox 2298 5030 2349 5104; x_wconf 76' lang='grc' dir='ltr'>ἐν</span> <span class='ocrx_word' id='word_1_905' title='bbox 2380 5022 2558 5104; x_wconf 64' lang='grc' dir='ltr'>νυκτὶ,</span> <span class='ocrx_word' id='word_1_906' title='bbox 2594 5022 2728 5103; x_wconf 66' lang='grc' dir='ltr'>μῖτά</span> <span class='ocrx_word' id='word_1_907' title='bbox 2780 5022 3027 5104; x_wconf 79' lang='grc' dir='ltr'>σεισμὸν,</span> <span class='ocrx_word' id='word_1_908' title='bbox 3064 5022 3381 5103; x_wconf 72' lang='grc' dir='ltr'>μεταϐολὴν</span> <span class='ocrx_word' id='word_1_909' title='bbox 3441 5030 3551 5079; x_wconf 86' lang='grc' dir='ltr'>τῶν</span> 
     </span>
    </p>
   </div>
   <div class='ocr_carea' id='block_1_122' title="bbox 1896 5100 3555 5181">
    <p class='ocr_par' dir='ltr' id='par_1_122' title="bbox 1896 5100 3555 5181">
     <span class='ocr_line' id='line_1_125' title="bbox 1896 5100 3555 5181; baseline -0.002 -24"><span class='ocrx_word' id='word_1_910' title='bbox 1896 5100 2134 5176; x_wconf 82' lang='grc' dir='ltr'>δεσμῶν,</span> <span class='ocrx_word' id='word_1_911' title='bbox 2168 5107 2266 5157; x_wconf 87' lang='grc' dir='ltr'>τοῦ</span> <span class='ocrx_word' id='word_1_912' title='bbox 2296 5100 2737 5181; x_wconf 73' lang='grc' dir='ltr'>δεσμοφύλακας,</span> <span class='ocrx_word' id='word_1_913' title='bbox 2771 5110 2884 5161; x_wconf 89' lang='lat' dir='ltr'>etc.</span> <span class='ocrx_word' id='word_1_914' title='bbox 2904 5100 3118 5181; x_wconf 66' lang='lat' dir='ltr'>factum</span> <span class='ocrx_word' id='word_1_915' title='bbox 3140 5104 3197 5157; x_wconf 81' lang='lat' dir='ltr'>in</span> <span class='ocrx_word' id='word_1_916' title='bbox 3226 5106 3406 5181; x_wconf 46' lang='lat' dir='ltr'>nocte,</span> <span class='ocrx_word' id='word_1_917' title='bbox 3424 5104 3555 5181; x_wconf 72' lang='lat' dir='ltr'>post</span> 
     </span>
    </p>
   </div>
   <div class='ocr_carea' id='block_1_123' title="bbox 1898 5173 3556 5244">
    <p class='ocr_par' dir='ltr' id='par_1_123' title="bbox 1898 5173 3556 5244">
     <span class='ocr_line' id='line_1_126' title="bbox 1898 5173 3556 5244; baseline -0.004 -13"><span class='ocrx_word' id='word_1_918' title='bbox 1898 5173 2056 5233; x_wconf 65' lang='lat' dir='ltr'>tei&#39;rae</span> <span class='ocrx_word' id='word_1_919' title='bbox 2084 5183 2311 5244; x_wconf 86' lang='lat' dir='ltr'>motum,</span> <span class='ocrx_word' id='word_1_920' title='bbox 2366 5173 2713 5233; x_wconf 74' lang='lat' dir='ltr'>vinculorum</span> <span class='ocrx_word' id='word_1_921' title='bbox 2769 5176 3149 5236; x_wconf 81' lang='lat' dir='ltr'>mutationem,</span> <span class='ocrx_word' id='word_1_922' title='bbox 3194 5178 3304 5244; x_wconf 65' lang='lat' dir='ltr'>etc.</span> <span class='ocrx_word' id='word_1_923' title='bbox 3354 5173 3556 5244; x_wconf 76' lang='lat' dir='ltr'>Respi-</span> 
     </span>
    </p>
   </div>
   <div class='ocr_carea' id='block_1_124' title="bbox 1897 5240 3560 5314">
    <p class='ocr_par' dir='ltr' id='par_1_124' title="bbox 1897 5240 3560 5314">
     <span class='ocr_line' id='line_1_127' title="bbox 1897 5240 3560 5314; baseline -0.005 -10"><span class='ocrx_word' id='word_1_924' title='bbox 1897 5248 2108 5304; x_wconf 87' lang='lat' dir='ltr'>ciendo</span> <span class='ocrx_word' id='word_1_925' title='bbox 2141 5240 2425 5303; x_wconf 80' lang='lat' dir='ltr'>nimirum</span> <span class='ocrx_word' id='word_1_926' title='bbox 2459 5249 2534 5304; x_wconf 88' lang='lat' dir='ltr'>ad</span> <span class='ocrx_word' id='word_1_927' title='bbox 2563 5246 2715 5303; x_wconf 89' lang='lat' dir='ltr'>illud</span> <span class='ocrx_word' id='word_1_928' title='bbox 2742 5250 2871 5304; x_wconf 82' lang='lat' dir='ltr'>Act.</span> <span class='ocrx_word' id='word_1_929' title='bbox 2930 5263 3044 5314; x_wconf 79' lang='lat' dir='ltr'>xw,</span> <span class='ocrx_word' id='word_1_930' title='bbox 3092 5248 3183 5313; x_wconf 89' lang='grc'>26,</span> <span class='ocrx_word' id='word_1_931' title='bbox 3224 5240 3439 5297; x_wconf 82' lang='grc' dir='ltr'>πάντων</span> <span class='ocrx_word' id='word_1_932' title='bbox 3473 5240 3560 5296; x_wconf 71' lang='grc' dir='ltr'>’τὰ</span> 
     </span>
    </p>
   </div>
   <div class='ocr_carea' id='block_1_125' title="bbox 1899 5317 3225 5391">
    <p class='ocr_par' dir='ltr' id='par_1_125' title="bbox 1899 5317 3225 5391">
     <span class='ocr_line' id='line_1_128' title="bbox 1899 5317 3225 5391; baseline -0.001 -18"><span class='ocrx_word' id='word_1_933' title='bbox 1899 5317 2073 5391; x_wconf 83' lang='grc' dir='ltr'>δεσμά</span> <span class='ocrx_word' id='word_1_934' title='bbox 2106 5320 2295 5391; x_wconf 50' lang='lat' dir='ltr'>inter),</span> <span class='ocrx_word' id='word_1_935' title='bbox 2327 5323 2573 5376; x_wconf 81' lang='lat' dir='ltr'>omnium</span> <span class='ocrx_word' id='word_1_936' title='bbox 2601 5319 2824 5391; x_wconf 65' lang='lat' dir='ltr'>vincula</span> <span class='ocrx_word' id='word_1_937' title='bbox 2854 5319 3061 5391; x_wconf 16' lang='lat' dir='ltr'>laxata»</span> <span class='ocrx_word' id='word_1_938' title='bbox 3077 5323 3225 5373; x_wconf 84' lang='lat' dir='ltr'>sunt.</span> 
     </span>
    </p>
   </div>
   <div class='ocr_carea' id='block_1_126' title="bbox 1972 5388 3562 5463">
    <p class='ocr_par' dir='ltr' id='par_1_126' title="bbox 1972 5388 3562 5463">
     <span class='ocr_line' id='line_1_129' title="bbox 1972 5388 3562 5463; baseline -0.004 -16"><span class='ocrx_word' id='word_1_939' title='bbox 1972 5388 2045 5463; x_wconf 83' lang='lat'>(6)</span> <span class='ocrx_word' id='word_1_940' title='bbox 2079 5389 2180 5447; x_wconf 77' lang='grc' dir='ltr'>Καὶ</span> <span class='ocrx_word' id='word_1_941' title='bbox 2205 5392 2328 5461; x_wconf 76' lang='grc' dir='ltr'>τήν.</span> <span class='ocrx_word' id='word_1_942' title='bbox 2363 5392 2508 5446; x_wconf 91' lang='lat' dir='ltr'>Cum</span> <span class='ocrx_word' id='word_1_943' title='bbox 2540 5396 2698 5448; x_wconf 89' lang='lat' dir='ltr'>esset</span> <span class='ocrx_word' id='word_1_944' title='bbox 2724 5388 2791 5444; x_wconf 86' lang='grc' dir='ltr'>τά</span> <span class='ocrx_word' id='word_1_945' title='bbox 2819 5392 2882 5445; x_wconf 90' lang='lat' dir='ltr'>in</span> <span class='ocrx_word' id='word_1_946' title='bbox 2922 5389 3099 5463; x_wconf 86' lang='lat' dir='ltr'>editis</span> <span class='ocrx_word' id='word_1_947' title='bbox 3157 5393 3368 5463; x_wconf 75' lang='lat' dir='ltr'>contra</span> <span class='ocrx_word' id='word_1_948' title='bbox 3418 5403 3562 5463; x_wconf 81' lang='lat' dir='ltr'>syn-</span> 
     </span>
    </p>
   </div>
   <div class='ocr_carea' id='block_1_127' title="bbox 1902 5458 3493 5541">
    <p class='ocr_par' dir='ltr' id='par_1_127' title="bbox 1902 5458 3493 5541">
     <span class='ocr_line' id='line_1_130' title="bbox 1902 5458 3493 5541; baseline -0.004 -21"><span class='ocrx_word' id='word_1_949' title='bbox 1902 5458 2106 5541; x_wconf 60' lang='lat' dir='ltr'>taxim,</span> <span class='ocrx_word' id='word_1_950' title='bbox 2138 5458 2540 5541; x_wconf 60' lang='lat' dir='ltr'>reposuimus,</span> <span class='ocrx_word' id='word_1_951' title='bbox 2569 5463 2695 5541; x_wconf 65' lang='grc' dir='ltr'>τήν,</span> <span class='ocrx_word' id='word_1_952' title='bbox 2727 5479 2799 5541; x_wconf 61' lang='lat' dir='ltr'>ei:</span> <span class='ocrx_word' id='word_1_953' title='bbox 2829 5462 3032 5541; x_wconf 66' lang='lat' dir='ltr'>Coisl.,</span> <span class='ocrx_word' id='word_1_954' title='bbox 3062 5464 3211 5541; x_wconf 27' lang='lat' dir='ltr'>Hoe,‘</span> <span class='ocrx_word' id='word_1_955' title='bbox 3238 5458 3493 5541; x_wconf 68' lang='lat' dir='ltr'>Casaub.</span> 
     </span>
    </p>
   </div>
   <div class='ocr_carea' id='block_1_128' title="bbox 1970 5530 3557 5607">
    <p class='ocr_par' dir='ltr' id='par_1_128' title="bbox 1970 5530 3557 5607">
     <span class='ocr_line' id='line_1_131' title="bbox 1970 5530 3557 5607; baseline -0.004 -18"><span class='ocrx_word' id='word_1_956' title='bbox 1970 5537 2046 5607; x_wconf 78' lang='lat'>(7)</span> <span class='ocrx_word' id='word_1_957' title='bbox 2076 5530 2304 5599; x_wconf 84' lang='grc' dir='ltr'>Αὐτόθι.</span> <span class='ocrx_word' id='word_1_958' title='bbox 2338 5538 2457 5591; x_wconf 83' lang='lat' dir='ltr'>Roe</span> <span class='ocrx_word' id='word_1_959' title='bbox 2483 5530 2543 5592; x_wconf 83' lang='lat' dir='ltr'>et</span> <span class='ocrx_word' id='word_1_960' title='bbox 2570 5530 2842 5600; x_wconf 77' lang='lat' dir='ltr'>casaub.,</span> <span class='ocrx_word' id='word_1_961' title='bbox 2876 5531 3123 5607; x_wconf 61' lang='lat' dir='ltr'>adtdgev.</span> <span class='ocrx_word' id='word_1_962' title='bbox 3182 5534 3265 5607; x_wconf 63' lang='lat' dir='ltr'>At</span> <span class='ocrx_word' id='word_1_963' title='bbox 3307 5530 3557 5607; x_wconf 67' lang='lat' dir='ltr'>inferius</span> 
     </span>
    </p>
   </div>
   <div class='ocr_carea' id='block_1_129' title="bbox 1904 5600 3558 5678">
    <p class='ocr_par' dir='ltr' id='par_1_129' title="bbox 1904 5600 3558 5678">
     <span class='ocr_line' id='line_1_132' title="bbox 1904 5600 3558 5678; baseline -0.005 -15"><span class='ocrx_word' id='word_1_964' title='bbox 1904 5600 2107 5675; x_wconf 83' lang='lat' dir='ltr'>etiam,</span> <span class='ocrx_word' id='word_1_965' title='bbox 2137 5625 2198 5678; x_wconf 85' lang='lat' dir='ltr'>n.</span> <span class='ocrx_word' id='word_1_966' title='bbox 2232 5610 2320 5677; x_wconf 87' lang='grc'>31,</span> <span class='ocrx_word' id='word_1_967' title='bbox 2362 5608 2571 5663; x_wconf 91' lang='lat' dir='ltr'>scribit</span> <span class='ocrx_word' id='word_1_968' title='bbox 2620 5612 2849 5677; x_wconf 88' lang='lat' dir='ltr'>auctor,</span> <span class='ocrx_word' id='word_1_969' title='bbox 2907 5603 3155 5667; x_wconf 86' lang='grc' dir='ltr'>πολλοὺς</span> <span class='ocrx_word' id='word_1_970' title='bbox 3213 5602 3307 5678; x_wconf 72' lang='grc' dir='ltr'>μὶν</span> <span class='ocrx_word' id='word_1_971' title='bbox 3369 5600 3558 5657; x_wconf 80' lang='grc' dir='ltr'>αὐτόθι</span> 
     </span>
    </p>
   </div>
   <div class='ocr_carea' id='block_1_130' title="bbox 1902 5675 2343 5736">
    <p class='ocr_par' dir='ltr' id='par_1_130' title="bbox 1902 5675 2343 5736">
     <span class='ocr_line' id='line_1_133' title="bbox 1902 5675 2343 5736; baseline 0.009 -4"><span class='ocrx_word' id='word_1_972' title='bbox 1902 5682 2011 5734; x_wconf 85' lang='grc' dir='ltr'>τῶν</span> <span class='ocrx_word' id='word_1_973' title='bbox 2037 5675 2343 5736; x_wconf 82' lang='grc' dir='ltr'>Ἰουδαίων.</span> 
     </span>
    </p>
   </div>
   <div class='ocr_carea' id='block_1_131' title="bbox 3136 5875 3286 5937">
    <p class='ocr_par' dir='ltr' id='par_1_131' title="bbox 3136 5875 3286 5937">
     <span class='ocr_line' id='line_1_134' title="bbox 3136 5875 3286 5937; baseline 0 0"><span class='ocrx_word' id='word_1_974' title='bbox 3136 5906 3139 5911; x_wconf 83' lang='grc'><strong>-</strong></span> <span class='ocrx_word' id='word_1_975' title='bbox 3207 5875 3286 5937; x_wconf 74' lang='grc'>32</span> 
     </span>
    </p>
   </div>
  </div>
