3932 6378
207 386 362 450 1005

1066 390 1546 455 CATECHESIS
1590 392 1780 455 XVII.
1827 392 1931 452 DE
1975 389 2298 454 SPIRITU
2345 391 2653 453 SANCTO
2699 395 2783 454 II.

3472 395 3630 458 1006

210 521 516 599 Ἀγρίππαν
575 523 768 581 εἴπεῖψ
830 527 917 583 Ἐν
973 525 1148 602 ὀλίγῳ
1212 546 1280 599 με
1334 525 1537 591 πείθεις
1596 531 1887 601 Χριστιαε

2056 543 2099 582 lS
2131 525 2384 598 Spiritus
2416 527 2600 582 Paulo
2632 527 2930 599 praestitit,
2954 532 3022 583 ut
3044 533 3102 584 et
3127 527 3190 584 in
3212 528 3504 585 Melitensi
3533 530 3638 587 in—

200 614 290 668 νὸν
347 615 618 689 γενέσθαι.
677 617 854 672 Τοῦτο
911 616 973 670 τὸ
1032 617 1190 690 ἅγιον
1250 620 1477 689 Πνεῦμα
1536 619 1618 688 τῷ
1667 613 1873 688 Παύλῳ

204 704 448 780 παρέσχε
479 705 570 759 καὶ
605 704 660 758 ἐν
721 703 934 780 Μελίτῃ
985 708 1054 778 τῇ
1107 707 1282 778 νήσῳ,
1339 703 1600 780 δηχθέντι
1638 705 1732 777 μὲν
1771 703 1874 758 ὑπὸ

210 799 312 862 τῆς
347 790 596 867 ἐχίδνης,
638 795 702 850 τὸ
732 789 971 857 ἀϐλαϐὲς
1021 789 1170 870 ἔχειν
1221 798 1316 869 (1),
1371 792 1664 871 διαφόρους
1701 792 1757 848 δὲ
1787 793 1874 848 ἐπὶ

217 888 323 938 τῶν
401 883 706 939 νοσούντων
786 883 1094 940 ἐπιτελέσαι
1167 884 1262 947 τὰς
1336 885 1644 959 θεραπείας.
1704 879 1874 939 Τοῦτο

213 973 278 1028 τὸ
309 975 527 1046 Πνεῦμα
558 973 622 1028 τὸ
649 974 806 1050 ἅγιον
832 973 922 1028 καὶ
957 975 1126 1050 μέχρι
1177 981 1279 1044 τῆς
1332 971 1619 1049 βασιλίδος
1651 974 1878 1046 Ῥώμης

209 1063 373 1117 αὐτὸν
405 1065 624 1138 κήρυκα
682 1065 940 1138 Χριστοῦ,
997 1065 1090 1119 τόν
1149 1085 1282 1119 ποτε
1340 1061 1602 1134 διώκτην,
1651 1060 1877 1139 ὡδήγη-

209 1173 294 1206 σεν
343 1158 440 1226 (2)·
504 1153 567 1215 ὃς
623 1151 873 1216 πολλοὺς
932 1155 1028 1226 μὲν
1087 1155 1276 1209 αὐτόθι
1334 1158 1440 1208 τῶν
1469 1150 1752 1210 Ἰουδαίων
1784 1173 1876 1206 πι-

205 1241 413 1296 στεύειν
448 1240 527 1303 εἷς
558 1241 795 1316 Χριστὸν
829 1240 1029 1312 ἔπειθε,
1061 1247 1180 1305 τοῖς
1235 1239 1292 1297 δὲ
1340 1241 1711 1318 ἀντιλέγουσιν
1745 1239 1876 1297 ἕλε-

206 1347 272 1403 γε
327 1336 532 1409 σαφῶς⁶
594 1330 794 1395 Καλῶς
849 1333 912 1387 τὸ
1006 1335 1226 1406 Πνεῦμα
1281 1332 1342 1387 τὸ
1425 1332 1576 1408 ἅγιον
1633 1330 1880 1402 ἐλάλησα

212 1419 301 1476 διὰ
351 1418 576 1478 Ἡσαΐου
663 1425 760 1476 τοῦ
847 1423 1163 1499 προφήτου,
1238 1421 1501 1496 λὲγοντος
1553 1423 1692 1496 πρὸς
1745 1425 1878 1488 τοὺς

212 1511 450 1584 πατέρας
487 1510 667 1583 ὑμῶν,
701 1511 791 1566 καὶ
817 1513 887 1566 τὰ
916 1511 1062 1582 ἑξῆς.

292 1602 406 1662 AB'.
441 1600 564 1659 ’Ὁτι
600 1621 661 1675 γε
723 1599 1037 1674 Πνεύματος
1098 1599 1255 1675 αγίου
1304 1600 1529 1676 πλήρης
1562 1605 1630 1673 ἢν
1674 1603 1702 1658 ὁ
1735 1607 1880 1659 Ηαῦ-

229 1689 344 1759 λος,
375 1689 459 1744 καὶ
497 1688 550 1748 οἱ
578 1689 760 1763 τούτῳ
793 1690 1180 1766 παραπλήσιοι
1211 1692 1407 1755 πάντες
1439 1693 1765 1765 ἀπόστολοι,
1789 1693 1878 1747 καὶ

231 1779 281 1834 οἱ
335 1781 447 1852 μετ’
504 1779 708 1842 αὐτοὺς
766 1782 844 1853 (3)
905 1779 982 1842 εἰς
1043 1781 1256 1855 Πατὲρα
1311 1781 1404 1836 καὶ
1449 1782 1570 1836 rte»
1602 1781 1692 1837 καὶ
1726 1783 1877 1857 ἅγιον

1987 616 2116 671 sula
2147 632 2181 670 a
2228 617 2432 687 vipera
2459 633 2692 672 morsus
2724 617 2879 671 nihil
2910 616 3248 684 laederetur,
3284 623 3341 673 et
3371 619 3633 678 diversas

1987 721 2125 777 erga
2183 711 2536 779 aegrotantes
2593 707 2932 762 curationes
3007 709 3325 779 perﬁceret
3349 709 3414 763 ⁸⁸.
3470 711 3632 766 Idem

1988 801 2227 850 sanctus
2255 795 2408 851 280
2435 796 2708 867 Spiritus,
2745 813 2881 851 eum
2925 797 3068 852 olim
3102 803 3545 869 persecutorem
3567 801 3640 866 ‘9,

1986 884 2210 956 regiam
2253 901 2442 955 usque
2501 886 2748 940 Romam
2802 903 3139 956 praeconem
3185 888 3502 958 perduxit:
3536 891 3640 961 qui

1987 973 2195 1028 multis
2241 973 2483 1045 quidem
2526 990 2596 1028 ex
2647 974 2997 1046 degentibus
3045 975 3170 1031 illic
3216 977 3433 1032 Iudaeis
3485 984 3550 1033 ut
3579 981 3642 1036 in

1987 1063 2285 1119 Christum
2332 1064 2663 1130 crederent,
2723 1065 3039 1135 persuasit,
3097 1067 3643 1125 contradicentibus

1986 1167 2122 1206 vero
2154 1151 2351 1223 palam
2385 1151 2637 1207 dicebat-
2671 1174 2700 1202 «
2735 1153 2889 1208 Bene
2922 1154 3175 1225 Spiritus
3205 1161 3446 1210 sanctus
3475 1156 3643 1212 locu-

1989 1263 2016 1291 «
2045 1246 2138 1296 tus
2166 1245 2255 1296 est
2283 1258 2390 1312 per
2419 1243 2634 1297 Isaiam
2688 1243 3065 1314 prophetam,
3100 1243 3398 1301 dicentem
3430 1246 3504 1301 ad
3535 1262 3638 1317 pa-

1990 1352 2017 1380 ‹‹
2051 1335 2171 1386 tres
2197 1336 2421 1386 vestros
2446 1330 2514 1399 5°,
2550 1352 2578 1380 ››
2610 1337 2720 1386 etc.

2061 1602 2292 1658 XXXII.
2321 1602 2485 1667 Quod
2517 1608 2716 1658 autem
2748 1607 2909 1658 esset
2938 1602 3158 1675 Spiritu
3191 1609 3396 1660 sancto
3427 1605 3644 1676 plenus

1991 1692 2234 1760 Paulus,
2253 1692 2464 1764 illique
2487 1692 2714 1747 similes
2738 1709 2946 1749 omnes
2970 1693 3246 1764 apostoli,
3266 1695 3490 1765 quique
3513 1699 3648 1765 post

1993 1799 2094 1837 eos
2146 1781 2208 1836 in
2267 1783 2525 1849 Patrem,
2581 1787 2640 1836 et
2696 1782 2930 1852 Filium,
2967 1787 3025 1837 et
3054 1783 3341 1855 Spiritum
3374 1789 3646 1840 sanctum

223 1872 441 1940 Πνεῦμα
485 1869 806 1942 [ὁμοούσιον
869 1871 970 1944 (4)]
1001 1871 1362 1936 πιστεύοντες,
1417 1872 1580 1926 ἄκουε
1611 1877 1796 1950 σαφῶς
1826 1873 1877 1927 ἐν

2056 1871 2611 1942 onsubstantialem]
2642 1873 2914 1940 credunt,
2949 1873 3085 1928 audi
3120 1874 3315 1945 ipsum
3347 1880 3551 1946 aperte
3584 1875 3644 1930 in

220 1964 341 2020 ταῖς
375 1958 695 2020 ἐπιστολαῖς
754 1958 921 2013 αὐτοῦ
978 1959 1300 2037 γράφοντοςσ
1353 1959 1454 2015 Καὶ
1495 1962 1523 2016 ὁ
1565 1960 1735 2036 λόγος
1769 1984 1880 2035 μου

217 2049 310 2102 καὶ
369 2048 434 2102 τὸ
494 2047 749 2123 κήρυγμά
811 2069 938 2121 μου,
1001 2050 1106 2104 οὐκ
1155 2047 1207 2104 ἐν
1273 2052 1486 2113 πειθοῖς
1543 2050 1732 2128 σοφίας
1787 2052 1883 2106 ἀν-

221 2138 505 2213 θρωπίνης
562 2142 637 2210 (ὅ)
713 2136 925 2212 λόγοις,
1004 2136 1131 2194 ἀλλ’
1189 2137 1242 2193 ἐν
1301 2137 1569 2212 ἀποδείξει
1629 2140 1880 2213 Πνεύμα-

220 2250 317 2290 τος
377 2226 469 2282 καὶ
527 2224 830 2300 δυνάμεως·
891 2227 981 2282 καὶ
1049 2227 1234 2283 πάλιν·
1317 2230 1374 2282 Ὁ
1430 2226 1488 2283 δὲ
1545 2231 1882 2306 σφαγισάμε-

223 2341 318 2383 νος
377 2322 528 2392 ἡμᾶς
587 2320 663 2381 είς
720 2318 850 2374 αὐτὸ
905 2322 1066 2374 τοῦτο
1127 2320 1280 2387 Θεὸς,
1339 2321 1367 2374 ὁ
1427 2318 1555 2384 δοὺς
1613 2324 1750 2394 ἡμῖν
1790 2321 1883 2377 τὸν

225 2404 522 2486 ἀρραϐῶνα
576 2413 672 2463 τοῦ
727 2408 1064 2482 Ηνεύματος·
1142 2411 1232 2464 καὶ
1310 2408 1499 2464 πάλιν’
1560 2411 1622 2469 Ὁ
1677 2409 1884 2486 ἐγείρας

223 2499 444 2567 Ἰησοῦν
523 2497 585 2554 ἐκ
657 2499 886 2572 νεκρῶν,
967 2501 1298 2570 ζωοποιήσει
1403 2499 1494 2554 καὶ
1577 2501 1646 2555 τὰ
1720 2500 1887 2571 Θνητᾶ

226 2589 384 2662 ὑμῶν
448 2589 697 2660 σώματα,
761 2585 852 2642 διὰ
925 2593 1024 2643 τοῦ
1093 2588 1438 2652 ἐνοικοῦντος
1497 2589 1661 2645 αὐτοῦ
1716 2589 1886 2645 Ilvati-

230 2698 408 2749 ματος
467 2676 518 2732 ἐν
581 2677 730 2751 ὑμῖν·
793 2677 884 2732 καὶ
945 2676 1110 2734 πάλιν
1171 2680 1307 2752 πρὸς
1336 2677 1605 2751 Τιμόθεον
1636 2678 1886 2757 γράφων

233 2768 354 2836 Τήν
431 2765 606 2836 καλὴν
684 2769 1144 2843 παρακαταθήκην
1240 2766 1475 2845 φύλαξον
1551 2767 1640 2824 διὰ
1718 2769 1889 2824 Πνεύ-

223 2877 403 2930 ματος
438 2856 593 2930 ἁγίου
623 2859 722 2910 τοῦ
750 2855 1003 2920 δοθέντος
1031 2859 1191 2929 ἡμῖν.

305 2947 426 3000 AI“.
484 2947 606 3003 ’Ὁτι
662 2943 719 3000 δὲ
769 2947 832 3001 τὸ
889 2950 1110 3020 Πνεῦμα
1164 2946 1226 3001 τὸ
1286 2949 1437 3023 ἅγιον
1494 2948 1761 3026 ὑφέστηκε
1793 2952 1889 3021 (6),

219 3035 319 3090 καὶ
379 3039 467 3108 ζῇ,
527 3036 618 3090 καὶ
676 3033 860 3106 λαλεῖ,
910 3037 1000 3090 καὶ
1063 3034 1344 3114 προλέγει,
1402 3036 1676 3100 πολλάκις
1712 3039 1805 3111 μὲν
1836 3037 1888 3093 ἐν

223 3130 350 3185 τοῖς
384 3122 685 3199 ἔμπροσθεν
744 3128 881 3197 ἡμῖν
940 3123 1174 3201 εἷ’ρηται·
1232 3129 1424 3204 γράφει
1457 3125 1515 3182 δὲ
1546 3132 1730 3201 σαφῶς
1758 3129 1893 3203 πρὸς

227 3214 505 3287 Τιμόθεον
535 3214 563 3268 ὁ
593 3213 832 3277 Παῦλος’
892 3215 963 3270 Τὸ
1027 3213 1084 3270 δὲ
1143 3221 1363 3289 Πνεῦμα
1395 3216 1574 3292 ῥητῶς
1606 3217 1778 3292 λέγει,
1811 3218 1893 3273 ὅτι

219 3303 280 3359 ἐν
348 3303 596 3377 ὑστέροις
681 3309 893 3378 καιροῖς
982 3305 1386 3375 ἀποστήσονταί
1441 3327 1582 3369 τινες
1638 3310 1737 3375 τῆς
1794 3306 1883 3361 πί·
1917 3293 1960 3358 C

223 3410 432 3454 στεως⁶
468 3394 602 3467 ἅπερ
651 3395 716 3448 ού
780 3396 944 3466 μόνον
1006 3394 1056 3448 ἐν
1115 3401 1232 3457 τοῖς
1290 3397 1397 3471 πρὸ
1425 3399 1586 3470 ἡμῶν
1621 3400 1714 3470 (7),
1746 3395 1893 3452 ἀλλά

221 3482 322 3538 καὶ
379 3482 432 3537 ἐν
483 3487 601 3545 τοῖς
661 3483 742 3557 ἐφ’
798 3486 959 3557 ἡμῶν
1021 3485 1318 3560 σχίσμασιν
1359 3487 1596 3558 ὁρῶμεν,
1628 3484 1891 3556 ποικίλης

236 3573 335 3626 καὶ
391 3570 745 3646 πολυτρόπου
796 3580 899 3643 τῆς
953 3578 1062 3628 τῶν
1118 3575 1404 3649 αἱρετικῶν
1457 3574 1670 3646 πλάνης
1702 3572 1888 3644 οῦσης’

219 3662 322 3716 καὶ
386 3661 549 3717 πάλιν
613 3663 641 3717 ὁ
699 3663 861 3725 αὐτός
919 3683 1102 3736 φησιν·
1161 3666 1230 3721 ’⁷0
1289 3666 1494 3740 ἒτὲραις
1553 3670 1764 3740 γενεαῖς
1796 3663 1895 3719 οὐκ

1991 1961 2260 2034 epistolis
2283 1962 2643 2017 scribentem
2669 1980 2682 2017 :
2709 1985 2736 2013 ‹‹
2761 1964 2832 2017 Et
2853 1979 3046 2018 sermo
3078 1979 3247 2018 meus
3278 1970 3336 2018 et
3361 1965 3646 2035 praedica-

1989 2074 2017 2102 «
2052 2052 2131 2105 tio
2163 2068 2297 2106 mea
2327 2068 2448 2106 non
2480 2052 2541 2106 in
2575 2053 2968 2122 persuasoriis
3026 2053 3333 2123 sapientiae
3361 2054 3641 2109 humana:

1991 2164 2018 2191 ‹‹
2053 2141 2266 2208 verbis,
2303 2141 2406 2196 sed
2439 2142 2499 2196 in
2549 2142 2893 2196 ostensione
2937 2141 3182 2212 spiritus
3213 2148 3271 2196 et
3300 2144 3534 2197 virtutis
3555 2143 3601 2180 δί
3629 2161 3645 2213 ;

1993 2253 2020 2281 ‹‹
2052 2239 2104 2286 et
2135 2234 2374 2288 iterum:
2407 2232 2513 2296 Qui
2544 2248 2678 2286 vero
2731 2231 3061 2303 obsignavit
3089 2248 3198 2286 nos
3235 2233 3298 2287 in
3329 2233 3441 2287 hoc
3471 2235 3650 2306 Deus,

1991 2344 2019 2372 ‹‹
2055 2322 2156 2393 qui
2190 2321 2355 2376 dedit
2387 2321 2561 2376 nobis
2593 2321 2989 2376 arrhabonem
3025 2322 3270 2393 spiritus
3291 2324 3372 2377 5’:
3403 2340 3657 2379 rursum-

1996 2433 2022 2465 α
2053 2429 2194 2482 que:
2223 2412 2331 2477 Qui
2383 2413 2657 2466 excitavit
2683 2413 2883 2466 Jesum
2932 2428 3002 2466 ex
3037 2414 3310 2480 mortuis,
3340 2414 3660 2469 viviﬁcabit

1997 2525 2018 2553 ι
2055 2507 2114 2556 et
2143 2502 2420 2557 mortalia
2475 2507 2669 2557 vestra
2725 2519 2994 2573 corpora,
3053 2519 3161 2573 per
3208 2503 3649 2560 inhabitantem

1993 2614 2021 2643 «
2053 2592 2242 2663 ipsius
2269 2592 2551 2662 Spiritum
2576 2591 2636 2645 in
2661 2590 2822 2644 vobis
2842 2591 2924 2656 ‘3;
2975 2592 3283 2660 iterumque
3333 2593 3405 2646 ad
3437 2595 3656 2648 Thimo-

1996 2705 2023 2733 «
2055 2683 2239 2736 theum
2285 2682 2542 2737 scribens.
2595 2682 2824 2735 Bonum
2875 2679 3212 2751 depositum
3247 2683 3499 2749 custodi,
3552 2700 3660 2754 per

1997 2793 2026 2821 «
2060 2771 2347 2843 Spiritum
2374 2776 2643 2826 sanctum
2676 2770 2777 2840 qui
2811 2769 2985 2824 datus
3017 2775 3106 2825 est
3133 2770 3305 2825 nobis
3326 2770 3390 2825 σθ.
3430 2794 3458 2821 ››

2068 2951 2316 3006 XXXIII.
2349 2949 2515 3015 Quod
2547 2955 2747 3004 autem
2779 2949 3034 3021 Spiritus
3067 2954 3310 3005 sanctus
3343 2950 3652 3016 subsistat,

2000 3047 2058 3096 et
2085 3041 2255 3110 vivat,
2289 3045 2348 3094 et
2376 3040 2674 3111 loquatur,
2711 3046 2768 3094 et
2816 3041 3201 3111 prmnuntiet,
3234 3040 3460 3111 pluries
3484 3041 3613 3112 jam
3644 3056 3658 3093 :

1999 3129 2170 3184 nobis
2203 3130 2263 3182 in
2295 3129 2571 3199 superius
2600 3127 2648 3162 ⁸⁵
2678 3128 2996 3198 disputatis
3023 3133 3114 3182 est
3145 3127 3370 3183 dictum
3397 3147 3411 3196 ;
3444 3129 3651 3184 scribit

1999 3236 2135 3273 vero
2168 3218 2481 3290 perspicue
2520 3218 2594 3272 ad
2645 3219 3019 3273 Timotheum
3052 3218 3306 3273 Paulus:
3345 3241 3370 3268 «
3405 3219 3659 3290 Spiritus

2007 3327 2030 3356 ι
2050 3313 2249 3363 autem
2262 3307 2506 3362 deﬁnite
2519 3305 2852 3376 dicit,quod
2866 3307 2925 3361 in
2940 3307 3369 3377 posterioribus
3383 3307 3662 3379 tempori-

2003 3420 2030 3449 ‹‹
2050 3397 2162 3452 bus
2181 3395 2748 3464 discedentquidam
2763 3395 2924 3450 aﬁde
2939 3394 3005 3449 δδ.
3023 3416 3049 3447 ιι
3068 3394 3114 3428 ⁸⁷
3128 3397 3265 3461 Quae
3281 3397 3524 3468 quidem
3538 3412 3660 3451 non

2003 3487 2065 3540 in
2089 3484 2486 3541 anterioribus
2510 3484 2726 3551 solum,
2747 3484 2851 3538 sed
2875 3485 3054 3540 etiam
3077 3486 3138 3539 in
3161 3487 3350 3540 nostri
3375 3487 3661 3557 temporis

2004 3575 2279 3630 scissuris
2311 3574 2633 3640 cernimus,
2666 3564 2800 3628 cum
2826 3575 3023 3628 varius
3048 3580 3106 3628 et
3128 3574 3512 3630 multiformis
3537 3577 3659 3629 ha:-

2003 3665 2325 3719 reticorum
2378 3680 2546 3718 error
2598 3661 3099 3734 deprehendatur.
3136 3666 3207 3718 Et
3256 3681 3463 3719 rursus
3494 3665 3656 3720 idem

304 3792 347 3825 ‘9
381 3794 501 3845 Act.
536 3807 725 3858 xxvm,
764 3795 867 3846 1-9.
923 3790 970 3826 ⁵9
1007 3792 1131 3847 Vid.
1165 3809 1288 3863 sup.
1322 3809 1379 3847 η.
1414 3795 1507 3848 26.
1548 3793 1593 3828 ⁸ο
1625 3795 1752 3847 Act.
1786 3809 1887 3847 xxv

2056 3795 2096 3844 5.
2145 3791 2188 3826 ⁶¹
2221 3792 2244 3843 I
2275 3789 2502 3863 Gorsu,
2536 3791 2589 3844 4.
2622 3789 2669 3823 6⁵
2700 3793 2750 3845 II
2773 3792 2910 3863 _Cor.
2946 3808 2988 3857 1,
3018 3791 3108 3856 22,
3143 3789 3190 3823 ⁸³
3220 3792 3386 3846 Rom.
3422 3808 3540 3858 VIII,
3573 3797 3660 3853 ll.

230 3862 284 3896 6‘
311 3863 358 3918 ll
393 3863 537 3918 Tim.
571 3880 611 3931 ι,
650 3865 734 3920 14.
819 3863 868 3898 ⁸⁵
899 3864 1015 3920 Cat.
1055 3867 1139 3931 16,
1174 3861 1297 3919 ηῖ3
1329 3871 1379 3919 et
1429 3867 1533 3931 14;
1585 3879 1708 3935 sup.
1759 3881 1816 3919 η.
1862 3868 1887 3918 2

2067 3864 2154 3916 28.
2240 3863 2284 3897 “
2318 3862 2340 3916 Ι
2373 3861 2522 3918 Tim.
2557 3865 2680 3930 1,4.
2764 3861 2809 3896 ⁸⁷
2848 3863 2973 3917 Vid.
3020 3869 3126 3917 cat.
3163 3866 3247 3931 l5,
3278 3879 3334 3917 η.
3371 3866 3422 3931 5,
3459 3866 3490 3916 7
3521 3871 3574 3918 et
3605 3869 3659 3924 8.

295 3989 373 4062 (ii)
401 3988 614 4062 Ἐχειν.
650 3987 735 4044 Ita
767 3988 978 4062 scripsi
1012 3987 1138 4062 loco
1185 3985 1367 4062 ἔσχεν,
1411 3990 1576 4045 nullo
1610 3989 1880 4060 quamvis

215 4061 432 4118 codice
463 4060 702 4131 adjutus
728 4077 740 4127 ;
775 4061 878 4115 sed
899 4060 1496 4132 postulante‘phrasis
1528 4063 1708 4133 hujus
1740 4079 1878 4116 con-

216 4133 583 4204 structione,
615 4137 680 4186 ut
710 4139 868 4187 esset
905 4133 1148 4187 verbum
1180 4133 1550 4204 respondens
1583 4135 1878 4204 sequenti,

215 4201 556 4259 ἐπιτελέσαι.
583 4204 873 4259 Caaterum
896 4205 957 4259 in
982 4205 1152 4260 codd.
1177 4201 1317 4271 Roe,
1337 4206 1584 4260 Casaub.
1611 4201 1878 4261 et—Ottob.

216 4279 402 4402 ()leest
431 4275 491 4331 id
522 4276 786 4331 verbum.
840 4276 1190 4332 Ottobonius
1221 4281 1252 4330 2
1282 4277 1462 4332 habet
1492 4277 1664 4349 infra,
1698 4274 1882 4331 ἐπετέ·

267 4367 378 4402 εσε.

267 4367 378 4402 εσε.

301 4421 377 4490 (2)
409 4415 723 4494 Ὠδήγησεν.
760 4422 913 4494 _Roe,
975 4420 1251 4494 Ottobon.
1287 4427 1344 4475 et
1381 4421 1654 4494 Casaub.,
1688 4417 1880 4494 ἐποίη-

217 4488 339 4546 σεν.
361 4488 525 4564 ’Λῃίθ
556 4488 828 4559 πολλούς,
851 4509 932 4564 ex
965 4491 1210 4547 Grodec.
1244 4498 1302 4546 et
1331 4493 1604 4548 Ottobon.
1643 4493 1884 4564 scripsi-

218 4581 388 4636 mus,
423 4561 500 4629 δς,
534 4581 668 4636 cum
701 4564 762 4618 in
795 4563 970 4619 editis
1022 4569 1082 4618 et
1127 4565 1358 4619 caeteris
1391 4565 1563 4620 codd.
1599 4561 1885 4636 scriptum

218 4635 542 4703 habeatur,
577 4634 670 4698 ὡς.

303 4704 514 4778 (3)(Καὶ
574 4707 644 4778 ot
685 4707 800 4778 μετ’
852 4704 1069 4778 αὐτούς.
1131 4707 1310 4778 codd.
1371 4709 1491 4762 Roe
1522 4712 1582 4762 et
1610 4707 1883 4775 Casaub.,

217 4777 320 4832 καὶ
357 4776 408 4830 οἱ
445 4778 559 4850 μετ’
591 4776 774 4845 αὐτὸν,
807 4777 895 4831 καὶ
961 4779 1074 4848 μετ’
1135 4777 1352 4839 αὐτούς,
1381 4786 1433 4833 et
1463 4779 1562 4849 qui
1587 4785 1718 4850 post
1742 4795 1885 4850 eum,

1992 3987 2119 4059 ipso
2151 3988 2386 4060 cat.Al3,
2423 3988 2561 4060 n28,
2597 3983 2937 4060 ἀνθρωπίνης
2967 3987 3340 4060 ίθςθῐιῐθηίη
3373 3983 3662 4058 sequenti

1993 4056 2356 4124 testimonio,
2389 4058 2584 4121 verba,
2619 4056 2702 4119 εἷς
2739 4056 2866 4111 αὐτὸ
2897 4056 3079 4112 τοῦτό.
3114 4059 3367 4129 Cyrillus
3395 4056 3651 4131 sumpsit

1994 4150 2062 4186 ex
2096 4149 2223 4201 cap.
2258 4148 2308 4195 v,
2345 4133 2395 4197 5,
2431 4131 2706 4184 secundm
2739 4131 2811 4184 ad
2835 4131 3171 4185 Corinthios
3197 4131 3483 4201 epistolas,
3510 4133 3650 4187 etin

1993 4206 2153 4258 hunc
2185 4204 2380 4257 locum
2414 4202 2590 4272 plane
2613 4203 2872 4272 similem
2905 4203 2952 4256 II
2979 4203 3109 4257 Cor.
3136 4220 3176 4264 ι,
3204 4205 3292 4268 22,
3324 4205 3650 4272 transtulit,

1993 4278 2058 4330 In
2091 4291 2258 4330 sacro
2287 4270 2470 4340 textu,
2505 4291 2609 4345 pro
2643 4270 2732 4326 διὰ
2778 4276 2874 4345 τοῦ
2919 4273 3281 4345 ἄνοικοῦντος,
3308 4293 3411 4345 per
3437 4270 3655 4330 inhabié

1999 4355 2227 4413 tantem,
2262 4341 2621 4417 legitur,_8zo‘z
2668 4345 2729 4398 τὸ
2779 4342 3048 4408 ἐνοικοῦν,
3086 4341 3328 4416 propter-
3346 4347 3659 4402 inhabitan-

1997 4427 2121 4474 tem.
2157 4421 2230 4472 At
2285 4417 2763 4490 auctorwdialogi
2825 4419 2854 4471 3
2918 4419 2988 4472 De
3036 4417 3234 4473 Trinit.
3270 4418 3377 4473 sub
3411 4421 3655 4474 nomine

1997 4490 2185 4546 sancti
2217 4489 2527 4544 Athanasii
2557 4495 2706 4545 tom.
2749 4491 2818 4554 II,
2843 4507 2901 4560 p.
2927 4491 3050 4556 519,
3081 4490 3181 4560 qui
3214 4496 3453 4545 sanctus
3483 4492 3658 4546 Maxi-

1999 4579 2132 4617 mus
2161 4561 2464 4616 confessor
2495 4562 2890 4627 existimatur,
2921 4561 3178 4616 afﬁrmat
3207 4578 3268 4615 n.
3297 4565 3366 4615 20
3394 4567 3451 4615 et
3473 4565 3561 4628 26,
3594 4565 3656 4617 in

1998 4633 2276 4704 omnibus
2291 4649 2442 4704 pene
2457 4633 2897 4704 exemplaribus
2913 4633 3004 4687 sui
3021 4633 3303 4703 temporis
3323 4633 3547 4697 haberi,
3568 4629 3657 4684 Pw‘c

1994 4709 2092 4759 τοῦ
2124 4703 2488 4770 ἐνοικοῦντος,
2522 4703 2774 4760 alteram
2804 4721 2938 4758 vero
2966 4705 3289 4758 lectionem
3321 4721 3355 4758 a
3387 4703 3655 4758 Macedo-

1998 4777 2194 4834 nianis
2227 4778 2537 4848 invectam.
2574 4777 2738 4848 Vulg.
2793 4781 2993 4830 tamen
3039 4775 3464 4848 legitpmpter.
3490 4776 3653 4829 Multi

222 4858 282 4905 et
315 4851 416 4924 qui
436 4845 563 4921 post
595 4853 737 4907 illos.
765 4851 938 4924 Grod.
963 4845 1671 4924 'videturlegisseJxagi—pt
1701 4845 1769 4924 δι’
1796 4847 1884 4924 αὐο
1920 4856 1967 4921 D
1999 4853 2301 4924 Patresut
2331 4847 2585 4924 Cyrillus
2616 4845 2832 4924 legere.
2883 4848 3048 4924 Joan.
3081 4845 3297 4900 Millius
3331 4846 3653 4924 lectionem

223 4917 383 4991 τούς,
415 4917 463 4978 εἶ
489 4925 587 4992 qui
607 4940 711 4993 per
748 4923 892 4990 illos,
927 4928 1038 4979 etc.
1075 4923 1268 4979 Ottob.
1295 4917 1357 4988 Ξ,
1391 4922 1480 4976 καὶ
1515 4921 1567 4974 οἳ
1600 4917 1672 4976 δι’
1703 4919 1889 4989 αὐτὸν,

226 4993 326 5047 καὶ
364 4994 416 5046 οἱ
447 4994 568 5084 μετ’
597 4993 818 5054 αὐτούς.

315 5067 354 5084 ll
376 5067 388 5084 \
467 5066 506 5084 Α
641 5064 655 5084 Ι

314 5067 390 5136 (4)
447 5064 805 5135 Ὁμοούσιον,
864 5066 1410 5122 consubstantialem.
1481 5067 1599 5120 Vox
1675 5066 1800 5120 haec
1860 5081 1894 5119 a

226 5137 414 5192 nobis
443 5138 677 5194 uncinis
709 5138 960 5202 inclusa,
988 5139 1049 5192 in
1080 5138 1255 5192 editis
1288 5144 1346 5192 et
1376 5139 1647 5192 versione
1675 5137 1896 5191 Grode-

227 5209 315 5264 cii
349 5211 650 5280 reperitur
682 5209 947 5280 quidem,
971 5210 1137 5264 abest
1160 5227 1294 5264 vero
1328 5227 1362 5265 a
1392 5210 1562 5264 codd.
1593 5209 1895 5275 Ottobon.,

229 5285 360 5337 Roe
395 5289 453 5336 et
483 5281 733 5338 Casaud.
761 5300 774 5348 ;
800 5281 1132 5336 immissam
1156 5282 1216 5336 in
1240 5282 1398 5336 hunc
1419 5282 1617 5336 locum
1645 5297 1765 5335 non
1789 5281 1898 5334 du-

225 5353 520 5408 bitamus.
555 5355 699 5408 Nam
727 5370 834 5407 vox
863 5353 968 5407 illa
991 5369 1111 5408 non
1136 5359 1224 5408 est
1245 5354 1535 5413 absoluta,
1567 5358 1625 5406 et
1645 5369 1774 5423 quae
1800 5369 1902 5406 so-

227 5424 438 5481 litarie
471 5425 782 5491 scribatur,
810 5430 875 5479 ut
900 5424 993 5479 hic
1019 5426 1212 5496 posita
1235 5431 1354 5491 est;
1391 5425 1493 5480 sed
1523 5424 1897 5488 relativa,cui

232 5512 483 5568 semper
511 5497 791 5568 conjungi
824 5514 890 5552 ea
929 5513 1026 5551 res
1076 5498 1245 5564 solet,
1297 5497 1390 5551 cui
1423 5497 1612 5552 altera
1641 5497 1900 5551 consub-

232 5567 543 5624 stantialis
577 5575 682 5623 est.
723 5569 859 5623 Vide
891 5574 1095 5624 notata
1150 5585 1182 5623 a
1241 5568 1413 5623 nobis
1445 5568 1518 5623 ad
1551 5569 1775 5624 catech.
1818 5572 1899 5637 16,

223 5657 300 5696 n.
337 5643 426 5693 23.

311 5714 390 5783 (5)
423 5709 818 5785 Ἀνθρῖυττῖνης.
858 5714 940 5766 lla
983 5729 1090 5785 nos
1145 5712 1492 5784 :cripsimus
1522 5711 1653 5768 loco
1687 5708 1903 5785 ἀνθρῳ-

227 5783 447 5854 πίνοις,
480 5783 564 5840 ex
579 5783 850 5840 versione
881 5784 1173 5854 Grodecii,
1199 5783 1366 5842 sacro
1399 5790 1564 5843 textu
1595 5788 1654 5841 et
1684 5783 1899 5857 Cyrillo

2004 4919 2092 4974 διὰ
2121 4921 2182 4974 τὸ
2209 4917 2449 4973 ἐνοικοῦν
2472 4919 2756 4982 defendit,
2781 4924 2839 4972 et
2859 4918 2932 4972 ad
2957 4935 3196 4973 sensum
3225 4917 3661 4989 praepositionis

1997 5011 2102 5065 per
2131 4991 2534 5065 reducendam
2569 5008 2696 5065 esse
2730 4989 3057 5065 contendit.

2083 5066 2159 5139 (6)
2191 5063 2504 5139 Ὑφὲστηκε.
2541 5063 2686 5139 Male
2744 5063 2819 5139 in_
2868 5061 3172 5139 codicibus
3204 5060 3384 5139 editis
3408 5065 3466 5115 et
3492 5077 3662 5139 mssf,

2010 5131 2288 5212 ἐφέστηκε.
2326 5135 2583 5212 Omnino
2614 5133 2951 5212 legendum,
3010 5131 3296 5212 ὑφέστηκε,
3329 5136 3393 5212 ut
3423 5132 3662 5212 scripsi-

2008 5203 2142 5264 nius
2174 5225 2242 5263 ex
2275 5207 2402 5262 cod.
2431 5207 2624 5261 Ottob.
2651 5203 2704 5272 2',
2730 5205 2998 5260 versione
3032 5203 3299 5260 Grodecii
3333 5211 3391 5259 et
3419 5205 3552 5259 aliis
3576 5204 3661 5259 lo-

2010 5281 2092 5336 cis
2127 5279 2430 5351 parallelis
2463 5278 2536 5333 ad
2587 5294 2717 5348 quze
2768 5276 3032 5351 remittit
3048 5275 3301 5351 Cyrillus
3331 5293 3344 5343 ;
3378 5276 3664 5351 nimirum

2009 5345 2348 5421 catfhujus
2390 5367 2554 5404 num.
2605 5345 2664 5415 2,
2728 5350 2832 5415 ζῶν
2891 5346 2979 5399 καὶ
3014 5345 3402 5421 ὑφεστὼςηκαὶ
3438 5345 3666 5421 λαλοῦν,

2009 5422 2098 5476 καὶ
2160 5417 2422 5495 ἐνεργοῦν·
2486 5437 2649 5475 num.
2713 5424 2765 5487 5,
2829 5421 2930 5495 ζῶν
2991 5417 3078 5495 κα)
3114 5417 3667 5495 ῥφεστῲς,κα.ὶςπάν-

2011 5513 2154 5561 τοτε,
2190 5489 2301 5549 δι’οξ
2332 5511 2346 5560 ;
2379 5509 2545 5547 num.
2578 5495 2665 5556 28,
2705 5494 2810 5560 ζὼν
2840 5489 2950 5544 ἐστι
2982 5491 3074 5546 καὶ
3109 5489 3374 5565 ὑφεστὼς,
3405 5489 3494 5545 καὶ
3527 5489 3670 5565 ἐνερ-

2010 5587 2165 5621 γοῦν.

2024 5589 2165 5711 (οἵτ’).
2191 5636 2302 5712 Πρὸ
2331 5637 2637 5712 ἡμῶνκῐιδ.
2679 5636 3152 5712 scripsimus‘ex
3205 5635 3351 5712 cod._
3388 5633 3666 5712 Ottobon.

2012 5707 2264 5782 utroque
2302 5713 2360 5764 et
2382 5707 2672 5782 versione
2690 5708 3007 5782 ,Grodecii,
3048 5708 3131 5762 ita
3161 5707 3665 5782 postulante_con-

2014 5775 2196 5856 textu,
2230 5781 2499 5854 quamvis
2531 5781 2593 5838 in
2623 5781 2758 5838 aliis
2789 5780 2958 5837 codd.
2986 5775 3242 5853 legatur,
3275 5775 3381 5853 πρὸ
3414 5775 3590 5848 ὑμῶν.
