3932 6344
76 372 255 436 1021

736 359 1215 434 GATECHESIS
1257 369 1481 433 XVIII.
1526 368 1629 430 DE
1672 367 1951 432 GABNIS
1995 369 2688 447 liESURRECTIONE,
2732 370 2910 434 ETC.

3391 372 3546 433 1022

77 532 202 567 των
232 507 383 564 κατά
409 508 513 577 τὴν
546 507 740 564 ἑαυτοῦ
796 505 953 586 φύσιν
1014 512 1353 583 συναγαγεῖν,
1401 506 1492 561 καὶ
1550 506 1768 561 ἀποκα-

1962 508 2185 564 minum
2206 508 2681 581 unumquodque
2711 508 3039 566 secundum
3055 508 3359 582 prOpriam
3371 515 3549 565 natu-

77 602 376 666 ταστῆσαι
405 596 484 661 εἷς
509 599 665 673 γένος
695 616 710 667 ;
744 597 891 669 Εἶτα,
924 595 989 651 σὺ
1032 597 1127 671 μὲν
1186 595 1255 652 τὰ
1301 595 1354 651 ἐν
1413 599 1481 670 τῇ
1542 596 1771 652 σεαυτοῦ

91 688 258 766 χειρὶ
285 686 565 763 διακρῖναι
597 683 844 754 δύνασαι,
875 686 1004 745 Θεὸς
1035 682 1094 740 δὲ
1151 687 1255 761 ἆρα
1308 684 1376 740 τὰ
1430 682 1484 740 ἓν
1542 688 1612 759 τῇ
1643 683 1767 739 tau-

90 784 198 835 τοῦ
235 776 401 851 δρακὶ
434 776 808 851 περιεχόμενα
864 772 1136 852 διακρῖναι
1196 778 1292 849 (1),
1349 775 1440 830 καὶ
1496 774 1769 829 ἀποκατα-

100 876 315 938 στῆσαι
347 865 412 921 ού
447 863 712 935 δύναται;
744 864 964 937 Νόησον
982 864 1046 920 τὸ
1077 862 1402 940 λεγόμενον,
1435 864 1481 918 εἰ
1517 865 1594 936 μὴ
1628 860 1769 917 ἔστιν

93 952 317 1027 ἀσεϐὴς
346 958 385 1026 ὴ
418 954 663 1031 ἄρνησις.

168 1049 251 1103 Δ’.
285 1043 541 1120 Ηρόσχες
572 1042 631 1099 δέ
663 1065 757 1117 μοι
813 1043 904 1098 καὶ
953 1042 1103 1116 αύτῷ
1148 1047 1229 1116 τῷ
1272 1049 1372 1113 τῆς
1422 1038 1771 1112 δικαιοσύνης

93 1137 284 1211 λόγῳ,
316 1134 410 1190 καὶ
442 1132 569 1199 ἐλθὶ
598 1133 674 1196 είς
704 1133 947 1189 σεαυτόν.
982 1133 1285 1212 Διαφόρους
1342 1128 1491 1208 ἔχεις
1536 1130 1771 1194 οἰκέτας·

94 1226 232 1283 ἀλλ’
265 1226 322 1281 οἳ
359 1224 459 1298 μὶν
492 1224 657 1279 καλοὶ
686 1222 1077 1299 τυγχάνουσιν,
1137 1223 1191 1277 οὶ
1248 1219 1307 1277 δὲ
1354 1220 1578 1300 φαῦλοι·
1608 1224 1773 1295 τιμᾷς

102 1314 211 1389 ἄρα
240 1315 381 1377 τοὺς
407 1311 636 1385 καλοὺς,
662 1313 754 1367 καὶ
783 1314 1004 1375 τύπτεις
1060 1310 1189 1374 τοὺς
1246 1310 1510 1389 φαύλους.
1573 1310 1668 1368 Καὶ
1729 1309 1775 1365 εἰ

99 1402 380 1473 δικαστής
407 1403 725 1477 τυγχάνεις,
759 1399 992 1464 ἐπαινεῖς
1046 1402 1175 1465 τοὺς
1226 1402 1496 1477 ἀγαθοὺς,
1544 1402 1634 1456 καὶ
1694 1422 1776 1455 τι-

104 1502 322 1571 μωρεῖς
355 1494 485 1556 τοὺς
512 1489 888 1569 παρανόμους.
939 1493 1090 1563 Εἶτα,
1136 1492 1285 1569 παρᾶ
1311 1492 1398 1548 σοὶ
1457 1493 1554 1567 μὲν
1593 1494 1776 1565 θνητῷ

108 1586 391 1660 ἀνθρώπῳ
444 1581 586 1655 ὄντι,
641 1583 706 1638 τὸ
764 1580 973 1637 δίκαιον
1042 1583 1293 1650 σώζεται·
1343 1582 1491 1659 παρὰ
1549 1578 1608 1637 δε
1660 1584 1779 1654 Θεῷ

106 1680 194 1747 τῷ
225 1676 438 1728 πάντων
465 1669 756 1747 ἂδιαδόχφ
789 1670 1029 1747 βασιλεῖ,
1058 1672 1123 1727 τὸ
1151 1679 1251 1741 τῆς
1286 1669 1633 1744 δικαιοσύνης
1666 1672 1783 1727 ἀντ-

106 1760 451 1817 αποδοτικὸν
484 1762 587 1837 ἄρα
619 1760 725 1815 οὐκ
744 1756 893 1816 ’ἔστιν
926 1779 941 1829 ;
976 1758 1151 1817 Ἀλλά
1175 1756 1376 1830 ἀσεϐὴς
1430 1762 1466 1832 ἦ
1526 1758 1780 1837 ἄρνησις.

100 1851 395 1923 σκὸπησον
424 1850 530 1926 γὰρ
560 1850 623 1905 τὸ
651 1847 977 1924 λεγόμενον.
1038 1848 1250 1905 Πολλοὶ
1300 1855 1480 1927 φονεῖς
1523 1849 1612 1905 ἰπὶ
1659 1849 1773 1905 κοί-

95 1962 201 2011 της
234 1941 591 2013 ἆτιμώρητοι
622 1936 1066 2009 τετελευτήκασι·
1117 1942 1224 1993 ποῦ
1282 1940 1373 1993 οὗν
1430 1943 1530 1994 τοῦ
1556 1943 1689 1995 Θεοῦ
1734 1941 1769 2008 ἡ

98 2028 434 2099 δικαιοσύνη
465 2050 481 2097 ;
524 2026 805 2091 Πολλάκις
847 2024 903 2083 δὶ
935 2027 1021 2083 καὶ
1056 2026 1250 2102 φονεὺς
1306 2032 1644 2100 πεντήκοντα
1673 2028 1770 2107 φό-

93 2142 219 2182 νοις
258 2119 647 2191 ὑποκείμενος,
676 2119 767 2173 καὶ
812 2115 1060 2197 κεφαλὴν
1123 2119 1260 2189 ἅπαξ
1318 2120 1632 2192 ἅπετμήθη·
1665 2124 1772 2174 ποῦ

98 2213 197 2266 οὖν
246 2215 366 2265 τῶν
427 2206 981 2285 τεσσαρακονταεννὲα
1039 2205 1201 2263 δώσει
1272 2210 1373 2280 τήν
1457 2210 1770 2286 τιμωρίαν;

100 2302 229 2358 Ἐὰν
300 2301 475 2373 μὴ·ᾗ
530 2299 706 2375 κρίσις
762 2298 852 2354 καὶ
925 2295 1287 2363 ἀνταπόδοσις
1346 2299 1482 2372 μετὰ
1535 2298 1629 2354 τόν
1687 2297 1777 2354 κός

104 2415 244 2466 σμον
308 2396 532 2461 τοῦτον,
592 2388 807 2446 ἀδικίαν
878 2394 1013 2445 Θεοῦ
1068 2395 1416 2467 κατηγορεῖς.
1466 2388 1640 2449 Ἀλλὰ
1695 2392 1771 2464 μὴ

106 2482 405 2557 θαυμάσῃς
435 2478 524 2535 διὰ
550 2480 651 2549 τὴν
683 2480 966 2557 ὑπέρθεσιν
996 2482 1099 2545 τῆς
1146 2480 1399 2555 κρίσεως.
1458 2485 1566 2542 Πᾶς
1627 2480 1773 2555 ἀγω-

104 2572 434 2645 νιζόμενος,
466 2571 603 2645 μετὰ
631 2570 692 2625 τὸ
740 2568 1031 2645 παρελθεῖν
1083 2571 1176 2625 τὸν
1233 2571 1437 2645 ἀγῶνα,
1492 2574 1774 2651 στεφανοῢο

105 2685 193 2718 ται
227 2664 268 2734 ἢ
304 2659 748 2736 καταισχύνεται·
808 2660 898 2716 καὶ
959 2659 1220 2717 οὐδέποτε
1276 2660 1618 2737 ἀγωνοθέτης
1648 2659 1776 2723 τοὺς

110 2749 190 2808 ἔτι
223 2751 683 2825 ἀγωνιζομένους
743 2754 1018 2828 στεφανοῖ,
1068 2749 1196 2807 ἀλλ’
1250 2746 1530 2826 ἐκδέχεται
1563 2752 1774 2805 πάντων

108 2846 221 2897 τῶν
290 2841 613 2917 ἀγωνιστῶν
670 2840 733 2895 τὸ
786 2839 968 2902 τέλος·
1022 2840 1117 2895 ἳνα
1169 2839 1388 2915 ὕστερον
1474 2837 1778 2915 διακρίνας,

109 2931 293 3005 ἐπάγῃ
346 2930 419 2984 τὰ
477 2923 705 3005 βραδεῖα
755 2928 843 2984 καὶ
901 2929 973 2983 τὰ
1022 2928 1431 3008 στεφανηφόρια
1462 2932 1557 3003 (2).
1619 2930 1777 2988 Οὕτω

101 3021 193 3077 καὶ
232 3022 264 3075 ὁ
301 3019 461 3087 Θεὸς,
494 3014 572 3073 ἔτι
602 3022 704 3074 τοῦ
732 3017 946 3094 ἀγῶνος
1003 3015 1057 3073 ἐν
1101 3023 1183 3091 τῷ
1220 3019 1414 3093 κόσμῳ
1465 3019 1642 3093 τούτῳ
1665 3040 1782 3075 συν-

102 3116 382 3179 εστῶτος,
436 3110 571 3171 τέως
633 3110 727 3182 μὲν
792 3108 984 3185 βοηθεῖ
1039 3113 1158 3173 τοῖς
1211 3106 1443 3172 δικαίοις
1520 3114 1780 3187 μερικῶς,

98 3203 339 3275 ὓστερον
376 3195 435 3253 δὶ
464 3195 769 3253 ἀποδίδωσι
797 3196 927 3259 τοὺς
962 3197 1188 3269 μισθοὺς
1206 3198 1391 3261 αὐτοῖς
1422 3198 1669 3263 τελείως.

1880 612 2011 652 ram
2042 598 2383 667 collectum,
2417 599 2621 672 generi
2649 616 2754 655 suo
2779 598 3033 655 reddere
3054 600 3082 655 ?
3105 601 3335 673 Ergone
3361 605 3423 655 tu
3451 615 3548 655 res

1881 686 1943 742 in
1975 703 2156 743 manu
2190 693 2291 743 tua
2320 694 2631 744 contentas
2654 689 2999 746 discernere
3014 690 3211 746 valeas
3241 708 3254 757 ;
3279 690 3434 745 Deus
3450 706 3547 744 ve-

1881 792 1948 831 ro
1970 792 2067 832 res
2105 777 2166 832 in
2200 793 2305 833 sua
2332 778 2523 849 ipsius
2553 795 2736 833 manu
2799 779 3263 850 comprehensas
3323 778 3549 834 discer-

1883 882 2028 922 nere
2064 872 2122 922 et
2152 868 2465 923 restituere
2496 884 2619 923 non
2651 873 2829 939 queat
2855 869 2883 924 ‘2
2911 868 2975 923 Id
2998 868 3160 940 quod
3190 869 3322 923 dico
3346 868 3549 925 consi-

1885 954 2047 1024 dera,
2071 972 2295 1012 numne
2321 955 2381 1011 id
2411 972 2629 1029 negare
2658 958 2910 1030 impium
2946 958 3043 1013 sit.

1956 1047 2047 1100 IV.
2082 1046 2329 1117 Respice
2362 1046 2541 1101 etiam
2572 1045 2647 1102 ad
2685 1046 2877 1117 ipsam
2922 1046 3172 1119 justitiae
3221 1046 3547 1115 rationem,

1886 1140 2064 1206 atque
2096 1135 2157 1189 in
2188 1135 2446 1207 teipsum
2476 1135 2737 1191 reﬂecte.
2764 1136 3036 1191 Diversos
3062 1135 3246 1191 habes
3260 1135 3541 1205 famulos;

1887 1241 2141 1298 quorum
2168 1225 2270 1281 alii
2300 1225 2442 1280 boni
2474 1231 2633 1295 sunt,
2691 1225 2793 1282 alii
2851 1227 3033 1298 pravi.
3082 1228 3274 1282 Bonos
3308 1243 3451 1282 sane
3482 1226 3544 1281 in

1888 1317 2079 1389 pretio
2104 1317 2312 1385 habes,
2344 1323 2404 1372 et
2433 1318 2613 1373 credis
2644 1317 2864 1373 malos:
2891 1318 3050 1388 quod
3083 1318 3131 1373 si
3164 1319 3343 1373 etiam
3357 1317 3545 1388 judex

1887 1406 2095 1475 fueris,
2123 1406 2314 1462 bonos
2345 1406 2575 1475 laudas,
2610 1412 2668 1461 et
2692 1407 2993 1479 improbos
3023 1408 3218 1479 punis.
3269 1410 3358 1462 An
3405 1423 3543 1461 vero

1891 1496 2048 1568 apud
2078 1501 2133 1551 te
2166 1496 2481 1552 mortalem
2512 1497 2819 1552 hominem
2842 1498 2997 1568 aequi
3022 1497 3171 1553 ratio
3188 1497 3542 1565 custoditur;

1892 1587 2051 1660 apud
2082 1588 2268 1643 Deum
2297 1605 2434 1643 vero
2456 1604 2657 1661 regem
2684 1588 2956 1643 omnium
2987 1589 3080 1643 cui
3106 1588 3319 1643 anullo
3341 1604 3542 1643 succe-

1894 1676 2075 1745 ditur,
2107 1694 2230 1732 non
2263 1677 2378 1732 erit
2404 1678 2744 1750 rependens
2784 1678 3109 1749 unicuique
3126 1678 3375 1749 justitiae
3407 1694 3543 1732 mo-

1893 1766 2006 1822 dus
2036 1765 2063 1819 ?
2093 1766 2271 1837 Atqui
2301 1766 2554 1837 impium
2578 1767 2784 1822 sithoc
2814 1767 3099 1834 inﬁciari;
3133 1767 3363 1837 respice
3379 1765 3542 1821 enim

1900 1855 2045 1929 quid
2076 1855 2290 1911 dicam.
2310 1856 2471 1911 Multi
2500 1856 2815 1912 homicidae
2846 1856 2908 1912 in
2938 1856 3093 1912 lecto
3124 1855 3405 1928 impuniti
3437 1856 3542 1911 de-

1883 1945 2399 2002 cessere.Ubinam
2428 1962 2564 2018 ergo
2594 1946 2699 2001 Dei
2725 1945 2962 2018 justitia
2985 1947 3013 2002 ‘I
3044 1946 3403 2016 Plerumque
3434 1946 3541 2000 ho-

1879 2036 2101 2093 micida
2131 2035 2568 2108 quinquaginta
2624 2036 3085 2091 homicidiorum
3132 2053 3291 2102 reus,
3354 2034 3540 2090 semel

1880 2126 2145 2183 abscisso
2177 2126 2369 2198 capite
2401 2141 2607 2197 pcenas
2637 2125 2768 2179 luit.
2806 2125 3059 2180 Ubinam
3092 2141 3230 2197 ergo
3278 2124 3539 2195 quadra-

1878 2216 2042 2290 ginta
2073 2232 2284 2271 novem
2302 2214 2557 2270 caadium
2589 2214 2739 2271 287
2776 2231 2980 2285 poenas
3012 2213 3259 2268 daturus
3282 2218 3372 2268 est
3396 2213 3423 2266 ?
3446 2213 3540 2267 Ni-

1882 2307 1930 2361 si
1963 2310 2098 2378 post
2126 2305 2306 2361 vitam
2336 2305 2491 2361 hanc
2510 2305 2691 2361 fuerit
2703 2303 3003 2377 judicium
3037 2321 3105 2360 ac
3126 2302 3545 2374 retributio(5),

1881 2395 2191 2468 injustitim
2221 2396 2407 2451 Deum
2438 2395 2914 2467 arguis.Verum,
2950 2411 3025 2449 ne
3045 2392 3545 2448 tibiadmirationi

1882 2486 2190 2559 sitjudicii
2220 2486 2693 2556 mora.Quisquis
2725 2485 3055 2540 certamine
3088 2484 3417 2552 contendit,
3442 2483 3543 2539 ab-

1884 2575 2077 2632 soluto
2109 2576 2456 2643 certamine,
2491 2575 2581 2631 vel
2612 2591 2835 2631 corona
2871 2575 3134 2630 donatur
3164 2574 3257 2629 vel
3286 2573 3546 2629 afficitur

1882 2666 2247 2740 ignominia;
2281 2682 2391 2721 nec
2422 2682 2687 2737 unquam
2723 2665 3074 2721 certaminis
3101 2663 3330 2720 arbiter
3349 2662 3543 2718 adhuc

1880 2761 2175 2813 certantes
2206 2761 2475 2824 coronat,
2509 2755 2614 2811 sed
2670 2754 2943 2810 omnium
2973 2754 3338 2810 certantium
3360 2753 3544 2808 ﬁnem

1883 2845 2190 2917 opperitur
2212 2850 2307 2911 ;ut
2329 2850 2535 2916 postea
2547 2843 2896 2899 discrimine
2919 2841 3543 2915 facto,pr£emiavicto-

1884 2934 1989 2990 τίω
2021 2950 2395 3005 coronasque
2413 2933 2848 2989 distribuat.lta
2869 2938 2928 2988 et
2948 2934 3123 2999 Deus,
3140 2937 3333 2987 stante
3354 2931 3548 2986 adhuc

1886 3025 1948 3079 in
1979 3025 2092 3081 hoc
2121 3022 2345 3081 mundo
2378 3024 2729 3091 certamine,
2756 3024 2938 3095 justis
2988 3022 3232 3078 interim
3278 3039 3348 3077 ex
3379 3026 3546 3092 parte

1888 3113 2205 3185 suppetias
2226 3112 2379 3179 fert;
2415 3117 2622 3184 postea
2652 3128 2792 3168 vero
2833 3112 2977 3185 ipsis
3009 3111 3256 3184 praamia
3284 3110 3461 3182 plene
3480 3126 3547 3165 ac

1891 3203 2152 3277 perfecte
2184 3202 2482 3275 rependit.

169 3266 259 3348 E'I.
298 3287 369 3345 Ei‘
404 3285 462 3342 δὲ
512 3286 798 3348 ἀνᾶστασις
826 3266 1031 3362 νεκρῶν
1084 3286 1183 3342 οὐκ
1240 3284 1351 3343 ἔστι
1390 3290 1527 3344 κατά
1559 3290 1636 3357 σὲ,
1689 3287 1772 3345 διὰ

1966 3295 2029 3349 V.
2054 3292 2220 3358 Quod
2251 3292 2299 3348 si
2331 3292 2688 3348 resurrectio
2717 3297 3091 3348 mortuorum
3122 3293 3419 3348 sententia
3450 3296 3550 3347 tua

106 3380 160 3435 τί
191 3378 333 3440 τοὺς
361 3371 775 3452 τυμϐωρύχους
801 3374 1180 3447 καταδικάζεις
1212 3379 1290 3451 (3)
1325 3396 1341 3448 ;
1401 3377 1470 3436 Εἴ
1521 3380 1622 3456 γὰρ
1676 3380 1783 3435 ἀπ-

108 3465 311 3523 όλωλε
338 3465 406 3520 τὸ
434 3469 614 3539 σῶμα,
646 3465 736 3520 καὶ
797 3462 1120 3528 ἀνέλπιστος
1150 3467 1186 3535 ἡ
1246 3465 1552 3537 ἀνάστασις,
1585 3465 1677 3524 διὰ
1729 3468 1782 3525 τί

107 3557 399 3632 τιμωρίαν
429 3554 689 3628 ὑπομένει
722 3555 749 3609 ὁ
779 3548 1155 3630 τυμϐωρύχος
1189 3574 1203 3626 ;
1232 3553 1483 3627 Βλέπεις,
1543 3555 1627 3613 ὅτι
1683 3555 1779 3614 κᾶν

113 3649 261 3722 ἀρνῇ
281 3650 402 3709 τοῖς
428 3643 666 3715 Χείλεσι,
704 3645 851 3718 μένει
884 3645 1030 3722 παρᾶ
1059 3643 1145 3700 σοὶ
1197 3647 1299 3712 τῆς
1351 3646 1689 3712 ἀναστάσεως
1744 3649 1779 3718 ἡ

121 3731 434 3806 συνείδησις
463 3733 728 3812 ἀρῥαγής.

188 3922 253 3986 ζ’.
288 3916 447 3988 Εἶτα,
501 3910 720 3988 δένδρον
784 3914 881 3988 μὲν
935 3911 1167 3970 ἑκκοπὲν
1229 3917 1329 3990 (4),
1389 3915 1629 3983 ἐπανθεῖ·
1691 3918 1783 3973 ἃν-

194 4073 607 4146 (1)Διακρῖναι.
642 4073 784 4137 Roe,
837 4069 1104 4146 Ca_s_aub.,
1180 4067 1451 4146 διακρῖναι
1509 4074 1599 4128 καὶ
1661 4096 1789 4130 συν-

124 4143 361 4219 αγαγὼν
380 4143 847 4219 ἀποκαταςτῆσαι,
878 4143 1161 4198 diurnare
1205 4151 1257 4199 et
1287 4143 1596 4219 colligendo
1624 4152 1792 4205 resti-

128 4210 301 4275 ιιὶωίε.
337 4215 513 4272 Grod.
546 4215 714 4303 legit,
776 4210 1072 4303 διακρῖναι,
1132 4210 1452 4303 σαναγαγεῖν
1504 4218 1595 4272 καὶ
1650 4220 1789 4276 ἀπο-

128 4293 493 4358 καταστῆσαι,
524 4288 827 4355 dicernere,
861 4288 1115 4358 colligere
1146 4295 1199 4343 et
1231 4288 1536 4346 restituere.

203 4362 284 4434 (2)
344 4357 429 4415 Τᾶ
483 4358 952 4434 *στεφανοφόριι
993 4357 1134 4414 Ήοθ
1205 4365 1278 4434 et
1362 4361 1636 4431 Casaub.,
1695 4364 1796 4432 τήν

129 4429 577 4562 στέξανοφορίαν,
608 4429 790 4486 Paulo
822 4429 976 4503 post,
1010 4447 1081 4485 ex
1114 4431 1283 4487 codd.
1341 4434 1485 4498 Roe,
1543 4429 1792 4493 CaSaub.

129 4514 188 4562 et
270 4503 398 4560 rod.
424 4503 780 4562 particulam
815 4500 909 4562 μὲν
942 4508 1080 4562 post
1110 4500 1247 4562 τέως
1277 4504 1791 4562 adiecimusLoco

129 4514 188 4563 et

1890 3382 2061 3441 nulla
2091 3382 2186 3450 sit,
2220 3380 2435 3452 ecquid
2466 3381 2920 3453 sepulchrorum
2940 3383 3253 3438 eﬂ‘ossores
3272 3381 3551 3437 condem-

1890 3488 2000 3528 nas
2019 3472 2048 3526 ‘I
2078 3473 2221 3526 Nam
2245 3469 2295 3524 si
2324 3469 2594 3525 funditus
2636 3470 2868 3525 interiit
2924 3487 3162 3543 corpus,
3197 3476 3256 3527 et
3284 3484 3550 3525 resurre-

1893 3561 2108 3618 ctionis
2135 3576 2270 3631 spes
2292 3557 2460 3614 nulla
2491 3558 2715 3627 subest,
2732 3575 2912 3631 quam
2944 3560 3017 3615 ob
3049 3576 3291 3615 causam
3315 3558 3547 3631 suppli-

1893 3652 2052 3707 cium
2080 3649 2240 3705 subit
2270 3646 2636 3703 tumulorum
2670 3648 2920 3703 violator
2966 3648 2993 3703 ?
3049 3649 3276 3715 Cernis,
3312 3646 3547 3703 etiamsi

1894 3740 2068 3798 labiis
2100 3754 2299 3812 neges,
2332 3752 2575 3793 manere
2607 3737 2766 3809 apud
2795 3742 2850 3792 te
2872 3737 3259 3793 indelebilem
3280 3752 3547 3793 resurre—

1893 3830 2109 3887 ctionis
2141 3827 2593 3885 conscientiam.

1968 3921 2059 3976 VI.
2096 3917 2337 3975 Deinde
2368 3934 2527 3986 vero,
2561 3917 2762 3973 excisa
2790 3916 2968 3973 arbor
2995 3915 3326 3974 reﬂorescit
3352 3915 3563 3972 :homo

1907 4073 2116 4131 nerale
2152 4072 2403 4145 praemia
2435 4077 2494 4128 et
2523 4071 2817 4144 supplicia
2845 4071 3139 4145 confiteri.
3173 4071 3567 4145 Negtamenid

1912 4143 2197 4205 continuo
2226 4145 2396 4199 illum
2438 4145 2698 4199 sensisse
2729 4144 3053 4200 existimes.
3091 4143 3377 4215 Loquitur
3397 4144 3561 4215 enim

1905 4221 1980 4276 de
2011 4218 2254 4293 publica
2287 4223 2344 4271 et
2373 4217 2920 4293 nota,_inte_graque
2942 4214 3205 4272 hominis
3230 4222 3347 4293 tam
3370 4214 3566 4293 quoad

1906 4286 2124 4363 corpus
2143 4305 2334 4363 quam
2367 4287 2579 4363 quoad
2590 4286 2883 4363 animam,
2917 4290 3425 4363 remuneratione
3475 4286 3567 4343 vel

1905 4360 2104 4437 poena.
2139 4360 2365 4437 Deinde
2423 4360 2704 4437 gentiles,
2734 4377 2882 4437 quos
2914 4360 2976 4415 in
3000 4360 3111 4416 hac
3143 4360 3413 4437 oratione
3443 4365 3567 4415 tota

1907 4432 2097 4507 usque
2130 4433 2203 4488 ad
2235 4449 2399 4507 num.
2433 4432 2846 4507 H_refel_lit,ita
2874 4433 3374 4507 resurrectionem
3393 4448 3567 4504 nega-

270 4500 398 4560 rod'.
416 4500 780 4577 particulam
815 4500 909 4574 μὲν
942 4508 1080 4577 post
1110 4500 1247 4577 τέως
1277 4504 1791 4577 adjeci_mus.Loco
1822 4512 1869 4577 D
1902 4500 2070 4574 bant,
2103 4510 2169 4560 ut
2199 4504 2376 4559 etiam
2409 4505 2625 4577 animm
2658 4505 3173 4577 immortalitatem
3204 4500 3560 4559 inficiaren-

130 4580 322 4637 αὐτοῖς
356 4573 601 4640 τελείως,
658 4577 772 4630 Roe
823 4580 880 4630 et
936 4573 1209 4643 Casaub.,
1270 4573 1608 4646 αὐτοτελῶς,
1667 4596 1791 4635 non

132 4650 311 4707 male.
348 4650 466 4703 Hoc
497 4647 657 4702 enim
682 4645 1152 4722 verbumralteri,
1189 4651 1454 4721 μερικῶν,
1488 4645 1791 4722 opponere

134 4723 309 4788 solet,
342 4725 409 4776 ut
436 4725 548 4789 cat.
584 4723 669 4789 17,
703 4734 867 4775 num.
900 4721 988 4783 12,
1021 4719 1107 4773 14.

207 4797 285 4864 (3)
317 4787 725 4864 Καταόικάζεις,
759 4790 1015 4864 Omnino
1047 4790 1132 4846 ita
1160 4790 1583 4864 le_gendum,ut
1612 4799 1701 4864 est
1732 4794 1792 4850 in

138 4862 481 4946 codd._fioe,
514 4862 787 4946 gasa‘ub“
821 4862 1012 4946 Bodl,
1046 4862 1275 4934 Morel.,
1330 4881 1450 4920 non
1507 4862 1796 4920 καταδικά-

144 4944 245 5007 ζει,
277 4943 345 4994 ut
371 4935 433 4992 in
464 4934 605 4990 edit.
641 4935 867 4990 Prevot.
903 4940 961 4989 et
988 4951 1156 5016 seqq.

214 5012 293 5081 (4)
324 5008 613 5064 Ἐκγοπέν.
649 5007 1141 5081 Ita_reposuimus
1164 5023 1235 5062 ex
1267 5007 1359 5081 ed.
1394 5008 1595 5081 Morel.
1615 5014 1679 5081 et
1700 5010 1792 5065 ed.

146 5077 290 5140 ann.
326 5082 482 5149 1608,
515 5095 584 5134 ac
614 5078 786 5134 codd.
832 5077 1009 5135 ’Colb.
1070 5084 1131 5133 et
1185 5079 1373 5147 Bodl.,
1427 5080 1557 5136 loco
1610 5079 1794 5135 ἐπικο-

142 5155 262 5210 πέν.
296 5153 384 5207 Ita
413 5150 726 5223 scripsisse
754 5150 1047 5223 Cyrillum
1072 5150 1303 5219 suadet,
1339 5156 1395 5206 1ο
1444 5151 1602 5223 quod
1659 5169 1798 5223 mox

142 5227 302 5283 idem
329 5220 572 5304 verbum
603 5221 836 5304 homini
889 5221 1200 5304 applicans
1248 5220 1480 5304 scribit,
1530 5220 1796 5304 ἐκκοπείς’

144 5304 204 5355 2o
235 5296 393 5368 quod
418 5295 730 5368 perspicue
760 5292 1079 5368 alluditad
1105 5294 1301 5368 locum
1332 5296 1462 5368 Jobi
1494 5310 1529 5351 a
1559 5313 1621 5368 se
1652 5297 1800 5353 cita-

147 5363 274 5426 tum
298 5363 461 5442 num,
500 5363 684 5442 lii—hin
716 5382 831 5437 quo
892 5364 1194 5432 scribitur,
1234 5363 1341 5442 _i:a‘zv
1398 5366 1526 5442 xap_
1565 5363 1795 5442 ἐκκοπῇ·

147 5446 206 5500 3°
238 5439 394 5513 quod
425 5439 497 5513 de
525 5436 738 5513 arbore
755 5453 877 5513 non
897 5443 1136 5513 putata,
1149 5437 1253 5493 sed
1286 5436 1483 5495 excisa
1511 5436 1800 5513 loquitur,

148 5505 270 5573 cui'
297 5512 485 5585 magis
537 5509 788 5585 verbum
848 5505 1226 5581 ἐιῖκὸπτεσθαι,
1277 5527 1456 5583 quam
1514 5505 1805 5567 ἐπῖκόπτεέ.

151 5588 271 5641 σθαι
301 5583 596 5642 convenit.

228 5658 304 5731 (5)
328 5660 590 5731 Nisipost
637 5652 780 5731 lianc
809 5655 1004 5723 vitam,
1059 5658 1172 5710 etc.
1233 5655 1335 5731 His
1393 5672 1524 5728 quae
1576 5656 1695 5731 hic,
1746 5661 1806 5714 et

154 5723 324 5789 num.
366 5732 391 5784 1
426 5723 613 5799 ac”,
646 5724 718 5799 de
740 5723 1048 5799 bonorum
1075 5727 1339 5799 praemiis
1393 5723 1452 5783 et
1504 5723 1805 5786 malorum

157 5801 463 5884 suppliciis
492 5796 1210 5868 dicit,videturnulla_nisi
1242 5804 1378 5874 post
1391 5799 1689 5875 judicium
1703 5817 1805 5876 ge-

1904 4585 2040 4644 tur;
2066 4578 2149 4632 ita
2165 4581 2251 4639 ut.
2284 4576 2790 4647 quemadmodum
2835 4593 2908 4648 ex
2938 4577 3050 4632 hoc
3072 4576 3201 4648 ipso
3224 4577 3355 4632 loco
3383 4582 3565 4648 patet,

1904 4650 2138 4706 sublata
2158 4647 2861 4719 resurrectione,nullum
2872 4647 3170 4719 judicium
3194 4648 3284 4703 vel
3305 4647 3565 4702 retribu-

1903 4723 1982 4778 tio
2025 4725 2395 4793 sequeretur.
2419 4725 2784 4793 Argumento
2808 4718 2988 4793 igitur
3014 4735 3221 4793 eorum
3252 4719 3563 4793 sententia;

1904 4790 2315 4851 conveniente,
2338 4790 2841 4846 resurrectionem
2869 4807 2940 4845 ex
2961 4790 3174 4862 judicii
3206 4790 3562 4847 necessitate

1904 4866 2136 4946 probat.
2170 4863 2393 4946 Impios
2424 4868 2623 4946 autem
2655 4863 2872 4946 statim
2888 4868 3024 4933 post
3049 4867 3305 4943 mortem
3354 4878 3560 4946 pennas

1907 4932 2048 4994 dare
2067 4932 2388 5029 ,per‘spicue
2419 4935 2594 5029 dgcet
2609 4951 2779 5029 num.
2815 4936 2911 5029 if;
2928 4949 3030 5029 eo‘s
3049 4933 3208 5029 enim
3224 4932 3559 5029 μαστιζομέ-

1904 5029 2030 5070 νους
2054 5004 2420 5081 ἀποδύρεσθαι
2454 5006 2706 5081 ﬂagellis
2739 5005 3078 5081 verberatos
3105 5004 3418 5076 deplorare
3439 5011 3562 5081 tra-

1910 5081 2016 5147 dit,
2047 5086 2113 5136 ut
2142 5078 2416 5136 omittam
2448 5078 2608 5151 quod
2650 5078 2824 5151 docet
2868 5082 2979 5132 cat.
3015 5079 3102 5144 23,
3131 5093 3298 5134 num.
3332 5081 3363 5133 9
3395 5084 3454 5132 et
3478 5079 3565 5151 10,

1907 5158 2147 5211 sanctos
2180 5152 2282 5223 qui
2308 5166 2441 5207 cum
2470 5149 2734 5223 peccatis
2765 5150 3390 5223 decessere,tanquam
3410 5150 3564 5205 exsi-

1910 5226 1990 5282 lio
2020 5230 2076 5280 et
2107 5220 2296 5297 pmhis
2329 5240 2362 5279 a
2383 5220 2501 5278 Deo
2536 5221 2839 5288 multatos,
2873 5220 3241 5297 orationibus
3290 5221 3561 5297 ﬁdelium

1912 5292 2229 5364 sublevari,
2262 5300 2553 5365 martyres
2579 5309 2735 5361 vero,
2778 5292 3177 5365 patriarchas,
3217 5294 3560 5365 prophetas,

1912 5367 2372 5442 apostolos,_tali
2403 5364 2561 5436 apud
2592 5364 3002 5442 l_)eu_r_n’quiete
3032 5364 3410 5442 gauderefut
3458 5383 3559 5422 eo-

1912 5435 2044 5497 rum
2076 5438 2352 5513 precibus
2382 5435 2840 5513 et’Aorationibus—
2865 5435 3069 5513 nostra
3098 5435 3171 5492 ad
3199 5438 3561 5513 Deum_sup-

1911 5509 2154 5591 plicatio
2185 5515 2427 5591 accepta
2444 5509 2566 5591 ﬂat.
2600 5510 2717 5591 Hos
2756 5509 3186 5591 autem‘justos,
3220 5516 3280 5591 et
3308 5509 3563 5591 quicun-

1913 5580 2029 5665 que
2061 5586 2123 5665 in
2156 5580 2350 5665 gratia
2367 5580 2686 5665 decedunt,
2702 5581 2765 5635 in
2779 5580 3134 5665 paradisum
3154 5587 3290 5665 post
3310 5580 3566 5665 mortem

1912 5652 2245 5723 transferri,
2268 5654 2453 5710 fuisse
2482 5652 2713 5726 videtur
2742 5652 2872 5726 ejus
2898 5653 3123 5725 opinio,
3154 5652 3562 5726 cat.ii3,num.

1914 5729 2002 5799 31,
2036 5733 2150 5785 cat.
2184 5730 2239 5796 5,
2264 5742 2432 5783 num.
2468 5728 2555 5799 10,
2588 5723 2797 5799 donec,
2833 5723 3044 5799 omnes
3093 5726 3154 5781 in
3185 5725 3400 5799 omium
3426 5742 3562 5783 cum

1912 5796 2263 5875 corporibus
2294 5796 2750 5867 transferantur,
2783 5797 2959 5863 infra,
2996 5813 3161 5854 num.
3195 5798 3280 5859 19.
