3932 6360
116 353 282 416 1025

757 352 1239 417 CATECHESIS
1280 353 1495 415 XVIII.
1540 353 1643 413 DE
1686 352 1971 414 CARNIS
2020 351 2708 427 RESURRECTIONE,
2756 355 2928 417 ETC.

3396 360 3554 423 1026

112 488 222 538 τῶν
258 481 536 558 ἐμψύχων
595 480 833 559 λογιγῶν
887 481 1202 556 πιστεύσῃς.
1262 483 1418 551 Εἶτα,
1482 484 1635 555 μυῖαι
1690 481 1771 535 καῖ

1966 497 2089 549 ens,
2126 481 2197 535 de
2228 480 2511 536 animatis
2541 481 2773 539 ratione
2794 484 3061 556 praeditis
3084 487 3558 546 crederesDein-

115 571 383 645 μέλισσαι
415 571 498 636 εἰς
523 568 691 628 ὕδατα
728 568 1002 635 πολλάκις
1049 571 1454 647 ἀποπνιγεῖσαι,
1489 571 1604 644 μεθ’
1638 567 1782 646 ὥραν

112 662 444 734 ἀνέστησαν·
478 661 570 716 καὶ
606 660 822 735 μυοξῶν
869 662 1023 736 γὲνη,
1072 664 1359 736 χειμῶνος
1417 660 1645 731 ἀκίνητα
1680 657 1783 732 μὲ-

112 773 303 825 νοντα,
359 750 415 807 ἰν
477 750 619 827 θὲρει
671 748 864 806 λοιπὸν
924 749 1239 821 ἀνέστησαν·
1299 747 1513 825 (εὐτελῆ
1564 749 1666 824 γάρ
1698 769 1783 803 σοι

112 847 378 912 νοοῦντι,
419 839 777 916 παραπλήσια
826 838 1037 896 δίδοται
1092 841 1159 895 τὰ
1208 836 1621 915 ὑποδείγματα)’
1667 839 1694 894 6
1727 835 1786 893 δὲ

110 938 237 995 τοῖς
265 930 500 1007 ἀλόγοις
529 931 617 985 καὶ
676 929 1128 1004 ἐξουθενωμὲνοις
1177 930 1240 986 τὸ
1274 933 1369 1004 ζῇν
1401 929 1782 1005 παρεχόμενος

116 1023 258 1096 ὑπὲρ
292 1020 475 1099 φύσιν,
507 1021 537 1074 6
558 1019 722 1082 αὐτὸς
753 1019 857 1095 ἆρα
884 1021 1043 1093 ἡμῖν,
1080 1016 1150 1074 δι’
1196 1014 1287 1081 οὕς
1338 1017 1559 1073 κάκεινα
1589 1016 1783 1087 ἐποίη-

113 1132 231 1183 σεν,
268 1112 339 1167 οὐ
369 1110 655 1186 χαρίζεται
677 1130 694 1180 ς

189 1294 279 1351 Η“.
343 1288 521 1349 Ἀλλά
571 1295 825 1361 ζητουσιν
900 1290 1174 1360 ’Έλληνες
1231 1293 1435 1365 νεκρῶν
1493 1288 1780 1343 ἀνάστασιν

110 1377 202 1437 ἔτι
233 1379 493 1456 φανεράν·
537 1379 629 1434 καὶ
660 1399 820 1457 φασιν
885 1378 967 1434 ὅτι
1028 1379 1079 1434 εἴ
1132 1379 1222 1434 καὶ
1274 1377 1539 1455 ὶγείρεται
1595 1382 1782 1447 ταῦτα,

113 1471 250 1528 ἀλλ’
282 1471 390 1526 οὐκ
416 1466 588 1539 ἐσάπη
615 1467 919 1531 παντελῶς·
976 1468 1067 1524 καὶ
1129 1472 1381 1539 ζητοῦσιν
1416 1466 1549 1524 ἰδεῖν
1599 1472 1782 1545 σαφῶς

119 1557 411 1624 παντελῶς
456 1563 560 1628 ζῶν
616 1559 780 1614 σαπὶν
837 1556 929 1613 καὶ
986 1557 1239 1615 ἀναστάν.
1299 1555 1452 1628 ’ᾘδει
1512 1558 1642 1619 Θεὸς
1674 1560 1780 1612 τῶν

128 1650 432 1724 ἀνθρώπων
471 1650 572 1720 τὴν
632 1647 908 1717 ἀπιστίαν,
966 1649 1055 1704 καὶ
1116 1646 1303 1725 ὄρνεον
1332 1646 1407 1711 εἷς
1435 1652 1599 1704 τοῦτο
1654 1668 1785 1703 κατ-

121 1739 411 1816 ειργάσατο
441 1780 457 1806 ,
535 1738 753 1816 φοίνικα
812 1735 957 1793 οὕτω
1002 1738 1343 1813 καλούμενον
1380 1781 1395 1796 .
1442 1742 1612 1793 Τοῦτο
1645 1781 1661 1809 ,
1710 1737 1785 1799 ὡς

113 1834 321 1909 γράφει
368 1831 635 1906 Κλήμης,
692 1830 784 1886 καὶ
824 1832 1120 1932 ἀστοριοῦσι
1179 1829 1455 1932 πλείονες,
1488 1829 1780 1932 μονογενὲς
1814 1865 1860 1932 Β

112 1923 400 1998 ὑπάρχον,
433 1923 569 1977 κατά
616 1923 718 1991 τὴν
772 1920 1084 1997 Αἰγυπτίων
1144 1922 1332 1997 χώραν
1391 1920 1442 1976 ἰν
1499 1916 1779 1997 περιόδοις

108 2010 494 2067 πεντακοσίων
540 2010 674 2067 ἐτῶν
736 2009 1064 2087 ἐρχόμενον,
1122 2007 1352 2066 δείκνυσι
1406 2010 1505 2079 τήν
1560 2007 1784 2065 ἀνάστα-

110 2121 223 2157 σιν·
253 2102 362 2157 οὖκ
393 2100 446 2157 ὲν
490 2100 722 2177 ἐρήμοις
777 2101 991 2171 τόποις,
1020 2101 1115 2156 ἳνα
1175 2101 1251 2174 μὴ
1308 2100 1550 2176 ἀγνοηϐῇ
1579 2099 1642 2156 τὸ
1678 2122 1780 2173 μυ-

114 2193 346 2266 στήριον
407 2189 694 2266 γινόμενον
723 2192 820 2264 (1)’
856 2188 984 2246 ἀλλ’
1036 2188 1090 2245 ἐν
1151 2194 1351 2268 φτνερῇ
1410 2188 1569 2246 πόλει
1604 2209 1779 2263 παρα-

110 2281 441 2356 γενόμενον,
498 2280 591 2335 ἳνα
638 2278 943 2358 ψηλσφηθῆ
998 2280 1062 2335 τὸ
1119 2278 1540 2353 ἀπιστούμενον.
1601 2279 1780 2350 Σηκὸν

114 2372 219 2446 γὰρ
267 2372 440 2445 ἔαυτῇ
499 2376 735 2440 ποιῆσαν
786 2368 848 2426 ἐκ
897 2364 1129 2425 λιϐάνου
1184 2370 1273 2425 καὶ
1332 2370 1579 2445 σμύρνης
1615 2414 1629 2441 ,
1685 2369 1778 2424 καὶ

114 2459 337 2515 λοιπῶν
399 2460 709 2535 ἀρωμάτων
745 2478 758 2491 ·
840 2457 933 2514 καί
989 2458 1043 2514 ἐν
1099 2462 1169 2533 τῇ
1228 2457 1626 2533 συμπληρώσει
1668 2462 1779 2513 τῶν

113 2549 249 2605 ἐτῶν
281 2548 363 2613 εἷς
402 2553 595 2605 τοῦτον
649 2551 723 2622 (2)
778 2547 1044 2617 εἰσελθὸν,
1101 2547 1329 2620 τελευτᾷ
1385 2552 1630 2625 φανερῶς
1685 2548 1774 2603 καὶ

114 2642 353 2710 σήπεται
382 2639 539 2706 Εἶτα,
571 2639 629 2695 ἐκ
677 2645 779 2708 τῆς
836 2638 1097 2710 σαπείσης
1148 2639 1347 2714 σαρκὸς
1374 2643 1471 2693 τοῦ
1517 2636 1780 2709 τελευτή-

119 2750 340 2801 σαντος,
400 2727 625 2799 σκώληξ
681 2749 766 2790 τις
808 2734 1075 2803 γεννᾶται·
1137 2728 1228 2783 καὶ
1283 2728 1442 2791 οὗτος
1499 2727 1775 2801 αὐξηθεὶς,

114 2819 191 2881 εἷς
246 2819 439 2892 ὖρνεον
500 2821 802 2895 μορφοῦται
858 2819 959 2891 (μὴ
1010 2817 1311 2893 ἀπιστήσῃς
1341 2815 1399 2874 δὲ
1426 2817 1627 2891 τούτῳ⁵
1686 2818 1776 2874 καὶ

112 2911 219 2985 γὰρ
272 2908 345 2964 τά
405 2906 682 2981 μελισσῶν
737 2909 1045 2983 γεννήματα
1103 2906 1248 2963 οὕτω
1310 2906 1529 2984 βλέπεις
1574 2906 1636 2964 ἐκ
1670 2913 1780 2963 τῶν

113 2998 427 3069 σκωλήκων
476 3017 815 3076 μορφυμενα’
868 2997 959 3053 καὶ
991 2997 1042 3071 ἐξ
1074 2995 1197 3053 ὠῶν
1260 2998 1575 3073 ὑγροτάτων
1610 2997 1777 3063 ἐθεώ-

116 3109 291 3164 ρησας
351 3088 553 3162 ὁρνὲων
599 3086 769 3163 πτερά
822 3086 914 3142 καὶ
971 3086 1132 3142 ὀστέα
1186 3087 1277 3142 καὶ
1336 3091 1498 3161 νεῦρα
1555 3087 1775 3164 ἐξερχό-

110 3180 296 3250 μενα)·
363 3176 522 3247 Εἶτα,
579 3178 961 3254 πτεροφυήσας
1014 3177 1043 3231 ὁ
1114 3177 1518 3252 προειρημένος
1576 3178 1775 3255 φοίνιξ,

1897 572 1991 639 de,
2023 589 2243 627 muscae
2276 578 2334 626 et
2361 587 2502 643 apes
2544 572 2873 644 saepissime
2906 575 2967 630 in
3024 577 3197 647 aquis
3253 579 3553 635 suffocatus

1894 666 2031 733 post
2059 661 2262 717 horam
2293 661 2687 730 reviviscunt;
2724 678 2793 718 ac
2842 663 3136 721 bufonum
3165 682 3386 739 genera
3415 685 3552 725 cum

1894 751 2093 806 hieme
2118 750 2452 807 immobilia
2482 758 2767 808 maneant
2794 754 2891 824 (4),
2920 754 2981 808 in
3015 761 3218 812 asstate
3264 757 3548 831 deinceps

1895 846 2282 914 consurgunt.
2310 840 2381 910 (9°
2410 842 2535 896 Tibi
2568 842 2728 897 enim
2760 842 2899 899 vilia
2923 850 2983 899 et
3012 845 3266 903 humilia
3294 849 3556 921 cogitan-

1894 931 1960 998 ti,
1996 930 2216 986 similia
2240 930 2459 986 dantur
2488 948 2687 986 rerum
2719 934 3035 1005 exempla.)
3066 936 3173 1000 Qui
3204 942 3405 992 autem
3456 955 3542 995 ra-

1894 1021 2057 1077 tione
2089 1020 2387 1076 destitutis
2421 1026 2479 1075 et
2508 1021 2971 1094 despicabilibus
2989 1024 3167 1080 rebus
3196 1026 3376 1083 vitam
3408 1045 3552 1099 pra:-

1893 1110 1995 1167 bet
2026 1127 2206 1183 supra
2236 1115 2533 1178 naturam,
2593 1128 2796 1168 nonne
2854 1113 3013 1168 idem
3071 1114 3267 1184 nobis,
3309 1122 3553 1190 prOpter

1896 1218 2046 1273 quos
2079 1202 2257 1256 etiam
2290 1202 2426 1257 illas
2455 1202 2613 1270 fecit,
2649 1219 3042 1260 concessurus
3073 1205 3210 1260 est?

1964 1290 2111 1345 X111.
2152 1292 2365 1346 Verum
2392 1290 2586 1347 adhuc
2614 1293 2929 1363 requirunt
2951 1294 3133 1350 Graeci
3166 1296 3549 1369 conspicuam

1893 1386 2266 1436 mortuorum
2296 1382 2817 1453 resurrectionem,
2850 1384 3161 1456 aiuntque,
3188 1386 3421 1442 etiamsi
3454 1406 3548 1444 res

1893 1469 2071 1526 modo
2102 1476 2446 1526 memerataa
2474 1478 2809 1545 resurgant,
2840 1490 2960 1528 non
2994 1478 3193 1530 tamen
3217 1477 3454 1546 penitus
3488 1478 3550 1532 in

1893 1559 2272 1632 putredinem
2329 1560 2622 1616 abivisse:
2667 1568 2991 1634 aperteque
3047 1564 3247 1619 videre
3306 1567 3555 1637 cupiunt

1893 1649 2120 1706 animal
2150 1651 2390 1721 penitus
2446 1650 2842 1722 putrefactum
2903 1653 3063 1723 quod
3121 1656 3539 1712 resurrexerit.

1895 1742 2144 1795 Noverat
2172 1741 2326 1796 Deus
2354 1741 2507 1796 hanc
2539 1740 2853 1797 hominum
2876 1743 2936 1797 in
2969 1742 3265 1799 credendo
3290 1746 3556 1817 pervica-

1894 1829 2264 1901 ciam,atque
2294 1830 2369 1886 ad
2402 1830 2464 1884 id
2492 1847 2658 1886 avem
2690 1833 3054 1904 comparavit
3082 1834 3419 1905 phmnicem
3452 1853 3553 1908 ap-

1890 1919 2196 1992 pellatam.
2222 1920 2379 1984 Haec,
2411 1926 2477 1976 ut
2499 1920 2709 1976 scribit
2728 1921 3005 1978 Clemens
3031 1923 3364 1996 (Ei),aliique
3388 1943 3553 1981 com-

1887 2009 2093 2081 plures
2122 2014 2364 2064 nrrront
2392 2010 2491 2081 (6),
2524 2026 2661 2066 cum
2694 2011 2769 2065 sit
2812 2010 2901 2065 sui
2959 2012 3197 2083 generis
3255 2014 3451 2083 unica,
3486 2016 3549 2086 in

1886 2099 2290 2171 Egyptiorum
2345 2100 2651 2171 regionem
2708 2100 3159 2173 quadringentis
3213 2103 3550 2176 quibusque

1888 2189 2065 2246 annis
2095 2188 2438 2257 adveniens,
2471 2189 2971 2246 resurrectionem
3002 2191 3302 2263 ostendit;
3335 2209 3455 2249 non
3486 2194 3550 2250 in

1888 2279 2139 2335 desertis
2170 2279 2336 2346 locis,
2369 2296 2443 2334 ne
2474 2296 2570 2334 res
2601 2279 2705 2335 illa
2736 2280 3087 2351 mysterium
3117 2281 3272 2338 facta
3301 2283 3548 2351 lateret;

1887 2370 1993 2425 sed
2023 2369 2085 2425 in
2115 2370 2261 2425 urbe
2312 2370 2636 2441 conspicua
2665 2370 2762 2443 (7),
2823 2377 3183 2442 praesentem
3217 2390 3279 2429 se
3308 2374 3551 2444 sistens,

1886 2460 1973 2514 uti
2005 2476 2187 2515 manu
2218 2464 2621 2515 contrectetur
2651 2476 2748 2515 res
2781 2476 2913 2532 quas
2945 2461 3170 2533 alioqui
3202 2463 3380 2518 fidem
3427 2481 3549 2520 non

1886 2549 2200 2606 inveniret.
2235 2551 2407 2605 Facto
2432 2550 2591 2605 enim
2617 2549 2729 2605 sibi
2750 2567 2818 2605 ex
2841 2551 3039 2620 thure,
3071 2553 3336 2624 myrrha,
3363 2560 3547 2609 caste-

1886 2640 2089 2712 risque
2121 2640 2488 2696 aromatibus
2519 2640 2684 2708 nido,
2703 2640 2765 2696 in
2800 2641 2959 2697 hunc
2988 2642 3223 2713 expleto
3250 2660 3548 2701 annorum

1886 2730 2186 2787 curriculo
2218 2730 2582 2803 ingrediens,
2612 2731 2865 2786 moritur
2905 2732 3126 2803 palam,
3160 2748 3227 2788 ac
3260 2736 3552 2805 putrescit

1887 2822 2113 2878 Deinde
2145 2837 2213 2876 ex
2248 2820 2581 2891 putrefacta
2610 2819 2937 2877 demortuis
2969 2822 3091 2878 avis
3123 2839 3299 2878 carne
3331 2826 3546 2880 vermis

1886 2911 2131 2982 quidam
2160 2911 2487 2980 enascitur,
2547 2910 2762 2981 hicque
2795 2917 3179 2984 augmentum
3209 2914 3451 2985 capiens
3482 2915 3544 2970 in

1886 3001 2185 3057 volucrem
2218 3000 2644 3056 conformatur.
2676 2999 2828 3056 289
2862 3002 2963 3072 (Ne
3021 3003 3107 3056 rei
3139 3003 3235 3057 isti
3268 3003 3545 3060 detrahas

1888 3090 2107 3159 ﬁdem;
2139 3106 2281 3147 nam
2313 3094 2372 3144 et
2398 3106 2579 3161 apum
2609 3089 2847 3145 soboles
2880 3091 3089 3147 eodem
3141 3093 3319 3148 modo
3351 3094 3547 3150 cernis

1887 3198 1958 3237 ex
1987 3180 2286 3237 vermibus
2303 3179 2637 3236 informari:
2662 3184 2840 3252 atque
2873 3198 2944 3237 ex
2973 3181 3391 3253 liquidissimis
3424 3185 3547 3240 ovis

101 3243 193 3323 iui
252 3243 516 3333 "etiam,
552 3243 694 3329 οἶος.
824 3243 1171 3342 ἀπρότερος,
1233 3243 1408 3344 φοίνιξ
1462 3243 1771 3341 γενόμενοςλ

1959 3271 2194 3326 lucrum
2225 3287 2476 3343 pennas,
2501 3286 2658 3337 ossa,
2690 3275 2750 3325 et
2770 3287 2984 3327 nervos
3017 3273 3391 3345 erumpentia
3408 3291 3547 3329 con-

104 3358 404 3412 ἀνιπταται
462 3360 715 3418 τοιοῦτος
756 3358 834 3429 (3)
866 3355 943 3418 εἷς
1002 3355 1132 3429 ἀέρα
1190 3357 1303 3419 οἶος
1350 3355 1448 3433 ¹καὶ
1502 3355 1776 3412 ἐτετελευ-

97 3450 289 3518 τήκει·
325 3445 662 3526 σαφεστάτην
717 3450 916 3523 νεκρῶν
976 3444 1262 3502 ἀνάστασιν
1319 3446 1626 3523 ἀνθρώποις
1658 3446 1777 3502 lm-

171 3574 224 3612 99
262 3575 394 3631 Vid.
428 3591 579 3646 supr.
614 3591 676 3631 n.
698 3577 753 3631 2.

177 3708 265 3775 (t)
303 3703 376 3756 Τὸ
422 3703 722 3776 μυστήριον
772 3697 1086 3776 γινόμενον.
1143 3705 1290 3760 Cum
1333 3704 1624 3760 alterutra.
1657 3704 1771 3776 pha-

177 3723 265 3775 (ι)
316 3723 376 3756 ιο
422 3723 722 3776 μυστηριον
812 3723 1086 3776 ινομενον.
1143 3723 1290 3760 uum
1333 3723 1624 3760 alterutra
1665 3723 1771 3759 na-

99 3794 254 3833 rum
310 3792 513 3848 vocum
566 3723 907 3833 redundare
956 3776 1276 3843 videretur,
1308 3775 1771 3848 primaomissa

101 3855 201 3906 est
232 3849 297 3903 in
334 3847 501 3905 codd.
535 3848 727 3905 Ottob.
764 3852 816 3917 2,
862 3851 981 3904 Roe
1031 3854 1090 3903 et
1134 3848 1426 3915 Casaub.;
1478 3847 1665 3903 altera
1709 3849 1770 3903 in

93 3920 302 3987 Colb.,
339 3920 526 3993 Bod1.,
581 3920 782 3976 Morel.
836 3928 896 3975 et
939 3920 1115 3975 Grod.
1146 3921 1318 3975 Forte
1348 3919 1690 3993 legendum,
1715 3917 1766 3973 ἐν

98 3990 421 4067 μυστηρίῳ,
555 4000 778 4067 secreta
823 3994 1117 4049 Caeterum
1163 4009 1274 4049 vox
1328 3990 1771 4067 παραγενόμενον

99 4058 382 4122 τοῖοι-ἴω(
406 4058 481 4121 ad
509 4067 671 4119 τοῦτο
700 4058 910 4122 ὄρνεον.

175 4134 391 4210 (2)
442 4139 660 4210 τοῦτον.
720 4134 1060 4210 Habebatur
1110 4135 1433 4210 inpeditis,
1485 4137 1769 4205 τοσοῦτον,

100 4208 191 4264 ex
211 4208 390 4264 codd.
428 4208 617 4265 Ottob.
648 4211 681 4262 2
711 4214 769 4264 et
793 4208 958 4264 Bodl.
1008 4208 1378 4280 scripsimus,
1408 4210 1629 4262 'toii'rov'
1672 4226 1767 4264 ac-

95 4281 336 4337 cedunt
369 4282 506 4346 Boe,
529 4281 773 4337 Casaub.
805 4288 863 4335 et
882 4280 1078 4337 Ottob.
1102 4283 1126 4335 Ι
1155 4280 1437 4344 ferentes,
1468 4282 1651 4334 τοῦτο.
1678 4280 1771 4335 Li-

95 4370 224 4409 nea
262 4352 564 4425 sequenti,
615 4352 714 4408 ubi
765 4352 1115 4425 scripsimus
1161 4348 1606 4425 insecundum
1638 4352 1770 4425 cod.

98 4425 277 4482 Bodl.
314 4422 375 4481 et
404 4423 621 4493 Ottob.,
679 4425 741 4480 in
790 4422 1040 4496 vulgatis
1082 4423 1434 4495 habebatur,
1480 4422 1592 4481 καί.
1626 4424 1765 4480 Cod.

97 4497 277 4552 Colb.
315 4502 596 4552 neutrum
625 4497 910 4552 moscit.

179 4569 258 4650 (β)
305 4569 591 4650 ξΓοιοξότος.
634 4566 780 4623 Huic
813 4568 1081 4650 nomini.
1110 4568 1438 4650 praefigitur
1491 4568 1574 4650 in‘
1596 4566 1771 4650 editis

104 4640 401 4696 articulus
433 4639 481 4709 6,
517 4656 693 4712 quem
724 4640 894 4695 codd.
930 4639 1128 4696 OttobI
1174 4639 1513 4712 utriusque_
1535 4640 1676 4712 Roe,
1715 4643 1774 4693 et

107 4712 363 4768 Casaub.
398 4708 751 4767 auctoritate
786 4712 1159 4768 sustulimus.
1196 4715 1259 4767 In
1291 4708 1465 4766 verbo
1498 4708 1774 4763 ἐτετελευ-

116 4785 303 4857 τήκει,
332 4789 751 4857 augmentum,
774 4784 934 4856 quod
965 4784 1037 4839 ab
1059 4783 1517 4857 editisaliisque
1548 4782 1776 4857 codici-

110 4850 220 4911 bus
250 4850 442 4923 abest',
480 4850 878 4911 substituifln
912 4854 1191 4911 Genovef.
1244 4850 1517 4919 habetur,
1555 4850 1774 4907 ἐτελεύ-

106 4947 260 4996 τησε.
324 4930 392 4985 ln
427 4928 718 4983 ambobus
750 4926 972 4994 Ottob.,
1028 4923 1433 4994 τετελεύτηκεν.
1465 4928 1604 4981 Post
1632 4926 1769 4979 ϐαυ-

113 5000 338 5068 μαστόν,
371 4999 724 5071 particulam
767 4997 862 5069 μὲν
902 5016 974 5055 ex
1020 4998 1188 5055 codd.
1243 4999 1384 5068 Roe,
1435 4997 1662 5055 Casaub
1713 5003 1772 5054 et

114 5072 288 5127 Grod.
325 5072 387 5127 in
420 5078 643 5128 textum
671 5071 940 5142 ascripsi.

172 5156 181 5193 έ
198 5146 253 5214 4)
282 5146 564 5213 Bufonum
594 5160 814 5213 genera.
832 5140 1422 5214 ’Lexicographorum
1440 5140 1768 5214 multorum

112 5212 525 5272 auctoritatem
558 5220 797 5271 secutus
824 5230 976 5282 sum,
1006 5212 1081 5268 ut
1103 5212 1193 5266 τὸν
1231 5212 1425 5284 μυοξόν
1454 5212 1769 5284 redderem

113 5304 212 5358 per
243 5289 521 5358 bufonem.
557 5287 893 5342 Petavimus
922 5302 1124 5358 mures,
1150 5282 1386 5358 Alpinos
1417 5286 1610 5349 vertit,
1642 5282 1770 5347 τοὺς

114 5357 367 5431 μυοξούς,
402 5376 551 5431 quos
582 5358 950 5431 Epiphanius
991 5357 1510 5431 Anchoratipnum.
1544 5358 1770 5431 83,_sex

107 5427 352 5489 menses
384 5427 557 5495 mori,
592 5427 649 5486 et
675 5427 882 5501 postea
910 5428 1259 5485 reviviscere
1312 5429 1399 5501 in,
1430 5427 1769 5501 exemplum

108 5506 391 5560 humanas
416 5500 873 5559 resurreCtionis
892 5507 1204 5558 memorat.
1230 5500 1484 5572 Cyrillus
1503 5500 1771 5572 loquitur

107 5577 179 5633 de
211 5575 577 5633 animalibus
624 5575 685 5629 in
719 5574 851 5645 ipsa
870 5573 1174 5645 provincia
1204 5573 1400 5628 notis:
1437 5573 1767 5645 meritoque

109 5650 419 5706 dubitatur
450 5663 598 5703 num
630 5646 692 5701 in
724 5644 1043 5702 Palaastina
1072 5646 1413 5701 viderentur
1439 5661 1640 5700 mures
1667 5644 1769 5700 Al-

100 5722 250 5796 pini.
286 5723 443 5788 Quos
474 5718 706 5776 Plinius
747 5717 853 5774 lib.
883 5733 984 5773 vni
1030 5719 1174 5777 Hist.
1225 5717 1473 5774 natural.
1507 5733 1637 5792 cap.
1675 5718 1766 5785 37,

1893 3360 2186 3432 spexisti.)
2226 3360 2447 3415 Deinde
2502 3360 2757 3431 phmnici
2819 3361 3103 3433 praidicto
3164 3370 3550 3421 succrescunt

1888 3465 2141 3522 penum;
2185 3449 2623 3520 perfectasque,
2655 3450 2852 3520 qualis
2909 3457 3037 3507 erat
3064 3453 3248 3523 prior,
3306 3453 3549 3526 phcenix

1880 3705 2055 3761 hieme
2072 3720 2280 3761 revera
2308 3704 2478 3778 condi
2492 3703 2738 3778 _ait,_sed
2770 3706 3033 3778 alimento
3062 3710 3121 3763 in
3155 3725 3373 3778 specum
3416 3726 3546 3766 con-

1878 3784 2076 3832 vecto:
2135 3792 2270 3831 cum
2328 3774 2635 3846 Cyrilliani
2695 3776 2883 3848 μυοξοί
2944 3778 3071 3833 sine
3130 3774 3295 3835 motu
3352 3781 3540 3837 aliove

1880 3849 2011 3903 vitze
2045 3849 2213 3920 signo
2244 3854 2619 3903 mortuorum
2653 3848 2842 3904 instar
2880 3858 3215 3907 manerent.
3249 3853 3543 3910 Praeterea

1879 3919 2166 3990 Cyrillum
2198 3920 2269 3975 de
2300 3919 2616 3990 reptilibus
2674 3926 2731 3975 et
2776 3923 3081 3978 venenatis
3130 3924 3539 3982 animantibus

1879 3992 2045 4067 loqui
2075 3993 2249 4048 nobis
2280 3991 2530 4067 videtur.
2583 3994 2726 4067 Nam
2776 3994 2935 4065 quod
2984 3994 3086 4049 ille
3119 3997 3190 4053 de
3227 3996 3446 4067 μυοξοῖς
3480 3999 3541 4053 in

1883 4066 2159 4139 humanae
2190 4065 2647 4139 resurrectionis
2696 4072 3114 4137 argumentum
3146 4065 3354 4139 tradit,
3381 4071 3541 4126 idem

1884 4138 2050 4214 (ξτες.
2087 4139 2280 4214 Nyss.,
2312 4141 2461 4214 orat.
2490 4152 2554 4214 in
2585 4136 2643 4190 in
2677 4136 3037 4214 PgesurrecL,
3070 4158 3125 4211 p.
3153 4144 3275 4203 428,
3311 4136 3382 4197 de
3414 4160 3544 4214 rep-

1884 4207 2111 4275 tilib'us,
2141 4207 2249 4261 τῶν
2316 4207 2574 4282 ἑρπετῶν,
2627 4209 2845 4277 refert;
2881 4217 2939 4265 et
2970 4207 3209 4268 san-ctus
3242 4214 3428 4281 Nilus,
3469 4207 3545 4271 De

1881 4282 2276 4359 moizachorum
2300 4283 2658 4359 praestantia,
2687 4298 2817 4353 cap.
2855 4285 2945 4351 24,
2979 4301 3109 4358 pag.
3146 4288 3271 4353 l1'02,
3305 4286 3375 4341 de
3410 4304 3542 4359 rep.

1884 4352 2112 4419 tilibus,
2147 4353 2249 4408 sed
2276 4353 2604 4408 venenatis.

1806 4463 1853 4528 Β
1885 4424 2342 4550 2ὗιὸἐρὶ3ῗεηε
2360 4427 2663 4481 Romanus
2690 4426 2986 4497 epistola!
3013 4428 3087 4483 ad
3108 4430 3375 4498 Corinth.,
3412 4449 3541 4503 cap.

1954 4513 2319 4642 (ὃῗῗϐίιέίίίεηε,
2352 4569 2561 4642 aliique
2584 4569 2909 4639 complures.
2954 4571 3211 4642 Cyrillus
3266 4574 3361 4627 hic
3405 4573 3542 4628 Cle-

1882 4640 2105 4715 mentis
2130 4640 2253 4695 fere
2277 4640 2461 4715 verba
2491 4646 2776 4715 usurpat:
2811 4640 3056 4715 paulurn
3080 4649 3278 4699 tamen
3307 4645 3378 4699 ab
3411 4647 3541 4715 ejus

1886 4711 2228 4766 narratione
2261 4711 2531 4766 dissidet.
2580 4714 2723 4768 Nam
2773 4711 2842 4767 ei
2899 4714 3140 4784 Cyrillo,
3195 4711 3458 4784 phmnix'
3483 4717 3542 4770 in

1882 4785 2195 4866 {Egyptum
2229 4788 2527 4866 transacto
2546 4785 2691 4866 ‘vitm
2726 4789 2989 4866 tempore
3021 4785 3540 4866 adnurbemncele-

1882 4854 2209 4910 berrimam
2267 4854 2649 4927 (HeliOpolim
2708 4872 2777 4910 ex
2830 4857 3012 4911 Clem.
3082 4860 3247 4913 Rom.
3331 4861 3544 4913 Constit

1883 4934 2061 4997 apost.
2102 4927 2205 4981 lib.
2242 4944 2301 4999 ν,
2325 4944 2433 4997 cap
2489 4930 2577 4999 57,
2602 4927 2876 4997 Origene.
2912 4927 3012 4982 lib.
3049 4946 3101 4983 IV
3134 4935 3278 4985 cont.
3305 4930 3537 4999 Celsum,

1881 5016 2012 5071 pag.
2047 5002 2150 5053 229
2172 5004 2231 5053 et
2251 4998 2385 5053 aliis
2407 4997 2692 5071 intellige)
2727 4999 3143 5071 nidiﬁcaturus
3171 5001 3347 5055 venit.
3376 5005 3447 5055 At
3469 4997 3542 5057 ex

1880 5070 2204 5135 Clemente,
2240 5070 2482 5143 phmnix
2514 5070 2575 5143 in
2608 5070 2823 5125 Arabia
2853 5071 3169 5127 nidiﬁcans
3202 5074 3453 5127 moritur
3485 5080 3544 5129 et

1879 5142 2255 5208 renascitur;
2279 5148 2335 5196 et
2360 5142 2601 5214 grandis
2626 5144 2889 5201 effectus.
2912 5144 3120 5198 nidum
3145 5145 3206 5199 in
3230 5161 3346 5214 quo
3380 5162 3542 5200 mor-

1880 5214 1966 5269 tui
1999 5230 2134 5288 ossa
2175 5219 2510 5288 exstaptex
2534 5214 2787 5288 -Arabia
2846 5215 3203 5288 Heliopolim
3238 5217 3540 5288 transfert,

1882 5303 2070 5357 eoque
2101 5286 2164 5341 in
2195 5302 2299 5342 ara
2330 5285 2483 5340 Solis
2517 5283 2809 5357 deposito,
2852 5302 2919 5342 eo
2950 5283 3108 5342 unde
3137 5288 3297 5344 venit
3325 5283 3539 5347 avolat.

1880 5356 2039 5433 Nihil
2068 5363 2158 5433 est
2204 5357 2363 5429 quod
2414 5357 2510 5411 hic
2560 5356 2631 5412 de
2664 5358 2963 5433 phaenice
3001 5359 3290 5433 dicamus,
3321 5362 3393 5416 de
3423 5380 3540 5433 quo

1880 5430 2032 5486 nulli
2064 5430 2187 5485 fere
2220 5435 2493 5484 auctores
2526 5430 2677 5483 sacri
2729 5436 2787 5484 et
2834 5432 3067 5501 profani
3108 5430 3537 5489 conticescunt.

1880 5504 2130 5557 Tantum
2160 5501 2450 5555 miramur
2482 5502 2918 5558 ecclesiasticos
2958 5510 3233 5561 auctores
3274 5506 3543 5563 fabulam

1882 5591 2014 5655 quae
2048 5578 2354 5645 tantopere
2388 5573 2803 5646 paganismum
2833 5575 2956 5631 olet
3002 5594 3123 5633 non
3155 5578 3299 5635 satis
3329 5595 3539 5655 suspe~

1881 5652 2068 5702 ctatos
2101 5661 2250 5700 esse.

1884 5781 1894 5791 ρ
1950 5720 2023 5790 (7)
2055 5715 2415 5790 Hielopolim
2444 5715 2750 5793 intelligit.
