3932 6360
162 341 323 402 1099

790 342 1265 406 CATECHESIS
1307 339 1524 401 XVIII.
1572 336 1678 397 DE
1720 334 2006 396 CARNIS
2052 337 2749 411 RESURRECTIONE,
2796 341 2971 402 ETC.

3431 344 3590 406 1030

159 479 363 555 μάχου
384 482 505 540 τοῖς
534 476 756 549 ὅπλοις,
814 476 872 533 ἐκ
922 476 1209 554 λογισμῶν
1260 476 1428 551 μόνον
1484 472 1575 529 καὶ
1608 467 1813 528 ἀποδεί-

2006 489 2147 530 uras
2178 491 2298 531 uon
2329 477 2647 550 recipiunt,
2678 478 2863 535 armis
2893 494 2924 534 ε
2954 478 3257 552 Scriptura
3276 496 3395 536 non
3428 498 3591 539 sum-

155 572 318 643 ξεων·
352 567 571 629 τούτοις
599 569 725 643 γάρ,
774 566 896 623 οὕτε
949 567 1033 630 τίς
1091 566 1205 623 ἐστι
1256 567 1460 634 Μωσῆς
1517 562 1825 640 γνώριμον,

162 658 298 714 οὕτε
326 658 415 719 τίς
445 656 587 712 ἐστιν
621 655 862 728 Ἡσαΐας,
894 655 1017 713 οὔτε
1060 657 1129 712 τά
1167 653 1501 731 Εὗαγγὲλια,
1529 647 1654 708 οὔτε
1682 653 1830 705 Παῦ-

161 748 295 810 λος.

242 929 355 984 ΙΔ’.
389 919 675 995 Μετάϐηθί
734 945 829 998 μοι
890 924 1085 981 λοιπὸν
1141 923 1228 979 ἐπὶ
1261 919 1625 999 Σαμαρείτας,
1658 916 1709 975 οἳ
1736 917 1827 975 v6-

168 1036 277 1091 μον
318 1012 612 1090 δεχόμενοι
647 1015 835 1089 μόνον,
865 1016 1151 1092 προφήτας
1184 1012 1361 1069 οὐκέτι
1407 1008 1825 1084 καταδὲχονται’

165 1106 252 1168 οἶς
287 1104 455 1179 ἀργον
487 1101 632 1159 ἔοικε
658 1104 721 1159 τὸ
780 1104 955 1180 παρὸν
1004 1104 1335 1179 ἀνάγνωσμα
1383 1105 1481 1157 τοῦ
1538 1095 1825 1168 Ἰεζεκιήλο

158 1197 459 1274 προφήτας
481 1195 610 1269 γὰρ,
640 1195 715 1256 ὡς
768 1192 929 1273 ἔφην,
961 1193 1022 1250 οὐ
1057 1192 1334 1270 δέχονται.
1384 1192 1559 1256 Πόθεν
1592 1190 1683 1245 οὗν
1712 1187 1830 1244 πεί-

160 1306 351 1359 σωμεν
404 1285 496 1339 καὶ
551 1284 949 1360 Σαμαρείτας;
999 1284 1295 1357 Ἕλθωμεν
1344 1280 1432 1336 ἐπὶ
1474 1280 1541 1335 τὰ
1588 1274 1831 1356 ἕγγραφα

158 1378 265 1430 τοῦ
307 1369 508 1446 νόμου.
568 1374 731 1450 Λέγει
784 1373 1180 1437 τοίνυνὸΘεὸς
1221 1372 1356 1447 πρὸς
1410 1371 1502 1427 τὸν
1562 1371 1829 1438 Μωϋσῆν’

158 1464 316 1540 Ἐγὼ
372 1463 400 1518 ὁ
432 1463 561 1526 Θεὸς
612 1457 863 1540 Ἀϐραὰμ
918 1462 1009 1519 καὶ
1060 1463 1242 1519 Ἰσαὰκ
1282 1460 1372 1517 καὶ
1427 1454 1644 1518 Ἰακώϐ·
1695 1460 1834 1514 πάν-

169 1575 285 1616 τως
316 1553 529 1608 ὅτιτῶν
562 1547 733 1607 ὄντων
766 1553 856 1608 καὶ
902 1553 1270 1630 φεστηκότων.
1304 1551 1368 1608 Ei
1420 1550 1523 1626 γὰρ
1582 1543 1835 1621 Ἀϐραὰμ

179 1641 546 1714 τετελευτηκε,
602 1643 689 1697 καὶ
749 1643 933 1702 Ἰσαάκ
989 1646 1086 1716 (1),
1117 1643 1207 1698 καὶ
1238 1635 1452 1697 Ἰακώϐ·
1512 1638 1644 1704 Θεός
1690 1637 1829 1694 ἐστιν

176 1736 282 1806 ἄρα
312 1736 411 1786 τῶν
444 1733 520 1805 μή
555 1728 742 1790 ὅντων.
777 1731 915 1787 Πότε
950 1730 1209 1808 βασιλεὺς
1266 1734 1406 1800 εἷπε,
1460 1728 1543 1785 ὅτι
1579 1726 1834 1805 βασιλεὺς

1930 563 2051 634 ptis
2081 563 2341 637 decerta,
2375 582 2444 621 ex
2474 566 3031 624 ratiocinationibus
3064 568 3207 623 solis
3239 573 3298 625 et
3338 569 3592 627 demon-

1934 653 2342 709 strationibus.
2377 656 2479 710 His
2510 657 2896 728 enim,neque
2927 658 3061 729 quis
3093 659 3168 713 sit
3199 661 3446 730 Moyses,
3480 677 3591 718 nec

1932 741 2067 813 quis
2098 743 2280 799 Isaias
2310 752 2675 816 compertum
2700 764 2713 815 ;
2746 763 2857 801 nec
2883 748 3336 820 Evangelia,nec
3367 750 3588 808 Paulus

1934 831 2155 903 cogniti
2187 831 2231 887 ³.

2005 922 2100 976 XI.
2133 922 2339 977 Transi
2372 940 2550 990 nunc,
2582 942 2805 995 quaiso,
2837 925 2911 980 ad
2942 925 3282 993 Samaritas,
3319 929 3419 999 qui
3454 946 3591 985 cum

1936 1010 2124 1066 solam
2144 1012 2334 1086 legem
2359 1014 2651 1085 recipiant
2676 1016 3098 1088 (6),pr0phetas
3118 1022 3449 1089 praspterea
3470 1036 3592 1075 non

1934 1101 2294 1159 admittunt:
2328 1104 2498 1174 queis
2520 1104 2741 1160 idcirco
2772 1106 3047 1161 inefﬁcax
3071 1106 3595 1179 videtur,przesens

1936 1207 2067 1262 quas
2094 1191 2156 1246 in
2187 1192 2469 1249 manibus
2501 1200 2590 1250 est
2619 1210 2690 1250 ex
2718 1194 3018 1250 Ezechiele
3041 1196 3246 1263 lectio;
3272 1198 3595 1269 prophetas

1936 1281 2122 1347 enim,
2154 1286 2221 1335 ut
2249 1281 2390 1352 dixi,
2423 1283 2589 1338 nullo
2620 1282 2750 1338 loco
2770 1283 3183 1341 habent.Unde
3206 1286 3389 1358 igitur
3412 1286 3593 1342 fidem

1936 1370 2243 1426 Samaritis
2277 1389 2513 1445 quoque
2545 1373 2833 1429 faciemus
2855 1374 2883 1428 ?
2914 1374 3233 1432 Veniamus
3266 1375 3337 1433 ad
3372 1378 3594 1448 scripta

1936 1459 2104 1532 legis.
2167 1461 2320 1516 Dicit
2376 1463 2555 1535 igitur
2610 1464 2764 1519 Deus
2820 1462 2896 1519 ad
2955 1466 3403 1537 Moysequgo,
3460 1466 3594 1521 Deus

1936 1550 2230 1618 Abraham,
2266 1558 2319 1605 et
2349 1555 2524 1618 Isaac,
2549 1559 2600 1607 et
2628 1554 2793 1608 Jacob
2823 1552 2865 1620 ‘;
2901 1553 3222 1609 viventium
3256 1554 3434 1609 dubio
3467 1573 3599 1626 pro-

1939 1638 2036 1693 cul
2067 1644 2125 1693 et
2182 1640 2658 1697 subsistentium.
2720 1642 2775 1697 Si
2835 1642 2997 1697 enim
3054 1642 3352 1698 Abraham
3393 1643 3598 1716 [totus]

1939 1734 2213 1785 mortuus
2272 1736 2382 1799 est,
2416 1737 2475 1786 et
2502 1732 2686 1799 Isaac,
2742 1736 2801 1787 et
2830 1731 3008 1787 Iacob
3037 1749 3051 1799 ;
3086 1733 3241 1788 Deus
3300 1733 3481 1805 igitur
3513 1739 3602 1789 est

168 1821 287 1895 εἰμι
318 1826 394 1891 (2)
426 1825 794 1895 στρατιωτῶν,
817 1822 891 1877 ὧν
922 1821 1000 1896 μή
1053 1817 1173 1896 ἕχει
1201 1840 1215 1891 ;
1272 1819 1406 1875 πότε
1450 1841 1534 1884 τις
1562 1816 1813 1889 ἐνδείξατι

2006 1835 2060 1872 ιιι
2083 1818 2845 1892 exsistentium.Ecquando
2868 1838 2968 1876 rex
2992 1822 3140 1877 dixit
3161 1839 3361 1894 regem
3384 1840 3446 1878 se
3469 1841 3597 1880 esse

161 1910 435 1972 πλοῦτον,
465 1913 522 1967 ’ὸν
578 1913 653 1986 μὴ
705 1910 1012 1983 ἑκέκτητο;
1059 1915 1153 1966 Δεῖ
1195 1911 1372 1966 τοίνυν
1424 1908 1709 1989 ὑφεστάναι
1738 1907 1827 1963 καὶ

163 1996 430 2077 Ἀϐραὰμ
484 2003 576 2057 καὶ
634 2001 818 2057 Ἰσαὰκ
868 2001 959 2056 καὶ
1046 1995 1243 2055 Ἰακὼϐ
1274 2043 1287 2069 ,
1344 2000 1436 2054 ἳνα
1490 2002 1598 2053 τῶν
1657 1996 1827 2052 ὅντων

159 2093 301 2155 Θεὸς
328 2092 366 2167 ᾖ
394 2093 424 2147 ὁ
454 2093 584 2155 Θεός
616 2095 715 2166 (3).
745 2091 824 2151 Οὖ
852 2094 954 2168 γάρ
987 2093 1153 2149 εἶπεν.
1203 2093 1392 2165 ’Ήμκν
1448 2088 1648 2159 αὐτῶν,
1679 2087 1828 2159 ἀλλ’,

160 2181 330 2255 Εἷμί.
367 2182 470 2239 Καὶ
497 2180 582 2236 ὅτι
611 2180 788 2257 κρίσις
832 2180 967 2252 ἇστὶ,
1025 2180 1174 2257 λέγει
1227 2182 1365 2258 πρὸς
1422 2179 1514 2235 τὸν
1566 2178 1770 2253 Κύριον
1803 2178 1831 2233 ὁ

162 2267 431 2348 Ἀϐρααμ
462 2291 475 2305 ’
538 2272 601 2328 Ὁ
660 2270 860 2348 κρίνων
918 2276 1090 2326 πᾶσαν
1145 2271 1245 2340 τὴν
1303 2277 1446 2345 γῆν,
1506 2268 1568 2325 οὐ
1611 2270 1832 2339 ποιήσει

171 2362 360 2437 κρίσιν
394 2380 410 2430 ;

253 2542 363 2600 IB'.
396 2538 554 2597 Ἀλλ’
588 2541 922 2618 ἀντιλέγουσι
952 2543 1091 2617 πρὸς
1116 2546 1282 2598 τοῦτο
1330 2540 1500 2597 πάλιτ
1530 2541 1583 2596 οἱ
1611 2538 1833 2609 ἀνόητοι

178 2635 547 2707 Σαμαρεῖται,
600 2630 690 2687 καί
744 2653 926 2710 φασιν,
958 2632 1041 2687 δτι
1070 2632 1180 2695 Τὰς
1216 2633 1311 2705 μὶν
1357 2630 1539 2707 ψυχὰς
1598 2628 1838 2705 ἐγχωρεῖ

176 2719 360 2795 μένειν
392 2725 490 2775 τοῦ
521 2717 797 2796 Ἀϐραάμ,
824 2721 914 2776 καὶ
940 2726 1039 2777 τοῦ
1071 2721 1272 2794 Ίσαάκ,
1326 2720 1416 2776 καὶ
1462 2723 1561 2775 τοῦ
1614 2711 1832 2785 Ἰακὼϐ,

167 2812 237 2866 τά
268 2807 332 2865 δὲ
360 2810 592 2883 σώματα
639 2813 928 2881 ἀναστῆναι
980 2812 1042 2867 οὐ
1101 2810 1341 2869 δύναται.
1397 2808 1549 2883 Εἶτᾶ,
1600 2810 1703 2878 τήν
1737 2807 1830 2880 μὶν

169 2894 375 2977 ῥάϐδον
407 2900 683 2964 Μωϋσέως
712 2903 806 2954 τοῦ
873 2898 1085 2956 δικαίου
1143 2898 1406 2975 δράκοντα
1459 2899 1705 2975 γενέσθαι
1736 2894 1831 2951 δυ-

164 2992 361 3061 νατὸν,
392 2991 461 3046 τὰ
489 2987 547 3045 δὲ
577 2987 807 3063 σώματα
832 2994 940 3045 τῶν
997 2987 1219 3045 δικαίων
1283 2995 1443 3061 ζῆσαι
1490 2990 1580 3046 καὶ
1605 2990 1836 3061 ἀναστῆ-

171 3103 261 3136 ναι
297 3081 363 3136 οὐ
403 3078 621 3135 δύναται
653 3106 669 3149 ;
700 3079 790 3135 καὶ
838 3081 900 3136 τὸ
935 3080 1029 3155 μὶν
1085 3081 1235 3156 παρά
1290 3081 1445 3159 φύσιν
1506 3080 1735 3157 ἐγὲνετο’
1770 3083 1831 3136 τὸ

163 3167 225 3227 δὶ
257 3172 401 3225 κατὰ
430 3170 586 3248 φύσιν
628 3170 731 3225 οὐκ
786 3170 1213 3236 ἀποκαθίσταται
1248 3190 1262 3239 ;
1321 3170 1424 3227 Καὶ
1456 3172 1491 3240 ἡ
1527 3165 1724 3247 ῥάϐδος
1756 3173 1828 3244 (4)

159 3263 382 3337 Ἀαρών
421 3260 825 3333 ἀποτμηθεῖσα,
880 3259 971 3315 καὶ
1029 3260 1379 3335 νεκρωθεῖσα,
1440 3259 1615 3337 χωρὶς
1648 3259 1826 3333 ὀσμῆς

163 3349 387 3407 ὑδάτων
440 3344 761 3422 ἐϐλάστησε·
809 3350 900 3405 καὶ
956 3354 1146 3420 ταῦτα,
1205 3348 1505 3425 ὑπόστεγος
1557 3351 1709 3421 οὖσα,
1743 3351 1832 3405 καὶ

157 3442 233 3496 τά
257 3441 317 3496 ἐν
347 3441 536 3517 ἀργοῖς
568 3440 938 3516 βλαστήσασα*
966 3441 1053 3495 καὶ
1092 3440 1147 3496 ἰν
1196 3442 1385 3516 ξηροῖς
1439 3439 1533 3513 μὶν
1584 3440 1831 3513 κειμένη,

158 3533 233 3586 τά
265 3529 329 3585 δὲ
372 3534 480 3585 τῶν
536 3527 914 3607 ἀρδευομένων
973 3529 1281 3600 πολυετῶς,
1311 3527 1401 3585 διὰ
1459 3533 1587 3603 μιᾶς
1635 3531 1830 3592 νυκτὸς

170 3620 318 3693 μετά
345 3624 566 3695 καρπῶν
601 3618 900 3675 ἀποδοῦσα.
960 3621 1029 3677 Ἡ
1053 3615 1253 3697 ῥάϐδος
1282 3618 1493 3694 Ἀαρὼν
1544 3618 1595 3673 ἐν
1626 3622 1832 3691 νεκρῶν

172 3709 365 3783 ὥσπερ
418 3708 610 3780 ἀνέστη
695 3708 786 3765 καὶ
872 3708 1035 3772 αὐτὸς
1093 3708 1307 3783 Ἀαρὼν
1364 3708 1463 3764 οὐκ
1517 3707 1827 3784 ἐγείρεται;

171 3799 267 3855 καί
300 3799 385 3852 ἳνα
416 3801 510 3871 μὶν
537 3799 637 3868 τὴν
670 3798 1088 3875 ἀρχιερωσύνην
1120 3798 1270 3871 αὐτῷ
1313 3795 1620 3873 διατηρήσῃ
1673 3798 1826 3868 Θεὸς,

166 3887 224 3943 ἐν
258 3887 407 3961 ξύλῳ
457 3887 989 3966 ἐταυματούργησενθ
1043 3888 1189 3961 αὐτῷ
1238 3885 1297 3943 δὲ
1349 3891 1429 3961 τῷ
1484 3888 1694 3962 ’Λαρὼν
1723 3889 1824 3958 τὴν

156 3980 452 4035 ἀνάστασιν
505 3980 567 4035 οὐ
625 3981 905 4057 χαρίζεται
946 3981 1089 4050 ;Καὶ
1142 3981 1278 4056 γυνή
1342 3980 1437 4053 μὶν
1495 3981 1642 4055 παρά
1672 3978 1829 4058 φύσιν

156 4066 306 4133 ἅλας
329 4070 552 4145 γίνεταί,
583 4070 676 4126 καὶ
706 4070 834 4147 σάρξ
874 4072 955 4132 εἷς
1011 4070 1150 4132 ἅλας
1212 4064 1636 4141 μεταϐάλλεται·
1697 4069 1825 4144 σὰρξ

157 4157 220 4215 δὲ
252 4159 337 4221 εἲς
368 4158 538 4235 σάρκα
568 4159 668 4215 οὐκ
696 4158 1127 4224 ἀποκαθίσταται
1162 4177 1176 4227 ;
1211 4158 1315 4216 Καὶ
1348 4156 1526 4230 στήλη
1563 4160 1658 4232 μὶν
1691 4158 1824 4221 ἀλὸς

153 4247 387 4325 γέγονεν
421 4251 455 4319 ἡ
489 4250 627 4325 γυνὴ
660 4250 808 4317 Λὼτ,
841 4251 875 4318 ἡ
907 4245 964 4303 δὲ
1003 4248 1140 4324 γυνή
1171 4251 1266 4303 τοῦ
1309 4243 1566 4325 Ἀϐραάμ
1595 4249 1697 4323 ἆρα
1728 4248 1827 4304 οὐκ

155 4338 492 4408 ἀνίσταταις
552 4338 696 4410 Ηοίᾳ
743 4335 801 4393 δὲ
859 4335 1081 4411 δυνάμει
1144 4333 1458 4411 μετεϐλήθη
1491 4340 1527 4408 ἠ
1574 4338 1698 4414 χεὶρ
1727 4342 1825 4393 τοῦ

158 4428 473 4499 Μωϋσὲως,
502 4427 537 4496 ἢ
571 4430 650 4502 (5)
679 4427 768 4482 καὶ
819 4428 923 4483 ὑπὸ
957 4428 1084 4500 μίαν
1135 4425 1523 4501 ὥραν-ἰγένετο
1554 4427 1628 4491 ὡς
1662 4427 1823 4503 χιὼν,

156 4518 252 4572 καὶ
287 4516 454 4572 πάλιν
521 4516 911 4588 ἀποκατέστης
968 4517 1172 4579 πάντος
1205 4517 1290 4571 δτι
1343 4517 1423 4590 τῷ
1471 4516 1600 4590 θείῳ
1651 4537 1823 4593 προσ.

230 4675 257 4709 ι
292 4670 420 4724 Vid.
453 4677 561 4727 cat.
596 4673 684 4742 12,
717 4686 776 4742 n.
810 4673 903 4725 2‘7.
978 4668 1002 4705 ⁴
1031 4669 1212 4726 Exod.
1249 4686 1325 4739 III,
1360 4687 1411 4740 θ.

157 4740 180 4776 ⁹
211 4743 389 4797 Num.
418 4758 554 4811 xvn,
584 4745 635 4796 8.
669 4740 675 4742 ⁷
716 4741 765 4782 ιο
794 4743 937 4798 Gen.
972 4759 1087 4811 χιι,
1121 4744 1210 4797 26.

1940 1907 2201 1963 militum
2236 1927 2387 1981 quos
2417 1928 2536 1965 non
2568 1911 2780 1966 habeat
2803 1910 2830 1965 ‘I
2875 1911 3091 1984 Ecquis
3140 1912 3458 1969 ostentavit
3485 1914 3600 1969 ali-

1937 1997 2175 2069 quando
2203 1999 2435 2056 divitias
2468 2018 2617 2072 quas
2673 2017 2796 2056 non
2835 2002 3216 2072 possideret?
3270 2003 3596 2060 subsistere

1937 2089 2117 2159 igitur
2146 2106 2389 2146 necesse
2422 2095 2511 2145 est
2542 2095 2600 2144 et
2631 2090 2949 2160 Abraham,
2985 2096 3043 2145 et
3072 2093 3255 2159 Isaac,
3289 2099 3349 2147 et
3394 2094 3595 2165 Jacob,

1936 2183 2004 2233 ut
2032 2180 2186 2233 Deus
2216 2196 2417 2235 rerum
2449 2198 2581 2251 quas
2614 2180 2902 2236 exsistant
2932 2180 3008 2234 sit
3039 2181 3213 2237 Deus.
3255 2184 3381 2236 Non
3433 2184 3595 2238 enim

1938 2266 2107 2335 dixit,
2163 2272 2333 2324 Eram
2391 2286 2598 2324 eorum
2656 2269 2877 2341 [Deus],
2952 2269 3077 2338 sed,
3136 2272 3268 2327 Sum
3324 2270 3368 2325 ⁵.
3430 2273 3597 2339 Quod

1939 2374 2078 2412 vero
2111 2358 2188 2412 sit
2209 2358 2528 2431 judicium,
2561 2358 2705 2413 dicit
2734 2359 2807 2413 ad
2839 2359 3159 2414 Dominum
3192 2360 3594 2418 Abrahamus:

1943 2448 2083 2512 uQui
2101 2446 2335 2520 judicat
2350 2465 2588 2504 omnem
2608 2454 2977 2515 terram,non
2989 2449 3595 2521 faciemjudicium5.»

2011 2537 2132 2591 XII.
2165 2539 2381 2592 Verum
2436 2537 2508 2594 ad
2538 2537 2649 2593 hoc
2707 2543 2917 2593 contra
2976 2538 3259 2593 excordes
3292 2539 3597 2595 Samaritae

1938 2643 2145 2681 rursus
2173 2627 2377 2682 aiunt:
2438 2627 2683 2682 Animas
2726 2644 2931 2684 revera
2985 2627 3257 2694 Abrahae,
3317 2631 3501 2685 Isaaci
3540 2636 3600 2685 et

1938 2716 2137 2772 Jacobi
2168 2733 2479 2772 remanere
2538 2717 2689 2772 nihil
2736 2722 3060 2790 repugnat;
3122 2734 3372 2789 corpora
3396 2724 3595 2775 autem

1938 2823 2247 2879 resurgere
2279 2824 2399 2862 non
2432 2812 2700 2878 possunt.
2725 2807 2998 2862 Scilicet:
3030 2808 3415 2881 virgamjusti
3438 2811 3599 2879 Moy-

1939 2899 2021 2953 sis
2052 2898 2375 2953 draconem
2408 2897 2536 2951 fieri
2570 2896 2855 2968 possibile
2880 2894 3032 2951 fuit7
3057 2914 3070 2952 :
3093 2897 3435 2969 ‘justorum
3460 2915 3597 2953 vero

1937 3004 2186 3060 corpora
2205 2988 2396 3042 vivere
2424 2992 2485 3042 et
2514 3003 2820 3060 resurgere
2848 3003 2970 3041 non
2992 2988 3343 3058 potuerunt?
3367 2994 3426 3043 et
3446 2987 3598 3042 illud

1937 3078 2179 3150 quidem
2211 3078 2377 3149 prius
2405 3081 2623 3149 praater
2651 3081 2926 3132 naturam
2958 3075 3182 3132 factum
3202 3083 3292 3132 est
3316 3095 3329 3132 :
3363 3078 3474 3133 hoc
3496 3094 3601 3133 au-

1943 3172 2085 3235 tem,
2119 3167 2278 3239 quod
2327 3171 2414 3221 est
2474 3172 2879 3222 consentanea
2935 3171 3163 3222 naturaa
3222 3167 3600 3236 instauratio,

1942 3275 2062 3313 non
2094 3256 2244 3312 ﬁet?
2267 3256 2439 3329 Virga
2471 3271 2707 3327 quoque
2740 3256 2993 3310 Aaronis
3052 3256 3250 3312 excisa
3282 3262 3339 3312 et
3366 3263 3604 3314 mortua

1942 3348 2070 3402 sine
2091 3362 2381 3418 aquarum
2405 3345 2585 3400 odore
2609 3343 2811 3399 ﬂoruit
2840 3342 2864 3377 θ
2887 3360 2901 3412 ;
2937 3350 2996 3400 et
3024 3345 3132 3400 sub
3157 3350 3310 3401 tecto
3334 3347 3602 3417 quamvis

1939 3435 2193 3504 inclusa,
2226 3439 2425 3490 tamen
2458 3450 2590 3505 quas
2623 3432 2685 3488 in
2715 3433 2871 3505 agris
2912 3434 3053 3488 oriri
3108 3441 3313 3491 amant
3335 3437 3607 3508 germina

1939 3525 2224 3599 protulit:
2258 3539 2514 3594 cumque
2546 3523 2606 3577 in
2638 3522 2821 3578 aridis
2845 3522 3077 3593 jaceret
3106 3523 3472 3591 locis,unius
3504 3542 3605 3579 no-

1940 3618 2049 3671 ctis
2083 3615 2273 3686 spatio
2304 3629 2426 3667 una
2455 3627 2590 3667 cum
2620 3611 2912 3667 fructibus
2943 3612 3133 3667 edidit
3185 3630 3273 3679 ea,
3303 3631 3435 3683 qua:
3468 3613 3603 3667 irri-

1936 3711 2085 3779 gatze
2108 3703 2349 3758 arbores
2372 3707 2506 3774 post
2525 3700 2746 3755 multos
2767 3716 2959 3756 annos
2982 3701 3599 3773 parturiunt.Aaronis

1936 3796 2098 3865 virga
2128 3792 2291 3849 velut
2320 3809 2391 3846 ex
2422 3790 2671 3845 mortuis
2702 3791 3045 3859 surrexit,et
3074 3791 3199 3862 ipse
3231 3793 3428 3846 Aaron
3474 3809 3597 3847 non

1935 3881 2243 3955 resurget?
2267 3887 2446 3951 atque
2475 3885 2543 3934 ut
2571 3895 2871 3934 summum
2894 3880 3007 3951 ipsi
3029 3880 3427 3936 sacerdotium
3451 3898 3597 3937 ron—

1937 3978 2217 4039 servaret,
2232 3972 2293 4025 in
2324 3970 2485 4043 ligno
2517 3968 2873 4024 miraculum
2904 3968 3090 4024 edidit
3119 3971 3309 4025 Deus:
3343 3971 3459 4042 ipsi
3490 3987 3597 4025 au-

1934 4073 2054 4123 tem
2076 4062 2290 4119 Aaroni
2322 4059 2825 4115 resurrectionem
2850 4075 2968 4114 non
2996 4060 3300 4131 impertiet
3319 4060 3347 4114 ‘I
3385 4060 3595 4115 Mulier

1935 4162 2152 4231 praeter
2173 4158 2448 4208 naturam
2472 4150 2559 4205 sal
2580 4149 2924 4217 efﬁcitur,et
2944 4166 3080 4205 caro
3103 4151 3163 4205 iu
3182 4150 3367 4205 salem
3391 4155 3556 4206 trans
3570 4180 3591 4193 -

1934 4250 2202 4304 mutatur
2231 4241 2278 4276 ¹⁰
2303 4259 2315 4297 :
2349 4257 2485 4297 caro
2514 4256 2650 4295 vero
2677 4239 2738 4294 in
2761 4256 3004 4295 carnem
3027 4257 3147 4296 non
3170 4240 3549 4312 reparabitur
3568 4240 3597 4295 ‘I

1937 4343 1996 4393 et
2024 4352 2160 4392 cum
2193 4332 2333 4389 salis
2366 4335 2560 4386 statua
2591 4330 2800 4385 effecta
2830 4329 2907 4384 sit
2938 4346 3069 4401 quae
3112 4331 3235 4385 Loti
3265 4348 3415 4386 uxor
3445 4335 3590 4397 erat,

1934 4443 2084 4483 uxor
2112 4423 2363 4480 Abrahaa
2413 4437 2534 4476 non
2586 4419 2902 4493 resurget?
2926 4420 3128 4485 Qualis
3185 4421 3401 4476 virtute
3430 4438 3597 4476 com-

1934 4521 2162 4572 mutata
2193 4517 2284 4568 est
2330 4527 2544 4566 manus
2598 4509 2835 4581 Moysis,
2888 4526 3020 4580 quae
3078 4510 3258 4566 unius
3289 4510 3434 4565 hore
3464 4526 3592 4564 mo-

1516 4668 1541 4704 ⁵
1565 4668 1711 4726 ibid.
1786 4671 1808 4707 ⁸

2012 4683 2172 4735 xviii,
2205 4667 2294 4719 25.
2372 4660 2397 4697 ⁷
2427 4661 2610 4717 Exod.
2664 4678 2739 4729 ιν,
2770 4661 2824 4715 3.
2901 4660 2923 4696 ³
2960 4662 3095 4717 Vid.
3151 4667 3265 4716 cat.
3314 4662 3369 4726 4,
3418 4676 3480 4714 n.
3514 4660 3586 4716 30

154 4886 353 4960 pellat
380 4903 690 4944 sermones
719 4887 1155 4960 Scriplurarum
1186 4886 1548 4960 testimoniis
1577 4885 1820 4943 robora-
1852 4892 1899 4958 1)
1931 4884 2207 4960 addimus
2240 4896 2310 4937 ex
2339 4877 2512 4960 codd.
2548 4878 2669 4932 Roe
2701 4879 2759 4931 et
2788 4874 3063 4939 Casaub..
3094 4875 3237 4931 item
3274 4892 3477 4931 vocem
3511 4875 3597 4929 δτι

152 4959 256 5032 tos
280 4975 308 5032 :_
329 4959 650 5032 immuneri
680 4976 917 5032 quoque
948 4959 1049 5013 alii
1081 4964 1260 5032 testes
1281 4959 1526 5032 produci
1550 4965 1819 5032 possunt.

262 5030 317 5097 1)
350 5028 446 5083 Καὶ
479 5030 678 5087 Ἰσαὰκ.
699 5027 888 5086 Ὀοᾶά.
924 5032 1044 5086 Roe
1070 5036 1152 5097 et
1199 5027 1470 5095 Casaub.,
1510 5027 1602 5083 καὶ
1633 5030 1661 5083 ὁ
1693 5030 1822 5091 Θεὸς

157 5096 526 5186 βεδε-Ἰσαάκ,
557 5101 646 5186 καί
679 5103 707 5156 ὁ
731 5102 869 5186 βιὸς
888 5096 1104 5186 Ἰακώϐ.
1130 5104 1216 5186 Ita
1234 5103 1526 5186 repetitur
1552 5102 1822 5186 voxﬁesé‘c

156 5173 506 5257 tripl-iciter,
541 5175 645 5257 sed
695 5175 918 5257 absque
948 5174 1236 5257 articulis,
1298 5173 1360 5257 in
1402 5175 1610 5257 tribus
1641 5174 1822 5257 Exodi

154 5245 480 5301 versiculis
527 5248 601 5303 ad
650 5245 980 5319 marginem
1014 5246 1350 5319 ﬁcitatis,et
1398 5246 1460 5301 in
1508 5246 1823 5319 Evangelio

156 5319 427 5373 llatthaei
450 5336 577 5392 cap.
602 5336 737 5392 xxii,
769 5317 938 5392 v.32,
959 5318 1070 5392 ubi
1093 5318 1475 5392 reperiuntur
1494 5317 1750 5392 articuli.

235 5392 315 5461 (2)
348 5388 614 5451 Baatl'svic
644 5388 780 5461 εἶμι.
814 5389 1001 5461 Codd.
1031 5388 1223 5446 Ottob.
1260 5389 1397 5456 duo,
1446 5391 1565 5445 Roe
1619 5395 1679 5443 et
1716 5390 1821 5444 Ca-

161 5459 364 5521 saub..
401 5460 509 5516 ἐστι
542 5459 769 5518 habent
799 5461 926 5517 loco
960 5459 1095 5532 εἶμι.
1146 5461 1453 5534 Vulgatam
1505 5461 1828 5534 lectionem

161 5534 654 5607 quaScripturze
697 5534 871 5605 stylo,
904 5534 997 5607 cui
1051 5550 1113 5589 se
1165 5532 1502 5589 contormat
1549 5532 1825 5605 Cyrillus,

158 5605 388 5663 similis
415 5605 526 5672 est,
558 5612 791 5662 mutare
820 5605 1007 5661 nolui.

232 5679 317 5749 (3)
347 5677 480 5740 Θεὸς
528 5678 557 5733 ὁ
598 5675 751 5740 Θεός.
796 5676 1130 5733 Articulum
1190 5676 1219 5731 ὁ
1266 5676 1367 5733 hic
1414 5676 1826 5734 necessarium

1932 4974 2003 5013 ex
2033 4954 2248 5011 iisdem
2278 4957 2416 5007 ante

2535 4968 2623 5003 TN.

2002 5008 2003 5012 η
2033 4970 2248 5011 iisdem
2278 4970 2416 5007 ante
2492 4970 2623 5020 μην.

2002 5031 2075 5100 (4.)
2111 5023 2214 5100 Kal
2258 5025 2293 5092 ἡ
2355 4970 2578 5100 ῥαϐτδος,
2640 5024 2749 5075 etc.
2814 5020 2947 5100 Haec
2977 5018 3078 5100 _de
3130 5019 3380 5100 Aarpnis
3428 5019 3592 5100 virga

1933 5090 2619 5156 transcribere'videtur
2676 5097 2916 5147 sanctus
2976 5090 3162 5156 Nilus,
3195 5090 3303 5145 lib.
3346 5108 3385 5160 ι,
3422 5090 3595 5162 epist.

1935 5173 2059 5238 113,
2094 5176 2153 5243 et
2183 5169 2402 5243 lib._m_,
2437 5165 2606 5243 epist.
2918 5230 2943 5243 η
2983 5233 2993 5243 ,

2007 5230 2083 5315 (ὅ)
2116 5242 2186 5295 Ἥ
2218 5237 2329 5315 καί,
2366 5230 2545 5315 Deest
2570 5236 2880 5291 relativum
2910 5230 3244 5315 ﬁinncodd.
3296 5234 3437 5302 Roe,
3488 5234 3595 5291 Ca-

1936 5304 2106 5371 saub.
2144 5318 2203 5368 et
2231 5309 2407 5366 Coisl.
2436 5331 2450 5374 ;
2483 5309 2652 5364 deest
2681 5323 2814 5362 vero
2843 5304 2933 5358 καί
2965 5304 3027 5359 ἱη
3050 5304 3214 5360 Bodl.

2007 5387 2086 5458 (ὃ)
2118 5385 2302 5440 Solam
2334 5382 2503 5450 legem
2534 5381 2826 5458 reg'pignt.
2858 5377 2921 5458 Id
2952 5376 3029 5458 de_
3055 5377 3362 5434 Samaritis
3384 5395 3594 5458 omnes

1938 5448 2233 5514 tesfantur
2261 5448 2555 5508 auctores.
2585 5451 2663 5505 Ex
2688 5448 2993 5506 Philastr..
3015 5449 3226 5505 hmres.
3250 5467 3453 5516 Lxxvn,
3477 5452 3591 5505 nisi

1939 5529 2226 5605 mendum
2255 5529 2378 5605 est,
2440 5529 2698 5605 quatuor
2737 5522 2932 5605 solum
2963 5520 3148 5577 libros
3200 5522 3591 5605 recipiebant.

1939 5598 2224 5658 Hodierni
2253 5593 2558 5653 Samaritae
2586 5594 2761 5650 Josue
2794 5593 3017 5651 librum
3046 5600 3395 5669 agnoscunt.
