3932 6354
155 375 320 438 1033

784 378 1253 444 CATECHESIS
1292 382 1508 444 XVIII.
1559 378 1656 438 DE
1697 371 1984 434 CARNIS
2031 378 2729 464 RESURBEGTIONE,
2774 388 2945 452 ETC.

3425 395 3580 455 1034

153 507 248 563 ἐὰν
283 507 438 584 λέγῃ,
500 505 587 564 ὅτι
649 509 769 586 Οὐχ
820 511 872 565 οἱ
932 515 1114 586 νεκροὶ
1171 512 1442 570 αἷνέσουσί
1500 532 1578 581 σε,
1637 509 1800 599 Κύριε

1978 531 2086 584 pus
2120 521 2208 571 est
2237 517 2639 592 indagatione,
2673 521 2798 590 sed,
2833 523 3012 578 simul
3041 529 3108 580 ut
3136 532 3449 599 resurgent
3481 528 3588 581 im-

153 602 322 653 τοῦτο
357 595 551 668 δηλοῖ,
578 600 660 655 ὅτι
691 603 788 670 τῆς
825 602 1110 674 μετανοίας
1142 604 1230 657 καὶ
1289 611 1392 674 τῆς
1445 601 1706 673 ἆφὲσεως,
1767 597 1818 652 ἐν

151 691 225 761 τῇ
263 691 379 760 ζωῇ
408 689 579 764 ταύτῃ
616 692 775 762 μόνον
805 692 906 760 τήν
933 693 1271 767 προθεσμίαν
1302 691 1651 770 ἐχούσης,ἒφ’
1679 694 1822 765 ᾗκαί

158 778 214 832 οἱ
303 775 677 842 ἀπολαύοντες
750 781 1020 836 αἰνέσουσί
1075 802 1150 838 σε·
1214 782 1314 838 οὐκ
1384 783 1494 838 ἔστι
1555 785 1629 856 (1)
1691 781 1824 856 μετά

159 865 392 931 θάνατον
423 865 619 922 λοιπὸν
651 868 778 934 τοὺς
809 870 860 925 ἐν
918 873 1210 946 ἁμαρτίαις
1258 872 1685 942 τελευτήσαντας
1745 872 1822 933 ὡς

160 955 623 1031 εὐεργετηθέντας
651 959 842 1027 αἰνεῖν,
896 959 1043 1017 ἀλλά
1102 959 1487 1038 ἀποδύρεσθαι·
1547 956 1658 1016 ἔστι
1716 961 1819 1036 γὰρ

156 1045 312 1106 αἶνος
347 1047 443 1118 μὲν
472 1051 581 1101 τῶν
612 1048 1111 1124 εὐχαριστούντων,
1147 1048 1388 1126 ὀδυρμὸς
1447 1048 1504 1106 δὲ
1553 1055 1662 1105 τῶν
1719 1070 1819 1123 μα-

157 1136 526 1207 στιζομὲνων.
561 1138 628 1194 Οἱ
663 1139 759 1210 μὲν
789 1137 878 1192 οὖν
925 1137 1127 1195 δίκαιοι
1183 1142 1307 1196 τότε
1357 1140 1620 1208 αἰνοῦσιν,
1654 1140 1707 1194 οἱ
1765 1136 1822 1194 δὲ

153 1223 588 1294 τελευτήσαντες
621 1225 673 1281 ἐν
707 1226 1024 1302 ἁμαρτίαις,
1081 1230 1269 1305 καιρὸν
1323 1227 1520 1286 λοιπὸν
1553 1225 1822 1302 ἐξομολο-

151 1315 223 1388 γή
233 1334 373 1376 σεως
401 1313 505 1369 οὐκ
530 1312 744 1390 ἔχουσι.

237 1595 342 1652 IE'.
369 1595 497 1668 Περὶ
542 1593 600 1650 δὲ
629 1600 727 1651 τοῦ
777 1599 878 1671 (2),
941 1598 1063 1654 Ἐὰν
1123 1593 1335 1672 καταϐῇ
1399 1596 1681 1668 ἃνθρωπος
1740 1598 1819 1662 είς

164 1680 326 1752 ᾅδην,
359 1683 532 1738 οὐκέτι
592 1685 656 1739 οὐ
721 1685 796 1757 μὴ
845 1680 1042 1760 ἀναϐῇ·
1110 1684 1278 1760 βλὲπε
1308 1689 1408 1756 τὴν
1457 1685 1809 1752 ἀκολουθίαν·

157 1770 461 1843 γέγραπται
493 1773 618 1846 γάρ·
663 1772 858 1829 Οὐκέτι
919 1773 981 1828 οὐ
1043 1777 1120 1848 μή
1175 1770 1376 1845 ἀναϐῇ,
1436 1774 1552 1830 οὐδ’
1612 1776 1674 1830 οὐ
1737 1776 1813 1849 μή

150 1858 456 1935 ἐπιστρέψῃ
515 1861 592 1923 εἷς
673 1863 764 1916 τὸν
848 1861 986 1917 ἴδιον
1075 1865 1222 1919 οἶκον
1277 1868 1373 1938 (3).

149 1945 210 2002 δὲ
243 1948 386 2004 ὅλου
412 1953 857 2026 παρερχομένου,
887 1953 976 2008 καὶ
1008 1954 1186 2024 πάσης
1220 1953 1397 2016 οἰκίας
1429 1953 1816 2033 διαφθειρομέ-

149 2057 276 2106 νης·
309 2043 432 2102 πῶς
462 2039 538 2101 εἷς
579 2041 670 2095 τὸν
732 2039 872 2096 ἴδιον
936 2041 1084 2096 οἶκον
1143 2041 1572 2112 ἐπανελεύσεται,
1624 2052 1816 2115 καινῆς

150 2125 360 2181 λοιπὸν
452 2131 752 2202 γινομένης
836 2129 1017 2201 ἄλλης
1074 2138 1222 2206 γῆς;
1283 2131 1457 2207 ἐχρῆν
1506 2131 1563 2188 δὲ
1620 2133 1816 2197 αὐτοὺς

144 2215 384 2271 ἀκοῦσαι
440 2223 542 2272 τοῦ
603 2216 726 2276 Ἰὼϐ
788 2218 1065 2295 λὲγοντος·
1125 2223 1282 2278 ’Ἐστι
1340 2222 1443 2296 γὰρ
1504 2220 1815 2298 δὲνδρφ(4ι)

147 2303 336 2367 ἐλπίς.
441 2309 565 2363 Ἐὰν
654 2310 760 2384 γὰρ
819 2307 1050 2383 ἐκκοπῇ,
1129 2307 1296 2364 πάλιν
1374 2309 1663 2381 ἐπανθήσει
1717 2316 1813 2385 (5)·

148 2394 240 2448 καὶ
304 2396 333 2449 ὁ
395 2394 672 2471 ῥάδαμνος
729 2397 895 2453 αὐτοῦ
955 2398 1015 2452 οὐ
1071 2400 1146 2471 μή
1207 2399 1454 2474 ἐκλείπῃ.
1520 2401 1642 2457 Ἐὰν
1710 2402 1814 2476 γὰρ

148 2485 373 2558 γηράσῃ
427 2483 478 2539 ἐν
663 2491 694 2556 ἡ
756 2486 875 2564 ῥίζα
933 2488 1120 2556 αὐτοῦ,
1180 2487 1231 2542 ἐν
1293 2485 1350 2543 δὲ
1407 2487 1578 2564 πέτρᾳ
1625 2488 1816 2544 τελευ-

147 2575 297 2645 τήσῃ
382 2574 444 2628 τὸ
521 2575 782 2651 στέλεχος
890 2576 1074 2632 αὐτοῦ·
1164 2577 1268 2632 ἀπὸ
1357 2577 1534 2651 ὀσμῆς
1620 2577 1812 2642 ὕδατος

149 2660 404 2733 ἀνθήσει,
489 2668 708 2736 ποιήσει
772 2664 829 2722 δὲ
913 2667 1168 2742 θερισμὸν
1275 2667 1456 2743 ὥσπερ
1535 2669 1812 2746 νεόφυτον.

154 2752 326 2826 Ἀνήρ
413 2750 471 2806 δὲ
549 2752 904 2826 τελευτήσας,
963 2753 1166 2831 ᾤχετο·
1227 2758 1404 2812 πεσὼν
1477 2754 1534 2812 δὲ
1595 2758 1812 2833 βροτὸς,

153 2839 340 2895 οὐκέτι
389 2840 578 2912 ἔστιν;
633 2845 816 2901 Μόνον
871 2845 969 2920 γὰρ
1057 2846 1182 2920 ουχί
1243 2851 1320 2919 (6)
1379 2844 1667 2915 δυσωπῶν,
1723 2849 1814 2903 καὶ

150 2929 449 3002 ἐπιτιμῶν·
486 2932 650 3003 (οὕτω
701 2934 804 3009 γὰρ
840 2935 1206 3009 ἀναγνωστέον
1268 2937 1699 3010 ἐρωτηματικῶς
1726 2938 1812 3008 τὸ,

148 3019 355 3076 Οὐκέτι
418 3018 561 3076 ἔστιν
597 3027 661 3096 ;)
720 3025 866 3098 Ἀρα
920 3025 1048 3099 γὰρ,
1089 3025 1244 3102 φησὶ,
1297 3024 1462 3098 ξύλου
1516 3026 1813 3090 πίπτοντος

145 3110 243 3164 καὶ
304 3107 679 3186 ἐγειρομένου,
735 3111 1022 3187 ἅνθρωπος
1078 3114 1264 3183 αὐτὸς,
1326 3111 1395 3168 δι’
1451 3114 1510 3169 ὅν
1557 3117 1623 3170 τὰ
1679 3115 1814 3186 ξύλα

1928 606 2031 676 pii,
2065 616 2510 680 consequentur
2565 629 2666 667 eos
2722 614 3035 685 supplicia.
3095 616 3164 671 Et
3221 617 3269 672 si
3325 617 3584 673 dicitur:

1930 718 1958 745 «
1991 698 2115 751 Non
2145 700 2364 753 mortui
2397 699 2727 756 laudabunt
2759 708 2834 768 te,
2873 704 3140 770 Domine,
3176 705 3286 761 hoc
3317 706 3591 779 designa-

1932 789 2046 853 tur,
2081 787 2240 857 quod
2265 790 2588 845 constituto
2610 795 2840 845 tantum
2864 791 2925 845 in
2947 791 3060 846 hac
3082 794 3198 848 vita
3220 795 3584 865 pceuitentiae

1928 895 1996 933 ac
2026 880 2399 936 remissionis
2432 882 2646 953 spatio,
2682 882 2752 936 de
2786 899 2902 954 quo
2934 883 2974 936 ii
3007 885 3107 954 qui
3140 884 3432 950 fruentur,
3459 887 3585 942 lau-

1927 969 2139 1024 dabunt
2173 978 2260 1037 te;
2295 977 2480 1026 morte
2511 972 2693 1036 obita,
2727 973 2800 1028 iis
2831 974 2931 1044 qui
2965 974 3026 1028 in
3059 977 3318 1045 peccatis
3377 975 3584 1032 deces-

1930 1059 2134 1122 serint,
2161 1060 2292 1131 jam
2325 1078 2445 1117 non
2477 1061 2682 1117 licebit
2711 1067 2995 1133 tanquam
3028 1063 3318 1119 beneﬁcio
3351 1065 3582 1120 affectis

1909 1149 2193 1214 :laudare,
2228 1151 2332 1206 sed
2373 1152 2686 1223 deplorare
2742 1151 3046 1208 duntaxat.
3089 1154 3192 1208 Est
3239 1154 3398 1208 enim
3453 1153 3583 1209 laus

1928 1254 2135 1294 eorum
2170 1241 2269 1311 qui
2301 1241 2520 1313 gratias
2552 1245 2769 1314 agunt;
2803 1241 3131 1313 deploratio
3163 1259 3320 1309 vero,
3376 1259 3584 1298 eorum

1930 1330 2030 1399 qui
2063 1328 2406 1385 verberibus
2439 1331 2768 1387 caeduntur.
2803 1332 2987 1404 Igitur
3017 1337 3157 1388 tunc
3180 1332 3329 1403 justi
3372 1331 3583 1387 lauda-

1928 1420 2043 1474 turi
2078 1425 2256 1486 sunt;
2291 1421 2392 1491 qui
2421 1436 2558 1475 vero
2590 1420 2651 1474 in
2687 1421 2944 1491 peccatis
2976 1421 3256 1489 obierint,
3304 1421 3586 1493 deinceps

1929 1508 2321 1564 confessionis
2354 1515 2589 1581 tempus
2621 1526 2743 1566 non
2775 1509 3099 1565 habebunt.

1998 1599 2110 1654 XV.
2147 1601 2227 1654 De
2259 1599 2362 1654 illo
2393 1616 2528 1654 vero
2553 1605 2854 1668 contextu,
2878 1622 2906 1649 α
2931 1600 2986 1654 Si
3008 1600 3385 1655 descenderit
3406 1601 3584 1656 homo

1934 1710 1955 1738 ι
1991 1688 2145 1744 292
2178 1689 2240 1743 in
2271 1688 2596 1756 infernum,
2647 1705 2769 1744 non
2819 1689 3076 1760 amplius
3122 1689 3405 1745 ascendet
3439 1690 3485 1724 ²⁰
3509 1709 3538 1743 ιι
3570 1706 3586 1758 ;

1929 1778 2056 1832 vide
2088 1779 2556 1850 consequentia;
2591 1779 2877 1850 scriptum
2908 1785 2996 1833 est
3041 1795 3340 1850 namque:
3376 1803 3403 1828 ι‹
3461 1781 3588 1835 Non

1433 1867 1544 1921 Τοῦ
1605 1867 1802 1938 κόσμοι

1989 1867 2252 1938 amplius
2283 1867 2586 1932 ascendet,
2619 1884 2730 1922 nec
2787 1872 3116 1923 revertetur
3173 1869 3234 1922 in
3284 1868 3588 1940 propriam

1930 1979 1956 2006 ‹‹
1989 1957 2233 2011 domum
2267 1956 2309 1990 ²¹
2343 1979 2392 2010 ι).
2429 1957 2575 2012 Cum
2607 1957 2769 2011 enim
2801 1958 3112 2012 universus
3130 1958 3391 2013 mundus
3422 1963 3586 2013 tran-

1927 2047 2150 2101 siturus
2180 2045 2274 2109 sit,
2305 2051 2360 2100 et
2392 2046 2589 2100 omnis
2622 2045 2833 2101 domus
2862 2046 3262 2102 destruenda:
3288 2045 3584 2118 quomodo

1926 2134 1986 2190 in
2007 2135 2307 2206 pr0priam
2340 2134 2583 2189 domum
2616 2141 2962 2204 revertetur,
2997 2135 3151 2191 facta
3183 2137 3244 2190 in
3277 2141 3583 2207 posterum

1926 2224 2043 2280 alia
2073 2225 2285 2279 tellure
2320 2240 2470 2279 nova
2498 2223 2546 2258 ²²
2569 2224 2595 2278 ‘?
2623 2224 2934 2295 oportebat
2963 2242 3099 2280 vero
3133 2226 3268 2279 illos
3301 2225 3582 2281 exaudire

1924 2313 2404 2369 Jobumaientem
2435 2330 2446 2366 :
2481 2335 2508 2363 «
2535 2315 2635 2368 Est
2656 2314 2817 2368 enim
2837 2314 3032 2369 arbori
3060 2332 3194 2386 spes
3225 2332 3236 2368 :
3262 2331 3399 2370 nam
3417 2315 3463 2369 si
3483 2331 3582 2370 ex-

1927 2425 1954 2454 «
1977 2403 2442 2468 cidatur,rursus
2461 2403 2892 2471 reﬂorescet,et
2911 2421 3112 2460 ramus
3127 2406 3255 2476 ejus
3269 2411 3438 2460 tener
3459 2422 3580 2461 non

1926 2516 1953 2543 ‹‹
1978 2493 2234 2548 deﬁciet.
2269 2493 2326 2547 Si
2345 2493 2506 2547 enim
2527 2493 2792 2548 senuerit
2812 2493 2874 2547 in
2896 2499 3051 2549 terra
3073 2495 3241 2549 radix
3262 2495 3408 2567 ejus.
3431 2500 3490 2550 et
3519 2495 3581 2550 in

1924 2604 1953 2631 «
1986 2587 2154 2653 petra
2184 2582 2474 2635 moriatur
2500 2586 2748 2636 truncus
2770 2583 2932 2651 ejus;
2958 2582 3030 2637 ab
3053 2583 3234 2638 odore
3281 2600 3448 2654 aqua:
3471 2583 3583 2638 flo-

1925 2694 1951 2722 ;‹
1977 2677 2187 2737 rescet,
2209 2675 2268 2724 et
2286 2670 2463 2725 faciet
2486 2687 2742 2726 messem
2765 2677 3051 2742 tanquam
3075 2689 3266 2744 nuper
3291 2673 3576 2744 plantata.

1923 2784 1950 2811 ‹‹
1981 2762 2080 2815 Vir
2100 2765 2301 2815 autem
2318 2765 2589 2816 mortuus
2617 2777 2738 2816 non
2761 2761 2936 2816 abiit:
2962 2761 3180 2817 cadens
3203 2778 3338 2817 vero
3361 2769 3581 2820 morta-

1923 2875 1950 2901 ‹‹
1970 2851 2044 2905 lis
2062 2867 2181 2905 non
2197 2855 2288 2904 est
2307 2849 2566 2920 amplius
2585 2850 2630 2884 π
2649 2872 2676 2899 ››
2691 2850 2897 2916 ?Quasi
2922 2851 3208 2922 pudorem
3223 2853 3502 2925 ingerens
3524 2859 3584 2908 et

1923 2941 2324 3012 increpitans:
2359 2939 2469 3009 (sic
2503 2939 2661 2995 enim
2714 2939 3037 3012 legendum
3069 2947 3160 2996 est
3190 2959 3297 3013 per
3326 2943 3580 2998 interro-

1920 3031 2220 3104 gationem
2241 3028 2412 3083 illud.
2446 3031 2564 3084 Non
2584 3036 2659 3084 est
2679 3030 2919 3100 amplius
2939 3032 2983 3101 ?)
3006 3030 3152 3086 Cum
3171 3031 3578 3103 enim,inquit,

1921 3119 2151 3188 lignum
2182 3115 2356 3171 cadat
2386 3121 2444 3170 et
2471 3122 2762 3189 resurgat,
2796 3135 2941 3173 num
2965 3119 3144 3174 homo
3171 3120 3580 3192 ipse.propter

139 3201 390 3275 γέγονεν,
427 3200 527 3255 οὐκ
558 3200 819 3278 ἐγείρεται
854 3224 869 3272 ;
903 3203 1009 3258 Καὶ
1025 3201 1116 3258 ’ίνα
1157 3205 1234 3277 μὴ
1287 3204 1518 3278 νομίσῃς
1573 3226 1640 3278 με
1676 3205 1802 3280 βιά-

1978 3224 2100 3262 1em
2132 3207 2287 3260 facta
2326 3210 2466 3259 sunt
2493 3205 2674 3278 ligna,
2709 3225 2829 3262 non
2860 3209 3173 3281 resurget?
3201 3211 3392 3280 Atque
3414 3215 3575 3264 utne

145 3288 362 3359 ζεσθαι,
395 3290 668 3364 ἀνάγνωθι
724 3291 788 3345 τὸ
849 3291 1175 3357 ἀκόλουθον.
1235 3293 1388 3350 Μετὰ
1443 3295 1548 3369 πὰρ
1603 3297 1674 3367 (7)
1742 3295 1806 3350 τὸ

1919 3313 2014 3350 me
2045 3295 2158 3349 vim
2193 3294 2321 3348 loco
2361 3295 2572 3350 afferre
2630 3300 2823 3366 putes,
2879 3297 3006 3369 lege
3065 3297 3222 3369 quod
3281 3299 3575 3370 sequitur.

217 3403 271 3439 ²⁰
299 3404 430 3462 Job.
464 3423 560 3472 vn,
593 3411 647 3465 9.
725 3409 767 3444 ³³
798 3409 942 3465 ibid.
981 3414 1066 3465 10.
1145 3410 1195 3446 ²²
1223 3412 1274 3465 II
1303 3413 1460 3466 Petr.
1496 3427 1578 3480 III,
1613 3413 1702 3469 l3.
1781 3412 1802 3446 ²

1984 3427 2098 3481 xxv,
2132 3413 2286 3466 7-10.

215 3523 300 3590 (1)
323 3518 433 3574 Οὐκ
464 3518 596 3578 ἔστι.
632 3525 718 3580 Ita
765 3526 1138 3582 restituimus
1189 3544 1259 3582 ex
1322 3526 1490 3582 codd.
1527 3527 1804 3582 Ottobon.

143 3593 468 3661 ambobus,
494 3597 915 3663 Roe,_Casaub.
953 3605 1010 3652 et
1039 3605 1150 3652 vet.
1189 3599 1427 3663 Genov.,
1490 3615 1626 3654 cum
1667 3605 1807 3654 ante

145 3660 478 3720 haberetur
507 3660 922 3732 οὐκὲτιωιιιὶει
951 3670 1039 3724 vel
1072 3670 1301 3724 difficili
1324 3660 1647 3725 admodum
1671 3688 1808 3725 con-

160 3737 504 3816 structione.
529 3740 673 3816 _Haac
705 3747 907 3816 autem
935 3742 1163 3797 insulse
1200 3741 1435 3816 liivetus
1481 3741 1553 3816 ad
1584 3759 1806 3814 purga-

166 3809 303 3884 torii
330 3809 726 3884 sublationem
758 3813 941 3868 trahit
975 3831 987 3868 :
1023 3831 1158 3869 cum
1191 3813 1262 3868 de
1293 3813 1552 3884 peccatis
1583 3809 1804 3869 inor'ta-

155 3878 319 3957 libus
350 3881 583 3957 nullum
625 3885 686 3939 in
718 3885 1056 3957 purgatorio
1090 3878 1415 3957 paenitendi
1452 3885 1648 3940 locum
1676 3902 1806 3941 esse

149 3951 458 4029 Catholici
477 3951 775 4011 fateantur
807 3951 905 4024 fat
941 3951 1162 4012 leviora
1191 3964 1433 4029 peccata
1459 3959 1651 4028 pinnis
1674 3963 1810 4029 post

149 4031 414 4078 mortem
445 4025 506 4101 in
538 4029 795 4097 quodam
821 4029 1012 4084 exsilii
1050 4025 1436 4101 loco—expiari
1460 4025 1632 4086 docet
1661 4025 1806 4086 auc-

145 4102 266 4164 tor,
303 4102 415 4151 cat.
449 4099 536 4161 23,
563 4117 726 4154 num.
761 4102 851 4158 40.

219 4167 467 4250 (2)-Ποερὶ
500 4165 578 4238 δὲ,
611 4178 722 4227 etc.
751 4169 816 4225 Δὲ
849 4189 956 4244 pro
986 4173 1086 4248 γάρ
1138 4191 1208 4229 ex
1276 4175 1397 4229 Roe
1457 4178 1516 4227 et
1552 4171 1800 4228 Casaub.

143 4245 550 4297 restituimus.

219 4313 294 4381 (3)
329 4309 428 4373 Eii;
450 4312 542 4367 τὸν
577 4309 713 4368 ἴδιον
765 4313 935 4372 οἶκον.
988 4318 1099 4372 Pro
1156 4316 1306 4370 οἷκον
1367 4315 1538 4372 codd.
1599 4315 1800 4383 Coisl.,

144 4383 311 4460 Roe,_
343 4384 615 4460 Casaub.,
671 4388 882 4442 Geuov.
924 4389 1245 4460 ‘scriptum
1320 4389 1570 4460 habent,
1609 4386 1799 4460 τόπον·

144 4469 216 4532 ac
249 4456 1099 4532 (Genoveftexcepto)addunt
1127 4457 1304 4513 οὐκέτι
1367 4466 1500 4530 post
1556 4458 1805 4532 ἐπιστρέ-

157 4527 262 4603 km
282 4533 342 4581 at
373 4527 517 4603 οἶκον
550 4527 764 4603 legisse
782 4531 1070 4603 Cyrillum
1095 4527 1407 4601 sequentia
1422 4527 1803 4603 perspicuum

171 4598 402 4677 faciunt,
434 4598 618 4677 πάσης
646 4598 1337 4677 οξκίαξδιαφθειρομένης,
1397 4598 1532 4677 πῶς-
1562 4598 1652 4662 “εἰς
1673 4673 1687 4677 _
1708 4601 1800 4655 τὸν

137 4665 292 4746 ’ἴδιον
321 4665 470 4724 οἷκον
506 4665 917 4746 ἐπἀνελεύσεται
1001 4665 1166 4730 VPosi.
1226 4665 1356 4746 qua)
1415 4674 1613 4743 verba,
1673 4673 1803 4729 loco

144 4743 674 4816 uevﬁ<,_posuimus
702 4748 917 4816 καινῆς,
951 4763 1022 4801 ex
1061 4743 1260 4802 Ottob:
1317 4751 1591 4816 utroque,
1653 4747 1795 4813 Roe,

143 4814 398 4890 Qasaub.
434 4823 494 4870 et
517 4817 750 4890 (Grod.;
812 4815 993 4885 ἄλλης
1053 4835 1289 4890 quoque
1339 4814 1679 4874 addidimus
1728 4835 1798 4873 ex

144 4885 402 4959 duobus,
435 4889 740 4959 prioribus
766 4891 936 4946 codd.

217 4958 297 5034 (ἦ)
317 4957 470 5034 Ἐσηξι
501 4960 601 5034 γὰρ
630 4957 857 5032 δένδρῳ.
893 4964 1026 5017 Haec
1057 4967 1113 5016 et
1144 4961 1490 5034 sequentia,
1509 4977 1645 5034 quae
1667 4961 1796 5034 Jobi

145 5030 878 5105 testimonium'spectant,
910 5050 1016 5088 suo
1049 5050 1214 5088 more
1231 5030 1593 5088 transcribit
1616 5032 1798 5088 Rufﬁ-

143 5118 261 5176 nus
284 5103 534 5176 Emposit.
569 5103 632 5159 iri
661 5105 924 5174 Symbol.,
968 5106 1158 5176 cujus,
1188 5106 1250 5160 in
1282 5105 1395 5161 hoc
1427 5105 1556 5160 loco
1594 5120 1800 5159 emen-

145 5173 749 5248 dando,’_auctoritate
780 5194 986 5232 sumus
1018 5173 1228 5248 adjuti.

215 5248 296 5314 (5)
331 5244 502 5299 Πάλιν
536 5247 847 5316 ἐπανθήσει,
882 5254 991 5304 etc.
1044 5244 1110 5303 Iri
1172 5249 1283 5303 hoc
1340 5251 1621 5302 contextu
1670 5246 1798 5302 Jobi

142 5318 442 5391 nonnulla
469 5321 922 5386 correximus,et
938 5320 1483 5391 interpunctionem
1505 5319 1801 5374 editorum

141 5388 348 5463 Cyrilli
373 5392 803 5463 exemplarium
825 5388 1135 5447 nonnullis
1151 5391 1661 5463 locismutandam
1677 5391 1798 5446 exi-

144 5459 645 5535 stimavimus—Ac
670 5464 952 5535 primum,
985 5464 1115 5518 loco
1156 5459 1421 5535 ἐκλείπει,
1448 5463 1798 5535 scripsimus

143 5549 211 5587 ex
244 5533 422 5606 Cois}.
466 5540 524 5589 et
555 5531 774 5606 Ottdb_.,
817 5536 990 5606 juxta
1049 5535 1211 5600 LXX,
1273 5531 1520 5606 ἐκλείπῃ·
1570 5531 1799 5589 deinde

137 5621 343 5661 vocem
374 5600 521 5659 ἔσται
546 5613 680 5678 post
711 5600 837 5678 ῥίζᾶ
864 5606 1051 5671 αὐτοῦ,
1085 5624 1216 5678 qua)
1262 5600 1634 5678 neque'LXX
1685 5611 1796 5673 est,

139 5694 335 5750 neque
355 5695 390 5733 a
422 5677 1013 5735 codd.0tt0bonianis
1035 5677 1498 5743 duobus,Coisl.,
1527 5680 1666 5740 Roe,
1691 5679 1800 5733 Ca-

143 5750 334 5820 saub.,
367 5755 430 5807 et
457 5750 860 5822 Grod.,neque
883 5769 918 5808 a
945 5750 1183 5807 Rufﬁno
1200 5750 1795 5823 agnoscitur,expun-

427 5878 691 5943 Parant.
737 5881 860 5941 Gn.
903 5879 1190 5942 XXXIII.

1919 3528 2152 3612 ximus:
2184 3526 2387 3612 sicque
2420 3542 2490 3580 ex
2521 3527 2735 3612 iisdem
2765 3545 2970 3583 vocem
3011 3526 3140 3612 ῥίζα
3170 3547 3305 3612 cum
3337 3530 3577 3605 γηράσῃ⁹

1919 3599 2076 3674 male
2105 3597 2332 3674 virgula
2353 3597 3577 3674 separatam_._counexuimus,Conseq'ueIi-

1923 3676 2031 3742 ter,
2066 3664 2575 3742 Ιοοοτελευτήσει,
2596 3671 2764 3725 nullo
2798 3673 3066 3742 quamvis
3090 3664 3292 3728 codice
3317 3664 3577 3728 suffultit

1917 3739 2214 3809 τελευτήσῃ
2239 3741 2412 3811 juxta
2445 3740 2602 3806 LXX,
2640 3757 2710 3796 ex
2741 3739 3008 3798 Grodecii
3036 3749 3094 3798 et
3114 3744 3336 3800 Rufﬁni
3364 3745 3580 3800 versio-

1918 3812 2369 3886 nescripsimus
2397 3829 2408 3874 ;
2444 3812 2666 3886 alioqui
2703 3813 2937 3886 turbata
2969 3820 3026 3868 et
3057 3815 3406 3886 imperfecta
3465 3816 3578 3870 erit

1918 3885 2097 3956 hujus
2137 3883 2687 3958 lociconstructio:
2732 3885 2924 3958 Quod
2957 3883 3457 3958 notatiCyrillus,
3516 3893 3576 3942 et

1957 3953 2050 4010 ost
2077 3972 2214 4010 eum
2246 3955 2540 4032 Bufﬁnus,
2569 3955 2766 4032 verba,
2798 3954 2976 4032 1r_acrdov
3030 3953 3088 4032 _8‘s
3140 3953 3336 4032 βροτὸς
3394 3958 3574 4032 ορκὲτ’

1915 4024 2082 4100 ἔστιν,
2109 4043 2217 4100 per
2249 4027 2794 4100 interrogationem
2835 4029 3088 4100 legenda
3135 4024 3284 4096 esse,
3336 4030 3571 4086 nullum

1918 4101 2036 4156 sive
2070 4097 2130 4153 in
2165 4097 2450 4153 Hebraica
2484 4097 2752 4167 veritate,
2812 4097 2932 4155 sive
2990 4102 3051 4156 in
3111 4101 3250 4156 LXX
3308 4102 3571 4157 virorum

1916 4169 2430 4253 interpretatione,
2463 4169 2950 4253 interrogationis
2976 4172 3051 4253 ad
3084 4188 3340 4253 sensum
3369 4173 3569 4253 Cvr-illi

1913 4241 2498 4317 apponendmexstat
2516 4241 3071 4317 vestigium.Contra
3091 4245 3308 4317 legitur
3327 4246 3389 4300 in
3414 4241 3566 4301 'lleb.

1915 4314 2164 4390 et_Yulg.
2204 4315 2323 4390 _Ubi,
2356 4330 2537 4390 quaso
2565 4321 2642 4369 est
2663 4316 2886 4390 ?_quasi
2917 4314 3210 4390 integram
3251 4323 3310 4373 et
3339 4317 3570 4388 irrepa-

1914 4383 2167 4461 rabilem
2208 4383 2470 4440 hominis
2505 4383 2984 4461 _se_mel__mortui
3044 4383 3569 4461 Eonsumption'em

1914 4458 2211 4528 significet
2239 4462 2463 4511 auctor.
2500 4457 2611 4511 Sed
2639 4459 2848 4514 eadem
2880 4461 3018 4515 huic
3048 4461 3181 4516 loco
3234 4457 3568 4516 accommo-

1914 4530 2111 4604 danda
2140 4528 2788 4604 interpretationquam
2819 4531 3075 4603 Cyrillus
3105 4533 3276 4587 alteri
3300 4533 3570 4604 ejusdem

1838 4605 1881 4668 D
1911 4601 2039 4658 Jobi
2073 4601 2225 4667 loco,
2259 4601 2320 4655 Si
2349 4600 2702 4672 (descenderit
2763 4600 2918 4658 homo
2976 4605 3036 4657 in
3095 4600 3397 4672 infernum.
3454 4609 3567 4658 etc.

1915 4675 2094 4744 hujus
2127 4670 2363 4726 numeri
2387 4671 2574 4746 initio
2631 4670 3210 4746 adhibuitzinempe
3261 4675 3570 4746 hominem

1906 4742 2498 4816 mortuumiamplius
2530 4760 2650 4798 non
2684 4760 2815 4816 esse
2850 4745 2912 4800 in
2970 4742 3307 4812 hominum,
3359 4745 3459 4816 qui
3489 4745 3565 4800 ad

1907 4815 2404 4888 consuetudinem
2434 4814 2564 4868 vitae
2595 4815 2790 4871 redire
2825 4817 3073 4888 possint,
3105 4814 3393 4871 numerof
3414 4817 3566 4872 Loca

1908 4895 2106 4944 autem
2139 4887 2277 4952 duo,
2309 4887 2370 4941 Si
2396 4893 2642 4942 mortuus
2683 4887 2856 4955 fuerit
2907 4888 3089 4956 homo,
3137 4891 3298 4953 vivet,
3351 4893 3408 4943 et
3448 4889 3562 4942 Ea:-

1906 4967 2089 5031 spesto
2119 4960 2289 5013 donec
2319 4973 2510 5012 rursus
2536 4962 2687 5026 ﬁam,
2721 4975 2840 5014 non
2873 4959 3058 5014 alium
3086 4965 3309 5085 praeter
3361 4975 3563 5014 resur-

1908 5031 2192 5085 rectionis
2219 5029 2513 5085 generalis
2544 5046 2809 5085 sensum.
2846 5031 3010 5085 iuxta
3043 5032 3099 5085 L.
3136 5031 3175 5085 X
3205 5031 3563 5085 interpretes

1908 5029 2513 5102 rectionisgeueralis
2544 5046 2809 5095 sensum,
2837 5031 3010 5100 juxta
3043 5029 3175 5085 LXX
3205 5031 3563 5102 interpretes

1907 5105 2082 5169 lecta,
2116 5101 2350 5175 habere
2365 5101 2659 5156 videntur.
2694 5103 2805 5156 Sed
2834 5103 2897 5157 in
2929 5102 3172 5175 Hebraeo
3217 5108 3275 5175 et
3317 5101 3565 5175 Vulgata

1909 5176 2088 5232 aliam
2108 5173 2226 5228 vim
2258 5173 2516 5228 habent:
2550 5190 2764 5244 nempe
2791 5175 2863 5228 de
2895 5173 3061 5228 nullo
3094 5174 3354 5228 hominis
3376 5173 3565 5229 semel

1908 5246 2129 5303 mortui
2160 5244 2234 5300 ad
2259 5261 2640 5300 communem
2673 5246 2984 5301 hominum
3017 5246 3196 5301 vitam
3242 5245 3439 5302 reditu
3469 5246 3562 5303 in-

1909 5320 2282 5374 telliguntur.

1979 5335 2282 5392 lnguntur.

1979 5393 2055 5462 (6)
2090 5385 2262 5462 Mﬁvov
2296 5384 2400 5459 γὰρ
2431 5384 2582 5462 οὐχί.
2642 5390 2819 5462 Deest
2873 5388 2975 5462 γάρ
3037 5389 3104 5462 in
3153 5388 3326 5444 codd.
3382 5389 3562 5446 Coisl.

1911 5467 1968 5518 et
1989 5459 2285 5533 ‘Grod.._a_t
2316 5465 2406 5533 est
2435 5459 2496 5513 in
2518 5460 2807 5533 omnibus
2831 5459 2973 5515 mss.
3007 5460 3162 5528 aliis,
3209 5467 3388 5533 atque
3436 5477 3564 5516 om-

1886 5535 2054 5588 nino
2084 5531 2388 5604 Cyrilliani
2422 5531 2571 5604 styli
2591 5538 2718 5598 est;
2752 5537 2819 5586 ut
2847 5533 3045 5604 potius
3077 5533 3138 5587 in
3196 5531 3404 5604 paucis
3435 5549 3568 5590 era-

1910 5621 2066 5671 sum,
2099 5619 2278 5675 quam
2307 5603 2366 5675 in
2397 5603 2668 5675 pluribus
2700 5603 3001 5675 intrusum
3032 5603 3320 5660 videatur.

1981 5677 2057 5748 (7)
2088 5671 2234 5748 una:
2276 5671 2416 5748 ⁸γαὶρῖ
2467 5674 2624 5748 Illud
2679 5674 2779 5748 γὰρ
2839 5675 3181 5732 addidimus
3236 5693 3306 5734 ex
3359 5675 3566 5746 CoisL,

1911 5745 2052 5814 Ree,
2085 5745 2332 5802 Casaub.
2369 5751 2427 5800 et
2453 5745 2629 5804 Grod.

3212 5876 3290 5935 33
