1966 3184
127 238 206 271 103⁵1

437 238 676 270 CATECHESIS
697 238 806 269 XVIII.
829 238 881 268 DE
902 238 1046 268 CARNIS
1069 237 1413 275 RESURRECTIONE,
1437 238 1523 270 ETG.

1762 238 1840 269 1038

124 307 226 343 νεκροῦ
243 306 373 341 σώματος
389 307 438 332 τοῦ
452 305 595 343 προφήτου
606 304 789 343 ἐφαψάμενος,
805 303 949 338 ἐζωοποιήι

1048 306 1162 337 ortuus,
1179 307 1330 333 mortuum
1346 307 1498 342 prophetas
1514 314 1622 342 corpus
1633 306 1840 341 attingens,vi-

126 356 173 385 θη.
191 350 242 378 Καὶ
258 350 290 377 τὸ
319 351 399 386 σῶμα
429 351 477 376 τοῦ
506 350 652 386 προφήτου
678 348 709 376 τὸ
737 349 832 386 νεκρὸν
857 348 957 376 ἀπετέ-

125 394 194 423 λασε
220 396 314 433 ψυχῆς
329 391 418 431 ἔργον·
447 393 492 421 καὶ
521 394 552 421 τὸ
581 393 747 428 τελευτῆσαν
770 393 815 420 καὶ
831 393 956 429 κείμενον

126 440 201 474 ζωὴν
219 437 341 476 παρέσχε
369 441 408 475 τῷ
435 439 639 474 τελευτήσαντι·
665 438 711 465 καὶ
739 437 882 475 παρασχὸν
907 437 957 471 τήν

125 485 212 519 ζωὴν,
230 484 299 511 αὐτὸ
315 483 419 520 ὁμοίως
443 481 548 520 ἔμεινεν
577 482 603 510 ἐν
631 486 749 520 νεκροῖς.
775 483 823 509 Διὰ
837 481 864 509 τί
878 493 885 517 ;
901 482 959 510 Ἲνα

126 529 165 566 μὴ
184 528 377 564 ἐξαναστάντος
394 527 562 563 Ἐλισσαίου,
577 529 612 564 τῇ
638 529 715 565 ψυχῇ
734 528 804 564 μόνη
821 536 957 565 προσγρα-

126 575 164 612 φῇ
180 574 211 601 τὸ
227 576 353 610 πρᾶγμα·
370 571 470 610 δειχθῇ
496 571 534 605 δὲ,
563 572 605 599 ὃτι
629 572 674 599 καὶ
690 574 783 610 ψυχῆς
800 572 838 608 μή
854 571 957 608 παρού-

127 629 189 654 σης,
203 617 322 656 ἔγκειταί
337 628 379 649 τις
395 616 511 654 δύναμις
539 619 579 653 τῷ
606 619 660 644 τῶν
677 617 763 654 ἁγίων
779 617 896 653 σώματι,
913 615 959 643 διὰ

125 664 178 698 τὴν
192 663 220 691 ἐν
245 662 387 694 τοσούτοις
412 661 497 690 ἔτεσιν
527 661 705 697 ένοικήσασαν
721 661 747 689 ὲν
763 661 838 698 αὐτῷ
854 660 958 689 δικαίαν

127 710 235 746 ψυχὴν,
259 709 293 742 ἧς
324 706 489 745 ὑπηρέτημα
516 707 622 745 γέγονε.
641 707 691 735 Καὶ
721 707 760 743 μὴ
788 707 956 742 ἀπιστῶμεν,

128 755 236 789 νήπιοι,
253 754 290 783 ὡς
307 752 346 789 μὴ
370 751 554 790 γεγενημένου
577 751 685 779 τούτου.
711 751 742 778 Εἰ
758 751 810 788 γὰρ
827 749 958 789 σουδάρια

131 799 179 826 καὶ
193 798 363 835 σημιιιίνθια,
378 797 412 824 τὰ
435 794 530 833 ἔξωθεν
557 794 632 831 ὄντα,
652 798 707 823 τῶν
723 795 858 832 σωμάτων
871 795 955 823 ἀπτό-

137 854 204 880 μενα
229 845 279 870 τῶν
309 841 472 877 νοσούντων,
501 840 598 879 ἤγειρε
625 841 689 873 τοὺς
716 840 852 873 ἀσθενεῖς·
879 840 956 877 πόσῳ

131 887 238 924 μᾶλλον
267 887 334 915 αὐτὸ
362 887 393 915 τὸ
423 889 503 923 σῶμα
535 888 584 914 τοῦ
613 887 758 924 προφήτου
785 886 880 924 ἤγειρε
908 886 955 913 τὸν

126 933 221 971 νεκρόν
234 943 242 967 ;

161 1024 213 1052 IZ'.
230 1023 283 1051 Καὶ
312 1023 374 1057 ἐνῆν
405 1023 452 1059 μὲν
481 1021 575 1049 πολλᾶ
605 1021 689 1049 εἰπεῖν
720 1021 758 1052 εἷς
785 1021 958 1055 ταῦτα,καθν

122 1067 241 1096 ἕκαστον
258 1069 296 1105 (1)
312 1067 506 1105 ἐξηγουμένοις
530 1069 585 1094 τῶν
610 1066 804 1105 γεγενημένοις
828 1065 957 1103 πραγμά-

123 1125 180 1141 των
195 1114 227 1142 τὸ
244 1112 406 1151 παράδοξον.
433 1112 482 1140 Διὰ
503 1111 532 1140 δὲ
553 1112 600 1139 τὸν
623 1112 745 1148 κάματον
765 1112 811 1139 τὸν
827 1110 957 1149 προγενό-

128 1169 210 1195 μενον
240 1158 316 1195 ὑμῖν,
345 1156 375 1185 ἔκ
411 1168 441 1185 τε
477 1159 529 1190 τῆς
560 1157 729 1194 ὑπερθέσεως
755 1157 805 1191 τῆς
832 1155 957 1191 νηστείας

125 1207 177 1238 τῆς
209 1205 397 1241 Παρασκευῆς,
425 1202 468 1229 καὶ
507 1204 559 1236 τῆς
601 1200 760 1238 ἀγρυπνίας·
790 1200 879 1227 ἐκεῖνα
909 1200 956 1236 μὶν

126 1249 196 1279 τὲως
225 1247 251 1274 ἐν
280 1245 447 1284 παραδρομῇ
476 1245 613 1283 λελέχθω,
644 1243 679 1272 δι’
717 1244 818 1282 ὀλίγων
856 1243 959 1282 ἐσπαρ-

130 1292 209 1330 μένα·
241 1292 286 1320 ἳνα
315 1292 405 1328 ὑμεῖς,
435 1289 587 1325 καλλίστης
615 1289 667 1327 γῆς
708 1288 785 1325 δίκην
815 1288 957 1325 δεξάμενοι

125 1339 174 1367 τὸν
221 1338 334 1376 σπόρον,
377 1336 611 1375 καρποφορήσητε
654 1334 848 1365 πλατύνοντες.
878 1337 957 1369 Μνη-

129 1384 286 1420 μονευέσθω
301 1382 330 1410 δὲ
345 1382 392 1419 (2),
410 1382 453 1409 ὅτι
478 1381 522 1408 καὶ
539 1381 565 1408 οἱ
587 1379 736 1408 ἀπόστολοι
752 1379 863 1417 νεκροὺς
878 1378 958 1417 ἤγει-

126 1440 187 1467 ραν·
218 1428 320 1466 Πέτρος
350 1427 409 1464 μὲν,
440 1426 466 1453 έν
496 1426 595 1462 Ἰόππῃ
623 1422 755 1457 Ταϐιθάν·
785 1424 894 1455 Παῦλος
915 1422 957 1459 δὲ,

125 1474 254 1511 Εὔτυχον
269 1473 295 1500 ἐν
311 1470 431 1510 Τρωάδι·
442 1471 488 1498 καὶ
504 1471 529 1498 οἱ
541 1469 635 1498 λοιποὶ
646 1469 744 1501 πάντες
758 1469 922 1505 ἀπόστολοι,
933 1468 957 1496 εἰ

124 1520 171 1548 καὶ
191 1519 230 1556 μὴ
252 1519 341 1546 πάντα
354 1517 501 1555 γέγραπται
529 1516 564 1542 τὰ
594 1515 637 1554 ὑφ’
652 1514 766 1542 exuta-too
782 1515 958 1551 θαυματουρ-

123 1565 255 1603 γηθέντα.
286 1560 482 1598 Μνημονεύετε
511 1558 539 1587 δὲ
564 1562 619 1588 τῶν
648 1559 676 1587 ἐν
704 1560 739 1603 τῇ
768 1559 865 1597 πρώτῃ
887 1558 956 1596 πρὸς

123 1602 293 1647 Κορινθίους
320 1606 472 1644 εἰρημένων
501 1604 638 1638 ἁπάντων,
664 1604 702 1631 ὧν
722 1602 836 1641 ἔγραψεν
852 1604 867 1630 ὁ
883 1605 956 1647 Παυ-

1014 352 1075 376 tam
1108 350 1245 385 concepit
1257 350 1289 378 ³⁵.
1320 352 1465 379 Mortuum
1496 352 1650 387 propheta:
1674 360 1793 388 corpus,
1810 351 1840 379 id

1015 393 1094 428 quod
1110 395 1216 422 animae
1232 395 1387 423 videbatur
1401 405 1475 432 opus
1491 404 1567 430 esse,
1583 396 1725 432 perfecit;
1743 396 1841 432 quod-

1015 447 1073 473 que
1089 442 1239 467 mortuum
1266 441 1393 476 jacebat,
1424 444 1543 469 mortuo
1571 441 1663 469 vitam
1690 441 1791 475 dedit;
1812 443 1842 469 et

1015 483 1094 518 quod
1109 484 1198 511 vitam
1214 484 1313 517 dabat,
1329 485 1427 521 ipsum
1451 486 1483 513 in
1507 486 1633 513 mortuis
1656 486 1795 513 similiter
1809 488 1842 513 ut

1014 530 1082 555 ante
1111 529 1266 556 remansit.
1296 530 1358 562 Qua
1379 529 1413 557 de
1443 530 1555 558 causa?
1583 530 1670 564 Utne,
1696 530 1720 557 si
1737 538 1840 557 resur-

1014 572 1141 600 rexisset
1155 573 1289 608 Elisaeus,
1302 574 1409 602 animm
1425 575 1489 610 ejus
1505 575 1560 602 soli
1575 575 1686 602 factum
1702 575 1777 602 illud
1787 575 1842 602 im-

1013 620 1178 653 putaretur,
1196 620 1225 646 et
1240 622 1273 646 ut
1296 619 1515 654 ostenderetur,
1531 619 1653 647 absente
1670 620 1759 647 etiam
1775 619 1841 647 ani-

1015 670 1063 689 ma
1078 663 1176 690 inesse
1202 664 1260 691 vim
1282 664 1441 700 quamdam
1471 673 1505 692 ac
1532 667 1710 700 potestatem
1724 663 1841 700 corpori

1015 709 1196 741 sanctorum,
1209 711 1330 744 propter
1340 710 1472 737 animam
1480 709 1593 745 justam
1605 718 1670 745 quas
1686 712 1729 736 tot
1746 717 1841 737 annos

1014 751 1045 778 in
1061 759 1095 778 eo
1112 752 1332 786 inhabitaverit,
1359 754 1484 790 ejusque
1512 762 1568 781 usa
1596 754 1634 781 sit
1662 753 1840 781 ministerio.

1015 796 1115 831 Neque
1132 797 1221 825 fidem
1238 798 1264 825 ei
1280 798 1334 832 rei,
1352 798 1436 834 quasi
1452 807 1513 826 non
1525 799 1566 826 ita
1577 799 1624 833 sit,
1636 798 1730 834 inepti
1742 798 1842 826 detra-

1015 841 1139 869 hamus:
1156 843 1181 870 si
1195 843 1276 871 enim
1293 843 1414 871 sudaria
1429 846 1458 871 et
1478 844 1664 871 semicinctia
1679 852 1744 879 quae
1762 845 1842 870 exte-

1015 886 1077 914 rius
1093 887 1257 922 adhaerent,
1274 889 1483 925 aegrotantium
1499 889 1674 924 corporibus
1695 888 1844 924 applicata

1015 931 1152 960 inﬁrmos
1168 932 1374 969 erigebant“:
1400 936 1511 969 quanto
1541 933 1635 970 magis
1660 933 1760 969 ipsum
1774 941 1842 968 pro-

1014 978 1112 1014 phetas
1128 986 1236 1013 corpus
1250 980 1402 1006 mortuum
1419 978 1558 1006 excitavit
1569 977 1583 1005 7

1048 1023 1133 1050 XVII.
1149 1023 1238 1058 Atqui
1255 1025 1356 1051 essent
1381 1023 1440 1050 alia
1468 1022 1563 1050 multa
1578 1023 1610 1050 in
1625 1023 1688 1051 hinc
1703 1021 1841 1055 dicenda,

1013 1067 1038 1096 si
1054 1067 1227 1103 hujusmodi
1240 1068 1386 1095 factorum
1400 1067 1664 1095 admirabilitatem
1676 1066 1842 1095 secundum

1014 1112 1130 1149 singula
1140 1112 1282 1148 adjuncta
1293 1120 1558 1148 persequeremur;
1571 1112 1623 1140 sed
1633 1114 1755 1148 propter
1765 1118 1842 1147 pra;-

1013 1157 1169 1185 cedentem
1185 1165 1274 1192 quem
1287 1157 1485 1191 sustinuistis,
1498 1159 1561 1184 tum
1577 1165 1613 1184 ex
1624 1156 1735 1192 jejunii
1752 1156 1842 1183 Para-

1013 1209 1113 1229 sceves
1125 1202 1363 1238 superpositioue
1376 1202 1426 1238 (3),
1440 1204 1503 1229 tum
1517 1210 1553 1229 ex
1563 1201 1671 1237 vigilia,
1686 1201 1820 1228 laborem
1832 1208 1839 1233 ;

1013 1246 1076 1274 hinc
1092 1247 1212 1274 interim
1228 1246 1308 1274 velut
1331 1247 1362 1274 in
1387 1249 1562 1274 transcursu
1591 1246 1670 1273 dicta
1694 1248 1802 1278 sunto;
1818 1244 1841 1262 ³⁷

1013 1291 1115 1327 paucis
1126 1292 1216 1328 jactis
1232 1291 1407 1325 seminibus,
1421 1292 1464 1319 uti
1479 1300 1529 1319 vos
1543 1291 1630 1319 bonae
1646 1291 1742 1318 instar
1757 1289 1842 1317 tellu-

1013 1337 1054 1364 ris
1065 1344 1168 1364 semen
1179 1336 1392 1372 concipientes,
1404 1336 1479 1363 illud
1489 1335 1643 1364 dilatando
1654 1334 1842 1371 explicando-

1012 1389 1069 1417 que
1095 1381 1226 1409 fructum
1254 1381 1357 1409 feratis
1368 1380 1402 1409 ³⁸.
1432 1381 1574 1409 Memoria
1592 1388 1660 1408 vero
1690 1382 1842 1416 repetatur

1012 1425 1091 1462 quod
1108 1429 1139 1454 et:
1152 1426 1279 1462 apostoli
1308 1428 1442 1454 mortuos
1474 1426 1658 1453 excitarunt:
1688 1426 1793 1452 Petrus
1811 1425 1842 1451 in

1010 1471 1102 1507 Joppe
1118 1470 1284 1504 Tabitham,
1312 1470 1422 1498 Paulus
1452 1470 1619 1506 Eutychum
1638 1469 1750 1497 Troade
1763 1468 1796 1503 ³⁸,
1812 1471 1843 1496 et

1011 1516 1121 1551 reliqui
1132 1524 1237 1544 omnes
1250 1516 1376 1552 apostoli
1391 1525 1398 1549 ;
1410 1516 1530 1544 tametsi
1542 1524 1602 1543 non
1616 1515 1719 1543 omnia
1733 1514 1842 1542 litteris

1012 1561 1186 1597 consignata
1201 1564 1281 1595 sunt,
1298 1569 1363 1596 quas
1380 1561 1416 1588 ab
1432 1568 1616 1596 unoquoque
1627 1559 1844 1588 admirabiliter

1012 1605 1117 1632 eﬂ‘ecta
1132 1607 1211 1632 sunt.
1230 1604 1440 1632 Recordamini
1457 1607 1556 1632 autem
1581 1604 1716 1632 omnium
1730 1611 1796 1639 qua:
1812 1603 1843 1630 in

124 1646 175 1685 λος
200 1662 270 1690 προς
294 1650 358 1681 τοὺς
383 1649 519 1693 λέγοντας·
539 1650 600 1680 Πῶς
624 1647 773 1686 ἐγείρονται
795 1648 822 1675 οἱ
844 1646 938 1693 νεκροί

1048 1649 1113 1676 'iore
1129 1648 1165 1676 ad
1182 1649 1351 1677 Corinthios
1366 1649 1498 1685 Epistola
1511 1649 1590 1677 dicta
1605 1651 1754 1684 sunt,qum
1765 1648 1843 1676 204

125 1698 202 1734 ποίῳ
232 1695 262 1724 δὲ
290 1695 398 1732 σώματι
422 1691 574 1732 ἕρχονταις
603 1693 648 1720 καὶ
678 1692 730 1726 ὅτι,
756 1691 788 1720 Εἰ
803 1692 894 1729 νεκροί
911 1690 960 1719 οὐκ

124 1742 292 1781 ἐγείρονται,
334 1737 397 1767 οὐδὲ
425 1739 439 1766 ὁ
482 1738 598 1776 Χριστὸς
630 1735 786 1774 ἐγήγερται·
829 1736 874 1764 καὶ
918 1735 959 1763 δτι

126 1787 251 1826 ἄφρονας
278 1784 400 1818 ἐκάλεσε,
429 1782 496 1814 τοὺς
528 1783 566 1818 μὴ
595 1781 783 1812 πιστεύοντας·
798 1780 845 1808 καὶ
871 1781 961 1816 πάσης

126 1825 182 1866 τῆς
198 1830 291 1859 αὐτόθι
307 1827 496 1862 διδασκαλίας,
511 1831 563 1862 τῆς
578 1827 640 1865 περὶ
655 1828 757 1864 νεκρῶν
778 1825 959 1857 ἀναστάσεως·

129 1876 183 1904 καὶ
212 1876 251 1903 δτι
277 1875 346 1913 πρὸς
385 1872 593 1903 Θετσαλονικεῖς
621 1869 744 1909 ἔγραψεν·
774 1869 813 1899 Οὖ
842 1870 957 1906 θέλομεν

134 1919 164 1949 δὲ
194 1920 260 1957 ὑμᾶς
288 1920 403 1957 ἀγνοεῖν,
433 1916 560 1956 ἀδελφοὶ,
589 1916 651 1952 περὶ
691 1917 745 1942 τῶν
786 1915 959 1952 κεκοιμημέ-

129 1964 258 2002 νων,”ίνα
289 1965 327 2001 μή
354 1964 478 1998 λυπῆσθε
506 1961 597 1992 καθὼς
622 1961 667 1988 καὶ
696 1960 722 1987 οἱ
746 1959 852 1995 λοιποὶ,
875 1960 901 1987 οἱ
918 1960 957 1996 μὴ

126 2010 243 2049 ἔχοντες
273 2007 381 2042 ἐλπίδα,
410 2006 456 2035 καῖ
488 2007 521 2034 τὰ
549 2006 610 2041 ἑξῆς
639 2004 701 2033 ὃλα·
732 2005 851 2041 μάλιστα
871 2003 900 2032 δὲ
913 2007 956 2040 τὸ,

127 2057 182 2085 Καὶ
214 2056 241 2083 οἱ
268 2054 360 2093 νεκροὶ
400 2053 426 2081 ἐν
471 2054 581 2089 Χριστῷ
610 2051 806 2086 ἀναστήσονται
835 2052 956 2088 πρῶτον.

1016 1694 1135 1729 scripsit
1149 1694 1259 1721 Paulus
1274 1694 1416 1721 adversus
1432 1702 1482 1722 eos
1498 1694 1549 1729 qui
1565 1693 1723 1721 dicebant:
1742 1703 1756 1718 «
1767 1693 1845 1725 Quo-

1015 1750 1029 1764 «
1042 1739 1131 1767 modo
1142 1742 1302 1776 resurgunt
1314 1740 1434 1773 mortui,
1448 1739 1529 1775 quali
1549 1741 1649 1767 autem
1662 1747 1785 1775 corpore
1796 1746 1843 1765 ve-

1020 1795 1029 1808 ι
1043 1783 1184 1811 niunt“?
1193 1784 1263 1819 Ejus
1273 1791 1382 1819 quoque
1397 1784 1472 1819 quod
1487 1784 1527 1811 ait
1540 1792 1546 1810 :
1564 1784 1592 1811 Si
1605 1783 1715 1811 mortui
1726 1791 1788 1810 non
1800 1790 1845 1809 re-

1018 1839 1030 1855 ι
1046 1830 1182 1864 surgunt,
1199 1837 1296 1864 neque
1305 1829 1438 1856 Christus
1448 1828 1613 1856 resurrexit
1624 1827 1647 1845 ⁴¹
1658 1837 1665 1861 ;
1679 1838 1693 1852 ››
1704 1827 1844 1863 quodque

1013 1873 1111 1901 stultos
1126 1873 1239 1900 vocavit
1255 1882 1306 1901 eos
1322 1873 1373 1909 qui
1391 1881 1451 1900 non
1480 1872 1626 1906 credunt;
1643 1872 1794 1907 totiusque
1809 1878 1844 1898 eo

1014 1917 1071 1945 loci
1083 1918 1224 1953 expositas
1237 1918 1272 1946 de
1279 1921 1465 1945 mortuorum
1472 1917 1691 1945 resurrectione
1701 1917 1845 1944 doctrinm

1013 1965 1044 1990 et
1054 1963 1133 1998 quod
1147 1963 1178 1990 in
1189 1963 1269 1991 hunc
1282 1962 1404 1990 modum
1419 1963 1457 1990 ad
1467 1962 1749 1990 Thessalonicenses
1767 1961 1844 1989 scri-

1014 2007 1090 2043 psit:
1103 2019 1116 2032 ‹‹
1129 2008 1273 2036 Nolumus
1283 2010 1383 2036 autem
1394 2017 1446 2035 vos
1459 2008 1607 2044 ignorare,
1624 2007 1742 2041 fratres,
1756 2007 1792 2034 de
1808 2006 1845 2034 iis

1012 2063 1025 2077 «
1039 2052 1089 2087 qui
1099 2051 1376 2087 obdormierunt,ne
1387 2052 1607 2080 contristemini
1616 2051 1693 2080 sicut
1703 2054 1732 2079 et
1741 2050 1840 2079 casteri

125 2104 178 2140 qui
194 2110 269 2138 spem
281 2109 336 2129 non
352 2100 452 2128 habent
467 2101 497 2126 et
512 2106 578 2134 quas
595 2099 763 2133 sequuntur
777 2096 933 2131 universa;
952 2096 1082 2125 maxime
1098 2105 1166 2126 vero
1182 2097 1252 2125 dicti
1268 2098 1358 2134 hujus
1371 2105 1378 2126 :
1394 2098 1428 2125 Ει
1451 2098 1554 2126 mortui
1578 2098 1608 2125 in
1623 2097 1730 2125 Christo
1748 2105 1846 2125 resur-

126 2152 196 2185 gant
207 2148 331 2184 primum
342 2146 376 2173 4’.

164 2204 190 2224 ³⁸
205 2206 243 2234 IV
256 2207 325 2241 Reg.
343 2212 403 2241 xui,
419 2205 463 2231 24.

129 2245 164 2272 35
182 2250 267 2278 seqq.
301 2238 328 2258 Ἦ
345 2240 416 2267 ibid.
436 2241 476 2266 16.
515 2238 539 2255 ⁴³
555 2239 565 2265 Ι
582 2239 682 2266 Thess.
698 2247 722 2264 ιν
749 2239 842 2264 12-15.

503 2202 525 2220 ³⁵
542 2211 598 2234 XIX,
617 2203 659 2229 l2.
699 2202 719 2218 ³⁷
740 2202 801 2229 νίίῑ.
820 2205 873 2229 cat.
891 2203 917 2235 7,
934 2210 949 2228 η

1062 2202 1085 2219 ³⁸
1100 2203 1162 2229 Act.
1180 2211 1216 2237 1x,
1235 2204 1328 2230 36-42.
1367 2201 1390 2219 ³⁸
1408 2203 1471 2229 Act.
1488 2210 1535 2237 xx,
1552 2203 1629 2229 7-12.
1669 2201 1789 2229 ‘°ICor.
1802 2209 1845 2235 xv,

169 2305 208 2342 (1)
222 2304 286 2331 Καθ’
304 2301 429 2342 ἕκαστον.
461 2301 599 2342 Mondum
631 2301 754 2342 erat
781 2300 878 2342 editis,
904 2299 949 2325 καί

1048 2309 1086 2342 im
1103 2308 1138 2327 ex
1153 2301 1209 2327 hoc
1224 2301 1325 2342 Cyrilli
1345 2300 1423 2342 loco,
1441 2303 1502 2342 tum
1525 2308 1560 2328 ex
1571 2300 1678 2342 Z‘ypico
1694 2299 1847 2342 Hierosoly-

130 2336 262 2375 ἑκάστην,
276 2339 355 2375 quod
372 2338 555 2375 correximus
573 2345 606 2364 ex
622 2346 692 2364 mss.
711 2336 807 2375 φησι).
825 2339 959 2370 utroque,

131 2373 236 2410 Coisl.,
251 2373 322 2409 Roe,
336 2374 460 2410 Casaub.
491 2373 584 2410 Ambo
615 2373 795 2408 posteriores
818 2380 878 2399 una
894 2380 962 2399 cum

131 2412 271 2442 Genovef.
287 2411 407 2444 habent,
424 2409 612 2447 ἐξηγούμενοι.
678 2445 682 2447 _
726 2443 732 2447 _
772 2442 791 2447 __
867 2445 882 2447 __
906 2443 910 2447 _

169 2451 207 2484 (2)
225 2442 448 2484 Mvnpoveuéeqm
525 2442 594 2484 'Hic_
609 2443 755 2484 particula
770 2442 798 2469 δὲ
813 2452 847 2470 ex
862 2443 963 2477 Coisl.,

132 2480 204 2516 Hoc,
220 2480 345 2513 Casaub.
365 2486 394 2510 et
410 2481 497 2510 Grod.
515 2490 531 2509 a
546 2481 633 2508 nobis
649 2480 774 2514 adjecta.

173 2515 212 2557 (3)
230 2520 470 2557 Superpositjone,
487 2521 546 2557 tum
561 2526 595 2544 ear
618 2517 727 2557 vigilia,
745 2518 799 2542 etc.
818 2515 965 2557 Ecclesia-

134 2551 244 2586 sticam
258 2551 359 2584 vocem
371 2555 417 2584 ci:
430 2553 607 2589 ὑπερθέσεως,
621 2555 739 2587 recepta
755 2551 965 2589 apudliatinos

133 2593 382 2629 interpretatione
395 2587 621 2626 sztperposilionis
628 2588 768 2629 vocabulo
777 2587 964 2629 reddidi-mus.

133 2630 177 2658 Ea
192 2624 538 2666 significabantveteres,
551 2629 584 2666 ut
594 2626 684 2666 cuivis
697 2627 800 2666 notum
817 2624 966 2666 est,”jeju—

134 2659 268 2695 niumvin
286 2665 359 2692 duos
370 2663 415 2691 vel
426 2663 528 2698 plures
541 2661 605 2698 dies
617 2661 728 2698 absque
741 2660 798 2687 cito
810 2659 967 2698 continua—

134 2706 214 2731 tum.
231 2701 303 2729 Cum
320 2707 407 2736 porro
427 2695 541 2736 major»
553 2697 740 2724 hebdomada
753 2695 967 2736 austerioribus

139 2738 264 2775 jejuniis
280 2732 495 2775 observaretur,
513 2734 615 2769 plures
638 2736 731 2775 erant,
749 2732 797 2775 qui
815 2732 858 2775 rel
876 2735 967 2773 totam

150 2747 264 2775 ejunns
280 2747 495 2766 ODSCI‘Val‘euu',
516 2747 615 2769 piunt:
638 2747 731 2764 cuuu,
749 2747 797 2766 ιμιι
819 2747 858 2757 νει
877 2747 967 2773 tumin

133 2747 372 2803 iiebdomadam.
388 2771 433 2798 vel
449 2774 586 2806 quatuor,
605 2769 649 2795 vel
667 2772 739 2806 tres,
754 2767 798 2806 vel
815 2767 898 2797 ducs,
916 2776 967 2794 n1-

135 2811 250 2839 mirum
266 2811 438 2836 Parasceves
453 2804 483 2834 et
511 2805 629 2833 Sabbati
647 2804 739 2832 sancti
757 2804 830 2834 dies,
847 2813 969 2838 prorsus

133 2847 235 2884 jejuni
243 2845 486 2884 transigerentmt
494 2841 882 2884 testatursanlctus‘lrenseus
889 2841 968 2884 apud

138 2876 247 2911 Eugeb.
263 2881 316 2909 lib.
333 2876 358 2913 vv,
374 2881 458 2908 Hist.
474 2886 538 2913 cap.
553 2879 596 2909 24,
614 2881 643 2904 et
657 2877 717 2904 alii.
735 2876 967 2913 Commendaba-

140 2923 189 2947 tur
205 2918 334 2946 maxime
349 2912 556 2944 continuatum
585 2914 667 2940 feria)
698 2915 786 2940 sextae
804 2914 832 2938 et
850 2912 968 2940 Sabbati

140 2954 240 2983 sancti
251 2953 415 2990 jejunium,
430 2953 463 2978 ut
476 2950 574 2990 videre
591 2952 636 2990 est
652 2950 740 2990 Const.
757 2950 856 2990 epod,
873 2948 924 2990 lib,
941 2958 967 2990 ιν,

140 2999 208 3028 cap.
222 2984 351 3019 181mm!
359 2985 572 3022 Hierosolymis
581 2985 768 3014 observatum
776 2984 868 3011 fuisse
877 2984 967 3021 patet,

1018 2338 1123 2364 mitano
1154 2337 1247 2363 sancti
1278 2337 1369 2369 Sahaa,
1399 2339 1428 2363 et
1456 2338 1539 2364 Joan.
1570 2337 1703 2364 Damasc.
1722 2337 1801 2363 hom.
1819 2337 1847 2362 in

1018 2374 1140 2403 Parasc.,
1161 2375 1231 2399 tom.
1249 2373 1283 2403 ll,
1301 2381 1365 2408 pag.
1394 2373 1441 2399 811
1458 2381 1464 2405 ;
1491 2373 1542 2399 sed
1563 2372 1638 2400 citra
1653 2375 1845 2407 praeceptum,

1019 2409 1163 2444 cujusque
1179 2408 1279 2444 pietati
1310 2409 1338 2435 id
1368 2408 1505 2435 relictum
1534 2410 1606 2435 erat.
1628 2408 1731 2443 Vigilia
1747 2416 1814 2434 vero
1831 2415 1849 2435 δ.

1018 2445 1093 2472 feria
1109 2448 1191 2471 sexta
1214 2445 1243 2471 in
1269 2444 1429 2471 Sabbatum
1458 2447 1518 2471 toto
1549 2444 1619 2471 anni
1648 2447 1778 2478 tempore
1795 2451 1847 2505 per

1020 2482 1169 2505 Orientem
1180 2480 1400 2505 observabatur,
1413 2480 1437 2505 si
1450 2480 1600 2505 credimus
1609 2480 1759 2505 Cassiano.
1771 2479 1790 2505 li
1816 2487 1847 2505 .V

1020 2482 1169 2508 Orientem
1180 2480 1400 2509 observabatur.
1413 2480 1437 2507 si
1450 2480 1600 2507 credimus
1609 2480 1760 2508 Cassiano.
1771 2479 1822 2506 lib.
1831 2487 1848 2505 v

1020 2518 1154 2547 Institut.,
1172 2525 1235 2551 cap.
1248 2517 1274 2549 9,
1287 2516 1336 2550 qui
1352 2516 1440 2550 hujus
1455 2516 1508 2547 rei,
1522 2519 1550 2542 et
1564 2516 1652 2542 soluti
1665 2515 1846 2550 Sabbatoje-

1017 2553 1096 2588 junii
1112 2553 1258 2579 rationem
1276 2552 1383 2578 reddit.
1403 2552 1433 2578 Id
1451 2552 1555 2578 saltem
1571 2552 1600 2578 in
1617 2552 1775 2578 Parasceve
1789 2559 1847 2588 serr-

1022 2592 1119 2616 vatum
1150 2588 1238 2615 ﬁdem
1269 2588 1338 2614 facit
1367 2588 1559 2623 Epiphanius,
1592 2588 1642 2622 qui
1666 2587 1848 2622 Expos/idet:

1022 2633 1104 2652 num.
1116 2626 1149 2650 22
1175 2624 1319 2656 observat,
1333 2624 1509 2658 quibusdam
1527 2623 1598 2650 locis
1612 2626 1671 2650 tota
1683 2623 1848 2654 Pascliatis,

1022 2670 1073 2688 seu
1091 2661 1196 2695 majori
1214 2660 1409 2690 hnbdomada,
1428 2660 1579 2695 pervigilia
1594 2668 1643 2686 sex
1659 2659 1803 2686 celebrari
1822 2661 1850 2686 et

1022 2697 1145 2724 totidem
1162 2704 1304 2730 synaxes;
1322 2696 1388 2722 aliis
1409 2704 1475 2722 vero
1505 2696 1535 2721 in
1565 2695 1637 2722 locis
1654 2696 1684 2722 in
1702 2704 1735 2722 ea
1752 2695 1849 2722 solum

1023 2737 1108 2760 nocte
1138 2741 1202 2766 quae
1232 2732 1334 2759 feriam
1363 2733 1499 2767 quintam
1529 2731 1673 2766 sequitur,
1691 2735 1719 2758 et
1735 2740 1767 2758 ea
1784 2739 1849 2766 qua)

1024 2769 1208 2796 Dominicam
1225 2768 1376 2795 Paschalis
1401 2769 1479 2795 diem
1495 2768 1654 2799 antecedit,
1672 2768 1785 2801 vigilari
1803 2774 1851 2793 so-

1024 2806 1110 2832 litum
1128 2804 1261 2837 Vigiliam
1274 2807 1339 2839 pest
1351 2805 1531 2831 Parascevcn
1543 2802 1731 2831 commendat
1745 2804 1774 2830 in
1788 2802 1851 2829 Hie-

1023 2841 1237 2876 rosolymitana
1253 2840 1383 2867 Ecclesia
1410 2841 1609 2867 Damascenus
1626 2840 1689 2867 loco
1705 2841 1766 2869 cit.,
1783 2846 1849 2874 pag.

1024 2879 1084 2904 815.
1104 2877 1132 2902 ln
1145 2876 1247 2903 Galliis
1261 2876 1360 2906 etiam.
1372 2877 1476 2903 saltem
1495 2877 1523 2903 in
1538 2877 1713 2904 Pictaviensi
1735 2875 1849 2902 Sancta;

1023 2912 1212 2948 Radegundis
1227 2914 1420 2945 monasterio,
1434 2913 1508 2939 forte
1521 2913 1557 2938 ob
1569 2913 1665 2939 crucis
1681 2915 1795 2948 partem
1808 2909 1849 2936 ibi

1023 2947 1213 2983 asseri'atam,
1227 2949 1361 2975 eamdem
1375 2957 1391 2976 a
1405 2948 1514 2984 populo
1527 2948 1655 2984 vigiliam
1669 2947 1849 2984 celebratam

1024 2985 1114 3013 fuisse
1130 2984 1213 3012 testis
1230 2987 1275 3012 est
1291 2985 1374 3021 Greg.
1390 2983 1510 3018 Turon.,
1526 2983 1577 3011 lib.
1590 2992 1610 3018 1,
1621 2985 1730 3017 Mirac.,
1742 2991 1806 3018 cap.
1821 2983 1847 3008 5.
