3932 6352
0 3033 56 4342 g

179 319 347 382 1049

809 320 1290 385 CATECHESIS
1331 319 1555 384 XVIII.
1604 321 1705 382 DE
1749 321 2032 383 CARNIS
2078 321 2772 398 RESURRECTIONE,
2819 325 2994 387 ETC.

3451 329 3612 392 1050

178 449 432 525 θλίψεσι,
463 452 593 512 τοὺς
641 451 828 528 ἆγίους
886 453 1162 528 μάρτυρας
1215 458 1334 518 τοῖς
1391 457 1493 519 τῆς
1554 452 1836 525 ὑπομονῆς

1987 454 2166 517 :ustiis
2179 459 2417 513 sanctos
2441 461 2731 530 martyres
2753 458 3001 515 diversis
3032 463 3092 515 et
3117 459 3436 534 multiplici
3462 461 3614 518 ﬂore

179 539 470 596 ποικίλοις
495 541 588 595 καὶ
618 539 976 606 πολυανθέσιν
1009 540 1195 618 ἔστεψε
1252 543 1554 620 στεφάνοις·
1615 539 1732 597 νυνὶ
1786 539 1845 597 δε

180 629 240 686 ἐν
277 634 492 704 καιροῖς
526 629 775 705 εἰρήνης,
808 635 942 686 θεοῦ
971 630 1182 708 χάριτι,
1214 634 1283 688 τὰ
1317 639 1417 702 τῆς
1477 627 1842 710 ὀφειλομένης

179 714 310 794 ἔχει
339 726 511 792 τιμῆς
545 719 652 774 ύπὸ
687 718 981 796 βασιλέων,
1011 721 1101 777 καὶ
1131 727 1236 777 τῶν
1297 721 1349 777 ἐν
1399 722 1697 796 ὑπεροχαῖς
1753 715 1845 774 ὄν-

178 831 298 865 των
333 813 429 881 (1),
456 813 550 864 καὶ
579 811 778 872 παντὸς
807 809 1107 887 ἀνθρώπων
1164 810 1343 875 εἴδους
1401 832 1459 867 τε
1485 812 1571 866 καὶ
1631 811 1839 888 γένους·

184 898 464 975 βασιλέων
501 898 596 972 μὲν
625 902 736 954 τῶν
766 900 904 955 κατὰ
949 900 1116 956 τόπον
1149 899 1316 966 ἐθνῶν
1371 903 1471 975 (2),
1525 907 1624 970 τῆς
1683 899 1840 971 ἐξου-

180 987 310 1050 σίας
336 988 500 1061 ὅρους
532 987 796 1064 ἐχόντων’
834 989 1004 1062 μόνης
1064 989 1123 1046 δὲ
1177 998 1278 1061 τῆς
1333 990 1487 1066 ἁγίας
1541 989 1845 1061 καθολικῆς

179 1077 548 1149 Ἐκκλησίας,
601 1078 739 1134 κατὰ
786 1079 887 1148 τήν
945 1079 1276 1154 οἰκουμένην
1336 1087 1510 1136 πᾶσαν
1561 1081 1841 1157 ἀπεριόρι-

177 1188 308 1222 στον
344 1166 588 1244 ἐχούσης
606 1169 708 1237 τήν
741 1165 992 1242 δύναμιν.
1051 1171 1254 1241 Ἔθηκε
1309 1169 1412 1245 γὰρ
1472 1169 1500 1225 ὁ
1532 1169 1682 1240 Θεὸς,
1708 1171 1845 1226 κατὰ

170 1257 240 1312 τὸ
270 1259 683 1333 γεγραμμένου,
713 1258 776 1314 τὸ
805 1256 954 1334 ἅριον
1012 1257 1182 1324 αὐτῆς
1230 1258 1477 1334 εἴρήνην.
1539 1259 1670 1334 Περὶ
1701 1262 1739 1328 ἦ
1796 1259 1842 1314 εί

171 1347 360 1402 πάντα
393 1345 569 1422 λέγειν
602 1343 944 1422 ἐϐουλόμην,
973 1348 1134 1424 χρεία
1164 1350 1224 1405 ἄν
1269 1346 1353 1420 εἴη
1417 1370 1510 1422 μοι
1569 1347 1840 1404 πλειόνων

177 1438 341 1510 ὡρῶν
377 1437 454 1499 εἰς
485 1436 760 1512 διήγησινο

264 1529 391 1585 KB‘.
422 1530 514 1585 'Ev
545 1527 716 1604 ταύτῃ
747 1533 816 1602 τῇ
849 1527 976 1604 ἁγίᾳ
1029 1528 1300 1604 καθολικῇ
1353 1528 1654 1601 Ἐκκλησία
1699 1527 1844 1585 διδα-

195 1619 449 1690 σκόμενοί
504 1639 564 1674 τε
620 1619 710 1674 καὶ
761 1620 1224 1698 ἀναστρεφόμενοι
1291 1618 1501 1690 καλῶς,
1573 1621 1675 1689 τήν
1732 1625 1838 1676 τῶν

184 1708 434 1783 οὐρανῶν
479 1708 759 1783 βασιλείαν
819 1708 1031 1782 ἕξομεν,
1089 1712 1176 1766 καὶ
1232 1712 1377 1781 ζωήν
1428 1710 1650 1767 αῗώνιον
1701 1711 1842 1782 κλη-

1958 544 2126 600 nexis
2158 546 2459 618 patientiae
2491 548 2728 604 coronis
2759 548 3093 617 redimivit;
3127 551 3170 585 ⁷⁷
3200 568 3361 608 nunc
3379 569 3517 608 vero
3547 553 3611 609 in

1957 634 2120 704 pacis
2151 636 2538 707 temporibus,
2574 638 2675 694 Dei
2707 639 2896 711 gratia
2924 639 3158 696 debitos
3178 641 3435 697 honores
3457 643 3609 698 reci-

1957 723 2045 795 pit
2073 741 2108 779 a
2136 725 2396 797 regibus,
2427 733 2488 782 et
2515 727 2655 784 viris
2685 729 3043 801 dignitatum
3074 731 3442 787 sublimitate
3473 749 3612 789 con-

1959 813 2202 884 spicuis,
2235 821 2294 870 et
2323 817 2487 872 omni
2520 817 2778 889 denique
2809 819 3121 875 hominum
3143 837 3363 893 genere
3394 839 3461 878 ac
3482 839 3611 894 spe-

1957 901 2048 957 cie
2081 901 2126 937 ⁷⁷
2151 903 2168 924 ⁸
2193 903 2458 976 Cumque
2490 923 2658 978 reges
2689 907 3141 964 distributarum
3181 908 3428 965 diversis
3458 911 3605 969 locis

1956 992 2244 1064 gentium,
2276 1012 2396 1050 sua)
2426 998 2733 1067 potestatis
2768 997 2987 1054 limites
3034 999 3326 1067 habeant;
3360 1001 3488 1056 sola
3517 1007 3610 1058 est

1957 1087 2163 1137 sancta
2193 1084 2489 1140 catholica
2517 1086 2801 1151 Ecclesia.
2830 1105 2963 1159 qua;
3011 1105 3118 1160 per
3159 1089 3365 1145 orbem
3417 1097 3607 1149 totum

1956 1171 2421 1230 indeterminata
2449 1175 2666 1248 gaudet
2693 1182 3006 1249 potestate.
3029 1179 3405 1236 Posuitenim
3430 1182 3605 1250 Deus,

1955 1266 2020 1316 ut
2051 1263 2338 1334 scriptum
2371 1270 2478 1331 est,
2514 1267 2837 1322 terminum
2870 1268 3000 1339 ejus
3049 1285 3255 1340 pacem
3284 1267 3348 1325 ⁷⁸.
3377 1271 3456 1324 De
3486 1288 3607 1343 qua

1955 1351 2004 1406 si
2037 1353 2243 1407 omnia
2271 1353 2468 1409 dicere
2498 1355 2731 1419 vellem,
2774 1357 3099 1414 multarum
3146 1359 3294 1414 mihi
3324 1359 3605 1418 horarum

1955 1438 2230 1495 habenda
2257 1446 2416 1496 esset
2444 1443 2652 1498 oratio.
2991 1485 2994 1488 -

2024 1528 2274 1585 XXVIII.
2300 1530 2367 1586 In
2399 1531 2508 1587 hac
2538 1537 2744 1590 sancta
2801 1534 3094 1592 catholica
3149 1535 3413 1593 Ecclesia
3465 1552 3600 1592 cum

1953 1619 2266 1690 praeceptis
2280 1625 2405 1675 tum
2421 1621 2686 1678 moribus
2700 1623 3005 1694 praeclaris
3019 1624 3604 1693 instructi,cmlorum

1952 1722 2202 1780 regnum
2233 1707 2608 1778 habebimus,
2638 1718 2698 1766 et
2728 1712 3076 1769 haereditate
3103 1713 3503 1786 adipiscemur
3521 1717 3606 1769 υἰ-

176 1801 598 1873 ρονομήσομεν·
637 1797 706 1854 δι’
738 1797 806 1870 ἤν
837 1800 930 1856 καὶ
955 1802 1128 1856 πάντα
1153 1801 1455 1874 κάμνομεν,
1515 1800 1664 1864 ὅπως
1695 1803 1836 1878 παρᾶ

1987 1813 2066 1850 1m
2095 1803 2354 1853 aternam
2374 1817 2397 1863 ;
2428 1807 2671 1872 propter
2700 1817 2880 1872 quam
2912 1803 3198 1858 nimirum
3229 1803 3436 1859 omnia
3481 1820 3605 1859 sus-

171 1892 274 1943 τοῦ
311 1887 523 1964 Κυρίου
585 1888 791 1959 ταύτης
843 1889 1270 1964 ἀπολαύσωμεν.
1304 1890 1383 1949 Ού
1415 1891 1519 1966 γὰρ
1565 1891 1688 1968 περὶ
1751 1914 1841 1965 μισ

170 1982 328 2053 κρῶν
362 1979 562 2050 ἡμῖνὸ
619 1979 848 2050 σκοπὸς,
908 1977 1056 2036 ἀλλὰ
1113 1981 1238 2054 περὶ
1299 1983 1443 2051 ζωῆς
1502 1980 1726 2036 αἰωνίου
1781 1983 1845 2038 τὸ

173 2065 649 2141 σπουδαζόμενον.
680 2071 878 2145 Διόπερ
935 2069 986 2124 ἐν
1044 2073 1114 2143 τῇ
1171 2077 1274 2140 τῆς
1326 2071 1560 2134 πίστεως
1619 2068 1846 2148 ἐπαγγε-

172 2154 276 2228 λίᾳ
301 2155 698 2231 διδασκόμεθα,
741 2159 878 2232 μετὰ
905 2159 987 2229 τὸ,
1051 2159 1155 2217 Καὶ
1205 2163 1280 2234 (3)
1338 2159 1416 2224 εἷς
1460 2161 1660 2236 σαρκὸς
1713 2159 1842 2214 ἀνά-

171 2268 390 2318 στασιν,
451 2251 595 2303 τοῦτ’
653 2247 766 2304 ἔστι
817 2251 917 2320 τὴν
958 2254 1068 2305 τῶν
1129 2254 1359 2326 νεκρῶν,
1417 2251 1540 2325 περὶ
1609 2253 1676 2320 ἧς
1733 2247 1841 2305 διε-

177 2335 499 2412 λέχθημεν·
531 2337 804 2394 πιστεύειν
841 2338 938 2394 Καὶ
975 2339 1052 2402 εἰς
1103 2341 1247 2409 ζωὴν
1302 2339 1548 2413 αἰώνιον,
1601 2341 1722 2414 περί
1774 2343 1840 2409 ἧς

170 2432 294 2480 τοῖς
330 2429 685 2500 Χριπιανοῖς
717 2431 852 2500 ἡμῖν
896 2428 1036 2484 ἐστιν
1072 2429 1100 2484 ὁ
1131 2429 1303 2504 ἀγών.

248 2517 376 2573 ΚΘ’.
411 2517 473 2574 Ἠ
507 2517 604 2590 μὲν
639 2518 730 2573 οὗν
763 2515 935 2581 ὃντως
988 2519 1103 2588 ζωή
1161 2518 1253 2574 καὶ
1309 2517 1557 2590 ἀληθῶς,
1617 2514 1759 2575 ἔστιν
1810 2519 1838 2573 ὁ

175 2608 394 2680 Πατήρ·
429 2608 457 2660 ὁ
491 2603 560 2660 δι’
594 2607 724 2662 Υἱοῦ
753 2611 833 2682 (4)
863 2613 981 2672 τοῖς
1027 2609 1246 2678 ἅπασιν,
1280 2607 1332 2662 ὲν
1365 2607 1506 2683 ἁγίῳ
1539 2608 1837 2682 Πνεύματι,

172 2695 274 2758 τὰς
305 2694 666 2770 ἐπουρανίους
700 2697 968 2772 πηγάζων
998 2695 1225 2773 δωρεάς·
1283 2696 1374 2753 διὰ
1424 2695 1482 2754 Si
1535 2700 1636 2768 τὴν
1695 2697 1836 2754 insi-

173 2806 276 2839 νου
306 2784 748 2861 φιλανθρωπίαν,
779 2787 869 2842 καὶ
922 2788 1058 2860 ἡμῖν
1095 2793 1216 2850 τοῖς
1274 2788 1584 2864 ἀνθρώποις
1639 2787 1707 2843 τὰ
1733 2795 1835 2858 τῆς

175 2873 414 2929 αἰωνίου
449 2881 596 2945 ζωῆς
629 2873 880 2950 ἀψευδῶς
917 2875 1274 2953 ἐπήγγελται.
1337 2877 1452 2936 Ούκ
1508 2877 1835 2945 ἀπιστητέον

173 2962 234 3019 δὶ
265 2969 428 3020 τοῦτο
456 2965 593 3020 εἶναι
626 2962 875 3024 δυνατόν.
927 2966 1006 3024 Ού
1076 2969 1180 3042 γὰρ
1215 2968 1353 3043 πρὸς
1407 2969 1506 3038 τὴν
1561 2970 1832 3044 ἡμετέραν

173 3053 478 3125 ἀσθένειαν,
509 3054 820 3130 ἀλλὰπρὸς
884 3057 984 3126 τὴν
1044 3057 1250 3113 ἐκείνου
1309 3055 1538 3131 δύναμιν
1586 3059 1836 3136 ἀφορῶν-

168 3164 268 3206 τας
323 3147 426 3219 (5),
483 3146 755 3201 πιστεύειν
815 3149 953 3222 χρήο
1013 3147 1191 3204 Πάντα
1261 3150 1364 3224 γὰρ
1444 3147 1640 3204 δυνατὰ
1687 3150 1834 3224 παρὰ

170 3239 253 3305 τῷ
284 3239 424 3306 Θεῷ.
460 3234 561 3291 Καὶ
594 3236 680 3290 ὅτι
734 3257 794 3312 γε
851 3233 1072 3291 δυνατόν
1133 3235 1245 3292 ἐστι
1301 3242 1485 3306 τοῦτο,
1536 3239 1626 3293 καὶ
1688 3241 1833 3308 ζωήν

176 3323 406 3378 αἰώνιον
456 3324 874 3398 προσδοκῶμεν,
934 3322 1078 3402 λέγει
1132 3326 1227 3400 μὶν
1288 3324 1516 3398 Δανιήλ·
1578 3327 1675 3383 Καὶ
1729 3327 1836 3382 ἀπὸ

171 3417 281 3467 τῶν
318 3411 548 3468 δικαίων
577 3419 684 3468 τῶν
745 3414 998 3484 πολλῶν,
1057 3416 1132 3478 ὡς
1193 3416 1244 3470 οἱ
1293 3415 1510 3490 ἀστιρες
1572 3415 1648 3478 εἷς
1705 3415 1837 3478 τοὺς

175 3503 402 3574 αίῶνας,
432 3512 526 3558 καὶ
557 3499 657 3560 ἔτι.
694 3505 839 3575 Φησὶ
868 3503 925 3560 δὲ
979 3507 1007 3560 ὁ
1055 3502 1292 3568 Ηαῦλος·
1356 3507 1453 3560 Καὶ
1505 3505 1650 3561 οὕτω
1704 3507 1838 3560 πάν-

249 3676 294 3710 ⁷⁷
334 3677 464 3734 Vid.
495 3684 614 3734 cat.
653 3681 738 3749 17,
771 3694 832 3734 n.
871 3681 957 3732 10.
1033 3675 1108 3710 ⁷⁷”
1148 3679 1273 3733 Vid.
1306 3684 1415 3733 cat.
1450 3677 1538 3745 l7,
1566 3694 1624 3732 n.
1659 3679 1747 3732 24.
1826 3675 1836 3709 τ

1987 3676 2061 3732 al.
2103 3693 2304 3742 cxnvn,
2338 3677 2424 3731 14.
2515 3675 2560 3710 ⁷⁸
2592 3675 2791 3731 Matth.
2816 3692 2933 3742 χιχ,
2965 3679 3052 3732 26.

251 3883 335 3952 (ll
382 3881 506 3952 Τῶν
565 3877 657 3952 ἔνη
690 3880 1004 3952 -ῥπεροχαῖς
1089 3873 1282 3934 ὄντων.
1342 3879 1519 3935 Coisl.
1612 3877 1836 3934 Πάντων

178 3943 286 4004 τῶν
319 3949 374 4005 ἐν
408 3951 659 4026 ὑπεροχῇ
688 3943 1001 4007 (isnon-"Ab
1033 3953 1283 4008 omnibus
1313 3955 1410 4023 qui
1463 3955 1521 4006 in
1562 3953 1837 4022 dignitate

177 4027 472 4080 constituti
494 4032 641 4080 sunt.

247 4097 322 4166 (2)
383 4097 503 4150 Τῶν
552 4095 689 4149 κατὰ
739 4095 906 4149 τόπον
965 4093 1153 4157 ἐθνῶν.
1224 4096 1490 4151 Alterum
1547 4097 1654 4147 τῶν
1698 4100 1835 4150 ante

176 4165 350 4220 ἐθνῶν
379 4169 446 4241 in
479 4168 651 4224 editis
681 4169 962 4241 positum.
997 4167 1348 4241 auctoritate
1380 4167 1550 4223 codd.
1608 4168 1729 4241 Boe
1780 4173 1838 4241 et

176 4240 429 4312 Qasaub.
470 4237 892 4312 expuniimus;
924 4239 1400 4296 subaudiendum
1427 4245 1518 4294 est
1547 4237 1723 4290 πάντα
1745 4238 1834 4312 vel

174 4306 403 4364 ἕκαστον
435 4306 570 4368 ante
599 4311 791 4378 167.0v,
845 4319 904 4367 et
951 4313 1077 4367 haec
1136 4312 1450 4366 familiaris
1483 4315 1574 4366 est
1621 4311 1836 4366 Graecis

1951 1886 2234 1953 tinemus,
2257 1893 2325 1941 ut
2370 1904 2500 1943 eam
2557 1904 2590 1944 a
2646 1890 2900 1946 Domino
2957 1907 3418 1964 consequamur.
3478 1893 3605 1948 Non

1950 1976 2111 2031 enim
2128 1976 2452 2033 modicisin
2468 1978 2648 2034 rebus
2669 1979 2828 2035 sistit
2851 1981 3130 2052 praefixus
3150 1982 3324 2038 nobis
3350 1998 3564 2054 scopus
3589 1999 3602 2050 ;

1951 2065 2054 2121 sed
2078 2065 2206 2120 vitae
2235 2071 2473 2121 aeternas
2498 2067 2758 2139 adeptio,
2782 2069 2909 2124 haec
2939 2077 3144 2125 nostra
3164 2070 3466 2126 contentio
3490 2076 3599 2126 est.

1949 2157 2272 2227 Propterea
2300 2156 2362 2210 in
2394 2155 2533 2211 ﬁdei
2565 2157 2942 2213 confessione
2974 2159 3278 2226 docemur,
3335 2165 3403 2214 ut
3446 2165 3600 2232 post,

1947 2244 2117 2312 illud,
2149 2249 2219 2300 Et
2248 2248 2308 2300 in
2339 2245 2524 2301 carnis
2550 2246 3024 2312 resurrectionem,
3058 2249 3171 2303 hoc
3215 2253 3306 2303 est
3333 2254 3600 2304 mortuo-

1946 2351 2101 2400 rum,
2133 2335 2205 2390 de
2233 2351 2350 2406 qua
2380 2335 2832 2408 disputavimus,
2856 2337 3169 2393 credamus
3207 2340 3276 2392 Et
3321 2341 3382 2393 in
3428 2341 3601 2393 vitam

1943 2431 2226 2493 atemam,
2261 2425 2332 2480 de
2355 2441 2474 2496 qua
2504 2426 2675 2481 nobis
2699 2426 3054 2482 Christianis
3079 2432 3380 2482 certamen
3415 2432 3522 2483 est.

2017 2514 2214 2570 XXIX.
2251 2513 2436 2587 Igitur
2464 2514 2582 2570 vita
2623 2516 2820 2587 reipsa
2869 2521 2927 2570 et
2974 2516 3217 2571 veritate
3267 2518 3440 2571 Pater
3487 2522 3596 2583 est,

1944 2603 2044 2676 qui
2071 2620 2178 2676 per
2217 2603 2430 2659 Filium
2485 2604 2763 2660 omnibus
2811 2605 2871 2659 in
2926 2605 3146 2677 Spiritu
3195 2611 3399 2661 sancto
3443 2607 3595 2662 290

1943 2695 2208 2752 cmlestia
2238 2695 2396 2751 dona
2423 2700 2706 2767 tanquam
2737 2713 2806 2751 ex
2837 2696 2996 2752 fonte
3025 2695 3370 2769 profundit:
3402 2702 3464 2752 at
3493 2713 3601 2770 per

1942 2803 2074 2858 eJus
2095 2785 2523 2860 benignitatem
2546 2785 2722 2841 nobis
2739 2803 2976 2858 quoque
2998 2786 3342 2842 hominibus
3363 2792 3600 2842 aeterna)

1941 2877 2074 2932 vita:
2105 2877 2263 2932 bona
2292 2869 2583 2932 veraciter
2609 2877 2902 2948 promissa
2951 2883 3107 2932 sunt.
3161 2879 3360 2948 Neque
3413 2877 3462 2931 ei
3513 2877 3598 2932 rei

1943 2971 2229 3037 tanquam
2279 2967 2635 3038 impossibili
2695 2966 3064 3022 detrahenda
3119 2966 3298 3022 ﬁdes:
3355 2965 3598 3024 credere

1943 3056 2104 3111 enim
2135 3073 2246 3111 nos
2265 3061 2524 3128 oportet,
2551 3073 2672 3112 non
2704 3056 2780 3112 ad
2809 3055 3282 3112 imbecillitatem
3306 3061 3596 3116 nostram.

1948 3147 2051 3202 sed
2073 3147 2147 3203 ad
2178 3147 2342 3203 illius
2365 3147 2693 3219 potentiam
2726 3146 3113 3218 respicientes
3139 3163 3197 3202 :«
3226 3147 3438 3204 Omnia
3457 3149 3602 3203 enim

1948 3261 1974 3287 «
1997 3237 2306 3308 possibilia
2319 3237 2625 3308 suntapud
2642 3237 2825 3292 Deum
2839 3234 2886 3269 ⁷9
2903 3261 2922 3284 ι
2937 3237 3122 3302 .Quod
3133 3242 3330 3292 autem
3345 3235 3406 3291 id
3419 3237 3604 3307 possi-

1949 3327 2068 3382 bile
2095 3327 2191 3396 sit,
2223 3333 2628 3398 aaternamque
2672 3327 2847 3381 vitam
2891 3333 3291 3397 expectemus,
3319 3327 3464 3382 dicit
3490 3327 3602 3382 Da-

1950 3417 2102 3474 niel:
2128 3440 2154 3467 «
2180 3417 2494 3489 Etajustis
2520 3416 2747 3483 multis,
2773 3421 3060 3487 tanquam
3081 3416 3344 3472 stellasin
3359 3416 3598 3483 sacula,

1950 3529 1978 3558 ‹‹
2004 3513 2060 3562 et
2082 3507 2241 3562 ultra
2261 3505 2310 3542 ⁸⁸
2329 3524 2344 3574 ;
2360 3529 2388 3558 »
2414 3507 2499 3562 ait
2514 3523 2648 3561 vero
2669 3506 2888 3562 Paulus
2910 3523 2923 3561 :
2949 3528 2977 3556 «
3011 3507 3080 3562 Et
3101 3507 3186 3563 sic
3207 3522 3443 3579 semper
3463 3523 3602 3563 cum

3160 3675 3207 3710 ⁸ο
3238 3678 3384 3733 Dan.
3416 3693 3512 3742 xu,
3541 3679 3597 3732 3.

1946 3879 2082 3934 dem
2107 3879 2376 3933 omnium
2407 3894 2612 3934 earum
2663 3879 3096 3934 sententiarum
3145 3879 3228 3934 vis
3279 3884 3390 3945 est,
3449 3884 3597 3937 teste

1947 3953 2111 4023 Gaeg.
2148 3952 2431 4022 Nysseno,
2467 3950 2567 4020 qui
2601 3955 2866 4023 utraque,
2902 3950 3184 4023 loquendi
3234 3952 3464 4006 ratione
3509 3953 3596 4009 sic

1945 4021 2134 4078 utitur
2165 4021 2305 4077 tom.
2341 4023 2436 4084 Ill.
2471 4027 2620 4079 orat.
2653 4022 2727 4077 ad
2764 4021 2950 4076 Ablab
2979 4039 2991 4077 :
3018 4023 3172 4086 Quod
3200 4039 3310 4077 non
3331 4031 3459 4078 sunt
3488 4031 3595 4080 tres

1945 4092 2462 4169 diir’BEsvngvtsc
2502 4091 2666 4169 πόθεῖ
2708 4095 2854 4169 ,ἡμῖν
2911 4093 3100 4165 γὲγονε
3153 4097 3403 4169 τοιοῦτον
3464 4095 3592 4169 ἀγα-

1946 4167 2036 4241 ρὸν
2064 4161 2252 4241 ituri).
2285 4163 2608 4241 ερρίσκφμεγ
2643 4161 2732 4241 διά
2753 4161 2853 4241 τῆς
2912 4161 3042 4241 έῶλο,
3070 4169 3298 4241 Irasci”.
3348 4161 3595 4241 ὁδηγίὲςρ

1945 4237 2026 4309 ὅτι
2059 4235 2119 4291 ἐκ
2149 4235 2385 4308 Ηάτρὸά,
2412 4235 2522 4290 καῖν
2551 4237 2702 4302 Υῖοῦ,
2761 4237 2850 4290 καὶ
2881 4235 3224 4309 ,Ηνεύματονς
3275 4235 3594 4309 ἁγίουᾷηἩ

1946 4307 2079 4376 αύτὴ
2119 4311 2231 4376 ζωὴ
2261 4307 2351 4361 καὶ
2379 4309 2526 4380 παρά
2568 4313 2663 4362 τοῦ
2724 4307 2932 4381 Πατρὸς
2992 4307 3332 4381 ἐνεργεῖται(
3365 4311 3456 4362 καὶ
3508 4307 3598 4365 διὰ

178 4384 524 4438 auctoribus
591 4374 834 4450 locutio,
913 4384 1084 4454 cujus
1143 4384 1461 4438 innumera
1519 4388 1836 4436 occurrunt

1987 4374 2229 4454 οὖ-Υἳοῦ-
2275 4374 2637 4452 ὲτοιμᾶζεται,
2692 4381 2781 4433 καὶ
2839 4374 2938 4448 τῆς
2994 4374 3091 4434 τοῦ
3125 4374 3456 4453 Ἠνεύματος
3513 4382 3598 4454 ἐξ·

181 4455 476 4527 exempla,
512 4455 583 4510 ad
617 4455 1076 4528 significandum
1108 4458 1165 4528 in
1195 4456 1466 4528 omnibus,
1491 4454 1581 4528 vel
1601 4455 1835 4528 singulis

179 4529 330 4582 locis.
363 4523 548 4583 Linea
579 4523 872 4598 sequenti,
909 4533 1043 4598 post
1070 4524 1258 4596 μόνης.
1293 4525 1650 4598 ρατιὶοιιιᾶιη
1676 4523 1733 4577 δὲ
1764 4542 1835 4580 ex

178 4616 322 4654 mss.
362 4601 478 4654 Roe
512 4606 569 4654 et
598 4597 1446 4656 casaub.addidimus.Conl'er
1467 4598 1626 4652 hunc
1641 4597 1834 4652 locum

179 4687 316 4726 cum
352 4675 691 4742 cat.l2.gn.
752 4674 819 4725 24
899 4671 1174 4736 Inferius,
1237 4671 1470 4742 phrasis
1520 4665 1832 4742 ἔθηκεῄγάρ,

178 4759 370 4816 usque
395 4743 467 4798 ad
496 4740 618 4816 περὶ
650 4743 715 4811 ἧς,
748 4743 896 4816 excl.
927 4743 1096 4816 deest
1125 4743 1186 4816 in
1217 4740 1386 4798 codd.
1421 4740 1835 4796 Ottobonianis

179 4813 437 4882 duobus,
474 4813 613 4880 Roe,
647 4815 895 4872 Casaub.
932 4820 991 4869 et
1023 4813 1196 4870 Grod.

255 4889 328 4956 t3)
402 4879 552 4942 Μετά
603 4879 692 4955 τὸ,
747 4883 860 4953 καί,
935 4891 1047 4943 etc.
1130 4884 1478 4956 Prmpositio
1545 4879 1682 4955 μετά
1738 4883 1835 4940 hic

182 4955 427 5030 prorsus
457 4960 796 5016 necessaria
834 4959 896 5013 in
956 4957 1130 5013 editis
1174 4955 1832 5030 ApratermissaAerat;

182 5025 362 5101 quam
394 5047 464 5086 ex
496 5031 666 5087 codd.
702 5030 1000 5098 Genovef.,
1033 5025 1252 5095 Ottob,
1315 5033 1430 5084 Roe
1487 5033 1546 5082 et
1583 5025 1831 5082 Casaub.
1852 5044 1874 5066 ο

179 5103 571 5160 restituimus.

257 5176 331 5247 (4)
358 5177 417 5230 'U
453 5176 662 5247 Πατήρ·
754 5169 824 5227 δι’
868 5170 1020 5247 Υἱοῦ,
1051 5241 1064 5247 _
1091 5177 1201 5227 etc.
1253 5170 1434 5247 Codd.
1476 5246 1482 5247 ί
1515 5169 1658 5247 liae,
1717 5170 1832 5247 (38,-;

185 5239 350 5316 saub.
385 5253 443 5301 et
465 5239 684 5313 Ottoh.,
712 5245 774 5302 Ὀ
808 5245 993 5316 Ηατήρ
1047 5241 1179 5307 ἐστι,
1238 5241 1328 5295 καὶ
1386 5241 1415 5296 ὁ
1475 5241 1620 5316 Υἱὸς,
1652 5240 1743 5316 καὶ
1772 5239 1834 5294 τὸ

183 5315 336 5388 ἅγιον
373 5319 614 5391 Ηνεῦμα,
648 5324 760 5391 etc.
783 5315 1081 5391 Pater’est,
1103 5388 1116 5391 _
1139 5322 1210 5391 et_
1228 5316 1458 5391 AFitiusL
1492 5321 1566 5391 et_
1591 5315 1834 5391 Spiritus

181 5381 422 5457 sanctus,
447 5381 558 5448 etc.
595 5381 786 5449 Ottob.
822 5393 855 5444 2
879 5394 936 5443 et
967 5381 1120 5454 Grod
1154 5427 1166 5446 .
1197 5385 1259 5440 Ὀ
1307 5385 1499 5457 Ητττςρ
1548 5381 1684 5449 ἐστι,
1742 5382 1833 5438 καὶ

185 5460 214 5515 ὁ
245 5461 367 5535 Υἱὸς
399 5467 515 5524 τοῖς
544 5466 676 5535 πᾶσι
707 5460 800 5514 σὺν
834 5458 970 5535 ἁγίῳ
1003 5457 1318 5535 Ηνεύμέατ-ι,Δ
1363 5464 1474 5512 etc.
1506 5457 1706 5535 APate_r
1735 5463 1832 5535 est,

183 5539 238 5590 et
257 5534 432 5591 Filius
463 5534 711 5592 omnibus
741 5527 892 5589 cum'
919 5527 1110 5588 sancto
1154 5527 1430 5600 'Spiritu,‘
1464 5533 1575 5582 etc.
1653 5527 1830 5600 Goisl.

183 5605 362 5662 habet
394 5613 460 5661 ut
485 5606 649 5675 editi,
687 5611 914 5662 tantum
941 5603 1056 5658 fert
1077 5600 1179 5675 σύν
1199 5596 1364 5656 Ἱοοο
1414 5596 1466 5652 tv
1521 5604 1659 5655 ante
1689 5596 1833 5675 ἁγίῳ

183 5675 484 5751 Ηνεύματι.
517 5674 638 5738 Roe
665 5683 724 5734 et
769 5676 1017 5732 Casaub.
1078 5674 1350 5728 omittunt
1393 5675 1510 5731 τοῖς
1538 5675 1690 5727 πᾶσι.
1725 5674 1834 5728 Ea-

1945 4452 2494 4528 ﬁrt'ratpoulaﬁqsmq.
2525 4476 2552 4502 ‹‹
2588 4454 2735 4508 Dum
2783 4455 3114 4528 quaerimus
3158 4452 3317 4510 unde
3365 4452 3597 4512 tantum

1946 4547 1972 4574 «
2003 4525 2177 4580 nobis
2208 4525 2705 4598 prodivitbonum
2731 4528 2746 4586 (
2754 4527 2819 4579 de
2838 4529 2954 4580 vita
2982 4527 3598 4598 loquitur),Scripturis

1949 4617 1970 4645 ι
2007 4600 2226 4652 sanctis
2256 4597 2526 4659 ducibus.
2557 4598 2891 4652 invenimus
2923 4613 2987 4652 ex
3020 4600 3211 4661 Patre.
3248 4604 3307 4652 et
3335 4597 3504 4661 Filio,
3537 4604 3598 4654 et

1945 4691 1973 4719 «
2005 4669 2224 4740 Spiritu
2257 4678 2460 4725 sancto
2494 4669 2858 4740 proficisci...
2893 4668 3109 4723 Eadem
3141 4670 3256 4724 vita
3277 4675 3336 4724 et
3361 4686 3394 4724 a
3421 4671 3595 4726 Patre

1943 4762 1971 4790 «
2005 4741 2284 4807 efﬁcitur,
2319 4750 2377 4795 et
2407 4758 2511 4812 per
2542 4741 2765 4813 Filium
2788 4747 3240 4813 prmpararatur.
3274 4747 3330 4795 et
3363 4758 3433 4796 ex
3464 4742 3596 4813 Spi-

1942 4835 1970 4862 «
2003 4812 2154 4867 ritus
2185 4815 2371 4868 sancti
2403 4811 2705 4867 voluntate
2736 4811 3034 4882 dependet
3058 4834 3103 4864 κ.
3131 4812 3301 4867 Vides
3324 4811 3596 4868 eamdem

1941 4884 2122 4956 trium
2154 4884 2470 4941 actionem.
2513 4899 2858 4956 quanquam
2915 4883 3163 4938 diversis
3222 4883 3595 4956 singulorum

1941 4955 2387 5036 characteribus
2413 4955 3034 5036 notatamzjferiorem
3069 4955 3346 5036 putamus
3394 4955 3597 5036 _Cyrilli

1941 5027 2262 5082 lectionem
2296 5045 2472 5098 quam
2523 5027 2584 5081 in
2639 5025 2814 5081 editis
2872 5025 3249 5091 retinuimus,
3311 5032 3414 5081 aut
3444 5025 3595 5083 leam

1943 5115 2121 5171 quam
2151 5099 2327 5154 Coisl.
2362 5098 2786 5171 cod.‘exhibet.
2817 5099 2958 5154 Nam
2983 5098 3237 5171 Cyrillus
3258 5098 3598 5171 promiscue

1941 5167 2129 5226 utitur
2159 5171 2469 5241 particulis
2502 5167 2554 5223 ἐν
2589 5178 2647 5225 et
2668 5167 3122 5240 aovloquens'de
3145 5167 3366 5241 Spiritu
3389 5177 3596 5228 sancto

1942 5243 2004 5298 in
2034 5237 2352 5314 phrasibus
2381 5242 2522 5304 illis,
2557 5244 2617 5297 in
2643 5237 2872 5314 quibus
2911 5237 3264 5314 particulam
3309 5237 3399 5294 διά
3445 5243 3593 5300 Filio

1942 5311 2231 5387 attribuit.
2268 5315 2566 5387 Particula
2596 5311 2687 5365 σύν
2721 5311 3049 5387 utitur—cat.
3088 5317 3174 5380 i6,
3209 5331 3268 5370 n.
3306 5317 3356 5384 t,
3401 5321 3459 5371 et
3486 5318 3593 5387 24;

1941 5385 2235 5458 particula
2265 5383 2340 5451 ἐν,
2369 5393 2482 5442 cat.
2523 5389 2609 5445 17.
2640 5401 2803 5458 num.
2837 5385 2889 5442 3.

2013 5459 2088 5527 (5)
2113 5457 2502 5531 :Atpopt'ovtac._
2553 5459 2636 5531 Enr
2689 5456 2818 5531 cod.
2879 5457 3054 5531 Coisl.
3113 5458 3198 5514 ita
3249 5458 3598 5531 scripsimus

1940 5525 2077 5603 loco
2103 5525 2435 5603 ἀφόρῶντες.
2483 5528 2548 5584 In
2608 5527 2800 5584 Ottob.
2930 5529 3222 5603 habetur,
3280 5525 3592 5603 ἆφόρῶντα,

1943 5601 2093 5672 sing.
2128 5597 2294 5657 num.
2329 5602 2486 5667 Post,
2519 5605 2656 5672 ante
2689 5597 2917 5672 Δανιήλ,
2951 5602 3303 5672 particulam
3325 5597 3414 5655 καί
3439 5603 3595 5658 male

1939 5671 2255 5749 intrusam,
2289 5688 2360 5728 ex
2390 5673 2531 5739 Roe,
2563 5671 2812 5727 Casaub.
2846 5678 2905 5728 et
2934 5671 3107 5730 Grod.
3138 5674 3555 5745 expunximus.
