3932 6348
99 420 272 492 1057

743 416 1218 478 CATEUHESIS
1260 410 1481 474 XVIII.
1530 411 1631 473 DE
1680 412 1964 473 GAHNIS
2010 410 2692 491 RESUHHEGTIONE,
2740 418 2910 480 ETC.

3385 422 3410 479 Ι
3422 424 3542 482 058

97 555 211 609 τοῦ
243 549 472 626 Κυρίου.
519 553 630 620 Boi
687 546 743 604 δὲ
773 550 800 604 ὁ
833 551 1141 621 προφήτης·
1199 547 1265 604 Ol
1325 542 1612 618 διψῶντες,
1673 564 1778 598 πο-

1996 546 2042 600 ’⁹.
2077 546 2306 602 Clamat
2333 564 2470 602 vero
2501 549 2791 620 propheta
2821 565 2835 604 :
2871 572 2899 600 ‹‹
2934 551 3232 622 Sitientes,
3257 553 3449 608 venite
3471 552 3547 609 ad

108 641 343 715 ρεύεσθε
395 640 458 716 ἐφ
510 637 679 713 ὕδωρ·
741 638 826 692 καὶ
886 637 1040 699 εὐθὺς
1100 636 1241 707 ἑξῆς·
1298 636 1597 690 Ἀκούσατέ
1657 655 1784 708 μου,

108 732 206 786 καὶ
273 732 509 805 φάγεσθε
565 729 632 783 τὰ
693 728 885 802 ἀγαθὰ,
968 728 1058 781 καὶ
1142 725 1458 802 ἐντρυφήσει
1518 725 1569 779 ὲν
1658 725 1786 800 ἀγα-

111 824 243 882 θοῖς
277 825 311 890 ἡ
347 821 504 896 ψυχὴ
540 819 690 892 ὑμῶν
726 824 816 891 (1)
853 817 943 872 καὶ
1005 818 1121 889 μετ’
1171 817 1234 872 οὐ
1293 815 1458 884 πολὺ,
1508 817 1606 886 τῆς
1653 816 1789 890 ἀγα-

119 915 224 975 θῆς
259 910 625 984 ἀναγνώσεως
655 909 944 971 ἀκούσεσθε
1001 905 1290 982 λεγούσης’
1349 905 1629 975 Φωτίζου,
1678 926 1789 982 φω-

118 1000 305 1068 τίζου,
367 1001 402 1067 ἡ
462 999 556 1053 τὲα
614 1001 688 1067 (2)
740 993 1124 1071 Ἰερουσαλήμ·
1209 993 1332 1064 ἣκει
1403 996 1504 1069 γάρ
1576 1015 1673 1048 σου
1729 995 1791 1048 τὸ

121 1094 270 1166 φῶς.
310 1088 445 1162 Περὶ
501 1090 565 1155 ἧς
623 1085 990 1159 Ἰερουσαλὴμ
1021 1082 1048 1138 ὃ
1080 1087 1368 1161 προφήτης
1421 1084 1627 1160 εἷ’ρηκε’
1688 1082 1790 1140 Καὶ

116 1178 260 1252 μετὰ
321 1181 494 1232 ταῦτα
543 1173 808 1249 κληθήσῃ
878 1173 1043 1235 πόλις
1121 1171 1492 1244 δικαιοσύνης,
1583 1171 1791 1248 μητρό-

103 1265 220 1321 πολ
236 1288 284 1329 ις
319 1267 490 1334 πιστή
525 1265 694 1333 Σιὼν,
726 1260 815 1318 διὰ
846 1272 935 1318 τὸν
971 1262 1031 1318 ἐκ
1065 1264 1208 1318 Σιὼν
1264 1262 1551 1334 ἐξελθόντα
1596 1261 1792 1347 νόμον,

102 1358 200 1412 καὶ
234 1357 408 1433 λόγον
465 1356 664 1430 Κυρίου
722 1354 817 1409 τὸν
878 1352 929 1424 ἐξ
988 1352 1375 1428 Ἰερουσαλὴμ,
1435 1352 1493 1414 ὃς
1551 1351 1792 1416 ἐντεῦθεν

121 1447 205 1510 εἷς
242 1448 455 1502 ἅπασαν
484 1447 583 1515 τὴν
619 1445 950 1517 οἴκουμένην
1007 1439 1347 1517 ἐξώμϐρησε.
1399 1442 1541 1516 Πρὸς
1588 1442 1655 1511 ἢν
1704 1440 1794 1496 καὶ

126 1539 484 1614 δπροφήτης
548 1534 671 1610 περὶ
734 1534 883 1607 ὑμῶν
949 1552 1130 1608 φησιν’
1189 1534 1360 1608 Ἀρον
1421 1531 1608 1604 κύκλῳ
1665 1529 1793 1593 τοὺς

128 1625 456 1704 ὀφθαλμοὺς
502 1646 622 1696 σου,
682 1624 773 1678 καὶ
833 1619 914 1678 ἴδε
972 1620 1282 1697 συνηγμένα
1336 1621 1403 1676 τὰ
1460 1621 1618 1675 τὲκνα
1676 1641 1792 1677 σου.

116 1718 187 1772 Ἣ
222 1713 280 1769 δὲ
324 1715 681 1789 ἀποκρίνεται
743 1711 995 1786 λέγουσα·
1056 1711 1209 1774 Τίνες
1269 1709 1382 1766 Οἳόε
1440 1711 1515 1774 ὡς
1576 1711 1794 1788 νεφέλαι

118 1804 411 1873 πέτανται,
481 1804 571 1858 καὶ
656 1803 732 1864 ὡς
819 1801 1129 1877 περιστεραῖ
1216 1800 1308 1856 σὺν
1393 1805 1634 1862 νεοσσοῖς
1715 1799 1796 1855 ἐπ’

1894 657 1921 687 ‹‹
1955 652 2170 706 aquam
2206 639 2221 672 ί
2252 660 2270 684 ι
2297 655 2311 704 ;
2345 644 2403 692 et
2432 654 2568 693 mox
2600 638 2662 692 in
2703 642 3242 712 consequentibus:
3278 663 3303 694 α
3334 643 3546 700 Audite

1895 748 1921 775 ‹‹
1957 742 2074 790 me,
2110 732 2167 780 et
2197 727 2489 782 comedite
2521 727 2701 795 bona,
2734 734 2792 782 et
2848 729 3229 787 deliciabitur
3276 732 3337 787 in
3377 731 3550 788 bonis

1897 837 1923 864 ‹‹
1957 815 2159 872 anima
2188 818 2466 874 vestra'.°
2487 839 2536 883 »,
2561 825 2619 873 et
2635 835 2754 873 non
2778 818 2860 874 ita
2883 820 3067 875 multo
3086 825 3239 892 post,
3262 823 3550 893 optimam

1894 904 2217 961 lectionem
2243 907 2406 963 illam
2431 907 2712 963 audietis:
2742 930 2769 957 ‹‹
2797 908 3164 974 illuminare,
3185 909 3550 984 illuminare,

1897 1017 1924 1044 «
1951 1011 2100 1050 nova
2123 996 2516 1064 Hierusalem,
2539 998 2699 1052 venit
2725 997 2884 1052 enim
2909 1004 3075 1053 tuum
3109 999 3316 1055 lumen
3336 1000 3359 1033 δ
3392 1023 3436 1052 ι.
3469 1000 3550 1056 De

1898 1101 2015 1156 qua
2035 1086 2406 1142 Hierusalem
2429 1088 3229 1160 prophetadixitzuEtpostea
3249 1089 3552 1146 vocaberis

1899 1196 1928 1223 ‹‹
1947 1174 2150 1230 civitas
2161 1176 2435 1247 justitiaa,
2459 1177 2807 1248 metropolis
2821 1178 3016 1234 ﬁdelis
3029 1178 3244 1234 Sion5»
3274 1196 3287 1246 ;
3310 1184 3555 1250 propter

1899 1263 2089 1335 legem
2111 1282 2244 1334 quae
2269 1281 2337 1319 ex
2356 1265 2493 1320 Sion
2518 1266 2782 1333 exivit,et
2797 1267 3039 1322 verbum
3055 1268 3291 1323 Domini
3313 1267 3472 1339 quod
3485 1283 3557 1323 ex

1902 1352 2267 1408 Hierusalem
2288 1353 2542 1424 prodivit
2558 1355 2598 1421 5;
2620 1355 3230 1428 quodisthincpluviaa
3245 1358 3302 1411 in
3324 1371 3554 1411 morem

1899 1443 2242 1498 universum
2256 1442 2460 1498 orbem
2479 1444 2854 1517 irrigavit.Ad
2872 1461 3001 1501 eam
3015 1462 3252 1518 quoque
3267 1445 3561 1518 propheta

1903 1532 1975 1587 de
1997 1532 2162 1587 vobis
2188 1531 2363 1588 dicit:
2388 1555 2415 1582 «
2446 1535 2592 1588 Leva
2613 1534 2674 1589 in
2697 1535 2946 1590 circuitu
2965 1537 3172 1591 oculos
3192 1535 3553 1600 tuos,etvide

1901 1641 1932 1674 ι(
1955 1627 2342 1695 congregatos
2359 1623 2512 1677 filios
2537 1625 2698 1678 tuos"
2714 1626 2853 1680 n.Ea
2865 1642 3000 1680 vero
3016 1624 3554 1697 respondet,aiens:

1904 1733 1931 1762 «
1965 1710 2216 1776 Quinam
2249 1710 2336 1765 illi
2371 1711 2524 1766 sicut
2555 1712 2746 1768 nubes
2767 1714 2986 1781 volant,
3013 1720 3070 1769 et
3092 1714 3245 1770 sicut
3267 1713 3558 1770 columba)

1905 1820 1931 1848 «
1965 1815 2101 1853 cum
2135 1799 2315 1870 pullis
2350 1817 2529 1871 super
2559 1817 2651 1856 me
2683 1801 2702 1834 ⁸
2737 1826 2756 1854 ι
2796 1802 2823 1857 ?
2852 1802 3046 1857 Nubes
3089 1809 3333 1875 pr0pter
3381 1801 3556 1874 spiri-

113 1893 550 1971 ἐμὲ.;νεφὲλαι,
607 1889 696 1947 διὰ
747 1894 808 1947 τὸ
863 1891 1252 1964 πνευματικόν
1311 1890 1400 1945 καί
1459 1890 1789 1964 περιστεραὶ,

1996 1886 2126 1942 Llem
2156 1887 2560 1959 [altitudinem
2595 1895 2652 1944 et
2681 1890 3024 1962 levitatem],
3056 1891 3347 1947 columbae
3380 1909 3560 1964 prop-

111 1982 210 2040 διὰ
239 1985 307 2040 τὸ
347 1983 620 2058 ἀκέραιον.
658 1982 761 2040 Καὶ
817 1982 1006 2037 πάλιν
1062 1981 1152 2043 Τίς
1206 1980 1319 2036 οἶδε
1364 1986 1613 2046 τοιαῦτα,
1643 1982 1678 2051 ἢ
1710 1980 1791 2036 τίς

113 2074 370 2148 ἑώρακεν
434 2070 653 2140 οὕτως;
715 2070 758 2125 εἰ
821 2066 984 2125 ὤδινε
1031 2077 1099 2145 γῆ
1163 2072 1240 2144 (3)
1294 2070 1344 2124 ἐν
1410 2075 1508 2142 μιᾷ
1589 2071 1794 2143 ἡμὰρᾳ,

108 2162 207 2216 καὶ
268 2160 474 2236 ἐτέχθη
536 2157 686 2222 ἔθνος
748 2159 822 2222 εἷς
881 2159 1067 2230 ἅπαξ;
1126 2157 1209 2214 ὅτι
1269 2154 1450 2230 ὤδινε,
1508 2159 1597 2214 καὶ
1650 2153 1796 2214 ἔτεκε

122 2253 279 2308 Σιὼν
305 2254 375 2308 τὰ
431 2248 619 2306 παιδία
677 2250 862 2320 αὐτῆς.
926 2253 1117 2317 Χαρᾶς
1177 2247 1235 2304 δὲ
1294 2248 1672 2319 ἀνεκλαλήτου
1729 2248 1797 2303 τὰ

122 2343 306 2398 πάντα
360 2341 784 2418 πληρωθήσεται
843 2343 937 2414 (4),
1000 2338 1089 2395 διὰ
1141 2341 1233 2395 τὸν
1295 2338 1517 2394 εἰπόντα
1575 2337 1795 2413 Κύριον,

124 2435 214 2488 ’ὁτι
279 2430 424 2489 Ἰδοὺ
487 2431 597 2506 ἐγὼ
655 2435 802 2486 ποιῶ
858 2429 1228 2505 Ἰερουσαλὴμ
1311 2427 1652 2504 ἀγαλλίαμα,
1705 2426 1796 2483 καὶ

128 2524 223 2577 τὸν
260 2519 398 2576 λαόν
446 2541 550 2594 μου
582 2520 936 2598 εὐφροσύνην.

202 2611 339 2670 ΛΕ’.
374 2609 478 2681 Εῗη
513 2606 691 2665 δὲκαὶ
724 2607 806 2687 ἐφ’
861 2609 990 2682 ὑμῖν
1050 2607 1320 2683 λεχθῆναι
1379 2607 1470 2662 καὶ
1525 2611 1639 2666 νῦν.
1692 2606 1797 2665 Εὐ-

136 2701 436 2779 φράνθητε,
524 2699 769 2774 οὐρανοὶ,
856 2698 946 2752 καὶ
1032 2695 1392 2772 ἀγαλλιάσθω
1448 2699 1483 2766 ἡ
1553 2703 1650 2771 γῆ,
1707 2695 1798 2751 καὶ

136 2790 262 2860 ἑξῆς
436 2787 519 2842 ὅτι
578 2787 799 2859 ἐλεησεν
861 2789 889 2842 ὁ
951 2787 1081 2849 Θεὸς
1128 2788 1221 2842 τὸν
1277 2785 1408 2842 λαὸν
1468 2785 1651 2855 αὐτοῦ,
1707 2786 1799 2840 καὶ

131 2878 267 2941 τοὺς
351 2876 642 2939 ταπεινοὺς
748 2880 850 2930 τοῦ
957 2873 1095 2930 λαοῦ
1196 2874 1361 2929 αὐτοῦ
1439 2872 1797 2948 παρεκάλεσε.

138 2973 319 3022 Ταῦτα
353 2964 408 3021 δὲ
434 2962 579 3021 ἔσται
612 2964 702 3020 διὰ
747 2967 848 3034 τήν
891 2969 989 3020 τοῦ
1033 2968 1168 3019 Θεοῦ
1218 2962 1656 3041 φιλανθρωπίαν,
1703 2967 1802 3018 τοῦ

139 3057 285 3132 πρὸς
348 3056 488 3129 ὑμᾶς
543 3055 820 3131 λέγοντος·
885 3052 1026 3112 Ἰδοὺ
1086 3051 1376 3128 ἀπαλείψω
1435 3053 1511 3116 ὡς
1569 3051 1800 3130 νεφέλην

135 3149 234 3211 τὰς
296 3149 532 3222 ἀνομίας
601 3168 720 3215 σου,
778 3148 865 3201 καὶ
946 3146 1020 3208 ὡς
1090 3143 1288 3221 γνόφον
1367 3145 1464 3208 τὰς
1531 3143 1802 3220 ἁμαρτίας

135 3239 474 3310 σου.⁶ι’μεῖς
535 3235 592 3292 δὲ
645 3240 742 3291 τοῦ
791 3236 1062 3308 ὀνόματος
1109 3238 1217 3289 τῶν
1271 3238 1478 3289 πιστῶν
1537 3235 1802 3306 καταξιω-

132 3331 316 3389 θέντες
372 3325 520 3402 (μερὶ
601 3327 674 3380 ὧν
729 3329 804 3398 (6)
860 3324 1177 3400 γέγραπται·
1265 3326 1396 3387 Τοῖς
1480 3320 1804 3378 δουλεύουσί

140 3439 245 3492 μοι
337 3414 672 3486 κληθήσεται
757 3409 934 3488 ὄνομα
1013 3413 1212 3479 καινὸν,
1272 3408 1300 3466 ὅ
1369 3411 1803 3487 εύλογηθήσεται

141 3508 238 3563 ἐπὶ
303 3513 404 3575 τῆς
465 3510 614 3580 γῆς),
673 3505 846 3580 ἐρεῖτε
901 3505 1016 3577 μετ’
1068 3502 1426 3582 εὐφροσύνης.
1485 3499 1803 3575 Εὐλογητὸς

147 3599 176 3653 δ
239 3597 372 3658 Θεὸς
426 3595 515 3651 καί
572 3597 759 3670 Πατήρ
815 3599 912 3649 τοῦ
974 3593 1172 3666 Κυρίου
1230 3595 1392 3666 ἡμῶν
1447 3593 1628 3661 Ἰησοῦ
1673 3592 1808 3664 Χριο

158 3690 310 3753 στοῦ,
369 3685 394 3739 ὁ
455 3683 756 3760 εὗλογήσας
811 3686 962 3757 ἡμᾶς
1014 3683 1065 3737 ἐν
1128 3682 1273 3756 πάσῃ
1346 3680 1576 3756 εὐλογίᾳ
1649 3700 1808 3736 πνευ-

167 3779 384 3848 ματικῇ,
442 3773 494 3830 ἐν
552 3780 671 3837 τοῖς
729 3773 1072 3850 ἐπουρανίοις
1129 3792 1180 3827 εν
1236 3773 1473 3843 Χριστιῖν
1508 3791 1559 3826 εν
1603 3771 1648 3843 ᾧ
1680 3764 1810 3845 ἔχοι

162 3884 263 3937 μεν
298 3865 397 3932 τήν
460 3863 840 3935 ἀπολύτρωσιν
892 3860 982 3917 διὰ
1036 3865 1134 3916 τοῦ
1186 3861 1420 3934 αἳματος
1475 3858 1661 3932 αὐτοῦ,
1709 3859 1809 3928 τήν

156 3957 350 4028 ἄφεσιν
407 3957 512 4008 τῶν
574 3953 1010 4028 ἁμαρτημάτων,
1066 3950 1203 4006 κατά
1257 3951 1349 4005 τὸν
1417 3949 1656 4004 πλοῦτον
1713 3953 1815 4018 τῆς

154 4045 399 4121 χάριτος
455 4043 640 4112 αὐτοῦ,
698 4045 765 4113 ἧς
822 4061 1191 4116 επερισσευσεν
1253 4039 1327 4102 εἷς
1379 4041 1548 4112 ἡμᾶς,
1605 4037 1696 4094 καὶ
1751 4036 1818 4092 τὰ

151 4134 304 4204 εξῆς·
339 4134 431 4187 καὶ
453 4131 636 4188 ποὶλιν⁸
668 4133 732 4191 Ὁ
789 4129 846 4186 δὲ
901 4131 1031 4194 Θεὸς
1091 4127 1357 4192 πλούσιος
1417 4124 1491 4183 ὥν
1547 4127 1597 4184 ἐν
1652 4128 1816 4200 εΑὲει,

150 4222 248 4280 διὰ
329 4226 429 4293 τὴν
515 4221 734 4294 πολλὴν
813 4222 977 4278 αὐτοῦ
1082 4222 1294 4298 ἀγάπην
1378 4218 1446 4289 ἤν
1531 4218 1815 4296 ἠγάπησεν

145 4317 327 4387 ἡμᾶς,
384 4312 608 4388 νεκροὺς
664 4312 824 4378 ὄντας
876 4317 993 4374 τοῖς
1078 4310 1485 4384 παραπτώμασι
1556 4314 1821 4379 συνεζωο-

143 4404 354 4476 ποίησε
409 4407 488 4475 τῷ
542 4406 786 4479 Χριστῷ,
842 4403 932 4458 καὶ
985 4401 1055 4457 τὰ
1111 4401 1255 4472 ἑξῆς.
1335 4401 1436 4457 Καὶ
1515 4398 1681 4454 πάλιν
1741 4400 1818 4473 (7)

221 4529 274 4566 ⁹⁹
309 4531 513 4586 Matth.
549 4547 633 4599 Ill,
666 4533 718 4588 3.
799 4532 816 4566 ¹
849 4532 961 4586 Isa.
991 4546 1081 4593 XL,
1113 4531 1164 4581 3.

1287 4527 1311 4561 ³
1338 4528 1450 4583 Isa.
1485 4543 1572 4591 Lv,
1603 4529 1652 4580 l.
1687 4525 1712 4560 ⁸
1738 4523 1882 4580 ibid.
1915 4528 1968 4579 2.

1903 1983 1993 2031 ter
2023 1977 2490 2048 simplicitatem.
2523 1980 2594 2033 Et
2623 1980 2840 2035 iterum
2870 1997 2884 2035 :
2921 2003 2949 2031 α
2981 1982 3121 2046 Quis
3153 1981 3376 2037 audivit
3398 1981 3560 2050 talia,

1905 2086 1934 2116 ‹‹
1966 2071 2068 2120 aut
2097 2065 2231 2136 quis
2261 2067 2406 2121 vidit
2437 2067 2522 2124 sic
2544 2068 2570 2123 ‘1
2595 2069 2644 2123 si
2673 2070 2987 2140 parturivit
3017 2077 3175 2126 terra
3205 2072 3268 2126 in
3300 2088 3420 2126 una
3441 2071 3560 2142 die,

1903 2176 1931 2204 ‹‹
1968 2159 2028 2209 et
2057 2159 2198 2210 nata
2228 2159 2317 2210 est
2345 2171 2491 2224 gens
2519 2156 2698 2212 simul
2727 2163 2787 2212 et
2818 2159 3003 2214 semel
3028 2159 3056 2214 Ἰ
3102 2160 3244 2230 quia
3299 2160 3560 2231 parturi-

1905 2266 1932 2293 ‹‹
1969 2245 2050 2298 vit
2080 2249 2140 2298 et
2163 2245 2397 2316 peperit
2426 2246 2566 2300 Sion
2610 2247 2770 2303 ﬁlios
2824 2265 2963 2303 suos
2993 2249 3014 2284 ³
3047 2272 3094 2304 ι.
3153 2250 3377 2304 Gaudio
3427 2265 3562 2305 vero

1905 2333 2195 2388 ineffabili
2255 2335 2456 2390 omnia
2497 2335 2910 2407 replebuntur,
2958 2343 3201 2410 propter
3245 2339 3562 2394 Dominum

1907 2423 2008 2494 qui
2040 2423 2156 2479 ait:
2197 2443 2218 2471 ι
2253 2425 2401 2480 Ecce
2436 2441 2540 2497 ego
2572 2425 2786 2481 faciam
2820 2428 3188 2483 Hierusalem
3224 2428 3566 2484 exsultatio-

1908 2535 1935 2563 «
1969 2528 2129 2579 nem,
2165 2519 2222 2568 et
2253 2513 2542 2585 populum
2574 2532 2775 2571 meum
2808 2515 3076 2572 laetitiam
3111 2518 3155 2553 ¹⁰
3187 2539 3234 2572 ››.

1979 2603 2133 2659 302
2153 2603 2376 2658 XXXV.
2405 2603 2602 2660 Liceat
2625 2622 2761 2661 vero
2785 2611 2844 2660 et
2866 2603 2936 2661 de
2957 2606 3120 2662 vobis
3142 2623 3303 2662 nunc
3326 2622 3564 2678 quoque

1910 2691 2140 2747 dicere:
2175 2715 2200 2741 «
2237 2693 2566 2760 Leetamini,
2599 2695 2753 2761 caeli,
2815 2701 2875 2750 et
2927 2695 3184 2752 exsultet
3225 2703 3406 2763 terra,
3436 2703 3568 2764 etc.,

1916 2804 1944 2835 α
1975 2782 2261 2852 quoniam
2295 2783 2580 2838 misertus
2600 2790 2688 2840 est
2709 2786 2864 2840 Deus
2887 2786 3090 2857 populi
3113 2785 3292 2849 sui,et
3310 2785 3568 2842 humiles

1911 2893 1938 2920 «
1968 2871 2171 2942 pepuli
2204 2872 2294 2926 sui
2338 2873 2680 2928 consolatus
2707 2879 2798 2930 est
2825 2874 2867 2909 ¹¹
2901 2897 2950 2928 ››.
2986 2875 3119 2930 Haac
3145 2881 3345 2931 autem
3395 2879 3572 2930 erunt

1911 2967 2154 3032 propter
2167 2961 2495 3018 bonitatem
2518 2964 2620 3018 Dei
2635 2964 2737 3034 qui
2759 2963 2835 3020 ad
2846 2981 2946 3020 vos
2957 2964 3128 3020 dicit:
3147 2987 3174 3016 ‹‹
3191 2969 3332 3020 Ecce
3354 2964 3566 3020 delebo

1915 3057 2030 3106 «ut
2057 3051 2340 3108 nebulam
2383 3053 2732 3124 iniquitates
2763 3059 2916 3121 tuas,
2976 3061 3034 3110 et
3067 3055 3221 3111 sicut
3249 3055 3567 3128 caliginem

1917 3163 1937 3189 ι
1961 3146 2204 3211 peccata
2217 3146 2318 3197 tua
2336 3141 2383 3176 ⁹²
2399 3145 2572 3198 ».Vos
2592 3150 2793 3199 autem
2815 3143 3085 3200 fidelium
3111 3145 3356 3200 nomine
3371 3145 3572 3218 digna-

1914 3228 1958 3282 ti
1986 3229 2082 3300 (de
2104 3230 2322 3300 quibus
2345 3230 2562 3287 dicitur
2587 3250 2632 3286 τι
2651 3233 3053 3290 Servientibus
3066 3234 3212 3289 mihi
3230 3234 3571 3306 imponetur

1916 3341 1944 3370 «
1959 3336 2179 3377 nomen
2199 3323 2607 3393 novum,quod
2620 3323 3197 3398 benedicetursuper
3208 3331 3427 3382 terram
3439 3325 3572 3398 23)»,

1913 3407 2124 3465 dicetis
2148 3427 2282 3466 cum
2306 3411 2515 3467 laatitia
2539 3430 2551 3467 :
2571 3434 2601 3463 ι(
2627 3413 2979 3471 Benedictus
3003 3415 3157 3470 Deus
3174 3421 3234 3470 et
3252 3416 3427 3471 Pater
3455 3415 3568 3470 Do-

1916 3519 1944 3547 «
1973 3498 2120 3553 mini
2146 3500 2334 3554 nostri
2353 3502 2491 3556 Jesu
2513 3502 3297 3573 Christi,quibenedixitnos
3318 3504 3379 3559 in
3403 3502 3569 3559 omni

1922 3606 1946 3636 ι
1970 3587 2385 3645 benedictione
2404 3591 2793 3662 spirituali,in
2816 3592 3178 3658 coelestibus,
3211 3594 3273 3648 in
3293 3594 3526 3648 Christo
3553 3609 3569 3650 :

1918 3676 2035 3732 «in
2073 3694 2190 3748 quo
2244 3678 2531 3734 habemus
2567 3680 3042 3752 redemptionem
3076 3697 3185 3752 per
3217 3683 3570 3754 sanguinem

1919 3788 1948 3815 «
1974 3767 2124 3838 ejus,
2152 3768 2572 3823 remissionem
2590 3769 3164 3840 peccatorum,juxta
3182 3769 3416 3825 divitias
3436 3784 3574 3841 gra-

1925 3876 1953 3906 «
1981 3857 2075 3911 tias
2098 3857 2251 3928 ejus,
2275 3873 2456 3928 quam
2473 3857 2733 3912 ubertim
2756 3858 2817 3913 in
2842 3875 2952 3914 nos
2974 3859 3291 3930 impertivit
3314 3857 3356 3893 ¹⁴
3379 3879 3431 3929 ››,
3457 3862 3571 3913 etc.

1921 3949 1993 4002 Et
2012 3947 2252 4002 iterum:
2277 3969 2305 3998 «
2331 3947 2485 4002 Deus
2506 3951 2705 4003 autem
2728 3963 2864 4003 cum
2886 3947 3048 4004 dives
3071 3948 3223 4004 sitin
3245 3947 3580 4003 misericor-

1925 4058 1954 4087 «
1982 4034 2102 4102 dia,
2131 4041 2374 4108 prapter
2393 4036 2644 4092 multam
2666 4053 2836 4093 suam
2854 4038 3206 4094 charitatem
3227 4054 3347 4109 qua
3367 4036 3579 4093 dilexit

1928 4150 1956 4179 «
1976 4144 2106 4196 nos,
2131 4144 2268 4182 cum
2289 4143 2556 4183 essemus
2572 4129 2792 4185 mortui
2814 4146 2921 4201 per
2941 4128 3179 4198 delicta,
3207 4129 3579 4185 conviviﬂca-

1931 4239 1956 4273 α
1979 4219 2062 4274 vit
2089 4235 2199 4275 nos
2217 4235 2337 4274 una
2364 4235 2500 4274 cum
2530 4219 2762 4275 Christo
2795 4219 2843 4256 1⁵
2874 4243 2922 4288 ι,
2953 4225 3011 4276 et
3029 4220 3280 4294 reliqua.
3301 4223 3582 4277 Rursum-

1930 4325 2044 4379 que
2075 4308 2149 4364 ad
2180 4307 2457 4364 eumdem
2486 4309 2757 4378 modum,
2787 4309 3083 4366 bonorum
3134 4316 3439 4367 auctorem
3469 4311 3584 4366 Do-

1930 4398 2160 4454 minum
2189 4397 2446 4468 laudate,
2481 4398 2786 4456 dicentes:
2851 4421 2878 4451 ‹‹
2909 4402 3054 4457 Cum
3101 4407 3302 4457 autem
3347 4399 3586 4456 bonitas

2083 4523 2107 4557 ⁴
2135 4524 2248 4578 Isa.
2281 4539 2372 4593 1.x,
2411 4529 2459 4580 1.
2571 4525 2593 4558 ⁸
2621 4526 2733 4580 Isa.
2766 4543 2805 4594 ι,
2837 4529 2927 4596 26,
2985 4528 3076 4581 2‘7.

3189 4525 3213 4559 ⁶
3239 4526 3352 4582 Isa.
3413 4542 3490 4589 xi,
3524 4525 3579 4580 3.

145 4602 170 4638 ⁷
201 4603 317 4659 lsa.
357 4619 507 4667 χιιι,
545 4596 628 4656 18.
705 4602 725 4637 ⁸
755 4604 865 4658 Isa.
899 4619 990 4668 Lx,
1022 4603 1076 4656 8.
1153 4601 1175 4634 ⁹
1204 4601 1317 4655 Isa.
1349 4615 1493 4665 vai,
1527 4602 1582 4653 8.
1661 4596 1708 4632 ¹⁰
1737 4599 1789 4653 Is

1997 4636 2010 4661 ,
2040 4598 2128 4650 20.
2208 4598 2252 4634 ¹¹
2285 4597 2397 4652 Isa.
2433 4598 2582 4668 uix,
2617 4598 2706 4652 13.
2785 4597 2832 4635 ¹²
2864 4596 2976 4654 lsa.
3027 4613 3174 4668 xuv,
3222 4599 3312 4652 22.
3393 4597 3437 4633 ⁸³
3468 4597 3583 4652 Isa.

147 4692 282 4744 va,
316 4675 406 4730 l6.
489 4673 534 4709 ³⁸
563 4674 776 4746 Ephes.
811 4691 851 4743 ι,
884 4676 934 4728 3.
969 4677 1022 4742 7,
1057 4675 1108 4726 8.
1190 4671 1236 4707 1⁵
1264 4671 1481 4743 Ephes.
1516 4687 1577 4738 ιι,
1610 4672 1662 4738 4,
1695 4673 1748 4726 5.

223 4799 307 4872 (l)
341 4801 544 4869 ’rpaw.
580 4801 667 4856 Ita
698 4800 1070 4871 scripsimus,
1103 4797 1234 4852 loco
1266 4795 1447 4868 ἡμῶν,
1505 4812 1576 4850 ex
1624 4794 1819 4850 Ottob.
1853 4800 1898 4864 D
1934 4815 1958 4846 ι
1990 4797 2057 4872 et
2106 4809 2243 4872 erga
2299 4791 2574 4872 homines
2630 4810 2800 4850 amor
2829 4790 3434 4872 _Serv_atoris_n_ostri
3477 4789 3585 4872 Dei

153 4889 186 4928 e
220 4888 393 4927 sacro
417 4877 600 4928 textu.

232 4945 309 5014 (2)
343 4942 406 4996 Ἦ
436 4942 546 4998 νὲα.
580 4945 714 4998 Haec
745 4960 779 4999 a
807 4942 1026 5014 Cyrillo
1065 4941 1140 5014 ad
1198 4956 1433 5014 sacrum
1479 4942 1822 5014 contextum

158 5010 420 5086 adjecta.
444 5015 662 5071 desunt
681 5016 743 5070 in
766 5010 936 5070 codd.
961 5013 1163 5083 Coisl.,
1185 5015 1328 5081 Roe,
1350 5010 1819 5080 Casaub.,Bodl.,

158 5087 364 5144 Grod..
398 5088 591 5142 Ottob.
625 5093 900 5158 utroque.

235 5159 312 5227 (3)
345 5163 444 5225 Γῆ.
480 5160 640 5216 Hanc
669 5153 870 5215 vocem
903 5157 1242 5213 addidimus
1275 5172 1347 5209 ex
1397 5153 1576 5210 Coisl.
1624 5153 1818 5211 Ottob.

160 5233 308 5296 Roe,
345 5231 618 5299 Casaub.,
647 5230 824 5289 Grod.
858 5236 913 5286 et
947 5230 1132 5286 sacris
1163 5227 1390 5282 Bibliis.

234 5303 312 5372 (4)
347 5296 798 5375 Πληρωθήσεται.
837 5305 918 5357 Ex
948 5301 1118 5357 codd.
1153 5299 1356 5375 Coisl.,
1393 5296 1820 5375 _0ttob.,_R_oe,

157 5367 646 5444 Casaub.,trod.
681 5375 1043 5444 correximus
1075 5367 1586 5444 ρΓογπΑληρώσεταε.
1641 5369 1820 5444 Infra,

156 5451 298 5522 post
318 5440 440 5500 ἰδού
474 5447 835 5515 addidimus,
853 5442 995 5522 ἐγώ,
1020 5440 1092 5522 ei
1111 5441 1312 5522 Coisl.,
1337 5440 1530 5522 (ξιιμ,
1550 5441 1692 5522 Rde,
1715 5443 1822 5522 Qa-

155 5511 330 5574 saub.
353 5525 413 5574 et
438 5536 604 5592 sacro
631 5511 963 5592 textu.'APro
987 5512 1346 5592 εὐφροσύνην,
1378 5511 1577 5574 Coisl.,
1603 5512 1820 5583 Ottob.,

157 5593 303 5648 Roe.
335 5591 584 5646 Casaub.
616 5599 674 5645 et
703 5589 876 5646 Grod.
911 5584 1155 5652 habent,
1189 5584 1432 5657 εἰρήνην,
1484 5599 1698 5657 pacem.

232 5662 311 5734 (5)
345 5663 448 5718 Καὶ
481 5662 624 5732 ἑξῆς.
662 5664 794 5734 Haec
824 5661 1026 5734 addidi
1057 5677 1142 5734 ex_
1160 5655 1332 5734 codd.
1361 5655 1581 5734 Ottob.,
1615 5655 1820 5734 (ζώει,

159 5727 304 5807 Hoc,
330 5727 605 5807 Casaub.,
625 5733 798 5807 Grod.
823 5733 1103 5807 Inferius,
1127 5731 1260 5788 loco
1283 5727 1416 5796 ἔστι,
1446 5727 1818 5807 scripsimus,

157 5798 333 5876 ἔσται,
365 5823 438 5866 ex
466 5798 602 5866 cod.
624 5805 806 5864 Coisl.
838 5811 898 5864 et
952 5798 1148 5864 Ottob.
1196 5807 1474 5876 utroque.
1525 5798 1598 5860 Et
1641 5798 1822 5875 paulo

1933 4869 2086 4937 post,
2116 4860 2432 4937 articulum
2453 4868 2554 4918 τοῦ
2586 4873 2723 4920 ante
2744 4864 2881 4937 πρὸς
2906 4862 3067 4936 ὑμᾶς,
3098 4882 3165 4920 ex
3188 4860 3584 4937 Coi_sl.,_Col_b.,

1935 4931 2076 4995 Roe.
2109 4941 2168 4990 et
2198 4935 2443 5008 Casaub.
2495 4931 2841 5007 adjecimu's.
2906 4931 3058 5003 Mox,
3114 4953 3220 5008 pro
3257 4931 3588 5008 amatam,

1933 5009 2141 5080 delebo,
2185 5007 2350 5080 codd.
2388 5008 2476 5063 illi
2505 5004 2760 5080 quatuor
2807 5009 2968 5080 citati
3017 5013 3076 5063 et
3114 5004 3588 5080 Ottob.}erunt,

1933 5079 2236 5205 ἀπήλειψλα,
2271 5079 2466 5143 delevi,
2498 5077 2575 5166 ut.
2597 5087 2687 5138 est
2715 5079 2870 5152 apud
2902 5080 3136 5136 Isaiam.
3172 5077 3449 5134 Morelius
3490 5091 3588 5132 ve-

1933 5171 2020 5205 ro.
2051 5151 2160 5205 ἀπα
2204 5150 2366 5205 είὼει.
2399 5153 2621 5205 delebit.

1933 5171 2020 5212 ro.
2051 5150 2366 5222 ἀπαλείψει,
2399 5153 2621 5210 delebit.

2003 5226 2075 5294 (6)
2110 5222 2236 5296 Περὶ
2271 5218 2362 5278 ὧν.
2387 5225 2590 5295 Coisl.,
2623 5227 2762 5296 Roe,
2794 5222 3066 5290 Casaub.,
3097 5220 3221 5296 περὶ
3254 5218 3338 5288 οὗ,
3360 5223 3426 5277 de
3455 5237 3585 5294 quo,

1931 5295 2208 5351 videlicet
2233 5296 2500 5352 nomine.

2008 5368 2078 5440 (7)
2113 5365 2210 5419 Καὶ
2241 5363 2429 5440 πάλιν.
2457 5371 2544 5440 Ea
2563 5366 2743 5422 verba
2770 5365 3110 5422 addidimus
3152 5383 3221 5420 ex
3245 5364 3446 5440 Coisl.,
3480 5365 3590 5440 Ot-

1933 5439 2078 5502 tob.,
2101 5441 2238 5511 Hoe,
2264 5439 2511 5511 Casaub.
2541 5441 2710 5503 Item,
2731 5444 2865 5511 post
2894 5439 3589 5511 Σωτῆροςμοοθηξήμῶν,

1934 5528 2002 5566 ex
2037 5509 2272 5566 iisdem.
2309 5510 2485 5576 lnfra,
2518 5508 3176 5582 νοεθηιξάνακαινήσεως,
3208 5527 3314 5582 pro
3365 5508 3590 5582 ἀναγεν-

1931 5583 2162 5652 νήσεως,
2194 5599 2265 5637 ex
2295 5582 2445 5642 Roe.
2471 5582 2690 5638 Ottob..
2719 5581 2968 5638 Casaub.
3020 5588 3080 5637 et
3127 5581 3310 5637 Paulo
3360 5581 3596 5653 scripsi-

1932 5672 2086 5721 mus,
2117 5670 2254 5727 cu_m
2283 5653 2583 5727 videretur
2610 5653 2810 5727 minus
2839 5660 2977 5726 apta
3029 5654 3298 5727 ejusdem
3352 5653 3450 5727 rei
3485 5665 3595 5724 per

1934 5727 2048 5781 duo
2077 5725 2257 5800 verba
2305 5724 2550 5795 similia,
2598 5721 3020 5800 παλιγγενέσιας
3055 5721 3137 5782 ὀι
3189 5721 3594 5799 ἀναγεννήσὶως

1931 5797 2233 5873 repetitio.
