3932 6362
230 441 394 505 1073

1241 438 1728 506 CATECHESIS
1768 439 1927 503 XIX.
1974 438 2529 504 MYSTAGOGICA
2570 442 2623 505 Ι.

3510 451 3670 513 1074

230 576 315 651 μὴ
374 576 557 632 τοίνυν
615 576 756 634 αὖτά
813 574 1104 655 μετέλθῃς.
1179 575 1581 644 ὒῖωνοσκοπία,
1646 574 1838 650 μαντείι

2043 591 2141 642 os;
2168 576 2259 632 vel
2286 576 2404 633 alia
2432 577 2613 648 hujus
2639 579 2893 652 generis.
2920 582 2999 636 Ne
3023 580 3203 655 igitur
3224 587 3279 638 te
3311 583 3373 639 in
3400 583 3522 642 illis
3550 586 3668 643 im-

226 662 625 741 κλγιδονισμοῖ,
655 668 691 739 ἦ
724 668 1099 743 περιάμματα,
1159 667 1194 738 ἢ
1254 667 1306 724 ἐν
1362 665 1625 729 πετάλοις
1666 666 1891 743 ἐπιγρα-

230 757 357 836 φαὶ,
391 761 636 831 μαγεῖαι,
688 757 724 827 ἢ
777 756 941 813 αλλαι
991 757 1362 835 κακοτεχνίαι,
1395 757 1485 813 καὶ
1519 757 1617 813 ὅσα
1644 754 1890 824 τοιαῦτα,

229 843 484 923 λατρεῑαί
514 846 616 902 ε”σι
662 841 944 904 διαϐόλου.
999 852 1172 926 Φεῦγε
1220 849 1312 904 οὗν
1344 854 1512 904 ταῦτα
1543 855 1639 913 (ir
1673 847 1762 904 ἐάν
1786 850 1890 924 γαρ

226 938 453 999 τούτοις
484 937 756 1011 ὑποπὲσῃς
808 936 943 1011 μετά
989 941 1090 1006 τήν
1142 938 1396 1010 ἀπόταξιν
1427 943 1529 994 τοῦ
1564 945 1774 994 Σατανᾶ
1800 937 1892 994 καὶ

224 1028 332 1095 τήν
383 1027 524 1103 πρὸς
576 1026 666 1082 τὸν
721 1028 957 1101 Χριστὸν
1017 1028 1284 1100 σύνταξιν,
1343 1031 1668 1106 πικροτέρου
1700 1049 1889 1105 πειρα-

228 1118 409 1190 σθήσῃ
439 1120 512 1190 (2)
540 1120 636 1172 τοῦ
680 1118 971 1192 τυράννου·
1033 1115 1164 1182 ἴσως
1223 1119 1297 1181 ὡς
1348 1117 1550 1175 οἰκεῖον
1600 1120 1887 1193 περιέπον.

220 1226 326 1268 τος
373 1204 567 1273 πάλαι,
619 1206 708 1261 καὶ
758 1208 859 1275 τῆς
890 1210 1088 1283 πικρᾶς
1133 1206 1374 1271 ἀνιέντος
1406 1229 1465 1264 σε
1494 1205 1766 1274 δουλείας,
1796 1211 1886 1263 νῦν

222 1293 286 1352 δὶ
318 1292 529 1373 σφόδρα
577 1294 724 1369 παρὰ
768 1299 871 1352 σοῦ
922 1297 1470 1373 καταπικρανθέντος·
1513 1303 1605 1354 καί
1635 1303 1733 1354 τοῦ
1754 1300 1891 1374 Χρι-

220 1389 363 1442 στοῦ
419 1386 755 1461 στερηθήσῃ,
812 1385 1066 1441 κάκείνου
1120 1389 1479 1462 πειρασθήσῃ.
1556 1387 1668 1443 Οὐκ
1715 1388 1885 1457 ἢκου-

222 1496 320 1538 σας
346 1476 422 1548 (3)
454 1472 694 1538 παλαιᾶς
741 1474 1006 1549 ἱστορίας,
1058 1476 1127 1531 τά
1172 1477 1294 1552 περὶ
1345 1481 1441 1533 τοῦ
1474 1477 1597 1533 Λὼτ
1626 1478 1762 1551 ἡμῖν
1794 1477 1882 1533 καὶ

227 1569 339 1621 τῶν
387 1563 588 1620 τούτου
647 1564 952 1641 θυγατέρων
1041 1562 1457 1640 διηγουμένης;
1516 1565 1663 1643 Οὐχὶ
1721 1568 1883 1630 αὐτὸς

236 1655 333 1731 μὲν
370 1654 637 1709 σὲσωσται
700 1655 836 1726 μετά
885 1658 994 1710 τῶν
1051 1655 1382 1731 θυγατέρων,
1440 1654 1630 1726 ἐπειδὴ
1661 1657 1723 1712 τὸ
1755 1652 1882 1732 ὅρος

222 1744 579 1823 κατείληφεν
612 1747 648 1817 ἡ
695 1743 754 1801 δὲ
812 1745 1010 1802 τούτου
1065 1749 1201 1825 γυνή
1262 1747 1441 1819 στήλη
1473 1747 1698 1824 γέγονεν
1726 1748 1882 1819 ἁλὸς,

216 1835 656 1909 ἐστηλιτευμὲνη
701 1833 770 1890 δι’
829 1836 1048 1905 αἰῶνος,
1109 1835 1315 1913 ἔχουσα
1342 1845 1444 1908 τῆς
1473 1844 1717 1915 πονηρᾶς
1745 1859 1884 1916 προ-

216 1924 483 2004 αιρὲσεως
534 1924 624 1981 καὶ
671 1925 1023 2004 ὑποστροφῆς
1051 1927 1150 1997 τὴν
1188 1930 1454 2001 μνήμηνς
1489 1928 1734 2006 Πρόσεχε
1760 1930 1883 1986 τοί-
1915 1948 1959 2015 Β

213 2038 310 2073 νυν
346 2020 575 2089 σεαυτῷ,
606 2017 699 2072 καὶ
734 2017 810 2089 μή
844 2017 1077 2094 στρέφου
1125 2015 1291 2073 πάλιν
1335 2017 1413 2080 εἷς
1441 2019 1510 2073 τὰ
1549 2018 1745 2090 ὀπίσω,
1782 2020 1877 2096 βα-

217 2106 335 2163 λὼν
380 2106 482 2176 τὴν
532 2111 697 2183 χεῖρα
743 2106 828 2162 ἐπ’
873 2104 1124 2183 ἄροτρον,
1178 2107 1268 2163 καὶ
1320 2107 1563 2187 στρέφων
1594 2109 1764 2165 πάλιν
1801 2110 1878 2173 εἰς

211 2197 319 2266 τὴν
352 2194 604 2271 ἁλμυρὰν
631 2200 728 2252 τοῦ
767 2195 889 2272 βίου
936 2196 1134 2253 τούτου
1188 2198 1402 2274 πρᾶξιν·
1435 2195 1584 2254 ἀλλὰ
1614 2203 1773 2276 φεῦγε
1803 2199 1881 2265 εἷς

210 2286 279 2342 τὸ
330 2284 462 2361 ὅρος
508 2285 646 2362 πρὸς
697 2288 906 2359 Ἰησοῦν
964 2287 1230 2363 Χριστὸν,
1277 2288 1373 2343 τὸν
1418 2289 1695 2361 τμηθέντα
1726 2288 1874 2345 λίθον

214 2372 345 2431 ἄνευ
375 2380 606 2451 χειρῶν,
636 2374 728 2432 καὶ
752 2378 855 2447 τὴν
886 2375 1216 2451 οἰκουμένην
1248 2377 1641 2454 πληρώσαντα.

287 2645 365 2703 ϐ’.
394 2646 525 2703 Ὀτε
571 2644 663 2702 οὗν
721 2644 802 2720 τῷ
859 2650 1072 2719 Σατανᾷ
1126 2645 1403 2722 ἀποτάττῃ
1438 2649 1537 2723 (4),
1570 2651 1741 2703 πᾶσαν
1772 2651 1873 2718 τὴν

211 2735 356 2812 πρὸς
414 2734 575 2791 αὐτὸν
629 2734 842 2798 πάντως
900 2733 1170 2808 διαθήκην
1229 2734 1430 2810 λύσας,
1488 2737 1584 2801 τὰς
1633 2738 1873 2804 παλαιὰς

211 2825 355 2900 πρὸς
380 2824 473 2880 τὸν
509 2821 644 2897 ᾆδην
705 2826 991 2898 συνθήκας·
1055 2824 1330 2902 ἂνοίγεταί
1374 2848 1458 2883 σοι
1492 2827 1520 2882 ὁ
1550 2825 1874 2903 παράδεισος

207 2919 311 2972 τοῦ
344 2920 501 2984 Θεοῦ,
561 2914 619 2971 ὃν
682 2915 936 2995 ἐφύτευσε
985 2916 1124 2972 κατά
1175 2916 1467 2987 ἀνατολὰς,
1499 2916 1620 2983 ὅθεν
1654 2916 1743 2974 διὰ
1769 2921 1870 2991 τήν

207 2999 516 3080 παράϐασιν
549 3005 823 3082 ἑξόριστος
878 3006 1094 3083 γέγογεν
1157 3008 1185 3062 6
1243 3007 1511 3084 ἡμέτερος
1547 3009 1871 3087 προπάτωρ.

205 3095 315 3153 Καὶ
349 3094 546 3151 τούτου
578 3090 883 3171 σύμϐυλον,
942 3099 1005 3153 τὸ
1053 3099 1354 3176 στραφῆναι
1405 3119 1464 3153 σε
1510 3099 1617 3154 ἀπὸ
1648 3096 1868 3173 δυσμῶν

204 3182 351 3261 πρὸς
379 3180 680 3257 ἀνατολήν,
726 3188 825 3241 τοῦ
877 3185 1060 3264 φωτὸς
1087 3186 1151 3241 τὸ
1185 3188 1420 3262 χωρίον.
1468 3186 1605 3243 Τότε
1634 3208 1718 3243 σοι
1750 3186 1872 3244 ἐλέε-

198 3298 333 3353 γετο
381 3275 572 3332 εἰπεῖν·
632 3276 881 3333 Πιστεύω
938 3276 1017 3340 εἷς
1072 3278 1163 3333 τὸν
1220 3276 1459 3353 Πατέρα,
1515 3278 1607 3334 καὶ
1657 3278 1735 3344 εἷς
1780 3279 1872 3334 τὸν

210 3368 362 3440 ι’ῖὸς,
416 3367 507 3423 καὶ
567 3366 644 3433 εἷς
697 3367 763 3423 τὸ
820 3367 979 3441 ἀγιον
1031 3371 1270 3442 Πνεῦμα,
1321 3365 1411 3423 καῖ
1461 3366 1540 3432 εἰς
1584 3367 1638 3424 ’ὲν
1675 3370 1868 3445 βάπτι-

201 3477 324 3532 σμα
387 3455 692 3531 μετανοίας.
750 3456 882 3533 Περὶ
941 3457 1018 3514 ὧν
1084 3455 1136 3513 ἐν
1212 3462 1333 3520 ταῖς
1390 3456 1681 3534 προτέραις
1738 3478 1870 3514 κατ-

205 3548 505 3624 ηχήσεσιν,
538 3546 614 3608 ὡς
670 3548 707 3617 ἡ
762 3549 863 3602 τοῦ
918 3550 1055 3602 Θεοῦ
1110 3548 1276 3622 χάρις
1323 3543 1546 3617 ἔδωκεν,
1577 3546 1629 3602 ἐν
1669 3544 1865 3603 πλάτει

209 3655 296 3691 σοι
330 3633 567 3710 εἲρήται.

284 3724 351 3782 1'.
388 3723 618 3788 Τούτοις
666 3725 758 3781 οὗν
810 3723 1247 3805 ἀσφαλιζόμενος
1293 3730 1410 3789 τοῖς
1459 3723 1647 3802 λόγοις
1701 3732 1861 3803 νῆφε.

208 3812 282 3871 Ὀ
341 3814 436 3889 γὰρ
500 3811 776 3878 ἀντίδικος
834 3817 995 3891 ἡμῶν
1056 3810 1343 3889 διάϐολος,
1401 3816 1579 3881 καθὼς
1662 3815 1863 3892 ἀρτίως

197 3899 552 3979 ἀνέγνωσται,
602 3905 676 3968 ὡς
748 3903 890 3961 λέων
950 3904 1263 3982 ὠρυόμενος
1314 3911 1623 3981 περιπατεῖ,
1683 3910 1857 3977 ζητῶν

188 3991 319 4049 τίνα
349 3992 607 4070 καταπίῃ.
669 3992 826 4052 Ἀλλ’
884 3993 938 4051 ἐν
1002 3995 1099 4069 μὲν
1155 4000 1277 4059 τοῖς
1334 3995 1441 4071 πρὸ
1496 3995 1692 4051 τούτου
1724 3995 1859 4073 χρό-

182 4103 312 4145 νοις
340 4084 593 4140 κατὲπιεν
650 4085 679 4141 6
737 4085 968 4148 θάνατος
1021 4084 1272 4162 ἰσχύσας·
1328 4084 1415 4141 ἐπὶ
1469 4083 1526 4142 δὲ
1567 4091 1663 4141 τοῦ
1697 4086 1857 4163 ἁγίου

179 4172 290 4241 τῆς
323 4170 746 4251 παλιγγενεσίας
802 4171 1065 4250 λουτροῦ,
1116 4174 1335 4255 ἀφεῖλεν
1369 4177 1398 4231 6
1430 4176 1561 4241 Θεὸς
1607 4182 1711 4261 πᾶν
1751 4174 1855 4232 δά-

2003 664 2277 723 misceas.
2334 670 2685 742 Augurium,
2737 671 3045 733 divinatio,
3097 673 3520 743 ominationes,
3563 684 3663 733 aut

2005 757 2399 825 amuleta,aut
2419 758 2478 813 in
2504 760 2742 815 laminis
2766 761 3428 835 inscriptionesmagim
3458 767 3660 823 aliaeve

2003 846 2176 902 malas
2208 853 2384 910 artes.
2421 866 2671 921 quaeque
2705 850 2825 905 illis
2857 852 3099 917 similia,
3132 854 3328 909 cultus
3362 862 3501 911 sunt
3532 857 3661 913 dia-

2000 934 2141 990 boli.
2176 938 2308 992 Haec
2332 938 2507 1007 igitur
2528 939 2683 1011 fuge.
2709 940 2764 993 Si
2789 940 2945 996 enim
2972 941 3092 996 illis
3116 944 3501 1001 succubueris
3526 952 3659 1019 post

2001 1029 2506 1096 renuntiationem
2585 1029 2833 1091 Satanm,
2895 1035 2955 1085 et
3035 1034 3511 1106 aggregationem
3575 1039 3656 1093 tui

2000 1122 2074 1170 ad
2105 1116 2419 1181 Christum,
2481 1118 2879 1175 crudeliorem
2937 1123 3241 1193 experiere
3292 1130 3653 1197 tyrannum;

2000 1206 2100 1277 qui
2135 1206 2279 1261 olim
2306 1207 2577 1263 fortassis
2609 1212 2664 1264 te
2695 1210 2779 1265 uti
2813 1210 3168 1269 familiarem
3202 1215 3512 1284 tractabat,
3548 1217 3659 1272 du-

1997 1311 2246 1368 ramque
2282 1297 2385 1353 tibi
2419 1298 2761 1354 servitutem
2793 1301 3153 1371 remittebat,
3179 1320 3338 1360 nunc
3369 1322 3504 1361 vero
3537 1323 3571 1361 a
3602 1310 3656 1362 te

1996 1386 2384 1443 vehementer
2405 1394 2495 1443 est
2515 1390 2903 1445 exacerbatus
2929 1407 2940 1445 :
2966 1398 3144 1463 atque
3165 1392 3312 1449 adeo
3342 1401 3398 1449 et
3423 1396 3655 1452 Christo

1996 1476 2342 1549 privaberis.
2368 1486 2427 1534 et
2449 1479 2621 1534 illum
2644 1481 2950 1552 experiere
2979 1483 3653 1558 subjectusNunquam~

1997 1583 2073 1623 ne
2104 1567 2379 1623 audivisti
2414 1584 2543 1639 quae
2571 1569 2742 1625 nobis
2766 1578 2930 1626 vetus
2954 1572 3205 1628 historia
3227 1574 3299 1628 de
3323 1575 3462 1630 Loto
3494 1578 3657 1648 ejus-

1997 1674 2113 1729 que
2145 1657 2382 1714 ﬁliabus
2406 1660 2710 1716 renuntiat
2726 1660 2814 1717 ’7‘?
2843 1663 3050 1716 Nonne
3083 1663 3211 1735 ipse
3242 1664 3485 1734 quidem
3519 1684 3653 1722 cum

1998 1748 2236 1804 ﬁliabus
2266 1749 2587 1805 incolumis
2636 1757 2903 1806 servatus
2954 1758 3064 1816 est,
3113 1769 3247 1808 cum
3280 1754 3354 1809 ad
3386 1761 3652 1812 montem

1995 1838 2359 1911 appulisset:
2385 1840 2514 1911 ejus
2535 1845 2735 1896 autem
2758 1858 2908 1896 uxor
2932 1846 3126 1897 statua
3158 1843 3299 1898 salis
3331 1845 3540 1899 effecta
3563 1852 3654 1901 est

1993 1926 2055 1982 in
2087 1933 2381 1983 aeternum
2413 1935 2872 1985 monumentum
2906 1932 3118 2002 posita,
3151 1949 3281 2003 quae
3314 1934 3476 2005 pravi
3508 1936 3649 1990 alle-

1989 2021 2118 2073 ctus
2141 2022 2199 2072 et
2223 2024 2600 2090 praiposterae
2623 2020 3030 2074 conversionis
3053 2022 3404 2077 memoriam
3431 2024 3651 2079 servet?

1987 2106 2243 2163 Attende
2269 2107 2449 2180 igitur
2474 2106 2580 2162 tibi
2611 2108 2724 2180 ipsi
2744 2109 2808 2175 ³⁸,
2834 2125 3030 2179 neque
3058 2111 3275 2165 iterum
3311 2118 3469 2167 retro
3496 2130 3646 2168 con-

1987 2196 2257 2259 vertaris,
2288 2196 2607 2251 admovens
2638 2202 2834 2252 aratro
2886 2213 3151 2267 manum,
3177 2217 3538 2273 rursumque
3570 2202 3647 2256 ad

1988 2285 2421 2342 amarulentam
2436 2287 2615 2358 hujus
2628 2287 2758 2342 vitae
2772 2288 3223 2344 consuetudinis
3238 2289 3647 2349 salsitudinem

1987 2380 2338 2431 convertens
2359 2373 2425 2409 29-
2462 2376 2676 2431 Verum
2716 2376 2779 2431 in
2810 2382 3079 2431 montem
3109 2377 3242 2450 fuge
3266 2379 3312 2414 3°
3342 2379 3416 2434 ad
3445 2381 3646 2437 Jesum

1986 2466 2308 2531 Christum,
2351 2465 2525 2523 illum
2569 2467 2698 2522 sine
2744 2467 3026 2522 manibus
3058 2468 3323 2523 excisum
3354 2469 3643 2542 lapidem,

1988 2556 2087 2628 qui
2120 2561 2309 2611 totum
2340 2556 2547 2611 orbem
2579 2556 2828 2627 replevit
2854 2554 2925 2612 3‘.

2056 2647 2154 2701 XI.
2188 2646 2434 2711 Quando
2462 2646 2641 2718 igitur
2662 2647 2891 2702 Satanae
2914 2648 3246 2712 renuntias,
3272 2664 3448 2704 omne
3471 2668 3645 2722 pror-

1985 2752 2085 2791 sus
2107 2752 2243 2791 cum
2270 2736 2373 2791 illo
2401 2742 2640 2808 pactum
2659 2736 2727 2803 3’,
2756 2741 2953 2792 vetera
2975 2754 3110 2792 cum
3134 2737 3371 2793 inferno
3396 2737 3639 2809 foedera,

1984 2826 2336 2895 dissolvens,
2369 2826 2636 2897 aperitur
2680 2826 2784 2881 tibi
2832 2826 2936 2881 Dei
2984 2828 3317 2898 paradisus,
3354 2846 3532 2900 quem
3564 2831 3639 2886 ad

1983 2916 2275 2972 orientem
2307 2916 2597 2987 plantavit
2615 2914 2681 2983 ³³,
2708 2931 2776 2971 ex
2799 2933 2916 2986 quo
2948 2922 3193 2989 propter
3221 2917 3506 2974 violatum
3533 2921 3636 2976 Dei

1981 3005 2353 3073 mandatum,
2385 3007 2617 3078 primus
2649 3010 2854 3061 uoster
2895 3022 3114 3077 parens
3147 3008 3430 3080 expulsus
3461 3016 3551 3065 est
3568 3008 3638 3064 ³⁴.

1980 3100 2051 3152 Et
2078 3097 2260 3169 hujus
2289 3095 2375 3152 rei
2407 3095 2744 3169 symbolum
2777 3101 2885 3163 est,
2911 3097 3069 3168 quod
3092 3096 3165 3152 ab
3196 3114 3409 3154 occasu
3439 3100 3513 3155 ad
3545 3118 3640 3156 or-

1980 3191 2109 3241 tum
2140 3186 2241 3258 qui
2290 3185 2443 3241 lucis
2495 3190 2585 3241 est
2636 3186 2819 3259 regio,
2855 3190 2911 3241 te
2942 3187 3306 3243 convertisti.
3341 3189 3503 3244 Tunc
3532 3190 3639 3245 tibi

1983 3275 2344 3347 imperatum
2368 3279 2460 3330 est
2477 3278 2546 3329 ut
2564 3273 2829 3330 diceres:
2857 3294 2883 3327 α
2910 3274 3099 3330 Credo
3130 3276 3193 3331 in
3223 3276 3553 3346 Patrem,et
3574 3279 3639 3335 in

1986 3385 2016 3415 «
2042 3365 2256 3421 Filium
2277 3370 2337 3421 et
2356 3364 2418 3419 in
2441 3368 2711 3420 sanctum
2740 3363 3046 3435 Spiritum,
3073 3370 3133 3421 et
3151 3365 3212 3420 in
3234 3383 3425 3422 unum
3445 3369 3642 3441 bapti-

1978 3476 2008 3506 «
2034 3471 2163 3512 sma
2192 3455 2577 3526 paenitentiae.
2614 3475 2642 3503 »
2675 3453 2900 3519 Quibus
2930 3454 3003 3510 de
3032 3455 3213 3511 rebus
3242 3457 3304 3511 in
3334 3458 3633 3528 prioribus

1978 3544 2411 3612 catechesibus,
2471 3548 2762 3615 quantum
2819 3544 3019 3600 divina
3074 3547 3373 3602 concessit
3416 3550 3632 3620 gratia,

1974 3635 2264 3708 prolixius
2294 3634 2401 3689 tibi
2430 3632 2844 3689 disseruimus.

2044 3724 2117 3781 X.
2151 3724 2252 3779 His
2282 3723 2483 3795 itaque
2512 3722 2907 3794 praemunitus
2939 3723 3315 3781 sermonibus
3345 3725 3622 3799 advigila.

1971 3815 2337 3871 Adversarius
2370 3813 2530 3869 enim
2558 3819 2745 3869 noster
2773 3812 3044 3878 diabolus,
3071 3819 3137 3868 ut
3160 3814 3336 3871 modo
3359 3817 3514 3873 διο
3540 3816 3629 3873 le-

1971 3910 2134 3961 ctum
2165 3910 2276 3973 est,
2310 3911 2577 3975 tanquam
2621 3903 2703 3959 leo
2749 3906 2974 3974 rugiens
3004 3904 3340 3970 obambulat,
3378 3924 3627 3977 quaerens

1969 4012 2130 4067 quem
2150 3993 2449 4050 devoret95’.
2466 3996 2546 4048 Ac
2570 3994 2975 4065 superioribus
2998 3993 3239 4065 quidem
3258 3996 3626 4069 temporibus

1970 4084 2292 4142 devorabat
2316 4101 2475 4140 mors
2501 4084 2920 4156 praevalenan
2943 4089 3147 4140 sancto
3164 4101 3299 4140 vero
3320 4102 3630 4159 regenera-

1968 4176 2146 4234 tionis
2178 4175 2411 4230 lavacro
2444 4172 2693 4229 abstulit
2725 4174 2874 4229 Deus
2908 4189 3149 4229 omnem
3192 4173 3520 4246 lacrymam
3551 4176 3625 4232 ab

262 4294 309 4330 ³⁸⁸
343 4293 486 4349 Gen.
520 4310 629 4363 xxv,
664 4296 729 4349 15
762 4310 932 4366 seqq.
1008 4291 1058 4328 ³⁸
1086 4294 1255 4350 Deut.
1287 4311 1360 4363 IV,
1394 4297 1461 4351 23
1488 4312 1502 4363 ;
1534 4295 1675 4352 Tob.
1706 4313 1784 4364 1v,
1819 4299 1838 4350 1

2066 4294 2311 4366 ιιιοηιτ,
2344 4294 2433 4347 62.
2510 4287 2559 4324 ³ο
2590 4293 2731 4347 Gen.
2768 4307 2881 4357 x1x,
2918 4293 3003 4347 l7.
3081 4289 3127 4324 3‘
3161 4292 3307 4347 Dan.
3338 4309 3400 4360 ιι,
3435 4294 3623 4349 35-45.

181 4366 239 4405 ³⁸
267 4367 386 4422 Isa.
420 4381 610 4435 xxvm,
644 4367 730 4421 15.
806 4365 864 4401 ⁸⁸
884 4365 1029 4423 Gen.
1060 4382 1124 4433 ιι,
1157 4367 1209 4423 8.
1286 4366 1334 4401 ⁶⁴
1365 4367 1508 4423 Gen.
1541 4384 1624 4438 ιιι,
1656 4370 1744 4422 23.
1825 4369 1838 4404 ³

2043 4370 2109 4421 tr.
2142 4381 2174 4419 v
2205 4365 2258 4418 8.

182 4481 1494 4559 gani,etpaganicissuperstitionibusinfecti
1509 4484 1854 4559 Christiani,
1889 4488 1931 4551 D
1963 4481 2130 4548 Quod
2149 4485 2412 4559 statuam
2440 4480 2582 4536 salis
2602 4480 2815 4559 uxoris
2839 4480 2945 4559 Lot
2965 4480 3026 4559 in
3057 4485 3412 4559 perpetuum
3447 4481 3612 4537 colu-

182 4553 599 4628 imuletorum
620 4561 681 4611 et
701 4553 1209 4628 phylacteriorum
1231 4555 1362 4611 loco
1384 4556 1508 4628 suis
1528 4556 1620 4611 vel
1640 4573 1854 4628 parvu-

178 4628 393 4684 lorum
419 4626 590 4682 collis
616 4625 1084 4699 suspendebant.
1128 4628 1344 4683 Earum
1375 4627 1597 4683 multas
1627 4625 1854 4699 repres-

181 4703 394 4772 sentat
422 4702 628 4772 noster
661 4697 739 4772 Di
759 4697 1038 4772 Bern._de
1078 4699 1478 4772 Montfaucon,
1511 4697 1848 4772 «Antiqui-

178 4794 217 4824 «
252 4770 399 4827 tatis
430 4770 489 4844 in
524 4769 728 4844 ﬁgu_ris
758 4770 1034 4844 exhibitas
1068 4775 1126 4825 et
1156 4770 1462 4842 explicatas
1492 4792 1519 4821 ››
1552 4770 1656 4844 lib.
1685 4769 1743 4826 ιι.

261 4844 347 4914 (1)
373 4843 552 4916 ,Φεῦγε
568 4837 691 4916 ὀὖν
740 4845 939 4916 ταῦτα..
991 4843 1155 4916 Hine
1184 4837 1261 4916 et,
1294 4843 1629 4916 sequentia,
1661 4860 1853 4916 usque

181 4910 396 4988 ad'tpii
429 4910 552 4988 βίου
579 4910 785 4988 τούτου
805 4914 1004 4988 ,πρᾶξιν
1038 4914 1181 4988 incl.
1215 4910 1475 4970 citantur
1504 4914 1577 4971 ab
1608 4910 1854 4972 Anasta-

187 4987 280 5044 sio
314 4984 560 5054 Sinaita,
594 4984 687 5042 vel
717 4984 988 5060 quisquis
1019 4987 1173 5060 alius
1213 4991 1419 5060 auctor
1450 4992 1541 5060 est
1561 4988 1850 5060 quaestio-

182 5074 342 5146 num
369 5060 497 5145 354-,
533 5057 751 5131 quaest.
781 5060 836 5127 3,
869 5057 971 5115 sed
1020 5058 1151 5113 loco
1199 5059 1366 5112 ταῦτα
1393 5057 1620 5127 scribit,
1651 5058 1718 5112 τὰ
1748 5077 1853 5113 πο-

182 5148 340 5185 νποα
366 5148 514 5185 ιογα.

248 5148 347 5270 ﬁt?)
366 5148 794 5276 ιῗιγεῗρασθήσῃη
821 5272 836 5276 _
868 5201 1044 5271 Editi,
1140 5200 1511 5276 πειρασθείσῃ.
1564 5202 1852 5276 Mende

184 5272 561 5332 correximus
586 5291 659 5333 ex
689 5272 863 5330 codd.
908 5290 1089 5342 rmss.,
1121 5272 1435 5330 scribendo
1461 5272 1530 5330 ut
1559 5274 1715 5330 infra
1745 5274 1850 5330 ha-

182 5347 370 5404 betur
397 5346 462 5418 in
487 5346 584 5418 his
610 5342 824 5414 verbis,
852 5341 1105 5399 κάκείνου
1135 5346 1491 5418 πειρασθήσῃ.

257 5419 345 5491 (3)
391 5416 508 5473 Ούκ
552 5414 810 5491 ἤκουσας.
863 5418 998 5473 Ηωο
1037 5414 1388 5491 Anastasius
1442 5414 1632 5491 inagis
1685 5434 1851 5491 com-

180 5485 483 5566 pendiose
509 5507 522 5566 ξ
558 5488 672 5547 Οὐκ
697 5485 938 5566 ἤκρυσας
963 5491 1086 5566 Δπῶς
1109 5488 1136 5542 ὁ
1161 5487 1284 5543 Λὼτ
1310 5487 1406 5566 μὲν
1426 5485 1849 5566 σεσῷσται-μετά

180 5556 302 5617 τῶν
329 5559 662 5634 θυγατέρων·
696 5563 730 5630 ὴ
764 5557 823 5635 δε
847 5559 1206 5635 γυνήΑγὲγονε
1237 5556 1416 5635 στῆλη
1450 5558 1604 5632 ἀλὸς,
1633 5556 1847 5635 διᾷγτὴν

185 5640 297 5703 τῆς
329 5632 572 5707 πονηρᾶς
595 5632 964 5707 προαιρέσεως
992 5632 1344 5707 ὑποστροφήν
1366 5652 1380 5700 ;
1407 5655 1434 5684 «
1460 5635 1584 5707 Non
1602 5634 1849 5707 audisti,

187 5730 221 5760 α
238 5704 751 5780 quemadmodum
766 5705 871 5761 Lot
892 5704 1199 5780 equidemi
1206 5704 1308 5777 pse
1321 5721 1456 5780 cum
1474 5704 1710 5780 filiabus
1728 5706 1848 5762 sal-

188 5801 223 5831 a
246 5776 354 5835 v'us
372 5778 578 5849 evasit,
598 5778 819 5835 mulier
832 5776 970 5834 vero
993 5776 1121 5850 ejus
1139 5782 1335 5850 statua
1351 5777 1495 5833 salis
1511 5778 1722 5850 effecta
1734 5783 1843 5849 est,

188 5873 225 5905 α
256 5856 507 5927 propter
526 5866 696 5908 suam
718 5867 789 5907 ex
816 5865 994 5923 pravo
1015 5849 1265 5907 consilio
1288 5849 1739 5908 conversionem
1758 5850 1786 5905 ‘l
1814 5872 1843 5902 ››

1962 4571 2121 4611 mna)
2146 4554 2336 4609 instar
2365 4557 2521 4608 stare
2560 4552 2664 4616 ait,
2719 4553 3133 4607 auctoritatem
3176 4552 3395 4607 addere
3428 4559 3624 4624 potest

1964 4625 2307 4682 testimonio
2338 4624 2664 4679 multorum
2691 4626 2955 4691 Patrum,
2982 4630 3107 4678 tum
3138 4624 3619 4696 superioris,tum

1966 4699 2293 4769 hujus,qua
2314 4696 2568 4768 Cyrillus
2591 4696 3199 4769 scribebat,aitatis,et
3220 4696 3619 4767 posteriorum

1965 4767 2291 4840 etiam,quo
2316 4773 2573 4823 statuam
2597 4768 2750 4840 hanc
2772 4767 2846 4821 ad
2870 4784 2975 4840 sua
3006 4773 3274 4840 tempora
3302 4782 3618 4823 conserva-

1965 4847 2086 4898 tam
2117 4838 2311 4897 adhuc
2355 4846 2510 4894 stare
2552 4838 2837 4894 referunt.
2886 4839 3108 4893 Horum
3139 4838 3328 4893 multa
3356 4854 3617 4894 comme-

1961 4919 2159 4969 morat
2186 4911 2513 4981 Cotelerius
2544 4911 2617 4966 ad
2648 4910 2969 4965 Clementis
3000 4913 3165 4966 Rom.
3202 4909 3436 4981 epistol.
3468 4913 3520 4976 1,
3552 4927 3613 4967 n.

1966 4988 2050 5041 11.
2085 4986 2233 5056 Loco
2294 4980 2558 5056 πρᾷφων,
2619 4986 2754 5049 etc.,
2809 4981 3018 5056 habet
3051 4981 3207 5056 idem
3243 4980 3612 5056 Anastasius,

1962 5055 2331 5129 στρεφόμενος
2361 5051 2440 5129 εἷς
2490 5051 2588 5122 τήν
2619 5051 2861 5129 πονηρὰν
2892 5052 3104 5126 πρᾶξιν.
3140 5053 3274 5129 Haec
3297 5057 3354 5107 et
3374 5052 3492 5129 alia
3520 5070 3614 5108 re-

1960 5124 2229 5196 ferimus,
2261 5134 2327 5184 ut
2368 5127 2558 5183 lector
2587 5126 2915 5198 conspiciat
2938 5124 3144 5196 quam
3191 5124 3382 5198 libere
3407 5125 3480 5180 ab
3504 5141 3613 5181 au-

1961 5201 2225 5256 ctoribus
2282 5201 2659 5262 Catenarum,
2719 5196 3172 5261 Pandectarum,
3206 5196 3613 5268 similiumque

1961 5272 2404 5337 collectionum,
2434 5273 2667 5327 Patrum
2690 5270 2820 5326 loca
2840 5269 3142 5324 interdum
3164 5267 3333 5323 citari
3359 5267 3611 5325 soleant.

2029 5343 2459 5415 (ἇνιἈποτάττῃ.
2524 5344 2699 5415 Hanc
2742 5343 2921 5411 hujus
2976 5341 3136 5395 vocis
3192 5339 3511 5415 lectionem
3558 5347 3617 5397 et

1959 5411 2339 5488 participium
2369 5411 2538 5474 λύσας
2567 5413 2742 5485 paulo
2775 5418 2909 5484 post
2947 5412 3444 5488 conservavimus,
3476 5430 3616 5488 pro-

1957 5483 2091 5559 pter
2119 5483 2319 5544 vocem
2352 5483 2701 5559 sequentem
2725 5483 3036 5559 praesentis
3068 5484 3373 5559 temporis,
3400 5483 3613 5559 ᾁνοίγεο

1954 5554 2043 5613 ταί
2071 5579 2177 5615 σοι.
2212 5563 2287 5614 At
2316 5554 2530 5629 legitur
2560 5558 2621 5612 in
2669 5554 2798 5613 cdd.
2832 5556 3033 5630 Goisl.,
3067 5554 3362 5630 ἀπετάγης,
3397 5554 3612 5630 in_Rbe

1957 5637 2017 5688 et
2043 5631 2292 5697 Casaub,
2325 5627 2630 5700 ἀποταγῆς,
2683 5646 2814 5700 qua}
2864 5628 3076 5683 vitiosa
3119 5627 3413 5700 scriptura
3457 5628 3610 5684 forte

1956 5703 2199 5774 irrepsit
2226 5718 2331 5774 pro
2362 5699 2674 5774 ἀποταγείς.
2703 5699 2803 5756 ίΙῐι
2863 5700 2955 5757 ed.
3014 5717 3150 5774 vero
3182 5699 3521 5774 Morelii._et
3546 5701 3610 5774 in

1956 5721 2074 5759 ΙΓΓΘ
2123 5721 2199 5759 8η,
2226 5721 2331 5774 pro
2362 5721 2674 5773 αποταγεις.
2736 5721 2803 5756 1n
2863 5721 2955 5757 ea.
3015 5721 3150 5754 νειΓο
3182 5721 3425 5760 ΜΟΓΘΙΠ.
3460 5721 3521 5755 ει
3546 5721 3604 5755 ΙΙΙ

1955 5721 2129 5832 codd).
2164 5776 2282 5831 Roe
2315 5778 2373 5829 et
2396 5772 2642 5831 Casaub.
2677 5774 2989 5846 scriptum,
3037 5768 3254 5841 ἔλυσας,
3286 5770 3604 5827 dissolvisti.
