3932 6392
191 435 354 501 1081

1184 432 1667 496 CATECHESIS
1711 431 1840 494 XX.
1889 428 2457 495 MYSTAGOGICA
2496 426 2609 492 III.

3463 428 3620 492 1082

202 570 318 632 λων
384 569 597 648 εἴρηκε,
653 575 818 628 τοῦτο
874 567 1108 647 ἁρμόσαι
1169 568 1228 627 ἂν
1284 570 1435 643 ὑμῖν·
1491 568 1600 626 ἐκεί
1632 569 1728 642 μὲν
1757 566 1848 645 γὰρ

2031 568 2236 624 zriendi
2264 573 2316 623 et
2347 574 2557 639 tempus
2577 567 2849 624 moriendi
2868 566 2912 604 ⁵1
2939 581 2954 623 :
2977 570 3038 622 at
3055 565 3220 624 vobis
3243 582 3274 624 θ
3295 582 3580 623 converso
3605 582 3620 623 :

198 660 386 738 ἔλεγεο
443 661 652 732 Καιρὸς
705 664 804 716 τοῦ
856 665 1053 732 τεκεῖν,
1112 661 1203 716 καὶ
1261 659 1450 732 καιρὸς
1504 663 1600 714 τοῦ
1648 659 1853 723 ἀποθα-

190 759 329 809 νεῖν·
365 751 450 830 ἐφ’
484 751 638 825 ὑμῶν
700 748 758 807 δὲ
812 751 874 806 τὸ
932 750 1223 821 ἀνάπαλιν,
1273 747 1463 826 καιρὸς
1509 753 1603 804 τοῦ
1643 749 1849 804 ἀποθα-

191 847 327 913 νεῖν,
388 842 478 897 καὶ
539 842 728 916 καιρὸς
812 844 908 896 τοῦ
967 842 1312 918 γεννηθῆναι.
1374 840 1468 897 Καὶ
1530 841 1609 902 εἷς
1665 839 1852 914 καιρὸς

185 932 524 1011 ἀμφοτέρων
549 930 758 986 τούτων
793 930 1106 1001 ποιητικός·
1162 929 1252 985 καὶ
1301 927 1604 1004 σῦνδρομος
1648 928 1850 1006 ἐγίνετο

186 1027 273 1095 τῷ
305 1023 525 1093 θανάτῳ
552 1021 587 1087 ἡ
613 1020 864 1097 γὲννησις
896 1021 930 1090 ἡ
970 1014 1224 1096 ὑμετὲρα.

264 1111 346 1170 Ε“.
381 1112 446 1165 Ὢ
479 1111 630 1182 ξένου
677 1109 766 1164 καὶ
819 1106 1125 1185 παραδόξου
1174 1109 1496 1184 πράγματος
1525 1108 1536 1165 l
1569 1107 1684 1164 Οὐκ
1715 1104 1852 1178 ἀλη-

186 1203 303 1266 θῶς
332 1199 694 1272 ἀπεθάνομεν,
729 1196 846 1254 οόδ’
877 1197 1104 1270 ἀληθῶς
1159 1197 1451 1275 ἐτάφημεν,
1485 1193 1602 1252 οὐδ’
1629 1195 1854 1267 ἀληθῶς

186 1297 598 1367 σταυρωθέντες
653 1287 974 1363 ἀνέστημεν·
1030 1287 1159 1346 ἀλλ’
1209 1289 1260 1344 ἐν
1313 1288 1552 1358 εἰπόνιή
1591 1288 1849 1362 μίμησις,

189 1380 249 1438 ἐν
283 1380 522 1452 ἀληθείᾳ
549 1376 607 1434 δὲ
635 1381 670 1449 ἡ
709 1377 976 1454 σωτηρία.
1027 1377 1260 1455 Χριστὸν
1308 1375 1478 1440 ὃντως
1512 1377 1850 1450 ἐσταυρώθη,

187 1473 285 1529 καὶ
348 1467 522 1531 ὅντως
584 1469 780 1547 ἐτάφη,
835 1468 925 1523 καὶ
986 1467 1208 1539 ἀληθῶς
1269 1468 1484 1537 ἀνέστη’
1543 1467 1634 1521 καὶ
1682 1466 1852 1521 πάντα

199 1565 340 1635 ἡμῖν
366 1557 532 1616 ταῦτα
582 1560 928 1635 κεχάρισται,
974 1558 1066 1613 ἳνα
1115 1561 1184 1632 τῇ
1241 1558 1469 1631 μιμήσει
1501 1563 1576 1630 (1)
1607 1561 1713 1612 τῶν
1746 1576 1852 1611 πα-

203 1654 461 1725 θημάτων
494 1649 663 1705 αὐτοῦ
701 1650 1153 1720 κοινωνήσαντες,
1186 1647 1416 1718 ἀληθείά
1444 1648 1542 1716 τὴν
1577 1646 1849 1723 σωτηρίαν

184 1739 576 1815 κερδήσωμεν.
609 1746 672 1796 Ὠ
705 1736 1124 1816 φιλανθρωπίας
1185 1734 1637 1812 ὑπερϐαλλούσης
1665 1739 1676 1794 ι
1712 1743 1853 1813 Χρι-

184 1831 321 1886 στὸν
385 1828 599 1904 ἐδέξατο
658 1828 746 1884 ἐπὶ
801 1831 909 1882 τῶν
969 1828 1255 1903 ἀχράντων
1311 1827 1475 1882 αὐτοῦ
1524 1831 1726 1904 χειρῶν
1760 1827 1847 1882 καὶ

180 1919 384 1977 ποδῶν
440 1920 637 1991 ἥλους,
695 1920 787 1976 καὶ
846 1915 1071 1996 ἤλγησε·
1131 1919 1220 1976 καί
1282 1941 1376 1994 μοι
1435 1919 1700 1995 ἀναλγητὶ
1758 1919 1844 1974 καὶ

184 2013 458 2084 ἀπονητὶ,
487 2010 578 2066 διά
604 2018 704 2081 τῆς
730 2014 828 2067 τοῦ
883 2011 1082 2086 ἄλγους
1113 2008 1400 2072 κοινωνίας
1432 2009 1715 2085 χαρίζεται
1745 2012 1844 2082 τήν

183 2103 497 2176 σωτηρίαν.

262 2287 320 2352 ζ’.
357 2279 566 2353 Μηδεὶς
606 2281 718 2337 εοῦν
779 2281 1054 2354 νομιζέτω
1110 2281 1172 2335 τὸ
1234 2281 1536 2356 βάπτισμα,
1603 2281 1840 2358 ἀφέσεως

179 2373 475 2449 ἁμαρτιῶν
531 2371 721 2445 μόνον,
771 2370 918 2427 ἀλλά
961 2370 1053 2425 καὶ
1105 2369 1375 2434 υἱοθεσίας
1424 2371 1588 2446 χάριν
1632 2370 1842 2444 τυγχά-

179 2484 313 2518 νειν·
348 2463 424 2524 ὡς
452 2462 515 2517 τὸ
547 2460 799 2518 Ἰωάννου
857 2463 935 2534 (2)
991 2459 1256 2536 ἐτύγχανε
1316 2459 1616 2536 βάπτισμα,
1671 2461 1862 2536 μόνης.

181 2551 430 2630 ἀφέσεως
485 2553 768 2628 ἁμαρτιῶν
818 2551 1164 2625 παρεκτικὸν.
1215 2547 1392 2607 Ἀλλά
1459 2544 1701 2626 ἀκριϐῶς
1762 2549 1842 2604 εἷ’-

187 2639 392 2710 δότῶν,
425 2643 610 2715 ἡμῶν,
660 2640 745 2696 ὅτι
800 2641 874 2703 ὡς
921 2635 1062 2695 ἔστιν
1115 2641 1527 2715 ἁμαρτημάτων
1559 2641 1842 2712 καθαρτή-

178 2753 328 2807 ριον,
386 2731 477 2786 καὶ
538 2730 859 2804 Πνεῦματος
891 2729 1049 2806 ἁγίου
1109 2726 1315 2804 δωρεᾶς
1372 2729 1654 2806 πρόξενον,
1700 2729 1844 2784 οὕτω

181 2821 279 2877 καὶ
338 2825 447 2876 τῶν
497 2824 594 2875 τοῦ
665 2823 900 2894 Χριστοῦ
983 2817 1322 2893 παθημάτων
1384 2819 1694 2876 ἀντίτυπονο
1760 2819 1846 2876 διὰ

179 2917 352 2968 τοῦτο
384 2914 485 2989 γάρ
516 2911 607 2966 καὶ
670 2909 888 2973 Παῦλος
943 2910 1144 2986 ἀρτίως
1206 2911 1347 2986 βοῶν
1409 2907 1615 2987 ἔλεγεν·
1669 2913 1737 2969 ἸΙ
1769 2916 1845 2985 (3)

178 3004 458 3078 ἀγνοεῖτε,
566 3003 650 3056 ὅτι
727 3000 844 3056 ὅσοι
922 2996 1327 3074 ἐϐαπτίσθημεν
1432 3000 1510 3063 εἰς
1614 3003 1845 3076 Χριστὸν

183 3094 434 3164 Ἰησοῦν,
509 3090 586 3154 εἷς
659 3092 755 3146 τὸν
832 3092 1057 3146 θάνατον
1135 3089 1302 3145 αὑτοῦ
1396 3085 1847 3178 ἐϐαπτίσθημενς

180 3181 583 3259 Συνετάφημεν
644 3179 737 3236 οὖν
796 3179 944 3252 αὐτῷ
1024 3177 1114 3234 διὰ
1165 3184 1264 3235 τοῦ
1337 3181 1718 3256 βαπτίσματος
1775 3181 1852 3243 εἰς

171 3273 273 3328 τὸν
315 3273 574 3329 θάνατον.
622 3273 808 3329 Ταῦτα
859 3267 1016 3347 ἔλεγε
1074 3273 1147 3344 (4)
1206 3270 1341 3346 πρὸς
1384 3267 1738 3338 διατεθέντας,
1774 3273 1846 3335 ὡς

262 3389 510 3447 ⁵¹ΕεοΙθ.
547 3405 626 3457 ιιι,
659 3392 712 3444 2.
789 3388 838 3424 ⁵³
872 3389 997 3445 Vid.
1030 3394 1138 3444 cat.
1174 3391 1262 3457 21,
1294 3405 1351 3443 η.
1386 3391 1439 3442 2.

259 3507 343 3580 (1)
379 3507 473 3580 Τῇ,
501 3505 763 3580 μιμήσει,
789 3508 909 3562 Roe
933 3511 1001 3580 et
1030 3505 1277 3580 Casauh.
1315 3505 1527 3580 horum
1577 3504 1707 3561 loco
1746 3507 1851 3580 ha-

186 3577 359 3646 bent,
392 3577 479 3631 καὶ
515 3577 699 3648 ἡμεῖς.
741 3579 810 3633 In
859 3577 1259 3649 subsequenti
1279 3577 1523 3649 periodo
1557 3579 1851 3633 nonnulla

190 3646 576 3715 mutavimus,
601 3650 883 3722 primum,
910 3656 1042 3721 post
1058 3646 1313 3720 Χριστός,
1333 3666 1402 3704 ex
1425 3649 1593 3704 codd.
1613 3650 1849 3722 AQttob”

199 3722 395 3789 CoisL,
430 3725 574 3794 Hoc,
602 3717 852 3794 Casaub.
885 3717 943 3776 et
983 3717 1197 3794 Genov.
1232 3722 1582 3794 scripsimus
1610 3717 1844 3791 ἐδέξατο·

203 3802 262 3850 et
292 3787 531 3850 verbum
562 3787 834 3860 λαμϐάνει
885 3794 945 3848 in
992 3787 1555 3864 editisupost'ﬁkooc
1588 3787 1848 3864 positum

195 3868 614 3940 expunximus.
649 3867 794 3940 Tum
823 3882 1015 3940 voces,
1039 3860 1413 3940 “parma,
1439 3871 1518 3932 et,
1536 3860 1850 3940 potem),-

190 3936 322 4014 γητί
356 3938 444 3992 καὶ
477 3936 709 4014 ᾀπονητί
736 3956 808 4014 ex
840 3937 972 4014 i_isd.
1007 3937 1262 4014 coddiet
1283 3939 1454 3992 Grod.
1481 3936 1846 4014 adjecimus;

188 4005 429 4068 fautum
490 4005 666 4066 habet
723 4010 916 4066 Ottob.
977 4008 1065 4062 καὶ
1126 4005 1380 4078 ἤλγησαν
1423 4015 1482 4078 ret
1533 4005 1845 4064 doluerunt.

186 4089 530 4150 Postremo,
554 4098 689 4138 cum
713 4082 857 4137 editi
879 4081 1121 4138 ferrent.
1149 4077 1240 4134 διὰ
1262 4083 1359 4134 τοῦ
1386 4077 1614 4153 ἄλγους,
1647 4089 1854 4153 contra

183 4156 656 4226 autempraet‘ati
681 4154 938 4219 codices,
966 4153 1331 4226 Crodeciano
1356 4151 1621 4225 excepto,
1644 4151 1733 4206 διὰ
1752 4156 1854 4215 τῆς

181 4223 510 4292 κοινωνίας,
561 4232 880 4296 utrumque
941 4225 1426 4297 conjungendum
1500 4223 1849 4281 existimavi.

184 4300 390 4358 Ottob.
424 4302 457 4352 2
487 4298 662 4370 paulo
711 4297 1124 4370 diversusest
1153 4314 1187 4353 a
1238 4298 1489 4364 caeteris,
1519 4298 1607 4370 sic
1651 4304 1850 4370 autem

181 4373 412 4442 habet:
446 4365 678 4442 Χριστὸς
710 4365 798 4422 ἐπὶ
827 4372 959 4442 τῶν-
985 4366 1272 4442 ἀχράντων
1304 4367 1643 4442 παθημάτων
1675 4368 1848 4442 ᾖλους

178 4446 281 4499 καὶ
315 4437 542 4528 λόγχην
573 4441 842 4528 ὑπέμεινε·
874 4439 974 4528 καὶ,
1018 4437 1104 4494 ὰόὶ
1137 4438 1404 4528 imply-irai
1441 4437 1722 4523 χαρίζεται
1757 4437 1848 4522 διὰ

179 4519 288 4584 τῆς
321 4511 607 4574 κοίνὼνίας
639 4511 738 4580 τὴν
766 4511 1060 4586 σωτηρίαν·
1100 4537 1126 4564 ‹‹
1156 4511 1526 4570 ΟΙιινῖδὶιιεῐιι
1550 4514 1839 4585 passioni-

181 4613 215 4641 ‹‹
250 4590 368 4645 bus
401 4587 524 4643 suis
555 4586 1041 4659 incontaminatis
1073 4586 1271 4641 clavos
1295 4593 1352 4641 et
1374 4586 1851 4659 lanceamisusti-
1880 4595 1927 4659 D

178 4685 213 4713 (ι
251 4662 423 4727 nuit;
458 4659 682 4729 tibique
714 4658 842 4713 sine
874 4657 1080 4713 dolore
1108 4675 1215 4729 per
1240 4657 1847 4729 communicationem

193 4755 226 4788 α
259 4725 516 4789 salutem
547 4725 814 4796 largitur.
850 4753 883 4802 ιν
911 4725 1459 4802 Verba—sequentia,
1496 4725 1703 4802 mea;
1737 4727 1854 4802 οὖν,

189 4821 391 4876 usque
442 4804 516 4858 ad
564 4803 817 4876 πρόξενον
874 4801 1014 4876 incl.
1068 4799 1330 4876 citantur
1371 4801 1433 4856 in
1481 4799 1725 4856 scholiis
1782 4801 1854 4857 ad

185 4874 365 4934 Joan.
402 4874 667 4931 Damasc.
695 4874 836 4946 libr.
871 4891 922 4930 iv
955 4875 1028 4929 De
1051 4875 1176 4944 ﬁde.
1209 4890 1336 4946 cap.
1372 4877 1424 4928 9.

263 4952 345 5023 (2)
373 4947 464 5023 fu:
489 4947 552 5001 τό
583 4943 862 5023 Ἰωάννου,
922 4952 1028 5023 etc.
1093 4943 1429 5023 CoislfRoe
1462 4950 1522 5000 et
1575 4944 1850 5023 Casaub.,

187 5016 306 5095 οὐχ
335 5019 510 5080 οὕτως
542 5019 604 5073 τὸ
638 5017 895 5095 Ἰωάννου
929 5016 1206 5090 βάπτισμα
1225 5017 1505 5095 τυγχάνεις
1532 5016 1850 5095 “@719”?-

185 5089 521 5149 Ita'auctor
551 5089 974 5162 intelligendus
1006 5095 1114 5157 est,
1137 5096 1203 5145 ut
1222 5089 1628 5162 negetChristi
1659 5089 1854 5162 bapti—

193 5180 396 5222 smum
426 5164 515 5218 his
547 5161 800 5229 duobus,
835 5162 1190 5217 remissione
1234 5161 1614 5233 peccatorum
1660 5166 1720 5215 et
1747 5161 1853 5233 ad-

192 5236 462 5310 optionis
485 5237 693 5310 gratia,
718 5233 1060 5310 terminari;
1086 5232 1588 5310 quemadmodum
1608 5232 1852 5310 loannis

194 5304 513 5381 baptisma'
547 5309 610 5362 in
668 5306 882 5381 horum
934 5305 1147 5381 primo,
1182 5305 1534 5381 remissione
1566 5304 1850 5381 nimirum

191 5375 536 5438 criminum.
573 5375 959 5434 consistebat.
993 5377 1346 5448 Adoptionis
1386 5383 1585 5431 autem
1643 5375 1849 5448 gratia,

192 5455 356 5510 idem
389 5457 478 5506 est
506 5449 724 5523 Cyrillo
747 5449 1203 5523 a_tque_Spiri_tu_s
1234 5448 1422 5523 sancti
1455 5448 1851 5523 donum.Nam

193 5528 311 5583 tria
343 5519 624 5595 baptismi
655 5521 870 5595 Christi
922 5519 1335 5595 beneﬁciater
1364 5521 1425 5574 in
1461 5519 1570 5574 hoc
1601 5536 1850 5595 numero

189 5593 558 5656 memorans.
594 5593 752 5666 quod
782 5593 977 5665 primo
999 5598 1069 5666 _et
1099 5593 1277 5666 tertio
1320 5593 1647 5666 locopvocat
1677 5593 1850 5666 adopf

195 5670 362 5726 tionis
392 5663 656 5737 gratiam,
702 5665 760 5719 in
783 5663 1055 5737 secundo
1085 5664 1348 5735 appellat
1378 5664 1629 5737 Spiritus
1661 5664 1848 5719 sancti

195 5735 442 5798 donum.
465 5743 546 5794 Ac
571 5753 774 5794 revera
799 5735 1179 5807 adoptionem
1205 5735 1686 5807 tribuitSpiritus
1708 5752 1850 5790 san-

197 5814 277 5872 cti
312 5813 373 5868 in
405 5828 514 5866 nos
545 5813 679 5882 post.
709 5807 1072 5880 baptismum
1104 5807 1440 5877 descensui,
1463 5824 1571 5879 per
1594 5807 1848 5880 Spiritus

1518 3387 1564 3422 ⁵³
1603 3389 1727 3445 Vid.
1765 3396 1872 3446 cat.
1906 3393 1958 3445 3.
1993 3407 2049 3444 η.
2086 3392 2144 3444 11
2177 3407 2191 3457 ;
2225 3395 2332 3444 cat.
2368 3389 2453 3456 12,
2486 3405 2541 3442 η.
2579 3391 2662 3445 15.

1963 662 2209 729 tempus
2240 656 2537 713 moriendi
2568 663 2627 712 et
2657 663 2891 730 tempus
2919 655 3206 714 nascendi
3230 673 3245 726 ;
3269 673 3456 712 unum
3477 661 3622 713 tem-

1960 765 2072 820 pus
2105 747 2231 803 haec
2258 753 2512 819 utraque
2539 748 2754 813 eﬂ‘ecit,
2779 752 2838 803 et
2862 764 2996 805 cum
3019 753 3211 804 morte
3234 747 3510 808 nativitas
3529 764 3622 804 ve-

1960 843 2083 896 stra
2114 839 2442 895 concurrit.

2030 1111 2094 1166 V.
2129 1112 2174 1168 0
2216 1127 2436 1168 novum
2479 1111 2934 1184 inauditumque
2982 1128 3184 1170 rerum
3233 1111 3453 1185 genus!
3487 1115 3615 1170 Non

1960 1217 2166 1257 sumus
2197 1217 2333 1258 vere
2381 1202 2600 1258 mortui
2660 1218 2771 1258 nec
2826 1218 2961 1258 vere
3015 1201 3254 1274 sepulti,
3312 1219 3425 1260 nec
3478 1218 3613 1260 vere

1959 1293 2227 1349 cruciﬁxi
2259 1294 2730 1350 resurreximus:
2772 1310 2976 1350 verum
3009 1310 3212 1350 earum
3259 1311 3462 1350 rerum
3510 1312 3616 1368 per

1957 1381 2280 1456 imaginem
2309 1383 2566 1439 imitatio
2616 1399 2898 1456 expressa
2928 1388 3036 1452 est,
3069 1389 3130 1440 at
3171 1384 3414 1440 veritate
3446 1390 3616 1458 parta

1957 1474 2098 1530 hinc
2126 1475 2310 1530 salua.
2333 1473 2382 1508 5'3
2412 1475 2680 1530 Christus
2713 1492 2846 1531 vere
2877 1475 3197 1532 cruciﬁxus
3230 1480 3338 1542 est,
3373 1481 3432 1532 et
3477 1493 3611 1534 vere

1959 1563 2250 1636 sepultus,
2286 1569 2344 1619 et
2372 1580 2506 1619 vere
2537 1565 2832 1620 surrexit:
2877 1563 2925 1600 ⁵³
2974 1570 3033 1620 et
3078 1565 3206 1621 hanc
3255 1566 3458 1623 omnia
3505 1584 3613 1622 no-

1957 1654 2049 1711 bis
2080 1672 2188 1727 per
2215 1655 2464 1729 gratiam
2488 1661 2627 1711 sunt
2651 1656 2971 1728 impertita,
2990 1661 3058 1710 ut
3083 1673 3190 1727 per
3220 1656 3613 1714 imitationem

1958 1745 2280 1818 participes
2307 1746 2437 1817 ejus
2469 1746 2930 1818 perpessionum
2957 1745 3098 1801 facti
3129 1746 3192 1801 in
3223 1747 3468 1803 veritate
3519 1763 3612 1802 sa-

1958 1833 2145 1892 lutem
2175 1835 2496 1891 lucremur.
2521 1837 2564 1891 0
2597 1835 3024 1892 exuberantem
3056 1836 3116 1892 in
3149 1836 3421 1897 homines
3454 1853 3614 1893 amo-

1957 1941 2084 1980 rem
2105 1923 2118 1980 ι
2152 1925 2422 1981 Christus
2453 1925 2942 1982 incontaminatis
2965 1926 3218 1998 pedibus
3241 1943 3309 1982 ac
3331 1927 3607 1984 manibus

1958 2015 2081 2071 suis
2113 2014 2308 2072 clavos
2337 2016 2587 2086 excepit,
2622 2020 2679 2069 et
2709 2015 2974 2071 dolorem
3015 2015 3302 2087 pertulit:
3354 2021 3413 2072 et
3459 2016 3609 2072 mihi

1955 2106 2180 2163 doloris
2210 2111 2270 2162 et
2299 2106 2521 2162 laboris
2548 2107 2878 2178 inexperto,
2910 2122 3018 2178 per
3053 2122 3302 2162 suorum
3331 2105 3607 2162 dolorum

1955 2193 2563 2251 communicationem
2593 2193 2848 2250 salutem
2879 2193 3266 2267 gratificatur.

2027 2284 2111 2339 Vl.
2141 2287 2322 2340 Nemo
2347 2301 2483 2357 ergo
2509 2284 2808 2339 existimet
2827 2283 3125 2356 baptisma
3145 2283 3207 2338 in
3230 2283 3606 2340 remissionis

1951 2380 2331 2448 peccatorum
2362 2374 2648 2430 duntaxat
2677 2379 2736 2429 et
2767 2375 2828 2430 in
2852 2373 3191 2446 adoptionis
3221 2373 3410 2446 gratia
3462 2391 3604 2430 con-

1954 2465 2184 2529 sistere,
2219 2464 2371 2520 sicut
2400 2471 2526 2520 erat
2553 2464 2798 2520 Joannis
2846 2463 3163 2536 baptisma,
3197 2463 3356 2534 quod
3415 2463 3606 2520 solam

1951 2561 2332 2629 peccatorum
2362 2555 2780 2611 remissionem
2812 2554 3194 2610 conferebat:
3228 2571 3362 2610 cum
3393 2559 3603 2610 contra

1953 2651 2226 2702 accurate
2259 2645 2617 2709 noverimus,
2652 2644 2824 2713 illud,
2875 2645 3029 2700 sicut
3073 2643 3332 2716 peccatis
3385 2661 3602 2715 expur-

1953 2735 2165 2808 gandis
2198 2734 2368 2803 valet,
2403 2741 2462 2790 et
2491 2735 2743 2806 Spiritus
2792 2734 2980 2790 sancti
3029 2733 3255 2789 donum
3303 2734 3602 2802 conciliat,

1954 2824 2038 2880 ita
2067 2830 2125 2880 et
2154 2825 2369 2880 Christi
2407 2825 2758 2897 passionum
2788 2824 3122 2895 antitypum
3153 2829 3333 2894 atque
3363 2839 3605 2894 expres-

1958 2913 2188 2970 sionem
2221 2930 2368 2970 esse.
2403 2915 2652 2985 Propter
2682 2913 2793 2969 hoc
2815 2913 2975 2968 enim
3001 2919 3057 2966 et
3087 2912 3307 2968 Paulus
3329 2912 3506 2967 modo
3531 2913 3604 2983 (5)

1958 3003 2228 3060 clamans
2241 3003 2462 3060 aiebat:
2486 3022 2506 3050 ι
2523 3007 2610 3058 An
2625 3002 3098 3076 ignoratis,quod
3114 3002 3498 3074 quincunque
3511 3001 3608 3058 ba-

1959 3113 1990 3147 ιι
2022 3093 2220 3166 ptizati
2239 3094 2522 3149 sumusin
2545 3093 2842 3148 Christum
2863 3093 3085 3157 Jesum,
3110 3093 3171 3147 in
3195 3096 3449 3148 mortem
3476 3091 3607 3164 ejus

1961 3205 1989 3234 ι‹
2022 3183 2297 3256 baptizati
2311 3181 2556 3238 sumus?
2569 3181 2912 3254 Consepulti
2931 3198 3065 3255 ergo
3089 3181 3141 3236 ei
3163 3199 3372 3238 sumus
3390 3198 3496 3255 per
3515 3181 3614 3237 ba-

1879 3258 1922 3323 C
1965 3295 1992 3325 α
2016 3275 2300 3347 ptismum
2315 3273 2378 3328 in
2397 3271 2732 3328 mortem“.
2751 3293 2777 3320 ››
2795 3272 2927 3326 Haec
2941 3271 3014 3328 ad
3033 3288 3132 3332 eos
3151 3271 3407 3341 dicebat,
3423 3271 3525 3344 qui
3548 3270 3609 3326 in

2741 3387 2786 3422 “
2815 3390 2984 3443 Rom.
3017 3405 3089 3454 vi,
3123 3389 3172 3457 3,
3209 3389 3263 3444 4.

1966 3507 2156 3562 sancti
2185 3506 2245 3561 in
2278 3505 2577 3560 Christum
2609 3521 2744 3559 mox
2772 3521 2806 3559 a
2849 3504 3146 3575 baptismo
3191 3507 3612 3575 superventum

1971 3579 2245 3650 ﬁgurato,
2278 3583 2389 3632 cat.
2421 3579 2471 3632 3.
2506 3579 2792 3650 nmini-4,
2815 3581 2878 3650 et
2901 3581 3013 3650 cat.
3053 3579 3151 3650 11,⁸
3172 3591 3339 3630 num.
3372 3575 3612 3650 9,id_que_

1969 3646 2076 3720 per
2105 3654 2544 3704 sacramentum
2577 3648 2915 3702 chrismatis
2946 3648 3073 3702 ﬁeri
3119 3646 3294 3702 docet
3319 3646 3615 3720 catechesi

1969 3718 2057 3788 21,
2086 3738 2252 3776 num.
2279 3725 2328 3774 1.
2354 3720 2657 3785 Quomodo
2681 3720 3060 3790 adaptionem
3083 3723 3319 3790 separet
3343 3734 3378 3772 a
3406 3718 3612 3773 remis-

1966 3795 2133 3849 sione
2164 3800 2540 3864 peccatorum
2567 3799 2624 3846 et
2645 3791 3223 3864 baptismoJoannis,
3249 3806 3498 3864 eamque
3521 3806 3616 3844 sa-

1966 3861 2250 3922 cramenti
2264 3861 2738 3920 confirmationis
2752 3863 3048 3934 propriam
3061 3861 3614 3934 faciat,inquirimus

1969 3939 2030 3992 in
2063 3937 2297 3992 dissert.
2333 3940 2384 4004 3,
2416 3942 2472 3991 et
2505 3933 2825 4007 probamus
2858 3951 2992 3990 eum
3032 3949 3226 4004 neque
3258 3951 3290 3988 a
3321 3933 3614 4007 baptismo

1968 4010 2205 4081 proprie
2237 4009 2416 4070 dicto,
2449 4005 2644 4081 neque
2675 4025 2709 4063 a
2737 4007 3090 4081 remissione
3111 4012 3490 4081 peccatorum
3523 4005 3618 4060 ad-

1966 4077 2269 4155 optionem
2285 4081 2520 4155 proprie
2535 4080 2749 4155 dictam
2767 4079 3122 4155 exclusisse;
3142 4094 3272 4155 cum
3286 4077 3618 4155 solemnem

1966 4149 2095 4224 eius
2128 4149 2466 4224 adoptionis
2489 4152 2919 4207 delorationem
2953 4157 3011 4205 et
3049 4150 3523 4224 obsignationem
3556 4149 3619 4203 in

1962 4217 2436 4294 confirma-tionis
2459 4229 2829 4279 sacramento
2855 4223 3140 4294 reposuit.
3174 4217 3293 4277 Vox
3317 4217 3461 4294 ἀλλὰ
3484 4230 3620 4294 ante

1963 4290 2205 4365 ἀκριϐῶς
2237 4295 2572 4362 redundat;
2616 4301 2719 4350 aut
2766 4295 2827 4349 in
2874 4290 3081 4349 vitium
3115 4293 3430 4362 sermonis,
3463 4292 3619 4364 quod

1963 4370 2181 4425 dicitur
2215 4365 2604 4437 ἀνακόλουθον,
2629 4367 2838 4423 incidit
2863 4366 3140 4439 Cyrillus.

2035 4443 2112 4513 (3)
2143 4441 2212 4496 Ἢ
2255 4435 2617 4496 Particulam
2661 4441 2814 4495 hanc
2869 4435 3257 4512 ascripsimus
3305 4453 3374 4492 ex
3419 4435 3619 4504 Coisl.,

1962 4515 2100 4580 Roe,
2133 4513 2360 4568 Casaub
2392 4554 2405 4578 ,
2437 4513 2612 4569 Grod.

2034 4586 2110 4655 (4)
2143 4585 2323 4639 Ίάὖτα
2354 4580 2529 4658 ἔλεγε,
2566 4586 2753 4639 Locus
2776 4583 2874 4658 hic
2897 4583 3074 4658 paulo
3105 4582 3336 4658 diverse
3365 4580 3621 4658 refertur

1965 4648 2048 4712 in.
2084 4648 2227 4712 mss.
2279 4648 2482 4724 Coislf,
2544 4659 2662 4712 Boe
2722 4662 2781 4710 et
2837 4648 3109 4724 Casaub.,
3154 4653 3311 4713 Ἴσως
3337 4651 3450 4724 ,γὰρ
3483 4648 3618 4724 πρός

1965 4748 2115 4788 τινας
2169 4731 2334 4782 ταῦτα
2387 4722 2540 4798 ἔλεγε
2597 4728 2787 4799 (deest
2838 4723 2992 4799 ἔλεγε
3041 4729 3280 4799 Ιίοοηεξ
3323 4722 3614 4799 Casaub.:

1965 4801 2214 4873 fortasse
2245 4791 2583 4873 legendum.
2603 4791 2781 4873 ’ταῦτα
2838 4791 3010 4867 ἔλεγε,
3040 4791 3615 4873 ταῦταλδιατεοὲντας,

1964 4871 2043 4947 ὡς
2071 4864 2617 4947 ἀφεσεωςῒάμαρτιῶν
2676 4869 2851 4947 μρνης
2905 4864 3074 4947 (ξζοθ⁵
3103 4874 3184 4947 et
3211 4864 3370 4922 Cas..
3409 4864 3614 4947 μόνον),

1961 4943 2049 5018 καὶ
2114 4935 2223 5018 οὐχ
2279 4935 2550 5002 υἱοθεσίας
2606 4935 3086 5018 πρόξενητικὸν-τὸ
3121 4935 3422 5018 βάπτισμαλ
3482 4935 3616 5018 οὐκ-

1965 5014 2064 5083 ἐτι,
2099 5009 2248 5074 etcf:
2285 5040 2310 5066 «
2348 5018 2481 5072 Haec
2512 5009 2660 5070 forte
2692 5009 2927 5070 dicebat
2957 5013 3030 5068 ad
3057 5009 3368 5083 quosdam,
3395 5009 3508 5083 qui
3531 5010 3614 5064 sic

1969 5110 1990 5139 ι
2026 5081 2219 5146 affecti
2254 5095 2444 5149 erant.
2494 5091 2560 5142 ut
2590 5087 3006 5142 existimarent
3033 5081 3394 5156 baptismum
3428 5081 3616 5156 solam

1964 5183 1990 5211 α
2019 5169 2394 5231 peccatorum
2415 5159 2824 5215 remissionem
2843 5153 3190 5231 largirimon
3210 5153 3613 5231 autemadop-

1962 5256 1989 5282 ‹‹
2013 5225 2230 5289 tionem
2251 5251 2264 5292 :
2285 5249 2401 5287 non
2423 5238 2617 5287 autem
2636 5225 2979 5300 praeteream
3000 5229 3277 5283 etc.Hanc
3297 5225 3616 5300 lectionem

1962 5305 2132 5360 alteri
2157 5305 2440 5360 Millesius
2462 5297 2789 5373 anteponit,
2810 5297 3454 5373 cujusjudiciummihi
3480 5313 3615 5368 pro-

1961 5376 2088 5432 bari
2113 5395 2230 5432 non
2252 5381 2476 5448 potest:
2505 5378 2555 5448 t0
2581 5370 2738 5427 enim
2761 5372 3051 5448 adductus
3068 5388 3107 5448 ξι
3128 5370 3345 5448 Cyrillo
3369 5372 3612 5448 Aposto-

1962 5448 2002 5503 li
2026 5451 2189 5504 locus
2218 5440 2560 5518 adoptionis
2585 5440 3439 5518 mentionemnullamhabet,
3465 5447 3524 5495 et
3552 5440 3613 5518 in

1962 5538 2030 5576 eo
2058 5537 2176 5576 uno
2200 5514 2488 5582 versatur,
2507 5517 2790 5572 nimirum
2815 5515 3110 5586 baptismo
3135 5514 3529 5569 imitationem
3557 5517 3616 5566 et

1961 5593 2305 5649 societatem
2337 5589 2552 5644 Christi
2587 5588 2933 5659 passionum
2973 5587 3302 5653 contineri;
3336 5589 3394 5638 2°
3416 5600 3610 5709 ηεξ)υὲ

3447 5673 3479 5709 a
3508 5672 3566 5709 ιιι

3447 5672 3566 5711 ξιιιιι

2029 5808 2106 5882 (5)
2140 5809 2204 5864 lu
2234 5805 2490 5864 lectione
2521 5822 2652 5878 quae
2705 5804 3065 5863 catechesim
3099 5805 3250 5862 hanc
3278 5798 3604 5876 prmcessit.
