3932 6398
293 359 459 421 1105
1280 367 1758 438 CATECHESIS
1801 362 2018 426 XXIII.
2069 360 2632 422 MYSTAGOGICA
2674 361 2748 421 V.
3578 364 3735 424 1106

295 513 490 565 μενον,
520 488 779 566 ἔρχεσθαι
813 491 920 548 ἀπὸ
950 491 1111 566 δόξης
1143 495 1221 560 εἰς
1256 495 1434 569 δόξαν·
1479 497 1533 555 ἐν
1578 499 1798 576 Χριστῴ

2178 491 2366 566 gloria
2394 493 2457 547 in
2486 492 2761 566 gloriam,
2795 492 2858 546 in
2886 490 3120 546 Christo
3149 491 3287 546 Jesu
3316 493 3566 550 Domino
3623 510 3731 549 no-

291 586 395 637 σοῦ
424 586 506 654 τῷ
530 581 720 657 Κυρίῳ
747 586 828 656 (1)
860 585 1046 658 ἡμῶν.
1079 587 1124 659 ᾧ
1167 588 1200 657 ἡ
1253 589 1416 662 τιμὴ,
1464 589 1554 644 καὶ
1601 589 1820 664 κράτος,

2177 599 2217 650 ›,
2251 581 2346 637 cui
2372 582 2566 638 honor
2597 586 2656 638 et
2683 586 2968 654 potestas,
3001 585 3059 636 et
3089 580 3280 653 gloria
3301 580 3363 637 in
3380 581 3600 640 saecula
3621 601 3730 640 sae-

293 667 428 744 δόξα
459 670 536 733 εἰς
565 671 696 734 τοὺς
730 671 934 737 αἰῶνας
965 679 1074 729 τῶν
1104 673 1346 738 αἶ’ώνων.
1380 679 1580 753 ’Δμήν.
2077 672 2372 728 ΟΠῙΟΙἮῐΠο
2406 676 2619 730 Amen.

294 853 625 932 mysteriis,
689 870 821 924 quae
878 859 1018 932 sunt
1077 856 1291 913 futurae
1351 860 1414 914 in
1473 860 1705 916 Christo
1761 858 1964 932 glorise
2075 854 2337 932 ῥυῇ-19,
2374 856 2599 932 l7._Pro
2631 851 2697 924 ᾦ.
2733 850 2963 932 Scirlet.
2996 856 3075 924 τῷ
3105 852 3350 932 ἡ.Ιάοφ
3381 855 3730 932 cumOtt‘ob.

300 925 601 996 symbola,
635 929 1170 1000 communicamus,
1229 936 1296 987 ut
1345 949 1477 988 eam
1527 933 1671 988 olim
1715 925 1966 1005 gloriam
2076 928 2109 979 2
2140 925 2318 1014 Coisl.
2353 933 2412 1014 et
2458 925 2902 1014 ‘Ro,e,"omit~tit'
2936 926 3490 1014 VOECS,~TtJrJ.ﬂ'X'1i.
3538 928 3738 1014 κράτοε

294 995 767 1072 censequamur.
1155 995 1164 1000 ⁷
1716 995 1747 1005 ν

2182 999 2413 1072 ._Ottob.
2451 1003 2500 1072 _l,
2533 996 2584 1052 ἐν
2611 1000 2836 1072 Χριστῷ
2867 995 3048 1068 Ἰησοῦ
3102 999 3184 1068 τῷ
3232 995 3418 1072 Κυρίῳ
3467 995 3654 1072 ἡμῶν,
3688 999 3735 1072 ᾧ

365 1072 447 1146 (l)
482 1070 1190 1146 TQKuptanrticulum
1223 1093 1290 1132 ex
1323 1076 1493 1133 codd.
1537 1077 1770 1133 Scirlet.
1824 1078 1918 1131 R04

1266 1095 1290 1132 κ
1323 1076 1493 1133 codd.
1537 1077 1770 1133 Scirlet.
1824 1078 1966 1143 Roe,
2075 1068 2213 1142 τιμὴ
2243 1069 2337 1124 καὶ
2367 1068 2587 1146 κράτος,
2616 1068 2819 1143 ’Ᾰμήν.

291 1147 352 1196 et
384 1141 640 1198 Casaub.
671 1141 1012 1216 adjicimus,
1045 1153 1112 1204 ut
1142 1153 1235 1204 est
1264 1149 1326 1205 in
1359 1150 1476 1205 ﬁne
1509 1152 1732 1206 Procat.
1766 1153 1825 1204 et
1851 1141 1964 1203 cat.

548 1464 716 1522 ⁹²³
809 1480 1820 1608 CATECHESIS
1911 1478 2719 1603 VICESIMA
2805 1479 3466 1605 TERTIA.

1680 1679 2246 1745 MYSTAGOGICA
2288 1681 2360 1742 V.

1233 1819 1336 1880 DE
1379 1820 1635 1882 SACRA
1680 1819 2063 1882 LITURGIA
2104 1819 2207 1878 ET
2256 1815 2801 1879 COMMUNIONE.

1647 2090 2385 2190 ADMONITIO.

377 2271 428 2332 Ι.
459 2274 534 2354 in
565 2270 687 2332 hac
716 2268 1109 2354 institutione
1136 2271 1421 2354 omnium
1459 2278 1777 2350 postrema
1806 2273 2068 2354 exponit
2088 2271 2352 2354 Cyrillus
2370 2270 2651 2354 singulas
2673 2271 2960 2332 sacrificii
2979 2270 3289 2332 incruenti
3307 2276 3546 2354 partes,
3573 2290 3733 2352 quas

294 2352 600 2434 brevibus
629 2371 704 2414 ac
731 2350 1039 2434 dilucidis,
1076 2353 1571 2431 expositionibus
1601 2350 1908 2429 illustrat,
1936 2360 1998 2416 et
2028 2350 2539 2416 communicandi
2572 2353 2728 2413 ritus
2758 2373 2832 2414 ac
2866 2354 3146 2414 modum.
3183 2353 3442 2414 Omissis
3473 2350 3615 2434 quae
3647 2354 3729 2414 ad

294 2433 552 2516 initium
585 2432 855 2513 litui-gite
884 2433 1310 2516 pertinebant,
1344 2454 1417 2496 ea
1450 2442 1695 2498 tantum
1729 2442 2033 2516 recenset,
2068 2455 2231 2515 quae,
2267 2434 2464 2514 pulsis
2492 2435 2566 2495 iis
2597 2435 2891 2496 omnibus
2922 2434 3151 2514 quibus
3194 2452 3375 2496 sacro
3427 2432 3732 2497 interesse

289 2515 561 2598 jusinon
594 2521 748 2598 erat,
787 2513 1022 2598 actioni
1055 2515 1184 2575 sive
1216 2516 1419 2598 Missae
1447 2518 1729 2578 fidelium
1770 2513 2029 2598 propria
2058 2513 2258 2578 erant.

385 2597 464 2657 ll.
497 2595 862 2678 Incheatab
896 2615 1214 2678 manuum,
1231 2597 1554 2660 ablutione
1575 2595 1921 2660 sacerdotis
1947 2605 2008 2660 et
2025 2599 2561 2678 presbyterorum,
2591 2596 2856 2658 diacono
2881 2596 3279 2657 ministrante
3306 2595 3475 2658 facta
3500 2614 3512 2656 :
3537 2615 3728 2676 quam

307 2677 1028 2761 munditieianimarum
1052 2677 1416 2761 symbolum
1451 2699 1584 2741 esse
1615 2681 1800 2742 docet
1831 2677 2044 2761 (num.
2066 2680 2151 2761 2).
2187 2678 2423 2761 Deinde
2455 2678 2531 2739 de
2562 2679 2776 2761 osculo
2811 2679 3004 2758 pacis,
3042 2678 3399 2761 animorum
3442 2680 3725 2761 reconci-

302 2757 589 2821 liationis
619 2759 826 2838 signo,
859 2759 1010 2819 dicit
1040 2759 1237 2838 (num.
1271 2760 1359 2839 3).
1394 2761 1748 2823 Sacerdotis
1781 2757 2207 2823 hortationem
2239 2759 2318 2820 ad
2349 2759 2655 2821 elevanda
2685 2757 2932 2820 sursum
2966 2759 3177 2831 corda,
3217 2765 3278 2820 et
3308 2759 3545 2836 gratias
3599 2763 3726 2822 Deo

297 2841 608 2922 agendas,
641 2840 987 2922 populique
1019 2841 1517 2903 consentientem
1551 2843 2042 2922 responsionem,
2077 2843 2176 2919 pie
2207 2840 2491 2901 edisserit
2521 2840 2725 2920 (num.
2761 2844 2798 2900 4
2831 2847 2896 2901 et
2924 2839 3007 2921 ὅ).
3042 2843 3201 2902 Tum
3248 2840 3533 2922 meminit
3581 2859 3725 2902 ora-

298 2920 494 3001 tionis
523 2941 558 2981 a
588 2922 912 3001 sacerdote
939 2920 1094 2980 fusae
1126 2922 1205 2981 ad
1237 2928 1448 3000 grates
1474 2927 1602 2984 Deo
1633 2919 1710 2984 de
1743 2924 2034 2984 omnibus
2062 2922 2242 2983 bonis
2274 2922 2552 3000 agendas
2582 2939 2594 2981 :
2633 2922 2696 2981 in
2725 2941 2852 3001 qua
2880 2919 3105 2982 novem
3137 2919 3570 2999 angelicorum
3621 2941 3724 2984 or-

298 3000 523 3062 dinum
555 3002 837 3064 recensio
866 3000 1067 3082 (num.
1101 3003 1183 3080 6).
1211 3003 1447 3064 Deinde
1478 3003 1700 3083 hymni
1731 3004 1972 3082 trisagii
2003 3022 2041 3065 a
2071 3009 2206 3064 toto
2237 3004 2474 3082 populo
2504 3000 2855 3064 decantati:
2891 3021 2964 3064 ac
3007 3003 3259 3063 demum
3310 3001 3726 3083 invocationis

299 3082 576 3165 Spiritus
605 3084 825 3165 sancti,
864 3083 944 3143 ad
975 3084 1470 3144 convertendum
1505 3082 1735 3163 panem
1767 3087 1832 3146 in
1863 3104 2090 3165 corpus
2121 3083 2372 3155 Christi,
2409 3089 2471 3144 et
2491 3084 2705 3144 vinum
2728 3085 2791 3144 in
2816 3083 3099 3162 ejusdem
3126 3082 3498 3162 sanguinem
3521 3084 3722 3164 (num.

296 3163 387 3243 8).
423 3165 706 3226 Perfecto
737 3164 1432 3246 incruentoisacriﬁcio,
1469 3166 1630 3226 ﬁunt
1659 3187 1849 3246 super
1876 3163 2160 3227 sanctam
2193 3165 2666 3245 propitiationis
2698 3165 2994 3239 hostiam,
3030 3165 3304 3244 primum
3351 3163 3728 3228 obsecratio-

303 3263 419 3306 nes
452 3265 563 3324 pro
594 3245 886 3306 omnibus
917 3245 1199 3306 omnium
1233 3247 1708 3308 necessitatibus
1735 3245 1752 3319 ξ
1785 3248 2014 3309 deinde
2047 3247 2350 3307 memoria
2380 3246 2823 3308 defunctorum
2852 3265 2865 3306 :
2899 3246 2963 3306 in
2995 3265 3122 3326 qua
3152 3252 3414 3325 rogatur
3447 3250 3636 3320 Deus,
3658 3253 3728 3308 ut

299 3333 664 3388 sanctorum
697 3327 990 3407 precibus
1022 3327 1374 3389 orationem
1409 3334 1691 3390 nostram
1724 3335 2051 3408 acceptam
2084 3327 2354 3399 habeat;
2389 3335 2452 3388 et
2484 3346 2595 3406 pro
2630 3327 2871 3388 caeteris
2905 3327 3215 3388 defunctis
3249 3329 3324 3388 ad
3369 3347 3586 3389 eorum
3628 3329 3723 3388 le-

305 3425 526 3491 vamen
559 3409 668 3491 Dei
696 3409 1033 3470 clementia
1063 3416 1362 3470 exoratur
1387 3409 1591 3490 (num.
1614 3412 1697 3491 9).
1730 3410 1946 3472 Obiter
1966 3408 2303 3469 utilitatem
2337 3427 2593 3491 precum
2627 3428 2742 3491 pro
2761 3409 3090 3491 defunctis,
3117 3409 3450 3491 adversum
3472 3409 3728 3470 muiltos

302 3489 416 3566 qui
447 3507 517 3570 ea
545 3490 620 3551 de
650 3510 716 3552 re
748 3491 1109 3550 dubitantes
1143 3489 1536 3568 quaerebant,
1570 3489 1806 3564 tuetur,
1839 3498 1900 3552 et
1926 3491 2217 3570 apposito
2250 3489 2541 3567 exemplo
2591 3490 2873 3550 declarat
2920 3489 3125 3568 (num.
3182 3490 3305 3570 10).
3357 3492 3451 3553 Ad
3507 3492 3723 3570 expla-

294 3569 574 3652 nandam
606 3577 826 3651 postea
857 3571 1209 3632 orationem
1237 3572 1632 3634 Dominicam
1666 3569 2054 3652 aggreditur,
2089 3570 2269 3648 cujus
2300 3570 2582 3652 singulas
2603 3577 2813 3648 partes
2837 3570 2996 3652 mira
3014 3569 3319 3652 brevitate
3342 3569 3723 3633 etfacilitate

297 3651 756 3734 interpretatur
786 3652 986 3733 (num.
1011 3653 1263 3734 pii-l8).
1301 3657 1625 3728 Quartam,
1662 3651 1803 3734 quae
1835 3655 1912 3714 de
1937 3671 2102 3732 pane
2133 3651 2534 3734 substantial‘i
2565 3657 2678 3734 est,
2715 3653 2792 3710 de
2814 3651 3207 3734 Eucharistia
3238 3653 3498 3732 exponit
3521 3652 3716 3734 (num.

311 3731 443 3810 15).
477 3731 685 3795 Refert
713 3731 1056 3795 sacerdotis
1087 3731 1329 3808 vocem,
1367 3735 1598 3796 Sancta
1621 3731 1873 3805 sanctis,
1912 3731 1975 3794 et
2003 3732 2223 3812 populi
2253 3731 2692 3810 respondentis
2722 3732 2913 3793 verba
2939 3750 2952 3791 :
2989 3737 3053 3792 et
3082 3731 3356 3794 cantoris
3385 3731 3709 3794 invitatio-

313 3831 456 3895 nem
488 3815 562 3874 ad
595 3815 1108 3876 communionem
1141 3815 1539 3888 sumendam,
1573 3834 1685 3895 per
1713 3814 2090 3876 versiculum
2123 3813 2509 3895 psalmorum
2559 3812 2762 3893 (num.
2809 3812 2925 3892 19).
2980 3812 3278 3895 Habitum
3331 3813 3612 3894 corporis
3660 3818 3723 3874 et

301 3894 501 3978 animi
527 3896 879 3975 praescribit
908 3895 1108 3978 (num,
1143 3895 1270 3974 20),
1298 3915 1431 3978 quo
1461 3897 1554 3978 ad
1574 3893 1766 3958 sacra
1806 3896 2105 3978 mysteria
2156 3894 2619 3978 accedendum;
2675 3912 2749 3954 ac
2801 3893 3177 3978 sumendum
3230 3893 3459 3978 manu,
3497 3895 3723 3956 deinde

298 3976 505 4058 oculis
535 3983 598 4038 et
625 3981 718 4038 ori
746 3975 1217 4058 admovendum
1245 3976 1474 4038 Christi
1505 3995 1772 4058 corpus;
1805 3975 2186 4056 sanguisque
2209 3975 2434 4036 Christi
2456 3994 2656 4058 prono
2680 3993 2944 4055 corpore
2967 3975 3350 4051 adorandus,
3383 3983 3447 4038 et
3476 3995 3723 4038 sumen-

295 4057 419 4118 dus
449 4075 527 4118 ex
555 4059 771 4120 calice.
804 4057 1086 4141 Tandem
1119 4059 1565 4120 commendata
1594 4057 2062 4141 praeceptorum
2097 4075 2356 4141 suorum
2389 4057 2696 4141 custodia,
2731 4061 2794 4116 et
2815 4074 2949 4141 non
2973 4058 3496 4141 interrumpenda
3520 4076 3724 4119 sacro-

294 4156 442 4199 rum
477 4140 981 4219 participatione,
1019 4141 1230 4200 fausta
1261 4136 1625 4218 precatione
1656 4136 2037 4203 catechesim
2069 4137 2392 4200 concludit
2421 4137 2625 4217 (num.
2661 4137 2733 4198 21
2771 4144 2833 4199 et
2861 4136 2986 4217 22).
3040 4136 3432 4216 Habita—est,
3485 4145 3556 4202 ut
3603 4158 3724 4218 pu-

294 4225 534 4292 tamus,
567 4221 723 4282 feria
753 4227 931 4282 sexta
963 4227 1104 4300 post
1125 4220 1393 4282 Pascha.

387 4301 492 4362 lIl.
528 4302 886 4364 Catechesis
917 4299 1052 4363 haec
1083 4321 1277 4363 unum
1311 4309 1405 4364 est
1433 4321 1511 4364 ex
1541 4301 1879 4383 praecipuis
1909 4300 2348 4363 ecclesiasticas
2365 4299 2762 4380 antiquitatis
2785 4300 3249 4383 monumentis;
3276 4319 3390 4363 nec
3411 4301 3612 4362 ullum
3635 4308 3729 4363 est

303 4400 382 4443 ea
413 4388 623 4464 aetate,
656 4385 721 4446 in
751 4404 876 4464 quo
907 4384 1120 4464 plures
1147 4383 1376 4447 veteris
1398 4381 1670 4463 liturgiae
1701 4381 1762 4446 et
1793 4383 2253 4445 communionis
2276 4401 2499 4464 sacrae
2528 4383 2697 4464 ritus
2741 4381 3172 4464 addiscantur,
3231 4389 3614 4457 asserantur,
3665 4389 3729 4444 et

299 4462 748 4541 explanentur.
771 4462 1090 4538 Quaedam
1122 4471 1333 4525 autem
1365 4465 1444 4526 ad
1478 4462 1800 4544 liturgiam
1832 4485 1868 4526 a
1899 4471 2117 4526 sancto
2147 4463 2380 4542 Cyrillo
2403 4463 2782 4542 explicatam
2814 4463 3284 4526 observationes
3307 4465 3549 4526 anobis
3569 4482 3725 4544 prae-

299 4546 653 4607 mittendae.
689 4547 925 4618 Primo,
962 4546 1078 4607 etsi
1109 4564 1235 4606 non
1265 4565 1512 4625 negem,
1548 4548 1677 4608 imo
1711 4566 1858 4608 vero
1882 4545 2168 4606 conﬁteri
2193 4563 2443 4605 necesse
2469 4546 2570 4618 sit,
2599 4544 2798 4625 multo
2825 4544 2923 4605 his
2942 4546 3333 4624 temporibus
3364 4547 3719 4607 breviorem

289 4645 369 4687 ac
402 4627 853 4706 simpliciorem
887 4626 1160 4707 liturgiaa
1195 4624 1510 4688 actionem
1544 4627 1879 4701 exstitisse,
1909 4647 2051 4706 quae
2081 4627 2259 4688 novis
2289 4625 2556 4686 subinde
2586 4624 3002 4699 orationibus,
3038 4627 3452 4702 caremoniis,
3487 4633 3548 4688 et
3580 4625 3716 4707 riti-

295 4708 421 4768 bus
452 4705 808 4771 accessione
839 4705 1199 4789 temporum
1228 4708 1600 4784 increverit;
1639 4709 1811 4769 haud
1841 4705 2053 4769 tamen
2099 4707 2590 4789 existimandum
2617 4725 2882 4789 omnes
2911 4707 2991 4767 ad
3037 4727 3232 4789 unam
3280 4705 3710 4789 caeremonias,

301 4806 523 4869 preces
542 4796 604 4851 et
632 4791 912 4852 actiones
940 4786 1231 4852 sacriﬁcii
1257 4809 1294 4851 a
1319 4790 1549 4868 Cyrillo
1584 4795 1964 4852 memoratas
1994 4807 2149 4851 esse.
2185 4787 2350 4850 Nam
2376 4788 2532 4848 nihil
2566 4787 2668 4848 hic
2694 4788 2770 4848 de
2796 4787 3282 4869 salutationibus
3295 4787 3531 4849 crebris
3552 4786 3718 4869 epis:

301 4867 450 4949 copi
478 4871 558 4932 ad
588 4871 897 4951 p0pulum
929 4891 943 4946 ;
981 4871 1137 4931 nihil
1167 4870 1242 4932 de
1266 4867 1586 4933 oblatione
1616 4872 1928 4933 donorum
1956 4871 2036 4931 ad
2058 4871 2276 4941 altare,
2313 4875 2374 4930 et
2400 4869 2688 4951 precibus
2715 4868 2946 4951 quibus
2975 4871 3104 4951 Deo
3135 4869 3489 4930 olleruntur
3514 4887 3528 4943 ;
3555 4867 3715 4928 nihil

299 4952 379 5012 de
410 4949 790 5031 evangelica;
821 4971 1010 5014 caena
1041 4959 1104 5013 et
1131 4970 1452 5014 sacrorum
1484 4953 1823 5014 verborum
1856 4952 2222 5013 recitatione
2256 4951 2444 5024 dicit;
2496 4950 2654 5010 nihil
2692 4951 2780 5031 de
2828 4949 3021 5028 signis
3065 4951 3267 5011 crucis
3311 4968 3501 5029 super
3547 4951 3716 5009 dona

295 5030 732 5095 consecranda
761 5036 858 5094 vel
880 5039 1246 5096 consecrata
1275 5035 1495 5110 factis;
1531 5035 1691 5095 nihil
1721 5035 1798 5095 de
1827 5033 2053 5095 hostiae
2083 5033 2456 5103 elevatione,
2487 5038 2548 5092 et
2579 5030 2925 5103 divisione;
2960 5031 3118 5091 nihil
3149 5033 3226 5092 de
3259 5032 3548 5110 precibus
3569 5036 3716 5090 ante

298 5116 839 5190 communionem,
874 5123 935 5177 et
963 5115 1431 5176 communionis
1462 5115 1978 5176 administrandae
2011 5115 2321 5187 formula;
2358 5113 2576 5174 aliisve
2608 5113 2853 5182 ritibus,
2889 5131 3047 5191 quos
3077 5131 3154 5173 ex
3187 5112 3376 5190 hujus
3421 5111 3624 5172 aetatis
3655 5116 3718 5171 et

293 5195 696 5273 superiorum
720 5197 1169 5266 monumentis,
1187 5196 1253 5256 in
1273 5197 1522 5258 actione
1544 5197 1836 5257 sacriﬁcii
1861 5197 1978 5257 hoc
1999 5201 2285 5274 tempore
2313 5200 2645 5273 usurpatos
2668 5193 2858 5253 fuisse
2885 5194 3176 5253 dubitare
3203 5213 3326 5253 non
3354 5210 3710 5273 possumus.

376 5277 480 5339 IV.
515 5280 828 5349 Secundo,
863 5297 1054 5358 quam
1089 5277 1190 5337 hic
1221 5284 1503 5339 recenset
1532 5278 1854 5356 liturgiam
1923 5277 2057 5337 sine
2100 5275 2294 5336 dubio
2344 5277 2635 5358 Ecclesia;
2685 5274 3273 5358 Hierosolymitanae
3321 5275 3460 5335 fuit.
3511 5275 3713 5358 Quam

338 5376 486 5419 orro
520 5378 684 5421 nunc
718 5355 1028 5422 habemus
1059 5359 1174 5418 sub
1207 5361 1462 5419 nomine
1493 5355 1962 5431 sanctiJacobi,
1999 5359 2184 5438 eique
2215 5359 2514 5417 asseritur
2544 5357 2624 5416 ab
2655 5356 2958 5416 Trullano
2991 5357 3286 5438 concilio,
3320 5375 3561 5416 canone
3608 5355 3710 5434 32,

338 5378 486 5419 orro
520 5378 684 5421 nunc
719 5378 1028 5422 habemus
1059 5378 1174 5418 suo
1207 5378 1462 5419 nomine
1493 5378 1693 5420 sancti
1719 5378 1962 5431 Jacom,
1999 5378 2184 5438 etque
2215 5378 2514 5417 asseritur
2544 5378 2624 5416 an
2655 5378 2958 5416 't'ruuano
2991 5378 3286 5428 conciuo,
3320 5378 3561 5416 canone
3608 5378 3706 5434 δέ,

289 5378 431 5502 Εωο
461 5437 813 5520 longinquo
846 5448 1128 5518 tempore
1163 5440 1226 5500 in
1258 5440 1448 5519 hujus
1477 5440 1770 5501 Ecclesiae
1805 5460 1917 5500 usu
1951 5440 2106 5513 fuit;
2141 5437 3034 5520 eratqueconstanterCaroli
3070 5438 3288 5520 Magni
3318 5439 3706 5498 Francorum

287 5523 458 5601 regis
489 5518 901 5601 temporibus,
937 5521 1279 5600 multisque
1311 5518 1530 5600 postea
1560 5522 1840 5595 saeculis;
1877 5522 2079 5582 donec
2100 5519 2649 5598 Constantinopoli
2670 5518 3049 5601 patriarcha
3070 5519 3362 5601 Ecclesiae
3384 5537 3514 5580 sua
3542 5519 3716 5578 litur-

290 5599 464 5682 giam
498 5599 653 5668 324
684 5605 852 5683 apud
885 5621 1102 5664 omnes
1134 5599 1330 5683 Graeci
1360 5603 1520 5663 ritus
1551 5603 1886 5676 Ecclesias,
1922 5602 2153 5682 partim
2214 5601 2532 5672 suasione,
2581 5599 2811 5683 partim
2865 5599 3295 5683 minis__recipi
3344 5606 3712 5683 coegerunt,

292 5680 642 5767 antiquatis
675 5680 917 5748 cziateris
947 5681 1340 5767 singularum
1372 5684 1792 5746 Ecclesiarum
1826 5680 2119 5764 propriis.
2154 5683 2234 5767 ᾼι
2264 5687 2484 5744 nostra
2514 5681 2725 5767 sancti
2771 5680 2994 5743 Jacobi
3048 5681 3308 5767 liturgia
3336 5682 3400 5742 in
3433 5681 3717 5767 multisa

287 5760 637 5847 Cyril'liana
666 5760 1098 5828 disconvenit:
1135 5783 1277 5844 quas
1309 5770 1521 5828 tamen
1549 5760 1888 5829 varietates
1917 5760 2065 5828 sunt
2092 5763 2193 5826 vel
2223 5781 2436 5826 rerum
2469 5781 2508 5825 a
2537 5762 2772 5844 Cyrillo
2804 5760 3400 5845 praetermissarum,
3420 5762 3521 5825 vel
3544 5760 3716 5824 addi-
