3932 6392
272 372 436 431 1109
1263 371 1746 434 CATECHESIS
1792 369 1896 431 XX

2125 366 2620 428 YSTAGOGICA
2663 368 2734 428 V.
3560 371 3715 433 1110

269 512 464 573 trem.
500 506 615 586 qui
644 506 767 568 hoc
795 507 860 567 in
893 524 1107 568 sorore
1137 507 1231 569 uti
1263 508 1657 588 pracipuum
1689 506 1837 568 ﬁdei
1867 512 1928 568 et
1959 506 2205 568 fiduciae
2236 505 2300 566 in
2332 505 2531 566 Deum
2563 504 2906 584 specimen,
2941 523 2980 566 a
3010 506 3141 567 Deo
3191 506 3330 586 ipso
3383 525 3494 587 per
3538 511 3718 573 resti-

272 589 588 650 tutionem
624 588 914 649 sanitatis
948 597 1443 662 remuneratum,
1480 591 1671 651 refert.
1699 595 1762 651 et
1791 588 2009 649 laudat
2037 593 2196 648 orat.
2240 589 2333 655 11,
2369 605 2516 665 pag.
2557 589 2694 647 187.

355 670 510 730 VIII.
547 669 723 729 Hanc
755 670 1138 730 catecbesim
1172 673 1556 732 contulimus
1586 690 1730 732 cum
1762 669 2084 730 codicibus
2114 688 2308 748 supra
2339 667 2572 728 notatis
2599 685 2611 727 :
2649 686 2920 746 quorum
2955 687 2988 729 e
3020 687 3288 730 numero
3337 672 3716 733 eximendus

267 750 722 820 Coislinianus,
759 751 866 830 qui
896 751 960 810 in
997 757 1280 813 extrema
1312 754 1570 831 pagina,
1606 753 1795 813 taedio
1827 752 1987 810 forte
2017 749 2282 825 librarii,
2319 748 2508 826 hujus
2540 750 2843 810 orationis
2873 751 3077 810 solum
3114 751 3365 811 titulum
3404 755 3713 814 continet.

265 834 546 909 Insuper
577 851 712 891 eam
748 832 1194 893 contendimus
1224 853 1363 894 cum
1400 833 1774 912 fragmentis
1806 851 1843 892 a
1875 834 2107 892 Nicone
2143 831 2454 890 monacho
2485 831 2547 890 in
2583 832 2919 901 Pandecte,
2958 833 3298 906 Eustratio,
3337 841 3400 895 et
3453 843 3717 896 auctore

267 913 475 996 libelli
507 920 636 994 Περὶ
668 918 825 996 Θείων
865 919 1182 996 μυστηρίων
1215 915 1440 976 citatis.
1478 917 1661 976 Caret
1700 913 1885 975 titulo

2115 912 2472 996 {umentoin
2498 912 2791 972 omnibus
2816 914 3310 996 exemplaribus.
3338 917 3498 976 Eum
3526 935 3720 996 quem

264 993 411 1070 ipsa
443 993 804 1075 argumenti
835 994 995 1054 ratio
1036 993 1418 1075 postulabat,
1453 996 1834 1056 effinximus.
1872 995 2175 1055 Notarum
2212 994 2704 1075 crebritatemet
2736 993 3165 1071 prolixitatem
3209 993 3564 1058 excusabit'
3599 997 3725 1058 lec-

265 1079 373 1157 tor
415 1074 799 1157 propterrei
833 1081 1117 1157 tractatas
1142 1074 1513 1155 dignitatem
1546 1084 1611 1138 et
1641 1077 2018 1138 ubertatem.
2056 1075 2263 1157 Unum
2295 1079 2389 1135 est
2418 1074 2682 1157 quodin
2713 1075 3225 1157 dissertationem
3259 1077 3526 1139 tertiam
3553 1078 3716 1157 reje-

269 1155 1037 1296 cli‘imiianuodtnimirum
1068 1154 1344 1236 pertinet
1373 1159 1452 1219 ad
1510 1158 1978 1219 invocationem
2031 1155 2302 1235 Spiritus
2347 1155 2550 1217 sancti
2591 1154 2657 1215 in
2706 1156 3185 1218 consecratione
3231 1158 3405 1236 apud
3455 1154 3718 1221 Grmcas

302 1255 398 1296 .cc
427 1254 594 1296 eaias
625 1255 720 1296 1181
753 1245 957 1296 atam.

302 1236 594 1298 Ecclesias
625 1236 957 1299 usitatam.

1121 1559 1847 1656 ΚΑΤΗΧΗΣΙΣ
1935 1557 2838 1656 ΜΥΣΤΑΓΩΓΙΚΗ
2911 1561 3013 1654 E’

380 1813 483 1870 Ἐκ
539 1819 640 1884 τῆς
694 1812 902 1892 Πέτρου
953 1812 1262 1886 καθολιχῆς
1323 1814 1674 1886 Ἐπιστολῆς·
1738 1815 1838 1893 duo
1889 1813 2449 1893 duoﬁépevochnaiaav
2512 1814 2803 1893 ῥυπαρίαν,
2863 1816 2954 1870 καὶ
3007 1814 3183 1871 πὰντα
3241 1811 3432 1891 δόλον,
3491 1819 3583 1872 καὶ

1606 1885 1969 1962 καταλαλιὰν,
2000 1885 2091 1944 καὶ
2121 1887 2190 1944 τὰ
2219 1885 2368 1960 ὶξῆς.

1446 2306 1873 2366 CATECHESIS
1913 2306 2415 2366 MYSTAGOGICA
2458 2307 2521 2363 V.

547 2513 630 2571 Ex
659 2515 925 2587 Epistola
955 2516 1112 2571 Petri
1143 2515 1438 2572 catholica
1468 2531 1480 2570 :
1510 2517 1728 2572 Idcirco
1758 2518 2089 2587 depanentes
2119 2532 2334 2572 omnem
2365 2517 2801 2586 immunditiam,
2833 2522 2884 2573 et
2911 2532 3122 2574 omnem
3147 2515 3335 2575 dolum
3366 2533 3430 2573 ac

1424 2589 1820 2645 detractionem
1850 2587 1916 2658 ³³,
1952 2594 2011 2644 et
2040 2605 2174 2662 quas
2206 2593 2564 2661 sequuntur.

341 2793 424 2849 A‘.
459 2794 543 2866 Τῇ
573 2796 670 2847 τοῖ’)
703 2797 837 2848 Θεοῦ
878 2791 1268 2871 φιλανθρωπίᾳ
1323 2794 1378 2850 ἐν
1435 2799 1556 2857 ταῖς
1611 2787 1896 2868 προλαϐού

2119 2796 2162 2849 Ι.
2196 2794 2444 2851 Abunde
2478 2796 2542 2850 in
2573 2795 3051 2866 praecedentibus
3075 2795 3418 2869 synaxibus,
3442 2796 3560 2853 Deo
3582 2795 3712 2854 cle-

265 2901 388 2941 σαις
442 2882 741 2953 συνάξεσιν,
800 2882 1112 2956 ἀρκούντως
1172 2884 1444 2954 ἀκηκόατε
1525 2883 1650 2958 περί
1726 2903 1787 2937 τε
1859 2885 1933 2955 (1)

272 2971 676 3045 βαπτίσματος,
707 2973 798 3026 καὶ
829 2972 1158 3047 χρίσματος,
1192 2974 1284 3028 καὶ
1331 2971 1694 3047 μεταλήψεως
1743 2971 1936 3043 σώμα-

263 3081 363 3121 τος
395 3062 487 3115 καὶ
522 3059 753 3134 α’ίματος
780 3066 1040 3137 Χριστοῦ·
1075 3068 1166 3117 νῦν
1225 3061 1281 3118 δὲ
1342 3063 1430 3118 ἐπὶ
1484 3063 1548 3117 τὰ
1589 3064 1712 3135 ἑξῆς
1768 3083 1932 3136 μετα-

266 3145 479 3205 ϐαίνειν
514 3152 831 3226 ἀναγκαῖον,
876 3153 1118 3226 σήμερον
1166 3154 1264 3222 τήν
1326 3153 1590 3230 στεφάνην
1641 3151 1933 3222 ἐπιθήσον-

261 3261 362 3302 τας
390 3243 463 3314 τῇ
493 3245 836 3316 πνευματικῇ
873 3242 1027 3316 ὑμῶν
1060 3249 1160 3312 τῆς
1189 3240 1457 3319 ὠφελείας
1492 3239 1787 3316 οἷκοδομῇ.

337 3331 416 3389 Β“.
463 3330 775 3408 Ἐωράκατε
829 3330 1014 3387 τοίνυν
1071 3334 1162 3387 τὸν
1215 3329 1466 3388 διάκονον
1528 3332 1620 3387 τὸν
1680 3331 1931 3406 νίψασθαι

265 3417 493 3476 διδόντα
523 3425 603 3494 τῷ
634 3421 790 3495 ἱερεῖ,
820 3421 912 3476 καὶ
959 3425 1076 3484 τοῖς
1129 3422 1390 3477 κυκλοῦσι
1441 3421 1504 3476 τὸ
1549 3422 1932 3496 θυσιαστήριον

261 3515 364 3564 τοῦ
398 3515 537 3566 Θεοῦ
567 3507 978 3586 πρεσϐυτέροις.
1012 3511 1088 3569 Οὐ
1120 3511 1337 3574 πάντως
1370 3508 1428 3566 δὲ
1478 3507 1659 3566 ἐδίδου
1705 3508 1794 3565 διὰ
1838 3511 1931 3565 τὸν

266 3603 584 3656 σωματικὸν
616 3601 808 3678 ῥύπον’
852 3601 954 3657 οὐκ.
1011 3596 1123 3657 ἔστι
1179 3606 1361 3658 τοῦτο.
1417 3598 1556 3658 Οὔτε
1614 3601 1718 3676 γὰρ
1763 3599 1930 3675 ῥύπον

274 3694 528 3764 σώματος
559 3689 808 3768 ἕχουτες,
837 3694 937 3762 τὴν
970 3692 1153 3768 ἀρχὴν
1187 3693 1461 3766 εἷσήειμεν
1496 3691 1572 3754 εἷς
1601 3691 1700 3760 τήν
1734 3688 1934 3761 ἐκκλη-

282 3781 420 3836 σίαν.
449 3781 624 3838 Ἀλλὰ
656 3777 940 3856 σύμϐολόν
971 3783 1106 3853 ἐστι,
1133 3786 1232 3838 τοῦ
1266 3780 1375 3837 δεῖν
1435 3783 1574 3855 ὑμᾶς
1618 3779 1930 3856 καθαρεύειν

275 3871 492 3926 πάντων
523 3873 936 3948 ἁμαρτημάτων
969 3871 1060 3926 καὶ
1095 3869 1495 3945 ἀνομημάτων,
1553 3870 1616 3925 τὸ
1653 3871 1931 3944 νίψασθαι.

265 3959 496 4032 Ἐπειδή
529 3963 631 4038 γὰρ
666 3964 720 4018 αἱ
765 3967 949 4038 χεῖρες
1011 3957 1294 4035 σύμϐολον
1359 3961 1621 4037 πράξεωςο
1675 3962 1933 4036 νίψασθαι

262 4051 489 4122 ταύτας,
519 4055 580 4108 τὸ
611 4054 842 4126 καθαρὸν
899 4049 1154 4124 δηλονότι
1203 4051 1294 4107 καὶ
1341 4049 1574 4127 ἄμωμον
1632 4056 1740 4107 τῶν
1797 4050 1932 4128 πρά-

2047 2892 2282 2941 menter
2311 2887 2623 2959 largiente,
2665 2887 2974 2942 audivistis
3030 2891 3156 2942 tum
3207 2886 3281 2942 de
3325 2885 3707 2959 baptismate,

2047 2993 2183 3031 cum
2217 2977 2291 3031 de
2321 2977 2663 3045 chrismate,
2699 2982 2758 3032 et
2787 2977 3128 3048 sumptione
3159 2977 3425 3049 corporis
3475 2983 3534 3033 et
3571 2993 3708 3035 san-

2046 3067 2242 3138 guinis
2274 3066 2530 3120 Christi:
2591 3083 2752 3121 nunc
2805 3066 2878 3121 ad
2943 3083 3012 3121 ea
3069 3083 3201 3137 quas
3255 3073 3708 3139 consequuntur

2046 3156 2381 3228 transgredi
2413 3173 2523 3212 nos
2555 3161 2807 3227 oportet,
2838 3156 3015 3211 hodie
3048 3157 3344 3228 spirituali
3376 3157 3708 3214 institutio-

2046 3246 2142 3300 nis
2174 3250 2380 3300 vestraa
2412 3245 2664 3300 aediﬁcio
2698 3245 3042 3301 coronidem
3073 3245 3484 3318 imposituros.

2116 3335 2184 3390 Il.
2220 3335 2460 3391 Vidistis
2491 3335 2670 3408 igitur
2699 3335 3020 3392 diaconum
3052 3337 3344 3392 sacerdoti
3375 3342 3433 3391 et
3462 3336 3701 3410 presby-

2044 3426 2188 3481 teris
2219 3425 2406 3481 altare
2439 3425 2540 3479 Dei
2567 3426 3094 3481 circumstantibus
3125 3443 3343 3498 aquam
3385 3426 3708 3483 abluendis

2044 3515 2322 3570 manibus
2353 3514 2754 3587 porrigentem
2786 3515 2884 3585 (3).
2920 3514 3270 3570 Nullatenus
3303 3533 3441 3571 vero
3465 3523 3709 3588 propter

2045 3620 2359 3676 corporeas
2393 3603 2597 3658 sordes
2630 3604 3018 3677 extergendas
3041 3604 3236 3659 dabat.
3267 3607 3412 3671 Non,
3439 3605 3707 3675 inquam,

2046 3699 2399 3766 propterea;
2436 3709 2631 3764 neque
2665 3693 2825 3748 enim
2858 3694 3124 3763 corporis
3155 3693 3362 3749 sordes
3407 3699 3702 3766 gerentes,

2047 3783 2218 3837 initio
2243 3783 2557 3838 ecclesiam
2576 3782 2828 3854 ingressi
2851 3799 3087 3837 eramus
3110 3784 3205 3854 (4ο).
3233 3785 3308 3837 At
3330 3798 3398 3838 ea
3417 3799 3705 3838 manuum

2048 3872 2270 3927 ablutio
2310 3871 2648 3943 symbolum
2708 3877 2814 3940 est,
2866 3871 3122 3926 mundos
3151 3888 3252 3926 vos
3301 3872 3374 3928 ab
3425 3872 3705 3927 omnibus

2047 3962 2306 4034 peccatis
2350 3966 2406 4016 et
2454 3961 3038 4033 praavaricatiombus
3091 3979 3220 4017 esse
3274 3961 3508 4019 debere.
3558 3963 3704 4018 Cum

2047 4053 2209 4107 enim
2240 4068 2454 4107 manus
2485 4051 2822 4122 symbolum
2854 4052 2974 4106 sint
3003 4052 3277 4121 actionis,
3311 4051 3385 4106 iis
3415 4050 3704 4122 lavandis,

265 4145 402 4214 ξεων
433 4143 801 4216 αἷνιττόμεθα.
835 4141 950 4201 Οὐκ
1004 4139 1247 4212 ἤκολσας
1300 4146 1397 4197 τοῦ
1449 4141 1717 4219 μακαρίου
1768 4136 1896 4196 Δαϐὶ

2115 4142 2369 4197 tritatem
2385 4159 2633 4214 operum
2647 4159 2973 4214 eorumque
2987 4142 3059 4197 ab
3073 4141 3224 4197 omni
3238 4142 3705 4214 reprehensione

265 4232 403 4287 αὐτὸ
424 4236 584 4288 τοῦτο
621 4237 1104 4309 μυσταγωγοῦ-κως
1135 4236 1237 4306 (2),
1259 4232 1350 4287 καὶ
1383 4231 1660 4308 λέγοντος,
1686 4232 1933 4306 Νίψομαι

266 4323 322 4379 ἐν
357 4321 559 4387 ἀθώοις
589 4322 684 4386 τὰς
717 4325 908 4400 χεῖράς
971 4344 1098 4395 μου,
1150 4322 1240 4378 καὶ
1297 4324 1570 4378 κυκλώσω
1627 4323 1689 4378 τὸ
1745 4334 1932 4386 θυσια-

267 4413 496 4488 στήριόν
530 4433 651 4483 σου,
683 4411 887 4486 Κύριε;
946 4411 1158 4470 Οὐκοῦν
1218 4413 1281 4467 τὸ
1339 4413 1595 4485 νίψασθαι
1654 4413 1751 4472 τὰς
1805 4415 1928 4486 χεῖ-

265 4523 386 4579 ρας,
441 4507 544 4558 τοῦ
603 4502 964 4558 ἀνυπεύθυνον
1021 4502 1160 4558 εἶναι
1223 4502 1585 4576 ἁμαρτήμασι
1643 4496 1926 4574 σύμϐολόν

265 4591 438 4651 ἐστιν.

344 4719 436 4776 2³1
466 4723 622 4778 Petr.
657 4738 716 4791 ιι,
751 4722 802 4777 1.
882 4721 928 4756 ³⁸
960 4720 1115 4778 Psal.
1151 4738 1281 4791 xxv,
1316 4723 1369 4778 6.

345 4847 414 4915 (1)
448 4846 577 4920 Περὶ
607 4866 686 4902 τι.
718 4848 1078 4920 Scripsimus
1115 4864 1176 4898 τε
1227 4845 1357 4900 loco
1411 4847 1647 4903 articuli
1698 4849 1818 4913 τοῦ,
1863 4863 1933 4903 ex

345 4865 414 4915 (1)
451 4865 577 4974 [188!
607 4866 686 4902 τε.
718 4865 1078 4920 δΟῙΊΡΒῙΠΙΙΙΞ
1115 4865 1176 4898 τε
1228 4865 1357 4900 1060
1411 4865 1647 4903 aPElCUIl
1698 4866 1818 4913 του,
1863 4865 1929 4903 ex

269 4922 392 5000 Roe
425 4924 484 4974 et
554 4921 760 4976 asaub.
792 4921 933 4992 quia
962 4923 1282 4990 sequentes
1313 4935 1484 4974 voces
1516 4920 1645 4976 sine
1678 4920 1929 4975 articulo

272 4997 531 5046 scriptas.

272 5007 531 5061 scriptas.

347 5065 425 5135 (2)
464 5061 609 5135 Αὐτὸ
664 5063 827 5118 τοῦτο
889 5064 1398 5135 μυσταλίωγοῦντος.
1457 5065 1599 5130 Roe,
1660 5069 1720 5117 et
1775 5065 1927 5132 Cas.,

274 5131 408 5210 αὖτρ
436 5134 596 5210 τοῦτό
629 5155 687 5190 σε
721 5131 1233 5210 μυσταγωγοῧντός,
1269 5135 1369 5189 hoc
1400 5136 1584 5204 ipsum
1618 5137 1873 5210 terdocet.

350 5207 425 5273 (3)
454 5209 758 5265 Diaconum
787 5207 1081 5273 sacerdou,
1125 5212 1235 5262 etc.
1287 5223 1488 5278 aquam
1528 5209 1928 5278 porrigentem.

269 5277 569 5336 Diaconus
600 5298 818 5352 aquam
852 5282 912 5335 in
947 5295 1162 5334 manus
1195 5277 1487 5352 sacerdoti
1520 5277 1809 5334 fundebat
1827 5297 1934 5351 per

268 5368 481 5406 omnes
537 5350 832 5408 Ecclesias
888 5352 1172 5422 (Latinas)
1227 5350 1496 5405 Romana
1541 5350 1932 5423 excepta,’ex

267 5428 426 5478 auct.
463 5425 758 5488 Question.
796 5425 852 5479 in
892 5426 1056 5479 Vetus.
1086 5429 1139 5476 et
1170 5423 1375 5496 Novum
1414 5425 1550 5477 Test.
1587 5423 1743 5494 apud
1783 5425 1928 5496 Aug.

270 5501 416 5550 tom.
452 5496 546 5561 lll,
583 5496 850 5568 Append.
885 5501 1094 5567 quaest.
1150 5497 1269 5568 lOl_.
1299 5493 1388 5568 _ln
1438 5493 1932 5568 Constitutionilnis

272 5583 412 5621 vero
435 5564 747 5639 apostolicis
778 5568 838 5622 id
869 5564 1134 5639 ofﬁcium
1166 5564 1568 5639 subdiaconus
1619 5567 1888 5638 fungitur
1916 5585 1928 5621 :

275 5636 554 5709 idque—in
593 5641 859 5696 Ecclesia
913 5636 1235 5695 Parisiensi
1284 5636 1754 5709 observabatur,"
1783 5645 1931 5695 teste

274 5707 602 5772 Fortunato
628 5714 692 5770 in
728 5711 864 5768 Vita
891 5713 1071 5768 sancti
1107 5707 1378 5776 Marcelli,
1419 5712 1575 5784 apud
1606 5711 1866 5779 Surium,
1901 5718 1926 5768 1

2047 4232 2490 4289 immunitatem
2509 4233 3069 4306 significamus.Non
3093 4233 3312 4289 audisti
3331 4232 3571 4289 beatum
3595 4235 3708 4290 Da-

2043 4323 2140 4378 vid
2172 4324 2282 4378 hoc
2316 4323 2489 4379 nobis
2520 4323 2790 4395 mysterii
2839 4323 3231 4395 aperientem,
3284 4323 3662 4396 aientemque
3690 4340 3703 4379 :

2042 4415 2258 4468 Lavabo
2289 4415 2436 4467 inter
2466 4413 2778 4468 innocentes
2810 4413 2965 4469 826
3009 4429 3206 4468 manus
3257 4429 3424 4481 meas,
3471 4418 3525 4467 et
3575 4411 3698 4467 cir-

2041 4503 2306 4558 cumdabo
2337 4503 2514 4558 altare
2547 4509 2724 4571 tuum,
2749 4504 2976 4558 Domine
3004 4502 3051 4537 εδ
3073 4501 3102 4556 ?
3129 4505 3334 4573 Itaque
3380 4502 3540 4572 quod
3570 4517 3701 4558 ma-

2039 4608 2153 4648 nus
2183 4591 2532 4660 abluuntur,
2566 4594 2804 4666 signum
2824 4598 2914 4649 est
2938 4592 3336 4647 immunitatis
3363 4607 3397 4647 a
3419 4590 3700 4664 peccatis.

2045 4843 2351 4913 Novemb.,
2385 4861 2552 4902 num.
2587 4848 2616 4900 3
2651 4851 2708 4901 et
2737 4847 2790 4902 4.
2824 4842 2979 4899 Nihil
3011 4842 3085 4899 de
3133 4842 3430 4916 ejusmodi
3472 4844 3699 4904 lotione

2042 4917 2103 4973 in
2136 4917 2323 4972 sancti
2355 4918 2557 4991 Jacobi
2589 4918 2848 4991 liturgia.

2115 4991 2192 5064 (ξι)
2223 4991 2409 5064 Initio,
2436 4990 2713 5064 ecclesiam
2739 4987 3002 5057 'ingressi
3057 5003 3300 5064 eramus,
3356 4987 3456 5056 τὴν
3515 4987 3699 5064 ἀρχὴν

2040 5058 2336 5133 εἶσῇέιμενο
2371 5063 2528 5117 Verti
2559 5063 2737 5118 etiam
2769 5065 2984 5133 potest,
3011 5058 3299 5113 ecclesiam
3335 5058 3562 5130 prorsus
3590 5058 3698 5118 ’ἰῆς

2041 5131 2466 5204 gressiessemus.
2491 5136 2624 5189 Haec
2646 5131 2807 5190 enim
2829 5131 3066 5203 elegans
3088 5137 3394 5255 usurpatio
3417 5134 3574 5188 vocis
3598 5136 3697 5202 τὴν

2041 5204 2244 5255 ἀογήν.
2281 5205 2484 5255 Notus-
2505 5223 2600 5255 me
2618 5207 2852 5255 silente.
2878 5202 3191 5255 ecclesiam
3215 5202 3230 5254 i
3263 5202 3399 5255 lotis
3423 5206 3697 5255 manibus

2041 5202 2254 5278 dpxrjv.
2281 5205 2485 5278 Notus,
2505 5223 2600 5261 me
2618 5207 2852 5272 silente,
2878 5202 3191 5278 ecclesiam
3215 5202 3399 5259 illotis
3422 5206 3699 5264 manibus

2043 5274 2163 5331 non
2186 5275 2444 5331 adeundi
2469 5295 2611 5333 usus
2637 5295 2649 5333 :
2672 5280 2762 5333 cui
2787 5274 3112 5345 comparati
3133 5282 3304 5347 erant
3325 5294 3445 5347 prae
3469 5279 3696 5335 foribus

2043 5348 2433 5422 ecclesiarum
2463 5349 2737 5422 dispositi
2768 5350 2981 5404 fontes.
3016 5345 3407 5422 Quodautém
3426 5349 3610 5421 aliqui
3639 5352 3700 5407 id

2044 5420 2115 5475 de
2148 5420 2510 5492 presbyteris
2534 5418 2729 5477 solum
2761 5422 2984 5476 dictum
3009 5435 3044 5492 a
3072 5418 3290 5492 Cyrillo
3319 5418 3551 5491 putant;
3574 5439 3694 5478 non

2043 5490 2380 5548 assentior:
2416 5494 2778 5564 quod'nemo
2820 5495 2881 5548 in
2913 5490 3248 5564 ecclesiam,
3274 5490 3462 5547 multo
3493 5495 3694 5550 minus

2045 5565 2146 5635 qui
2170 5561 2666 5621 communicaturi
2688 5572 2878 5635 erant,
2903 5561 3089 5635 illotis
3110 5564 3386 5620 manibus
3415 5566 3697 5623 accedere

2043 5633 2310 5710 auderet,
2339 5639 2572 5694 etiamsi
2613 5655 2829 5710 magna
2857 5633 3216 5710 necessitate?
3234 5643 3699 5710 premeretur,ut

2044 5707 2131 5766 ait
2153 5708 2480 5784 Cbrysost.,
2507 5711 2669 5769 hom.
2701 5707 2793 5782 22,
2824 5712 2896 5771 ad
2915 5723 3055 5781 pop.
3083 5707 3364 5780 Antioch”
3395 5725 3529 5784 pag.
3566 5712 3691 5768 260.
