3932 6366
271 379 440 441 1113

1258 376 1744 441 CATECHESIS
1789 374 2006 439 XXIII.
2055 377 2612 444 MYSTAGOGICA
2653 383 2730 444 V.

3549 380 3704 442 1114

274 510 516 584 διανοίᾳ,
549 510 677 588 περὶ
704 511 802 574 τὰς
836 511 1095 588 βιωτικᾶς
1126 509 1273 586 ἔχειν
1305 512 1397 566 τὸν
1443 515 1571 566 νοῦν
1629 507 1932 586 φροντίδας

2091 515 2412 586 agitatione
2435 521 2697 573 mentem
2731 515 2946 572 habeat
2974 515 3152 588 hujus
3183 515 3316 570 vitae
3347 514 3504 568 curis
3534 530 3710 568 occu-

273 604 524 657 Πάντοτε
559 601 656 675 μὲν
691 601 780 656 οὗν
816 604 950 656 Θεοῦ
1005 599 1427 675 μνημονευτέον·
1465 599 1510 656 εἰ
1543 597 1601 655 δὲ
1645 603 1808 655 τοῦτο
1857 595 1946 653 διὰ

267 693 382 762 τὴν
420 690 693 756 ἀσθένειαν
725 693 826 760 τὴν
882 691 1226 766 ἀνθρωπίνην
1290 689 1572 763 ἀδύνατον,
1622 690 1738 746 κατ’
1795 689 1942 744 ἐκεί-

269 804 387 852 νην
423 780 663 856 μάλιστα
693 783 790 853 τὴν
827 780 970 859 ὥραν
1002 786 1165 838 τοῦτο
1200 785 1617 857 φιλοτιμητέον.

354 970 430 1022 E‘.
500 966 639 1020 Εἶτα
698 964 726 1018 ὁ
782 961 956 1035 ἱερεὺς
1026 963 1192 1040 λέγει·
1283 963 1789 1038 Εὐχαριστήσωμεν
1863 965 1943 1033 τῷ

271 1053 495 1127 Κυρίῳ.
529 1055 738 1117 Ὄντως
770 1055 870 1130 γὰρ
927 1053 1267 1131 εὐχαριστεῖν
1333 1052 1648 1132 ὀφείλομεν,
1709 1054 1792 1108 ὅτι
1851 1051 1940 1105 ἀνα

268 1144 463 1215 αξίους
499 1139 658 1206 ὄντας
684 1147 830 1218 ἡμᾶς
864 1142 1113 1200 ἐκάλεσεν
1147 1144 1223 1206 εἷς
1252 1146 1352 1214 τὴν
1381 1141 1720 1215 τηλικαύτην
1756 1143 1940 1218 χάριν·

267 1233 362 1289 ὅτι
394 1233 630 1310 ἐχθροὺς
663 1229 820 1297 ὄντας
870 1235 1020 1308 ἡμᾶς
1068 1234 1406 1305 κατήλλαξεν
1484 1233 1566 1289 ὅτι
1626 1233 1940 1306 Πνεύματος

268 1324 552 1387 υἱοθεσίας
596 1323 949 1397 κατηξίωσεν.
1011 1324 1141 1380 Εἶτα
1198 1321 1404 1400 λέγετε·
1464 1324 1650 1394 ’Ἄξιον
1709 1322 1798 1378 καὶ
1859 1320 1944 1377 δί-

267 1436 461 1473 καιον.
527 1414 1009 1490 Εὐχαριστοῦντες
1065 1413 1166 1490 γὰρ
1224 1417 1392 1488 ἡμεῖς
1451 1411 1596 1487 ἄξιον
1673 1414 1938 1487 ποιοῦμεν

273 1509 502 1581 πρᾶγμα
530 1504 622 1558 καὶ
664 1502 897 1559 δίκαιον·
934 1503 1095 1566 αὐτὸς
1126 1501 1183 1558 δὲ
1214 1503 1280 1558 οὐ
1341 1501 1573 1574 δίκαιον,
1635 1502 1762 1560 ἀλλ’
1807 1503 1940 1578 ὑπὲρ

282 1595 351 1648 τὸ
382 1592 584 1648 δίκαιον
613 1599 811 1664 ποιῶν,
843 1596 992 1666 ἡμᾶς
1026 1595 1104 1668 (1)
1131 1593 1481 1671 εὐηργέτησε,
1539 1593 1630 1650 καὶ
1677 1592 1939 1666 τηλικού-

280 1703 395 1737 των
418 1683 642 1753 ἠξίωσεν
666 1684 904 1760 ἀγαθῶν.

354 1773 416 1841 ζ’.
451 1774 602 1830 Μετὰ
627 1777 816 1844 ταῦτα,
877 1773 1299 1849 μνημονεύομεν
1364 1772 1617 1852 οὐρανοῦ,
1674 1775 1764 1830 καὶ
1815 1781 1937 1863 γῆς,

2049 608 2268 674 patam.
2303 607 2378 660 At
2402 606 2561 662 enim
2591 606 2754 662 omni
2789 611 3055 678 tempore
3088 620 3386 660 memores
3429 619 3558 658 esse
3599 619 3708 657 nos

2050 699 2283 765 oportet
2313 695 2437 751 Dei.
2469 697 2635 762 Quod
2665 697 2713 752 si
2745 701 2989 769 propter
3018 696 3346 751 humanam
3389 692 3706 748 imbecilli-

2049 789 2232 840 tatem
2262 785 2632 857 impossibile
2665 788 2761 853 sit,
2797 786 2900 841 illa
2922 792 3122 842 tamen
3143 785 3401 840 maxime
3433 782 3578 838 hora
3596 783 3706 837 hoc

2049 874 2312 930 studiose
2340 875 2689 932 enitendum
2721 881 2829 932 est.

2120 965 2183 1017 V.
2218 966 2358 1020 Post
2386 965 2511 1020 haec
2543 965 2823 1022 sacerdos
2870 966 2989 1020 ait:
3041 966 3262 1020 Gratias
3310 980 3537 1033 agamus
3596 964 3706 1017 Do-

2047 1055 2216 1108 mino.
2254 1056 2398 1110 Vere
2430 1055 2589 1110 enim
2611 1060 2806 1129 grates
2837 1072 3008 1128 agere
3041 1055 3348 1122 debemus,
3373 1053 3534 1124 quod
3565 1070 3701 1108 cum

2046 1143 2276 1217 indigni
2311 1161 2600 1215 essemus,
2634 1146 2708 1202 ad
2733 1151 2961 1202 tantam
2990 1163 3100 1201 nos
3129 1145 3355 1200 vocavit
3400 1143 3650 1216 gratiam
3685 1163 3699 1212 ;

2047 1233 2206 1305 quod
2229 1234 2457 1291 inimici
2487 1252 2621 1292 cum
2645 1253 2911 1292 essemus
2928 1253 3039 1291 nos
3053 1232 3700 1303 reconciliavit”;quod

2047 1323 2265 1395 Spiritu
2297 1326 2444 1382 827
2482 1326 2819 1398 adoptionis
2873 1332 2962 1382 est
3009 1326 3284 1398 dignatus
3315 1323 3382 1378 ³9.
3429 1324 3515 1378 Ad
3573 1323 3699 1378 haec

2044 1430 2146 1470 vos
2177 1414 2473 1487 subjicitis
2500 1434 2512 1473 :
2546 1419 2781 1486 Dignum
2812 1420 2861 1472 et
2877 1418 3114 1488 justum.
3147 1417 3297 1471 Dum
3354 1415 3514 1469 enim
3563 1429 3696 1484 gra-

2046 1503 2160 1559 tias
2189 1504 2439 1576 agimus,
2473 1505 2710 1579 dignam
2743 1523 2871 1562 rem
2901 1507 3131 1579 agimus
3164 1510 3222 1560 et
3257 1504 3484 1576 justam
3511 1519 3524 1557 :
3570 1502 3696 1573 ipse

2047 1599 2245 1649 autem
2279 1613 2400 1650 non
2422 1596 2605 1668 juste,
2639 1597 2743 1652 sed
2773 1597 3239 1668 praeterjustum
3271 1610 3473 1666 agens,
3525 1591 3698 1647 nobis

2044 1684 2360 1756 benefecit,
2397 1691 2456 1742 et
2484 1687 2666 1742 tantis
2699 1686 2872 1742 bonis
2897 1703 3007 1742 nos
3039 1685 3248 1756 dignos
3279 1684 3492 1739 eil‘ecit.

2118 1776 2207 1828 VI.
2241 1773 2288 1809 3°
2313 1775 2585 1831 Facimus
2615 1775 2833 1831 deinde
2867 1776 3236 1832 mentionem
3269 1773 3421 1841 coali,
3486 1776 3545 1826 et
3585 1776 3702 1825 ter-

263 1863 364 1918 καὶ
427 1861 722 1935 θαλάσσης·
783 1864 951 1934 ἡλίου
1043 1865 1134 1920 καὶ
1206 1865 1462 1937 σελήνης.
1542 1864 1772 1941 ἃστρων,
1844 1861 1932 1920 καῖ

2090 1880 2126 1919 is
2157 1864 2255 1936 (6),
2286 1870 2345 1920 et
2369 1866 2585 1933 maris;
2617 1866 2759 1921 solis
2790 1872 2849 1922 et
2879 1866 3036 1922 lunai
3065 1884 3078 1934 ;
3104 1870 3422 1932 astrorum,
3448 1862 3702 1918 ettotius

263 1954 454 2022 πάσης
481 1960 580 2023 τῆς
611 1952 837 2016 κτίσεως
898 1952 1128 2028 λογικῆς
1183 1974 1242 2009 τε
1293 1953 1384 2009 καὶ
1443 1952 1668 2031 ἀλόγου,
1729 1955 1931 2031 ὁρατῆς

259 2064 327 2099 τε
380 2043 470 2098 καὶ
531 2043 787 2120 ἀοράτουο
849 2042 1122 2119 ἆγγὲλων,
1182 2042 1571 2121 ἀρχαγγὲλων,
1626 2042 1927 2119 δυνάμεων,

262 2135 642 2208 κυριοτητων,
673 2135 882 2210 ἂρχῶν,
915 2132 1194 2206 ἐξουσιῶν,
1225 2135 1456 2208 θρόνων,
1488 2155 1594 2189 των
1655 2130 1932 2210 χερουϐἰμ

261 2228 380 2278 τῶν
436 2221 896 2300 πολυπροσώπων
1117 2223 1343 2298 δυνάμει
1411 2223 1662 2301 λέγοντες
1713 2226 1776 2281 τὸ
1832 2230 1930 2281 τοῦ

263 2307 466 2371 Δαϐίδ.
521 2312 870 2390 Μεγαλύνατε
952 2313 1045 2369 τὸν
1131 2313 1326 2389 Κύριον
1410 2314 1502 2370 σὺν
1561 2315 1712 2389 ἐμοί,
1772 2319 1932 2388 Μνη-

271 2405 582 2478 μονεύομεν
615 2406 705 2460 καὶ
738 2407 815 2480 (3)
846 2410 953 2460 τῶν
989 2406 1246 2483 σεραιρὶμ,
1281 2406 1315 2461 ἅ
1369 2406 1418 2461 ἐν
1470 2406 1749 2481 ΙΙνεύματι
1788 2407 1930 2484 ἆγίῳ

265 2495 529 2558 ἐθεάσατο
587 2494 830 2566 Ἡσαΐας,
890 2494 1268 2570 παρεστηκότα
1343 2495 1532 2569 κύκλῳ
1587 2502 1685 2553 τοῦ
1734 2499 1929 2572 θρόνου

259 2589 366 2638 τοῦ
400 2588 556 2639 Θεοῦ·
590 2589 680 2640 καί
708 2589 827 2647 ταῖς
863 2585 956 2658 μὶν
1001 2582 1118 2640 δυσὶ
1179 2585 1397 2662 πτέρυξι
1448 2585 1930 2643 κατακαλύπτοντα

259 2675 328 2730 τὸ
365 2674 684 2750 πρόσωπον,
715 2680 836 2739 ταῖς
867 2672 924 2729 δὲ
956 2672 1075 2730 δυσὶ
1107 2673 1233 2738 τοὺς
1266 2673 1461 2746 πόδας,
1502 2679 1590 2732 καὶ
1637 2682 1755 2740 ταῖς
1809 2675 1928 2732 δυσὶ

261 2765 572 2839 πετόμεκα,
628 2764 719 2820 καὶ
779 2763 1033 2841 λέγοντα.
1092 2767 1307 2840 Ἀγιος,
1365 2765 1542 2841 ἅγιος,
1602 2768 1754 2842 ἅγιος
1826 2767 1926 2825 Κύ-

261 2875 386 2930 ριος
425 2850 679 2919 Σαϐαώθ.
715 2855 812 2910 Διᾶ
838 2859 1000 2911 τοῦτο
1044 2856 1144 2932 γὰρ
1200 2857 1298 2924 τὴν
1355 2854 1749 2931 παραδοθεῖσαν
1792 2860 1926 2931 ἡμῖν

261 2945 463 3000 ἐκτῶν
489 2945 730 3023 σεραιρὶμ
755 2944 1038 3020 θεολογίαν
1082 2948 1159 3020 (li)
1214 2945 1417 3018 ταύτην
1468 2945 1726 3023 λέγομεν,
1778 2949 1927 3004 ὅπως

259 3033 526 3090 κοινωνοὶ
554 3041 656 3105 τῆς
690 3031 971 3110 ὑμνῳδίαις
1016 3041 1135 3098 ταῖς
1198 3034 1592 3114 ὑπερκοσμίοις
1643 3037 1929 3112 γενώμεθα

257 3146 430 3200 στρατ
442 3125 564 3188 ιαῖς.

335 3219 408 3274 Z‘.
464 3217 618 3288 Εἶτα,
675 3215 990 3290 ἆγιᾶἰσαντες
1043 3216 1264 3280 ἑαυτοὺς
1330 3213 1420 3271 διὰ
1471 3220 1579 3272 τῶν
1627 3238 1928 3291 πνευματι-
1961 3258 2003 3324 C

512 3305 526 3324 Ι
571 3310 600 3321 ~
705 3304 731 3324 ΡΙ
1191 3305 1211 3324 ‘
1261 3311 1286 3322 Cl
1459 3310 1528 3324 lu\
1628 3308 1641 3324 ἱ
1798 3307 1817 3324 \
1849 3307 1860 3324 1

258 3311 378 3362 κῶν
431 3305 640 3361 τούτῶν
703 3304 911 3380 ὕμνων,
970 3305 1392 3382 παρακαλοῦμεν
1454 3310 1532 3380 (5)
1589 3308 1680 3362 τὸν
1732 3307 1946 3385 φιλάνο,

261 3399 491 3474 θρωπον
524 3397 676 3470 Θεὸν,
713 3395 774 3451 τὸ
802 3395 955 3472 ’ἅγιον
1011 3402 1235 3470 Πνεῦμα
1295 3395 1672 3468 ὲξαποστεῖλαί
1721 3397 1810 3453 ἐπὶ
1864 3397 1930 3453 τὰ

337 3580 382 3614 ²⁵
419 3582 588 3636 Rom.
625 3596 677 3644 v,
710 3579 795 3634 10.
903 3578 948 3615 2°
977 3581 1144 3636 Rom.
1182 3595 1302 3646 vin,
1331 3583 1415 3634 15.

1515 3578 1562 3614 ³ο
1599 3582 1662 3636 V.
1696 3588 1805 3636 cat.
1839 3584 1890 3649 2,
1924 3599 1979 3636 η.
2017 3583 2076 3636 11
2108 3589 2161 3637 et
2197 3584 2280 3638 12.

2044 1960 2331 2010 creaturas
2393 1961 2512 2010 tam
2571 1956 2802 2011 ratione
2857 1956 3122 2028 praedita)
3182 1971 3361 2026 quam
3417 1952 3698 2020 carentis,

2039 2043 2294 2100 visibilis
2325 2050 2383 2099 et
2403 2045 2720 2100 invisibilis
2745 2064 2758 2112 ;
2783 2046 3156 2118 angelorum,
3180 2042 3697 2115 archangelorum,

2038 2133 2344 2203 virtutum,
2378 2135 2875 2205 dominationum,
2924 2135 3388 2208 principatuum,
3437 2137 3702 2205 potesta-

2044 2229 2191 2294 tum,
2222 2225 2610 2293 thronorum;
2635 2226 2946 2282 cherubim
2972 2225 3179 2281 multis
3200 2223 3464 2279 faciebus
3485 2220 3698 2293 prandi-

2043 2322 2237 2373 torum
2269 2317 2313 2354 3‘
2343 2336 2355 2372 :
2390 2320 2558 2390 quasi
2592 2320 2859 2376 dicentes
2890 2318 3232 2375 Davidicum
3264 2317 3698 2386 illud,Magm'fi—

2039 2415 2156 2464 cate
2186 2411 2477 2464 Dominum
2507 2427 2714 2465 mecum
2745 2410 2810 2464 π.
2841 2410 3202 2466 Mentionem
3236 2408 3415 2463 etiam
3444 2406 3694 2461 facimus

2041 2499 2364 2570 seraphim,
2398 2517 2529 2570 quas
2561 2501 2622 2554 in
2655 2500 2876 2571 Spiritu
2906 2504 3108 2555 sancto
3136 2499 3281 2552 vidit
3309 2497 3492 2552 Isaias
3533 2497 3698 2550 thro-

2039 2606 2184 2643 num
2216 2590 2319 2644 Dei
2352 2589 2805 2646 circumstantia
2832 2607 2845 2657 ;
2881 2595 2940 2644 et
2970 2589 3202 2644 duabus
3233 2588 3344 2644 alis
3374 2587 3588 2642 faciem
3622 2592 3701 2640 te-

2039 2679 2258 2750 gentia,
2294 2678 2644 2750 duabusque
2676 2679 2875 2750 pedes,
2909 2695 2976 2734 ac
3025 2678 3256 2734 duabus
3305 2677 3584 2744 volantia,
3643 2681 3700 2731 et

2041 2768 2340 2824 dicentia:
2392 2770 2646 2838 Sanctus,
2700 2776 2937 2840 sanctus,
2997 2777 3213 2825 sanctus
3272 2766 3534 2823 Dominus
3588 2767 3696 2822 Sa-

2043 2859 2209 2914 baoth
2238 2859 2304 2913 ³³.
2339 2861 2662 2931 Propterea
2692 2860 2853 2915 enim
2882 2859 3159 2915 traditam
3190 2857 3362 2913 nobis
3403 2857 3475 2912 ab
3526 2857 3697 2912 Sera-

2041 2950 2241 3022 phinis
2273 2949 2427 3006 hanc
2461 2950 2821 3024 theologiam
2864 2951 2994 3022 [seu
3051 2949 3155 3005 Dei
3206 2947 3694 3018 celebrationem]

2039 3040 2388 3105 recitamus,
2421 3044 2487 3094 ut
2517 3040 2820 3096 communi
2853 3039 3098 3096 laudum
3130 3039 3536 3094 modulatione
3558 3054 3693 3093 cum

2042 3129 2456 3201 superioribus
2488 3130 2711 3185 mundo
2744 3130 3103 3186 exercitibus
3135 3129 3592 3202 conjungamur.

2118 3222 2236 3277 VII.
2271 3220 2518 3290 Deinde,
2551 3227 2869 3295 postquam
2900 3223 3301 3294 nosmetipsos
3331 3239 3439 3293 per
3460 3222 3567 3276 has
3591 3221 3706 3293 spi-

2043 3311 2292 3367 rituales
2324 3311 2533 3368 laudes
2556 3313 3080 3381 sanctiﬁcavimus,
3099 3312 3146 3347 3‘
3170 3315 3357 3367 Deum
3378 3311 3702 3384 benignum

2043 3417 2356 3457 exoramus
2377 3406 2442 3456 ut
2465 3402 2694 3458 emittat
2717 3409 2992 3459 sanctum
3008 3402 3293 3474 Spiritum
3309 3419 3487 3473 super
3500 3401 3702 3474 [dona]

2385 3581 2427 3618 ³¹
2457 3581 2659 3638 Ezech.
2717 3600 2772 3650 x,
2828 3586 2875 3652 1,
2914 3586 3002 3638 21.
3109 3581 3158 3617 32
3205 3581 3360 3637 Psal.
3411 3598 3608 3650 xxxm,
3641 3583 3694 3635 4.

267 3652 316 3686 ³³
349 3655 460 3708 lsa.
494 3669 572 3721 γι,
606 3655 660 3721 2,
693 3651 748 3707 3.
826 3649 875 3684 3‘
918 3653 977 3706 V.
1010 3655 1116 3721 inf.
1143 3669 1202 3708 η.
1240 3655 1343 3720 19;
1377 3659 1485 3708 cat.
1525 3655 1609 3720 19,
1642 3670 1699 3709 η.
1734 3658 1802 3721 7;
1835 3661 1922 3708 cat

2092 3671 2151 3710 η.
2194 3657 2245 3707 5.

350 3806 423 3876 (1)
450 3804 640 3874 Ἡμᾶς.
675 3805 785 3859 Pro
824 3803 986 3876 ὑμᾶς,
1021 3821 1201 3860 sensu
1231 3806 1524 3878 exigente,
1575 3805 1656 3861 ita
1697 3806 1950 3878 scripsi-_

270 3895 405 3932 mus
436 3895 502 3932 ex
536 3879 654 3932 Roe
687 3882 746 3931 et
774 3880 899 3932 Cas.

344 3954 425 4020 (2)
479 3948 974 4021 Iloltunpoatbnwv.
1032 3951 1115 4005 Ex
1163 3950 1296 4005 iisd.
1359 3950 1529 4021 codd.
1583 3951 1666 4005 ita
1725 3950 1934 4021 scripsi

271 4019 405 4095 loco
437 4020 500 4074 τὸ
531 4019 849 4095 πρόσωπον,
883 4029 942 4076 et
971 4023 1125 4077 erasi
1155 4039 1357 4078 vocem
1382 4020 1768 4095 καλυπτόντων
1802 4019 1939 4094 post

266 4090 688 4168 Sovénsrmale
721 4095 998 4166 positam.
1061 4095 1234 4168 Grod.
1293 4096 1454 4168 legit,
1512 4094 1575 4148 τὸ
1635 4090 1930 4168 πρόσωπον

264 4163 689 4232 καλυπτόντων,
720 4163 919 4236 faciem
951 4163 1542 4238 operientiuquuod
1582 4163 1716 4223 cum
1762 4184 1932 4222 sera-

266 4238 472 4312 ph‘inis
501 4238 810 4312 proprium
837 4240 934 4308 sit,
959 4240 1166 4312 eisque
1195 4240 1348 4295 infra
1371 4240 1666 4295 tribuatur
1690 4258 1702 4308 ;
1727 4256 1930 4295 vocem

265 4308 750 4384 πολυπροσώπων,
786 4327 918 4384 quae
947 4308 1294 4367 cherubinis
1327 4313 1634 4384 proprium
1697 4313 1930 4384 insigne

270 4391 379 4450 est,
413 4383 639 4438 eisdem
673 4383 942 4454 ascripsi.
977 4386 1330 4455 Quanquam
1371 4383 1552 4439 etiam
1573 4386 1774 4454 faciem
1805 4383 1930 4454 Ope-

263 4461 378 4512 ri—re
407 4455 480 4512 de
531 4455 878 4510 cherubinis
930 4456 1164 4511 dicatur
1212 4457 1531 4511 Ezechielis
1580 4473 1709 4527 cap.
1762 4473 1802 4525 ι,
1873 4458 1924 4525 3,

267 4530 369 4585 sed
402 4529 464 4582 in
523 4527 927 4582 Alexandrino
987 4527 1192 4582 codice
1247 4533 1501 4584 tantum.
1562 4529 1630 4582 In
1689 4527 1927 4599 liturgia

267 4601 457 4657 sancti
487 4599 686 4656 Jacobi
719 4600 794 4655 ad
826 4600 982 4655 hunc
1014 4599 1233 4668 locum,
1287 4600 1596 4656 cherubim
1644 4606 1927 4654 vocantur

2050 3809 2211 3869 Deus,
2242 3812 2461 3860 sanctus
2490 3808 2673 3874 fortis,
2709 3810 2819 3860 etc.
2871 3805 3028 3877 quod
3079 3806 3244 3860 Joan.
3296 3807 3698 3861 Damasccnus

2049 3880 2221 3959 epist.
2255 3880 2330 3931 De
2362 3879 2588 3959 tﬁsagio
2620 3894 2783 3959 num.
2819 3881 2922 3959 26,_
2950 3895 3080 3959 pag.
3135 3881 3273 3959 495,
3303 3883 3703 3959 _i-epraisent.at

2046 3949 2234 4006 multo
2266 3950 2497 4004 auctius
2529 3966 2707 4019 quam
2741 3950 2802 4004 in
2832 3949 3055 4022 vulgari
3089 3950 3274 4004 sancti
3293 3950 3492 4004 Jacobi
3525 3949 3701 4003 litur-

2043 4024 2138 4094 gia
2167 4022 2400 4093 legitur.
2435 4022 2724 4086 Secundo,
2760 4022 2978 4076 dicitur
3007 4023 3067 4076 in
3101 4022 3212 4076 isto
3246 4022 3374 4076 loco
3399 4027 3534 4093 post
3554 4040 3698 4092 pra:-

2043 4093 2350 4158 f‘ationem,
2386 4094 2785 4163 subsequente
2841 4093 3168 4149 sacerdotis
3226 4095 3514 4158 oratione,
3564 4111 3695 4165 quae

2045 4167 2306 4239 singulas
2321 4167 2480 4221 vocis
2503 4168 2735 4239 Sanctus
2759 4167 3200 4222 enuntiationes
3215 4166 3464 4238 singulis
3479 4172 3695 4220 sanctae

2041 4238 2345 4294 Trinitatis
2367 4238 2639 4310 personis
2668 4239 2970 4294 attribuit:
3006 4256 3137 4309 qua)
3170 4240 3357 4294 oratio
3398 4239 3526 4310 jam
3559 4255 3696 4294 san-

2041 4312 2119 4367 cti
2139 4311 2487 4366 Damasceni
2509 4311 2878 4381 temporibus
2892 4310 3101 4366 eodem
3125 4311 3300 4366 modo
3317 4311 3698 4378 recitabatur,

2041 4401 2113 4439 ex
2136 4383 2345 4438 eodem
2376 4399 2542 4437 num.
2577 4385 2665 4448 27,
2699 4381 2828 4438 loco
2861 4383 3060 4439 citato.
3097 4385 3178 4437 Ea
3207 4383 3254 4438 si
3279 4384 3407 4454 jam
3442 4382 3551 4438 sub
3589 4385 3700 4437 Cx-

2038 4456 2173 4510 rillo
2208 4455 2456 4525 vigebat,
2491 4461 2912 4526 argumentum
2946 4461 3035 4511 est
3071 4455 3398 4510 divinitatis
3447 4456 3699 4526 Spiritus

2040 4529 2228 4584 sancti
2260 4524 2362 4598 qui
2395 4527 2457 4581 in
2489 4524 2755 4599 θέολογία
2780 4527 3417 4599 comprehandebatur.

2106 4601 2186 4672 (5)_
2211 4595 2413 4655 Εἶτα...
2442 4595 2888 4672 παρακαλοῦμεν.
2916 4595 3285 4672 -Ηξὼειὶᾶίιῃν
3305 4601 3387 4672 in
3439 4599 3695 4672 impres-

266 4677 385 4763 ζτυέ
398 4669 898 4763 ι-ιτξιιπολυόμμοιτα,
929 4673 1120 4763 multis
1150 4673 1321 4763 ocylis
1341 4673 1584 4743 prmdita
1632 4672 1918 4763 ᾳηίτηίξίξᾳ.

2090 4667 2991 4763 s‘,"{va‘e‘tﬁmeaial<}in§v,quos
3039 4689 3114 4763 ei
3154 4671 3338 4753 ocodd.
3392 4667 3544 4763 Hoc,
3585 4671 3693 4725 Ca-

205 4798 209 4801 _
334 4747 412 4816 (3)
447 4742 885 4816 Μνημονεύομεν
918 4742 1031 4810 καί,
1066 4750 1178 4799 etc.
1212 4742 1601 4800 Intersertum
1633 4744 1695 4797 in
1745 4743 1921 4798 editis

334 4764 412 4816 ω)
449 4764 782 4815 Μνημονευο
835 4764 885 4796 εν
918 4764 1031 4810 και,
1066 4764 1178 4799 CIC.
1212 4764 1601 4800 mtersertum
1633 4764 1695 4797 ιιι
1745 4764 1918 4798 cuius

269 4824 392 4873 erat
420 4820 510 4869 νῦν
545 4821 682 4872 ante
712 4764 830 4886 xui:
859 4817 1017 4887 quod
1067 4817 1153 4870 uti
1212 4816 1578 4884 redundans,
1627 4832 1698 4870 ex
1745 4816 1918 4872 codd.

267 4889 456 4946 Ottob.
490 4892 632 4955 Roe,
663 4888 912 4945 Casaub.
947 4893 1006 4943 et
1035 4888 1318 4944 Grodecio
1370 4889 1716 4944 delevimus.
1771 4889 1917 4942 Loco

268 4965 444 5018 etiam
474 4963 632 5018 vocis
663 4955 1232 5035 χερουῦίμλΐθρ-Οειιὶ
1255 4960 1445 5016 solam
1469 4978 1600 5035 quae
1618 4959 1756 5035 huic
1788 4959 1917 5015 loco

267 5035 541 5090 convenit
571 5032 828 5108 σεραφῖμ,
861 5049 930 5087 ex
955 5032 1148 5108 Ottob.
1203 5035 1444 5108 etARoe.
1497 5032 1805 5108 Seraphim
1857 5049 1917 5087 se

265 5109 361 5235 hic
393 5103 896 5190 commemorasse
921 5105 1238 5161 confirmat
1265 5105 1520 5177 Cyrillus
1549 5103 1755 5177 paucis
1784 5109 1921 5176 post

292 5197 464 5235 meis.

292 5197 464 5235 111818.

334 5253 413 5322 (4)
444 5247 762 5324 Θεολογίαν.
800 5252 940 5324 Roe,
981 5249 1274 5324 ‘Casaubq
1299 5247 1652 5324 inoloyiav,
1706 5251 1919 5317 confes-

265 5321 488 5381 sionem.
521 5321 850 5392 Trisagium
890 5322 1136 5377 Deitatis
1170 5321 1467 5377 confessio
1502 5321 1628 5388 est;
1661 5337 1916 5392 cumque

265 5397 421 5469 apud
444 5403 674 5452 veteres
694 5392 974 5468 θεολογεῖν
1001 5395 1295 5467 significet
1315 5394 1604 5449 Deitatem
1617 5392 1796 5449 alicui
1824 5393 1921 5447 tri-

265 5470 467 5527 buere.
501 5469 759 5527 Trisagio
813 5467 1074 5527 perfecte
1132 5467 1411 5522 convenit
1465 5483 1573 5520 vox
1631 5461 1912 5527 θεοληψία·

309 5486 467 5536 uere,
501 5483 759 5539 'l'risaglo
813 5483 1074 5538 perteue
1132 5483 1411 5522 οοῐινεηιῐ,
1465 5483 1573 5520 νοχ
1631 5483 1912 5539 θεολοφια·

266 5485 467 5536 Duere,
501 5485 759 5540 irisagio
813 5485 1074 5538 perrecne
1132 5485 1411 5522 convenit
1465 5485 1573 5520 vox
1631 5485 1912 5539 θεοΛοφια·

266 5543 580 5613 eidemque
613 5557 647 5596 a
675 5547 890 5613 sancto
910 5540 1161 5594 Maximo
1193 5539 1494 5613 tribuitur,
1529 5539 1602 5613 De
1636 5543 1913 5613 mystago-

263 5617 376 5686 gia,
401 5609 538 5686 cap.
576 5615 640 5686 13
672 5618 731 5686 e_t
759 5614 847 5686 2|,
879 5612 1169 5686 hymnum
1190 5611 1352 5686 hunc
1373 5609 1734 5686 appellante,
1757 5609 1912 5686 ἁγια-

265 5632 376 5686 ρια,
412 5631 538 5686 cap.
576 5629 640 5667 13
672 5629 731 5667 et
760 5629 847 5676 2|,
879 5629 916 5666 [ι
962 5629 1169 5666 mnum
1193 5629 1352 5665 nunc
1373 5629 1734 5682 appellante,
1757 5629 1912 5684 αγια-

265 5685 452 5768 στικην
487 5683 798 5768 θεολογίαν,
828 5629 1152 5768 θεολογιιςῇν
1183 5680 1542 5768 {involo-via}
1577 5681 1912 5768 Inditurgia

265 5759 456 5816 sancti
485 5754 685 5814 Jacobi
714 5755 836 5829 bis,
858 5761 926 5810 ut
953 5754 1016 5812 in
1037 5756 1171 5829 aliis
1195 5754 1450 5829 liturgiis
1479 5754 1696 5829 Graecis
1716 5754 1912 5829 canta;

264 5837 362 5888 tur
383 5830 712 5904 trisagium.
745 5827 965 5904 Primo,
993 5833 1128 5903 post
1141 5825 1476 5904 ingressum
1494 5825 1822 5904 sacerdotis
1835 5827 1909 5882 ad

263 5904 452 5962 altare
481 5899 620 5962 alite
648 5899 969 5972 lectiones;
994 5899 1249 5975 tumque
1285 5901 1632 5969 cauebatur,
1675 5899 1911 5958 Sanctus

2034 4743 2200 4798 saub.
2237 4749 2295 4799 et
2315 4742 2488 4800 Grod.
2523 4743 2854 4799 emendavi.
2887 4743 3050 4798 Inter
3074 4743 3318 4815 Trisagii
3349 4742 3690 4815 cantionem

2034 4821 2093 4870 et
2111 4817 2545 4872 invocationem
2567 4816 2640 4871 ad
2653 4814 3394 4884 consecrationemmullas
3415 4814 3692 4868 recitatas

2026 4887 2210 4944 fuisse
2240 4906 2448 4960 preces
2477 4893 2772 4944 memorat
2799 4887 3071 4960 Cyrillus.
3107 4885 3691 4960 Facile__crediderim

2028 4978 2148 5014 non
2181 4957 2263 5016 ita
2289 4961 2496 5033 longas
2557 4959 2992 5033 intercessisse,
3045 4963 3221 5030 atque
3269 4958 3409 5033 illas
3451 4957 3690 5033 quaein

2031 5034 2218 5088 sancti
2249 5030 2449 5088 Jacobi
2480 5033 2720 5104 liturgia
2741 5031 3158 5104 continentur:
3183 5036 3244 5086 at
3259 5031 3326 5104 in
3350 5030 3422 5084 iis
3441 5030 3686 5104 omnino

2029 5111 2156 5160 erat
2169 5122 2350 5160 omna)
2369 5121 2551 5160 sacrae
2569 5102 3006 5176 ex'evangelicis
3038 5103 3234 5176 verbis
3257 5102 3524 5176 historia,
3553 5119 3685 5174 quae

2026 5177 2090 5231 in
2113 5176 2486 5249 liturgiarum
2509 5177 2674 5231 nulla
2695 5174 3184 5249 praetermittitur.
3209 5176 3350 5249 Eam
3383 5174 3532 5249 forte
3565 5175 3682 5246 Cy-

2027 5249 2200 5305 rillus
2231 5246 2624 5304 invocationis
2655 5246 2886 5320 partem
2915 5247 3109 5303 facere
3141 5246 3518 5303 existimavit.

2100 5324 2169 5391 (ὃ)
2192 5324 2447 5377 Facimus
2485 5319 2816 5377 mentibnem
2863 5321 2988 5375 caeli
3029 5326 3081 5374 et
3131 5325 3308 5376 terra.
3363 5321 3495 5374 Haec
3545 5319 3680 5374 Hie-

2026 5394 2468 5465 rosolymitanaa
2501 5391 3012 5465 praefationistsic
3045 5392 3205 5446 enim
3251 5409 3381 5447 eam
3414 5391 3684 5465 liturgiaa

2027 5409 2468 5465 rosotymitanze
2501 5409 2893 5464 praelationis,
2931 5409 3012 5445 51c
3045 5409 3205 5446 enim
3251 5409 3381 5447 eam
3434 5409 3574 5445 mur
3616 5409 3684 5446 ιω

2027 5471 2257 5537 partem
2290 5466 2478 5520 Latini
2511 5464 2814 5537 appellare
2837 5464 3116 5531 solemus,
3138 5409 3685 5537 compendiosagle-

2027 5535 2292 5610 scriptio,
2314 5537 2492 5609 plane
2523 5535 2736 5610 similis
2766 5536 2857 5610 illi
2883 5537 3114 5610 quasin
3146 5535 3336 5610 sancti
3375 5535 3678 5610 Jacobili-

2026 5607 2219 5682 turgia
2249 5607 2482 5682 legitur.
2519 5609 2630 5664 Sed
2661 5607 2848 5682 multo
2878 5608 2995 5663 ista
3023 5609 3345 5679 Cyrilliana
3393 5607 3681 5682 prolixior

2025 5699 2094 5738 ea
2125 5680 2216 5738 est
2247 5680 2378 5752 quas
2405 5681 2466 5736 in
2497 5680 2829 5753 Apostolﬁicis
2875 5682 3372 5753 constitutionibus,
3421 5680 3523 5734 lib.
3557 5696 3680 5750 vin,

2023 5769 2152 5826 cap.
2186 5757 2276 5821 45,
2312 5752 2810 5826 Ιιεώοιυιξ,ωυ1ια
2839 5753 3152 5826 continens
3183 5752 3345 5826 folia.
3387 5755 3682 5808 Praeterea

2020 5824 2275 5900 angelici
2307 5825 2550 5884 ordines
2579 5825 2662 5884 ibi
2693 5824 2870 5884 aliter
2899 5829 3076 5898 atque
3109 5825 3285 5883 isthic
3315 5839 3680 5883 commemo-

2015 5903 2248 5957 rantur.
