1966 3175
152 172 230 203 1115

683 173 715 203 S.
739 170 896 203 CYRlLLI
918 169 1125 200 HIEROSOL.
1148 171 1332 203 ARCHIEP.

1787 177 1864 207 1116

150 239 306 275 proposita
315 239 354 275 (1)
368 248 374 274 ;
386 242 418 267 ut
428 239 516 268 faciat
526 247 633 275 panem
644 239 764 274 quidem
776 245 883 274 corpus
894 237 978 265 Chri-

1069 236 1210 274 ιοκείμενα·
1227 238 1275 266 ἳνα
1288 240 1392 277 ποιήσῃ
1421 240 1468 267 τὸν
1498 240 1546 276 μὶν
1575 241 1655 279 ἄρτον
1688 242 1770 277 σῶμα
1798 242 1865 279 Χρι-

150 283 199 317 sti,
216 284 317 312 vinum
333 293 400 312 vero
418 285 594 320 sanguinem
610 284 717 311 Christi
733 293 738 311 :
755 284 879 311 omnino
900 283 981 310 enim

152 329 353 365 quodcunque
369 330 498 365 attigerit
514 329 638 365 Spiritus
655 332 786 364 sanctus,
803 329 833 356 id
849 329 980 356 sanctifi-

152 377 252 402 catum
270 378 299 402 et
315 378 547 402 transmutatum
563 378 608 403 est

186 420 258 447 VIII.
271 421 431 456 Postquam
444 429 510 448 vero
521 420 686 456 perfectum
699 423 744 448 est
764 420 917 456 spirituale
931 427 980 447 sa-

149 464 307 499 criﬁcium,
323 466 498 493 incruentus
510 466 619 499 cultus,
633 474 723 501 super
737 465 819 493 illam
836 465 979 501 propitia-

150 509 238 537 tionis
254 510 382 538 hostiam
409 511 601 538 obsecramus
633 513 725 538 Deum
749 519 802 546 pro
826 510 979 537 communi

150 554 350 582 Ecclesiarum
365 563 437 591 pace
452 564 458 589 ;
476 564 529 591 pro
541 558 622 583 recta
633 555 737 583 mundi
748 555 978 591 compositione;

148 607 201 634 pro
218 599 469 635 imperatoribus;
487 609 540 636 pro
557 600 714 633 militibus,
728 599 805 628 828
820 602 849 626 et
864 599 953 627 sociis
971 608 978 633 ;

148 653 201 680 pro
218 645 254 672 iis
270 646 321 680 qui
351 646 579 674 infirmitatibus
609 645 763 678 laborant;
787 654 840 681 pro
865 645 912 672 his
928 645 979 680 qui

148 689 362 718 afflictionibus
377 693 556 726 premuntur
573 699 579 718 :
597 693 626 718 et
640 690 802 718 universim
817 698 870 725 pro
882 689 978 717 omni-

148 733 204 762 bus
216 735 266 770 qui
283 736 348 771 opis
363 735 500 772 indigent
508 743 667 771 precamur
677 743 730 763 nos
738 743 854 769 omnes,
866 735 978 763 ethanc

148 779 300 807 victimam
315 780 480 808 offerimus.

185 824 231 851 1x.
250 826 356 852 Postea
366 825 559 853 recordamur
565 833 668 853 eorum
681 833 799 861 quoque
810 825 862 860 qui
873 824 978 852 obdor-

150 869 282 896 mierunt
296 878 302 896 :
318 870 448 905 primum
478 870 726 906 patriarcharum,
752 870 976 906 prophetarum,

1034 285 1110 315 στοῦ,
1127 283 1172 310 τὸν
1194 282 1223 310 δὲ
1252 285 1326 312 οἶνον
1354 286 1423 321 αἷμα
1451 285 1580 322 Χριστοῦ.
1613 286 1725 317 Πάντως
1751 287 1804 323 γὰρ
1834 287 1862 314 οὗ

1032 325 1077 354 ἐὰν
1095 327 1226 365 ἐφάψαιτο
1254 329 1285 356 τὸ
1310 329 1384 367 ἅγιον
1408 331 1530 366 Πνεῦμα,
1558 331 1640 357 τοῦτο
1664 330 1796 368 ἡγίασται
1820 331 1862 358 καὶ

1035 369 1249 408 μεταϐέϐληται.

1069 417 1109 445 Η“.
1126 418 1200 451 Εἶτα,
1219 419 1286 454 μετὰ
1314 420 1344 446 τὸ
1373 420 1569 457 ἀπαρτισθῆναι
1597 420 1649 454 τὴν
1675 421 1860 457 πνευματικὴν

1034 461 1138 495 θυσίαν,
1167 463 1216 497 τήν
1242 463 1408 500 ἀναίμακτον
1440 464 1576 502 λατρείαν,
1606 464 1651 492 ἐπὶ
1679 469 1730 500 τῆς
1770 465 1864 497 θυσίας

1032 506 1138 542 ἐκείνης
1152 510 1201 535 τοῦ
1216 507 1336 545 ἱλασμοῦ
1364 509 1576 547 παρακαλοῦμεν
1603 511 1650 537 τὸν
1681 510 1761 546 Οεὸν,
1794 511 1863 549 ὑπὲρ

1031 555 1125 586 κοινῆς
1145 554 1199 579 τῶν
1220 552 1392 588 Έκκλησιῶν
1411 553 1534 591 εῗρήνης·
1562 554 1627 592 ὑπὲρ
1653 558 1703 589 τῆς
1731 557 1780 582 τοῦ
1813 555 1865 582 κό-

1032 605 1102 631 σμου
1131 595 1300 628 εὐσταθείας·
1329 597 1396 634 ὑπὲρ
1441 596 1587 635 βασιλέων·
1628 598 1693 636 ὑπὶρ
1727 609 1866 637 στρατιω-

1030 642 1084 667 τῶν
1116 641 1153 677 (3)
1180 640 1225 668 καὶ
1254 642 1420 679 συμμάχων·
1453 642 1518 680 ὑπὲρ
1547 645 1600 670 τῶν
1637 642 1663 670 ἐν
1700 643 1864 676 ἀσθενείαις·

1031 684 1098 722 ὑπὲρ
1127 688 1180 713 τῶν
1208 686 1465 723 καταπονουμένων·
1495 688 1541 715 καὶ
1583 688 1761 725 ἁπαξαπλῶς,
1793 689 1866 726 ὑπὲρ

1030 729 1138 757 πάντων
1171 731 1299 768 βοηθείας
1324 730 1461 768 δεομένων
1491 731 1609 768 ’δεόμεθα
1636 731 1732 764 πάντες
1760 735 1861 770 ἡμεῖς,

1030 775 1076 802 καὶ
1090 775 1190 810 natm
1207 776 1400 814 προσφέρομεν
1416 778 1466 812 τήν
1484 777 1589 806 θυσίαν.

1067 820 1181 849 Θ’.Εἷτα
1206 822 1245 858 (4)
1276 822 1487 859 μνημονεύομεν
1515 823 1561 850 καὶ
1588 825 1642 851 τῶν
1670 835 1868 863 προκεκοιμη-

1032 864 1132 901 μένων,
1148 868 1258 903 πρῶτον
1274 869 1466 904 πατριαρχῶν,
1497 871 1659 906 προφητῶν,
1685 868 1868 905 ἀποστόλων,

149 914 363 949 apostolorum,
380 917 555 951 martyrum,
571 917 605 942 ut
620 916 697 942 Deus
713 923 816 942 eorum
837 914 976 951 precibus

1071 910 1186 947 ρτύρων·
1217 910 1291 942 ὅπως
1323 912 1337 939 ὁ
1367 912 1432 943 Θεὸς
1471 915 1531 944 ταῖς
1569 912 1664 951 εὐχαῖς
1693 914 1778 942 αὐτῶν
1820 915 1871 942 καὶ

150 961 179 986 et
207 958 407 994 legationibus
443 960 610 987 orationem
648 962 783 987 nostram
823 959 974 995 suscipiat.

148 1003 261 1031 Deinde
278 1006 306 1031 et
316 1012 369 1040 pro
386 1003 534 1032 defunctis
549 1004 660 1032 sanctis
671 1004 805 1040 patribus
819 1006 849 1031 et
864 1004 979 1039 episco—

147 1048 204 1083 pis,
221 1051 251 1075 et
266 1049 406 1077 omnibus
421 1049 586 1085 generatim
599 1049 649 1085 qui
661 1049 739 1077 inter
750 1057 805 1077 nos
814 1049 873 1076 vita
883 1049 978 1077 functi

148 1096 218 1120 sunt
233 1093 375 1130 [oramus]
390 1102 397 1127 ;
414 1095 578 1122 maximum
587 1094 643 1121 hoc
657 1094 812 1122 credentes
823 1093 979 1130 adjumen-

148 1140 211 1165 tum
223 1138 267 1165 illi
279 1138 436 1166 animabus
450 1139 524 1173 fore,
536 1148 589 1175 pro
602 1139 710 1174 quibus
726 1139 820 1167 oratio
836 1139 978 1174 defertur,

149 1182 220 1211 dum
237 1186 340 1212 sancta
355 1186 384 1211 et
399 1192 545 1220 perquam
562 1184 718 1212 tremenda
728 1192 829 1212 coram
840 1185 922 1220 jacet
937 1184 979 1211 vi-

151 1228 252 1262 ctima,

185 1273 215 1300 X.
229 1274 321 1309 Hujus
330 1274 372 1301 rei
386 1274 475 1302 ﬁdem
486 1274 568 1302 vobis
580 1274 616 1302 ab
629 1274 765 1311 exemplo
775 1274 872 1302 facere
891 1274 957 1302 volo
969 1284 977 1308 ;

148 1317 216 1345 novi
232 1318 312 1346 enim
327 1318 438 1347 multos
454 1319 494 1346 ita
509 1319 608 1347 dicere
624 1320 661 1355 t2)
675 1328 680 1346 :
707 1319 783 1352 Quid
806 1319 890 1355 juvat
914 1319 979 1347 ani-

185 1390 316 1425 (1)Deum
333 1391 480 1426 benignum
492 1400 648 1425 (az-oramus,
667 1394 722 1418 etc.
740 1392 806 1418 Haec
823 1394 867 1419 est
883 1392 980 1418 nomi-

151 1426 308 1455 natissima
324 1427 403 1463 apud
416 1428 531 1455 Grmcos
561 1428 717 1461 invocatio,
740 1435 829 1462 quam
854 1427 980 1463 Cyrillus

151 1463 240 1490 modo
265 1463 414 1491 adoranda
446 1464 600 1496 Trinitatis,
627 1466 683 1491 cat.
713 1465 756 1495 19,
778 1471 808 1491 n.
835 1464 862 1495 7,
891 1464 979 1491 modo

150 1499 271 1535 Spiritus
285 1500 384 1532 sancti,
402 1501 458 1526 cat.
476 1500 520 1532 21,
550 1507 631 1526 num.
651 1501 677 1532 3,
695 1499 913 1527 invocationem
928 1508 981 1535 ap-

150 1534 256 1571 pellat:
275 1543 364 1570 quam
380 1534 422 1562 ita
438 1535 579 1570 exprimit
603 1536 698 1563 sancti
724 1535 823 1562 Jacobi
849 1534 978 1571 liturgia'

150 1570 315 1607 «Miserere
327 1571 431 1604 nostri,
444 1570 566 1597 Domine
577 1571 663 1605 Deus,
674 1572 761 1598 Pater
772 1570 978 1607 omnipotens:

149 1616 163 1631 ‹‹
172 1606 313 1648 miserere
324 1606 978 1648 nostri,Deus,Servatorn.oster:miserereno-
992 1613 1014 1648 ρ

151 1651 165 1666 ι‹
172 1642 641 1678 stri,Deus,secundummagnam
648 1643 885 1671 misericordiam
894 1646 974 1671 tuam

149 1688 163 1701 «
176 1680 206 1715 et
215 1677 320 1715 emitte
336 1687 426 1714 super
436 1686 501 1712 uos,
513 1681 542 1715 et
551 1677 640 1714 super
649 1680 711 1706 haec
725 1680 876 1715 proposita
887 1679 974 1713 dona,

150 1713 314 1751 «Spiritum
331 1713 414 1741 tuum
429 1713 686 1751 sanctissimum...
704 1713 737 1742 ut
751 1713 974 1751 superveniens,

150 1759 165 1774 «
176 1753 287 1787 sancta,
299 1750 387 1784 bona,
400 1753 429 1778 et
438 1750 566 1787 gloriosa
576 1751 621 1779 sui
633 1750 974 1786 praesentiasanctiflcet,

152 1797 163 1810 ι
181 1789 210 1823 et
224 1786 313 1813 faciat
328 1787 407 1814 hunc
433 1786 554 1822 quidem
578 1796 684 1823 panem
709 1796 815 1823 corpus
838 1790 974 1815 sanctum

149 1822 285 1850 «Christi
303 1822 342 1849 tui
360 1822 601 1858 (Resp.populus’:
618 1824 742 1858 Amen);
757 1826 784 1851 et
805 1824 883 1851 hunc
904 1824 974 1851 cali-

146 1869 160 1883 «
169 1859 420 1896 cem,rpretiosium
429 1860 603 1896 sanguinem
611 1860 719 1887 Christi
730 1859 771 1886 tui
783 1871 792 1884 ι
800 1879 806 1886 .
815 1860 972 1896 (Populus:

146 1895 257 1929 Amen.)
267 1894 352 1922 Vides
363 1895 411 1922 hic
421 1904 480 1922 non
487 1894 584 1923 solius
596 1896 722 1930 Spiritus
734 1895 840 1927 sancti,
853 1894 974 1931 quimit~

145 1930 252 1958 tendus
262 1933 322 1964 est;
340 1931 391 1958 sed
407 1934 436 1958 et
452 1932 558 1962 Patris.
577 1935 606 1959 et
621 1931 685 1958 Filii
698 1931 856 1958 Salvatoris
865 1930 972 1964 nostri,

145 1975 163 1994 a
178 1966 286 2002 quibus
301 1970 423 2003 rogatur
438 1968 502 2002 ejus
521 1968 634 2001 missio,
651 1967 869 1995 invocationem
881 1968 975 1995 conti-

145 2003 220 2029 neri.
239 2003 305 2030 Hasc
316 2011 403 2037 porro
417 2003 548 2038 precatio
557 2003 726 2031 communis
734 2006 779 2030 est
790 2003 973 2030 etsacerdoti

147 2038 197 2074 qui
215 2046 279 2066 eam
294 2038 403 2072 fundit,
420 2041 449 2066 et
464 2039 573 2074 populo
589 2040 673 2074 cujus
689 2039 811 2066 nomine
827 2038 972 2074 funditur,

148 2074 198 2109 qui
210 2077 240 2101 et
255 2082 319 2101 eam
336 2074 444 2109 occipit
459 2083 511 2110 per
523 2075 612 2102 verba
629 2083 634 2102 :
651 2076 778 2102 Miserere
793 2074 892 2109 nostri,
917 2076 969 2102 Do-

147 2109 222 2137 mine
237 2110 317 2143 Deus,
336 2110 419 2137 Pater
428 2109 609 2145 mimipotens,
620 2113 649 2138 et
658 2118 724 2138 eam
733 2110 901 2141 conﬁrmat.
911 2119 972 2138 res-

146 2145 441 2181 pondendo:Amen.
472 2147 544 2173 Huic
570 2147 622 2174 uni
652 2146 827 2181 precationi,
855 2147 974 2174 omissis

146 2181 323 2218 evangelicis
337 2181 445 2215 verbis,
461 2182 588 2217 Cyrillus
614 2185 674 2210 tam
702 2183 758 2210 hoc
784 2182 859 2215 loco,
883 2191 972 2218 quam

145 2225 229 2244 num.
250 2217 290 2250 l9,
308 2220 337 2244 et
351 2217 449 2244 citatis
465 2219 578 2245 catech.
596 2220 628 2245 19
639 2219 708 2245 et2l
723 2218 808 2252 locis,
820 2217 974 2246 consecra—

145 2253 260 2280 tionem
272 2253 401 2280 tribuere
415 2253 539 2281 videtur.
552 2254 592 2281 De
604 2262 662 2289 qua
672 2254 736 2289 ejus
747 2255 897 2282 sententia
907 2255 973 2282 fuse

1033 953 1187 993 πρεσϐείαις
1215 954 1396 993 προσδέξηται
1420 958 1501 993 ἡμῶν
1525 958 1574 992 τὴν
1600 956 1701 994 δέησιν.
1730 958 1800 987 Εἶτα.
1828 962 1870 996 (5)

1032 1000 1078 1027 καὶ
1103 1000 1168 1038 ὑπὲρ
1198 1003 1252 1028 τῶν
1287 1003 1554 1038 προκιχοιμημὲνων
1597 1002 1681 1041 ἁγίων
1722 1004 1872 1042 Ηατὲρων,

1033 1045 1077 1072 καὶ
1094 1044 1261 1081 ἐπισκόπων,
1278 1046 1323 1074 καὶ
1337 1047 1445 1074 πάντων
1460 1046 1557 1079 ἁπλῶς
1572 1049 1626 1075 τῶν
1650 1047 1675 1075 ἐν
1701 1049 1767 1085 ἡμῖν
1792 1059 1871 1085 προ-

1034 1090 1256 1127 κεχοὲμημένων·
1280 1091 1408 1130 μεγίστην
1436 1092 1530 1127 ὃνησιν
1558 1092 1730 1125 πιστεύοντες
1756 1092 1871 1121 ἔσεσθαι

1033 1137 1093 1166 ταῖς
1107 1136 1221 1172 ψυχαῖς,
1239 1135 1304 1173 ὑπὲρ
1321 1137 1357 1164 ὧν
1374 1137 1390 1171 ἡ
1409 1135 1500 1172 δέησις
1517 1137 1687 1177 ὰναφέρεται,
1704 1142 1752 1174 τῆς
1780 1139 1868 1176 ἁγίας

1033 1180 1079 1208 καὶ
1094 1179 1314 1219 φρικωδεστάτης
1329 1182 1513 1220 προκειμένης
1528 1183 1633 1214 Θυσίας.

1073 1271 1098 1299 l'.
1116 1271 1169 1299 Καὶ
1187 1270 1326 1310 βούλομαι
1349 1272 1418 1308 ὑμᾶς
1448 1272 1501 1300 ἀπὸ
1533 1266 1732 1310 ὑποδείγματος
1756 1276 1868 1304 πεῖσαι.

1036 1314 1103 1343 Οἶδα
1126 1316 1176 1353 γὰρ
1205 1316 1330 1348 πολλοὺς
1358 1319 1440 1345 τοῦτο
1469 1317 1609 1356 λέγοντας·
1648 1318 1678 1346 Τί
1715 1318 1870 1358 ὠφελεῖται

1035 1392 1242 1428 imperatorum.
1257 1389 1370 1428 Idcirco
1386 1390 1427 1428 ita
1446 1390 1630 1428 reddidimus
1656 1399 1755 1419 vocem
1783 1391 1868 1428 βασι-

1036 1425 1116 1453 λέων.
1134 1426 1340 1463 Constantium
1357 1429 1385 1453 et
1399 1426 1590 1463 constantem
1600 1427 1755 1463 signiﬁcat.
1769 1425 1866 1457 Paulo

1035 1465 1112 1498 post,
1128 1462 1222 1490 codic.
1239 1463 1308 1494 Roe,
1326 1462 1450 1490 Casaub.
1468 1466 1497 1489 et
1512 1462 1646 1498 Grodecii
1674 1464 1867 1498 auctoritate,

1036 1497 1143 1534 sustuli
1159 1506 1325 1534 pronomen
1351 1507 1399 1524 σου
1429 1502 1495 1534 post
1523 1497 1649 1534 δεόμεθα,
1676 1503 1705 1527 et
1729 1509 1772 1526 σοι
1796 1497 1868 1534 post

1036 1508 1143 1526 ευδῑυιι
1159 1508 1325 1534 pronomen
1351 1508 1399 1524 σου
1429 1508 1495 1534 ροςι
1523 1508 1649 1534 οεομεθα,
1676 1508 1705 1527 et
1729 1509 1772 1526 σοι
1818 1508 1868 1528 οδι

1035 1533 1237 1571 προσφέρομεν,
1253 1534 1286 1571 in
1301 1533 1388 1561 editis
1398 1534 1476 1562 male
1487 1534 1717 1570 inserta,sicque
1729 1508 1870 1564 redditur

1036 1570 1204 1608 Cyril’lianae
1214 1570 1342 1598 orationi
1356 1578 1409 1597 sua
1428 1571 1480 1598 lux
1495 1573 1524 1608 et
1539 1572 1760 1607 consequentia,
1770 1581 1867 1608 quum

1034 1609 1103 1634 ante
1112 1607 1235 1634 confusa
1244 1609 1336 1639 esset;
1348 1614 1406 1641 qua
1417 1615 1452 1633 ex
1459 1607 1628 1634 turbatione
1635 1608 1753 1635 Rivetus
1763 1607 1866 1636 lacum

1032 1643 1111 1670 bunc
1122 1642 1279 1670 cavillandi
1290 1650 1394 1669 ansam
1408 1643 1555 1670 sumebat.
1573 1643 1659 1670 Citati
1672 1646 1772 1671 tamen
1784 1645 1868 1672 codi-

1032 1687 1080 1706 ces
1094 1688 1147 1714 pro
1160 1677 1204 1705 καὶ
1232 1678 1433 1714 προσφέρομεν,
1463 1687 1556 1706 unum
1586 1679 1707 1706 verbum
1737 1680 1862 1713 habenL

1031 1715 1241 1751 προσφὲροντες,
1258 1715 1298 1741 Ea
1311 1722 1400 1751 porro
1417 1714 1520 1751 oratio,
1538 1723 1627 1750 quam
1651 1715 1699 1743 hic
1725 1720 1862 1744 recenset

1031 1750 1169 1786 Cyrillus,
1186 1750 1291 1787 eodem
1306 1750 1367 1777 fere
1382 1750 1470 1787 modo
1484 1754 1572 1787 atque
1584 1751 1689 1778 ordine
1698 1754 1762 1787 post
1773 1752 1857 1779 invo~

1030 1787 1177 1816 cationem
1193 1786 1319 1822 Spiritus
1335 1786 1428 1823 sancti
1444 1786 1570 1823 habetur
1585 1787 1616 1814 in
1627 1787 1742 1815 Constit.
1752 1791 1852 1823 apem,

1030 1823 1081 1851 lib.
1091 1832 1147 1854 vui.
1164 1824 1279 1854 c.12.et
1293 1822 1324 1848 in
1339 1822 1474 1849 Jacobaea
1488 1822 1622 1858 liturgia;
1636 1823 1689 1850 sed
1700 1822 1781 1850 verba
1795 1824 1854 1858 Cy-

1030 1859 1090 1887 rilli
1106 1859 1199 1895 magis
1216 1857 1397 1895 conveniunt
1412 1866 1480 1885 cum
1494 1857 1728 1886 Constitutionum
1749 1857 1857 1887 verbis.

1067 1896 1101 1930 (4)
1120 1894 1194 1928 Εἶτα,
1211 1896 1267 1921 etc.
1296 1894 1363 1930 Haac
1379 1896 1407 1921 et
1423 1895 1579 1930 sequentia
1591 1895 1724 1922 numeris
1738 1897 1753 1922 9
1769 1898 1799 1922 et
1819 1898 1859 1928 30,

1029 1934 1170 1959 contenta
1180 1931 1311 1958 citantur
1321 1929 1375 1957 sub
1388 1929 1488 1965 Cyrilli
1502 1931 1597 1958 nostri
1608 1931 1742 1963 nomine.
1754 1931 1792 1958 ab
1805 1932 1860 1959 Eu-

1030 1967 1133 1995 stratio
1147 1967 1179 1994 in
1195 1966 1271 1993 libro
1285 1974 1374 2001 quem
1391 1966 1427 1993 de
1441 1966 1575 1994 oratione
1592 1975 1644 2002 pro
1659 1967 1788 1994 mortuis
1806 1967 1856 1995 sub

1029 2003 1172 2039 Eutychio
1183 2002 1417 2039 patriarcha‘CP.
1431 2003 1649 2039 postsaaculum
1662 2005 1781 2030 sextum
1792 2012 1859 2031 me-

1030 2037 1112 2067 dium
1126 2037 1254 2074 scripsit.
1271 2037 1324 2070 Qui
1340 2037 1416 2065 liber
1426 2038 1462 2065 ab
1478 2038 1586 2066 Allatio
1599 2042 1643 2066 est
1653 2039 1752 2066 editus
1764 2040 1796 2066 in
1810 2047 1860 2067 suo

1029 2083 1118 2116 opere
1134 2076 1171 2102 De
1182 2074 1364 2116 Purgatorio.
1382 2074 1512 2116 Habetur
1521 2077 1623 2116 autem
1633 2075 1858 2116 Cv‘rillianiloci

1029 2110 1129 2139 citatio
1145 2110 1200 2138 sub
1216 2110 1307 2146 finem
1323 2110 1466 2146 num.r28,
1483 2119 1549 2146 pag.
1574 2111 1636 2138 569.
1663 2112 1766 2143 Porro,
1793 2111 1857 2139 loco

1029 2146 1085 2174 εἶτα
1102 2144 1322 2181 μνημονεύομεν,
1340 2145 1419 2180 quod
1439 2144 1570 2179 ex'Roe,
1595 2146 1717 2174 Casaub.
1749 2150 1779 2174 et
1803 2148 1860 2174 Eu-

1029 2183 1134 2210 stratio
1155 2182 1341 2218 scripsimus,
1356 2181 1523 2218 habebatur
1539 2183 1569 2209 in
1578 2182 1676 2215 editis,
1691 2182 1736 2208 ἳνα
1755 2193 1861 2218 μνημο-

1028 2218 1158 2254 νεύωμεν.
1178 2216 1248 2245 Post
1263 2218 1277 2244 ὁ
1293 2216 1368 2251 Θεός,
1382 2217 1553 2245 addidimus
1568 2220 1627 2248 ταῖς
1644 2227 1678 2245 ex
1699 2216 1860 2247 Eustratio.

1029 2253 1154 2282 Adverte
1171 2253 1218 2281 hic
1232 2254 1260 2281 1°
1270 2262 1443 2290 germanam
1452 2261 1486 2281 ac
1497 2254 1675 2282 catholicam
1687 2257 1861 2282 sanctorum

145 2289 273 2317 dicimus
288 2289 441 2333 Dis‘slertat.
459 2290 485 2323 3,
502 2290 626 2333 articulo
643 2290 786 2333 peculiari
800 2299 812 2331 :_
823 2299 920 2333 neque
929 2294 972 2333 _ta-
990 2300 1013 2333 Ι)
1029 2290 1225 2333 ἱιινοοαῐὶοῐιίε
1247 2289 1568 2333 eﬁplicationem,‘_qum
1585 2290 1722 2333 sacrificii
1748 2291 1862 2333 Christi

145 2333 215 2353 men
228 2326 467 2362 evangelicorum
480 2326 636 2354 verborum
656 2326 692 2353 ab
709 2326 773 2362 ipso
789 2327 847 2354 vim
871 2327 973 2355 subla-

147 2364 208 2389 tam
224 2362 474 2389 autimminutam
489 2371 552 2389 esse
569 2362 754 2391 censendum
770 2365 825 2390 est.

184 2398 223 2433 (2)
235 2399 304 2426 Novi
315 2400 388 2425 enim
403 2398 504 2425 multos
520 2399 560 2425 ita
569 2399 667 2426 dicere.
683 2398 978 2434 SimpliciterCatho—

147 2434 275 2461 licorum
284 2434 499 2461 nonnullorum
511 2434 697 2470 ignorantiae,
708 2437 759 2462 aut
770 2434 932 2470 objectioni
942 2434 978 2462 de

147 2478 179 2497 re
187 2470 242 2497 sibi
255 2470 327 2498 satis
334 2478 394 2497 non
402 2471 630 2505 nota,Cyrillum
639 2470 687 2498 hic
694 2478 849 2498 occurrere
858 2479 976 2498 censeo.

148 2506 221 2534 Cum
237 2507 281 2534 eis
293 2506 373 2534 enim
385 2507 493 2534 leniter
502 2507 562 2542 agit
573 2510 601 2533 et
610 2506 722 2539 sedate,
734 2506 868 2534 docentis
879 2507 978 2542 potius

149 2550 239 2577 quam
260 2542 426 2570 refellentis
439 2550 531 2569 more.
549 2543 633 2570 Certe
649 2544 717 2570 ante
733 2542 854 2569 Aerium
877 2543 978 2570 nemi-

149 2586 219 2605 nem
245 2579 392 2613 novimus,
409 2578 459 2613 qui
475 2579 667 2606 veterrimum
683 2580 713 2605 et
727 2578 818 2605 totius
839 2579 978 2606 Ecclesia;

151 2615 366 2642 consuetudine
381 2617 588 2642 consecratum
613 2623 666 2649 pro
691 2614 840 2641 defunctis
865 2614 977 2642 sacrifi-

150 2650 231 2686 cium
245 2650 389 2678 offerendi
419 2659 531 2678 morem
556 2650 792 2686 reprehenderit.
819 2651 846 2677 Is
866 2653 977 2682 autem,

149 2685 314 2722 Epiphanio
331 2689 416 2719 teste,
432 2687 539 2714 haeresi
554 2685 635 2720 inv,
653 2694 736 2714 num.
748 2687 772 2719 1,
784 2687 904 2713 nonnisi
913 2688 979 2722 post

150 2721 295 2758 Eustathii
325 2722 477 2749 Sebasteni
503 2723 707 2758 episcopatum
730 2730 814 2749 suam
839 2721 977 2750 haeresim

152 2756 366 2785 disseminavit.
383 2759 472 2793 Atqui
502 2756 674 2786 Eustathius
696 2761 765 2785 ante
791 2766 900 2785 annum
927 2759 977 2785 355

151 2801 213 2820 non
228 2793 345 2821 videtur
362 2793 520 2830 episcopus
534 2795 636 2823 fuisse.

184 2830 228 2867 (ἔξ)Δ
241 2830 432 2867 Στρατιωτῷν,
448 2831 594 2867 militibus.
611 2832 670 2858 Roe
686 2833 716 2867 et
738 2830 874 2867 Casaub.,
900 2839 978 2866 στρα-

147 2864 285 2898 τοπέδωνζ
304 2866 478 2893 exercitibus.
496 2866 648 2894 Exercitus
663 2866 717 2893 illi.
734 2866 793 2893 sive
812 2864 980 2898 milites,‘et

149 2902 217 2931 socii
231 2909 300 2932 mox
320 2901 488 2937 memorati,
519 2910 579 2930 non
603 2903 653 2930 alii
678 2909 767 2937 quam
791 2903 979 2930 Romanorum

1029 2327 1087 2354 vim
1103 2329 1133 2354 et
1148 2325 1361 2362 mediationem
1372 2334 1432 2353 non
1441 2325 1530 2359 tollit,
1546 2325 1598 2354 sed
1610 2326 1646 2354 ad
1658 2327 1723 2362 ejus
1735 2327 1861 2354 effectus

1028 2363 1114 2391 nobis
1130 2361 1346 2398 impertiendos
1361 2361 1490 2389 multum
1512 2362 1615 2397 juvat;
1640 2361 1679 2389 20’
1696 2362 1860 2391 discrimen

1033 2407 1156 2435 precum
1172 2397 1311 2435 Ecclesiae
1325 2400 1443 2435 sanctos
1458 2397 1633 2435 invocantis,
1650 2400 1679 2425 et
1704 2407 1758 2434 pro
1784 2408 1863 2427 mor-

1033 2434 1093 2462 tuis
1109 2434 1268 2462 exorantis.
1286 2435 1319 2461 In
1335 2434 1430 2469 primo
1442 2434 1521 2461 enim
1535 2434 1660 2470 simplex
1671 2436 1864 2468 memoria,ut

1033 2472 1111 2498 Deus
1125 2479 1178 2506 per
1192 2478 1243 2506 eos
1258 2473 1374 2505 gratum
1389 2470 1517 2505 accipiat
1537 2470 1726 2505 sacrificium,
1746 2481 1799 2505 μνη
1807 2481 1862 2506 μο-

1032 2505 1145 2541 νεύομέν
1165 2505 1210 2532 καὶ
1225 2507 1293 2542 τῶν.
1313 2506 1346 2542 In
1364 2506 1504 2539 secundo,
1521 2506 1615 2533 oratio
1630 2509 1662 2542 et
1682 2505 1862 2542 supplicatio

1033 2551 1086 2578 pro
1102 2542 1260 2578 defunctis,
1278 2541 1344 2578 ὑπὲρ
1356 2543 1410 2568 τῶν
1426 2541 1703 2578 προκεκοιμημὲνων.

1071 2578 1107 2613 (5)
1125 2577 1200 2612 Εἶτα,
1218 2581 1273 2605 etc.
1292 2578 1384 2605 Locus
1408 2578 1457 2605 hic
1483 2586 1578 2613 usque
1604 2578 1641 2605 ad
1669 2577 1789 2606 numeri
1816 2586 1863 2606 se-

1035 2614 1154 2650 quentis
1171 2614 1272 2648 ﬁnem,
1291 2613 1344 2641 sub
1361 2613 1487 2650 nomine,
1498 2614 1598 2649 Cyrilli
1628 2614 1768 2641 laudatur
1782 2623 1799 2642 a
1813 2614 1862 2641 Ni-

1033 2649 1107 2678 cene
1119 2650 1266 2677 monacho
1278 2652 1397 2677 auctore
1409 2649 1573 2677 Pandectes
1585 2649 1705 2677 inedita:
1717 2651 1783 2678 cod.
1792 2651 1862 2683 Reg.

1036 2687 1115 2720 1994,
1132 2686 1183 2714 fol.
1201 2687 1263 2717 328,
1280 2685 1351 2713 dum
1365 2685 1528 2721 respondet
1541 2685 1579 2713 ad
1594 2686 1791 2721 quaastionem
1806 2686 1862 2713 sibi

1034 2722 1228 2757 propositam.
1255 2722 1391 2754 Quidnam
1416 2723 1503 2757 possit
1531 2723 1638 2749 animus
1668 2723 1863 2755 defunctorum

1031 2761 1094 2793 post
1108 2762 1222 2785 mortem
1234 2758 1345 2792 juvare.
1362 2757 1665 2793 Commemoratisque
1677 2758 1773 2785 sancti
1791 2759 1863 2785 Gre-

1034 2794 1108 2835 gorii
1125 2802 1259 2835 νίψω-ει
1275 2793 1812 2835 Dialogis,etJoannislileemosyparii
1827 2797 1865 2834 te-

1035 2829 1197 2862 stimoniis,
1215 2830 1278 2857 hinc
1293 2832 1395 2857 nostra
1405 2830 1508 2865 Cyrilli
1520 2830 1630 2863 laudat,
1642 2830 1707 2857 loco
1718 2830 1777 2856 εἶτα
1793 2829 1861 2858 scri-

1035 2865 1109 2893 bens
1127 2866 1347 2902 μνημονεύομεν.
1365 2865 1424 2893 Hac
1434 2866 1546 2901 duplici
1557 2866 1733 2902 allegatione
1745 2867 1862 2902 Eustra-

1034 2901 1068 2929 tii
1084 2904 1114 2929 et
1127 2901 1258 2938 Nicanis,
1273 2901 1434 2937 castigatur
1457 2902 1549 2930 Riveti
1572 2901 1785 2938 imprudentia,
1808 2901 1859 2939 qui
