3932 6354
214 382 385 445 illi

1211 377 1699 443 CATECHESIS
1740 373 1963 449 XXIII,
2008 369 2577 438 MYSTAGOGICA.
2615 374 2691 436 ν.

3507 378 3665 443 1122

217 515 519 590 τιθώμεθα
547 517 855 591 συγχωρεῖν
884 509 1182 584 ἀλλήλοις.
1213 513 1299 571 Τὰ
1324 510 1637 586 πταίσματα
1654 510 1725 567 τὰ
1741 506 1891 585 γινό-
1920 509 1976 579 Α
2003 525 2061 567 re

2093 507 2308 565 nittere
2336 506 2815 582 tergiversemur.
2848 509 2990 576 Qua
3018 509 3084 568 in
3118 524 3232 567 nos
3278 511 3672 571 committun-

225 626 371 681 μενα
398 604 476 668 είς
505 606 683 679 ἡμᾶς,
720 603 888 679 μικρά
923 601 1056 675 ἐστι,
1088 602 1181 660 καὶ
1211 600 1434 673 εὐτελῆ,
1461 601 1554 659 καὶ
1584 597 1897 659 εὐδιάλυτα·

220 696 300 752 τὰ
330 691 388 750 δὲ
418 692 499 757 εἷς
529 694 663 751 Θεὸν
699 693 786 773 ὑφ’
823 695 986 765 ἡμῶν
1043 692 1333 768 γενόμενα,
1394 689 1604 767 μεγάλα
1633 686 1768 762 ἐστὶ,
1796 693 1898 758 τῆς

225 785 407 841 αὐτοῦ
444 783 620 857 μόνης
649 784 723 857 (1)
755 780 986 856 δεόμενα
1014 779 1446 860 φιλανθρωπίας.
1499 780 1749 858 Πρόσεχε
1778 778 1899 847 οὗν,

228 877 320 951 μὴ
355 873 450 931 διὰ⁷
474 874 543 930 τὰ
579 872 749 949 μικρά
775 872 867 930 καὶ
896 871 1095 943 εὐτελῆ
1124 870 1201 936 εἷς
1236 872 1294 929 σὲ
1340 873 1730 948 ἁμαρτήματα,
1762 869 1901 926 ἀπο-

224 967 465 1042 κλείσῃς
524 970 735 1039 σεαυτῷ
788 969 899 1021 τῶν
963 966 1279 1043 βαρυτάτων
1329 962 1747 1040 ἁμαρτημάτων
1799 961 1898 1032 τὴν

226 1060 388 1137 παρὰ
416 1060 554 1114 Θεοῦ
598 1056 972 1134 συγχώρησιν.

308 1151 390 1207 ΙΖ’
420 1192 437 1210 .
502 1146 607 1205 Καὶ
668 1147 747 1221 μὴ
809 1145 1117 1224 εἰσενέγκῃς
1190 1147 1341 1220 ἡμᾶς
1413 1144 1491 1208 είς
1545 1143 1849 1221 πειρασμὸν
1883 1180 1899 1209 ,

220 1238 425 1315 Κύριε.
460 1240 597 1313 ’Λρα
625 1241 791 1294 τοῦτο
835 1233 1098 1307 διδάσκει,
1151 1232 1408 1313 εὔχεσθαι
1438 1237 1587 1308 ἡμᾶς
1637 1231 1901 1308 μηδόλως

227 1331 618 1407 πειρασθῆναι,
653 1329 683 1384 ὁ
714 1326 969 1406 Κύριοςς
1025 1328 1120 1384 καὶ
1171 1332 1290 1393 πῶς
1347 1324 1561 1403 ε’ίρηται
1618 1323 1897 1402 ἀλλαχοῦ·

226 1420 401 1496 Ἀνὴρ
461 1417 817 1495 ἀπείραστος,
875 1415 1144 1493 ἀδόκιμος
1204 1419 1318 1492 (2);
1376 1418 1467 1473 καὶ
1527 1414 1717 1472 πάλιν·
1779 1418 1899 1470 Πᾶ-

234 1529 335 1565 σαν
355 1509 561 1587 εχαρᾶω
616 1509 897 1584 ἡγήσασθε
931 1553 947 1579 ,
1032 1505 1267 1585 ἀδελφοί
1355 1528 1462 1583 μου
1496 1551 1512 1579 ,
1594 1505 1719 1563 ὅταν
1775 1525 1899 1562 πει-

243 1603 473 1676 ρασμοῖς
527 1599 862 1675 περιπέσητε
914 1596 1198 1662 ποικίλοις
1229 1640 1243 1656 .
1302 1595 1504 1666 Ἀλλὰ,
1566 1597 1784 1670 μήποτε
1835 1597 1900 1651 τὸ

238 1689 498 1752 εἰσελθεῖν
549 1685 692 1743 ἐστιν
755 1686 834 1751 εἰς
891 1688 1218 1763 πειρασμὸν,
1273 1687 1338 1742 τὸ
1395 1680 1898 1755 καταϐαπτισθῆναι

232 1778 343 1834 ὑπὸ
369 1781 470 1834 τοῦ
496 1781 804 1854 πειρασμοῦ
836 1796 853 1849 ;
913 1778 1101 1834 Ἕοικε
1155 1777 1258 1854 γὰρ
1312 1777 1342 1833 ὁ
1388 1776 1694 1851 πειρασμὸς
1715 1773 1897 1849 ὥσπερ

228 1865 530 1967 λειμάρῥῳ
576 1868 685 1924 τινὶ
747 1863 1195 1967 δυσκόλῳῼπρὸς
1233 1860 1532 1967 ,διάϐασινζ
1579 1865 1649 1967 (Ξὶ
1675 1865 1778 1967 ,μὲν
1803 1864 1895 1920 οῦν
1927 1899 1976 1967 Β

228 1956 286 2014 ὲν
350 1962 680 2033 πειρασμοῖς
739 1959 816 2032 μὴ
873 1951 1443 2031 καταϐαπτιζόμενοι,
1503 1950 1895 2028 διαϐαίνουσιν,

231 2045 455 2122 ἄριστοί
510 2068 654 2112 τινες
725 2043 1081 2121 κολυμϐηταὶ
1136 2046 1386 2124 γινόμεοι
1416 2092 1432 2119 ,
1488 2045 1578 2102 καί
1638 2043 1902 2120 μηδόΛως

236 2138 335 2194 ὑπ’
381 2138 559 2194 αὐτῶν
608 2135 1066 2213 κατασυρόμενοι.
1117 2138 1187 2195 Οἱ
1232 2135 1290 2194 δὲ
1339 2139 1416 2211 μή
1467 2141 1734 2209 τοιοῦτοι,
1789 2136 1899 2193 εἱσ-

227 2228 423 2293 τόντες
473 2224 1006 2300 καταϐαπτίζονται.
1064 2231 1197 2287 Οῖον
1223 2273 1237 2300 ,
1271 2229 1347 2294 ὡς
1392 2228 1482 2286 ἐπὶ
1528 2225 1899 2303 ποραδείγμα-

233 2340 353 2390 τος,
413 2315 626 2382 Ἰούδας
683 2317 942 2375 εἰσελθὼν
1008 2318 1091 2382 εἷς
1146 2320 1238 2374 τὸν
1292 2325 1392 2390 τῆς
1448 2316 1900 2398 φιλοχρηματίας

230 2413 543 2483 πειρασμὸν
576 2450 591 2479 ,
650 2408 713 2464 οὕ
771 2406 1052 2481 διενήξατο
1086 2428 1102 2442 ·
1178 2408 1325 2466 ἀλλὰ
1396 2404 1851 2473 καταϐαπτισθεὶς
1885 2451 1898 2477 ,

228 2499 323 2553 καὶ
379 2502 709 2573 σωματικῶς
764 2496 856 2553 uati
913 2502 1299 2573 πνευματικῶς
1349 2496 1644 2574 ἀπεπνίγη.
1700 2498 1900 2573 Πέτρος

234 2587 493 2659 εἰσῆλθεν
556 2588 633 2652 είς
710 2590 801 2645 τὸν
856 2595 959 2660 τῆς
1014 2591 1292 2666 ἀρνήσεως
1348 2591 1694 2666 πειρασμόν
1756 2587 1904 2645 ἀλλᾶ

235 2676 508 2744 εἰσελθὼν
566 2678 668 2735 οὐκ
722 2674 1019 2751 ἐϐαπτίσθη
1053 2725 1066 2751 ,
1127 2679 1275 2737 ἀλλὰ
1329 2679 1592 2755 γενναίως
1647 2677 1900 2751 διανηξά-

240 2790 409 2842 μενος
470 2768 702 2846 essem,
764 2768 873 2825 ἀπὸ
921 2775 1020 2826 τοῦ
1069 2774 1416 2845 πειρασμοῦ.
1475 2773 1679 2829 ’Δκουε
1734 2769 1901 2826 πάλιν

233 2858 500 2935 ἀλλαχοῦ
533 2859 863 2936 ὁλοκλήρων
1029 2859 1197 2938 ἁγίων
1222 2865 1422 2936 χοροῦ,
1448 2860 1906 2938 εὐχαριστοῦντος

234 2947 332 3004 ἐπὶ
382 2953 484 3005 τοῦ
562 2948 902 3026 ἐξαιρεθῆναι
974 2954 1072 3005 τοῦ
1122 2955 1430 3025 πειρασμοῦ
1464 2969 1478 2983 ·
1540 2949 1906 3026 Ἐδοκίμασας

232 3041 392 3113 ἡμᾶς
429 3082 444 3110 ,
503 3038 531 3094 ὁ
589 3039 718 3101 Θεὸς
753 3083 768 3109 ,
847 3038 1128 3114 ἐπύρωσας
1184 3041 1332 3113 ἡμᾶς
1391 3041 1465 3104 ὡς
1518 3045 1787 3117 πυροῦται
1841 3040 1905 3096 τὸ

233 3127 558 3204 ἀργύριονο
618 3128 906 3205 εἰσήγαγες
983 3131 1134 3204 ἡμᾶς
1222 3129 1299 3193 είς
1346 3132 1446 3199 τήν
1505 3127 1728 3206 παγίδα·
1779 3128 1905 3195 ἔθου

231 3216 461 3293 θλίψεις
518 3216 610 3274 ἐπὶ
664 3218 757 3274 τὸν
815 3223 987 3274 νῶτον
1044 3221 1208 3293 ἡμῶν
1241 3238 1255 3252 ⁸
1315 3215 1642 3284 ἐπεϐίϐασας
1699 3220 1904 3297 ἀνθρὼο

2006 603 2105 654 tur
2132 600 2396 671 offensae,
2426 616 2509 655 eae
2540 615 2757 672 parvae,
2786 599 2963 667 {leves
2996 605 3055 657 et
3095 599 3391 659 dissolutu
3438 602 3666 660 faciles.

2007 689 2161 755 Quas
2192 706 2327 745 vero
2345 688 2407 744 in
2431 690 2617 745 Deum
2645 690 3096 760 committimus,
3123 708 3376 766 magna,
3405 698 3464 749 et
3484 692 3670 750 solius

2008 780 2140 851 ejus
2185 778 2569 853 benignitatis
2620 779 2840 837 auxilio
2901 779 3222 838 diluendae.
3284 784 3431 839 Cave
3491 784 3672 857 igitur

2006 886 2082 926 ne
2113 875 2358 943 propter
2384 886 2565 942 parva
2608 873 2668 926 et
2704 870 2844 926 vilia
2891 870 2955 926 in
2984 875 3042 927 te
3072 871 3357 938 admissa,
3390 874 3670 946 gravissi-

2006 975 2244 1016 morum
2295 959 2402 1014 tibi
2448 959 2563 1032 ipsi
2618 964 3001 1032 peccatorum
3056 960 3479 1019 remissionem
3510 962 3669 1036 apud

2006 1055 2199 1107 Deum
2229 1049 2633 1122 praecluseris.

2076 1139 2247 1197 XVII.
2265 1162 2295 1192 «
2315 1142 2472 1197 Etne
2488 1139 2739 1197 inducas
2751 1156 2861 1197 nos
2874 1139 2938 1197 in
2952 1140 3348 1199 tentationem
3362 1144 3670 1200 Domine.»

2006 1229 2150 1287 Idne
2171 1231 2461 1287 Dominus
2482 1247 2653 1287 orare
2684 1247 2795 1287 nos
2834 1230 3028 1301 docet,
3051 1249 3127 1289 ne
3149 1232 3449 1291 ullatenus
3472 1239 3669 1290 tente-

2006 1336 2144 1376 mur
2158 1320 2571 1392 ‘lthuomodo
2587 1319 2813 1377 alibubi
2828 1320 3056 1378 dictum
3075 1328 3196 1379 est:
3221 1346 3249 1374 «
3280 1324 3380 1379 Vir
3400 1341 3523 1380 non
3544 1328 3669 1381 ten-

2013 1430 2041 1465 ιι
2062 1414 2242 1480 tatus,
2264 1427 2387 1467 non
2417 1416 2509 1467 est
2526 1411 2812 1483 probatus
2832 1410 2879 1446 ⁴⁶
2899 1411 2927 1468 ?
2975 1419 3029 1468 et
3076 1415 3277 1469 iterum
3300 1430 3318 1470 :
3359 1415 3670 1471 Summum

2011 1524 2034 1553 ι
2059 1501 2341 1575 gaudium
2358 1500 2714 1570 existimate,
2735 1501 2950 1558 fratres
2975 1501 3116 1573 mei,
3141 1519 3277 1559 cum
3298 1503 3361 1560 in
3383 1505 3666 1560 tentatio-

2009 1613 2038 1644 «
2060 1609 2168 1648 nes
2188 1591 2522 1649 incideritis
2536 1591 2729 1647 varias
2749 1589 2817 1646 ‘7.
2845 1613 2873 1641 »
2898 1592 3117 1647 Verum
3137 1591 3369 1665 ingredi
3392 1593 3454 1648 in
3478 1597 3672 1650 tenta-

2006 1687 2254 1754 tionem,
2273 1700 2478 1741 nonne
2502 1683 2685 1740 fuerit
2704 1699 2740 1741 a
2767 1683 3098 1741 tentatione
3140 1683 3443 1758 submergi
3463 1685 3492 1742 ‘l
3526 1689 3671 1743 Nam

2004 1777 2255 1835 tentatio
2272 1775 2525 1832 torrenti
2539 1775 2615 1832 ad
2630 1774 3056 1848 trajiciendum
3069 1775 3157 1832 dif
3158 1775 3303 1832 ficili
3321 1776 3536 1833 similis
3561 1781 3670 1834 est:

2007 1868 2109 1940 qui
2130 1867 2386 1941 igiturin
2423 1864 2857 1923 tentationibus
2890 1882 3012 1923 non
3051 1866 3534 1941 submerguntur,
3569 1886 3673 1941 op-

2007 1957 2139 2014 timi
2159 1956 2322 2013 velut
2336 1960 2642 2012 natatores
2659 1954 3237 2027 trajiciunt,etnulla
3254 1957 3487 2014 ratione
3502 1958 3574 2014 ab
3588 1959 3674 2014 eis

2006 2046 2473 2122 pertrahuntur;
2498 2045 2600 2117 qui
2621 2061 2758 2101 vero
2781 2045 2931 2101 tales
2954 2063 3076 2101 non
3102 2050 3262 2116 sunt,
3294 2047 3545 2120 ingressi
3570 2049 3669 2104 de-

2007 2142 2378 2212 merguntur.
2411 2135 2633 2202 Qualis,
2658 2139 2723 2190 ut
2744 2135 3015 2207 exemplo
3040 2140 3301 2205 utamur,
3326 2137 3504 2194 Judas
3526 2137 3671 2208 fuit;

2009 2229 2109 2302 qui
2132 2229 2197 2284 in
2209 2226 2470 2284 avaritiae
2487 2224 2883 2281 tentationem
2895 2225 3223 2297 ingressus,
3241 2243 3361 2281 non
3386 2228 3648 2284 enatavit

2008 2319 2115 2376 sed
2132 2317 2497 2383 submersus,
2529 2320 2587 2371 et
2605 2330 2852 2388 corpore
2875 2320 2933 2370 et
2954 2314 3166 2386 spiritu
3211 2316 3535 2373 suffocatus
3560 2322 3669 2373 est.

2009 2412 2220 2466 Petrus
2251 2408 2311 2462 in
2344 2406 2755 2480 denegationis
2786 2405 3182 2461 tentationem
3231 2407 3519 2477 introivit,
3567 2408 3672 2464 sed

2010 2500 2315 2572 ingressus
2335 2512 2567 2552 mersus
2598 2513 2721 2551 non
2753 2500 2845 2551 est
2869 2495 2943 2567 (3)
2967 2512 2980 2549 :
3005 2512 3211 2551 verum
3234 2513 3520 2569 generose
3556 2504 3675 2554 tra-

2009 2606 2161 2646 nans
2197 2605 2229 2644 a
2261 2587 2586 2644 tentatione
2618 2585 2905 2642 liberatus
2946 2589 3054 2640 est.
3106 2586 3260 2641 Audi
3292 2588 3499 2643 rursus
3532 2587 3674 2644 alibi

2009 2677 2406 2735 incolumium
2434 2679 2776 2730 sanctorum
2808 2673 3076 2741 chorum,
3101 2675 3262 2747 quod
3288 2692 3322 2731 a
3348 2677 3676 2733 tentatione

2013 2773 2251 2841 ereptus
2280 2766 2357 2822 sit
2394 2765 2614 2839 gratias
2656 2763 3129 2836 persolventem:
3171 2788 3200 2815 «
3234 2765 3504 2823 Probasti
3543 2784 3678 2824 nos-

2016 2882 2042 2910 ‹‹
2057 2861 2214 2915 Deus
2229 2875 2242 2926 ;
2257 2855 2579 2912 incendisti
2591 2871 2702 2910 nos
2716 2854 3541 2929 sicutincenditurargentum
3560 2874 3572 2925 ;
3589 2858 3648 2912 in
3660 2900 3673 2925 ,

2013 2971 2042 3000 ‹‹
2068 2946 2287 3005 duxisti
2310 2944 2823 3017 nosinlaqueum;
2846 2944 3098 3017 posuisti
3117 2945 3473 3002 afflictiones
3498 2964 3677 3019 super

2016 3062 2045 3092 «
2062 3039 2308 3095 dorsum
2319 3040 2590 3092 nostrum
2614 3052 2627 3101 ;
2642 3034 2981 3107 imposuisti
2998 3034 3271 3091 homines
3287 3052 3466 3109 super
3482 3038 3678 3109 capita

2014 3152 2043 3183 «
2059 3128 2245 3185 nosir.
2260 3125 2663 3182 Transivimus
2679 3140 2786 3196 per
2803 3125 3005 3197 ignem
3019 3129 3331 3197 etaquam,
3347 3131 3405 3182 et
3418 3126 3675 3183 eduxisti

2015 3242 2042 3271 ‹‹
2059 3236 2169 3275 nos
2186 3219 2248 3273 in
2264 3215 2639 3287 refrigerium
2651 3214 2717 3269 ‘3.
2729 3237 2748 3264 ι
2771 3213 2976 3269 Viden’
2993 3231 3094 3270 eos
3108 3215 3363 3271 fidenter
3376 3217 3675 3272 exsultan-

227 3328 373 3372 πους
430 3307 522 3364 ἰπὶ
575 3308 676 3372 τὰς
732 3308 975 3389 κεφαλὰς
1032 3311 1218 3383 ἡμῶν.
1285 3308 1596 3385 Διήλθομεν
1656 3307 1746 3366 διὰ
1799 3295 1977 3366 τευ-0
2012 3316 2061 3368 te

2093 3306 2274 3380 inlOd
2291 3305 2401 3379 traj
2412 3304 2657 3372 ecerint,
2672 3319 2782 3359 nec
2794 3302 2908 3375 ipsi
2920 3303 3174 3375 perfossi
3198 3305 3272 3378 (4)
3287 3305 3445 3361 sint?
3460 3307 3525 3361 Et
3548 3306 3678 3362 edu-

303 3427 352 3464 “
378 3428 563 3486 Eccli.
596 3445 781 3499 χχχιιι,
812 3432 867 3499 9,
897 3429 1003 3498 10;
1036 3432 1206 3488 Rom.
1238 3447 1294 3499 v,
1323 3430 1377 3485 3.
1411 3431 1467 3488 4.
1543 3431 1586 3465 ’⁸⁷
1612 3431 1731 3487 Jac.
1765 3447 1803 3499 ι,
1834 3430 1890 3487 2.
1964 3428 2015 3463 ⁴³
2044 3431 2061 3484 1

2093 3426 2201 3483 sal.
2234 3440 2363 3494 va,
2400 3424 2588 3478 10-12.

236 3555 429 3614 simili
460 3554 747 3624 loquendi
781 3554 1013 3613 ratione
1039 3560 1154 3624 cat.
1198 3559 1251 3610 2.
1292 3572 1456 3611 num.
1494 3559 1548 3621 ’1,
1580 3551 1632 3624 ἐξ
1665 3554 1795 3608 οἲων
1832 3552 1909 3618 είς

239 3628 331 3683 οἶα
358 3620 700 3700 κατηνέχθη.
734 3629 876 3683 Post
907 3620 1287 3699 λαμϐάνομεν,
1321 3644 1391 3682 ex
1421 3620 1634 3700 iisdeni
1664 3627 1905 3700 icodici-

244 3702 363 3756 bus
391 3699 574 3756 Coisl.
597 3699 742 3756 edit.
776 3700 958 3755 Morel
998 3705 1056 3755 et
1115 3718 1263 3755 vers.
1325 3699 1499 3755 Grod.
1566 3699 1907 3756 addidimus

251 3771 450 3830 verba.
483 3770 558 3841 μὴ
591 3768 995 3842 ἀναμείνωμεν.

321 3843 402 3915 (4)
428 3840 534 3917 Τῆς
586 3840 753 3917 aptae
813 3840 1015 3917 μόνης,Δ
1058 3847 1182 3917 εἰς)Ἀ
1231 3843 1443 3917 Ali_ter_
1474 3842 1646 3917 codd.
1700 3847 1821 3917 Roe
1851 3847 1910 3898 et

245 3911 647 3990 Ca'saubg-xai
671 3915 770 3986 τῆς
798 3911 963 3972 αὐτοῦ
995 3911 1771 3990 δεόμεθαᾼφιλανθρ-ωπίαςηθι
1801 3915 1907 3969 hu-

233 3989 339 4059 jus
363 3987 787 4059 opus_habemus
828 3989 1188 4058 benignitate.
1240 3987 1308 4043 In
1351 3987 1521 4043 codd.
1557 3988 1776 4054 Ottob.,
1806 3991 1908 4055 τῆς

240 4057 415 4127 αὐτῆς
451 4057 791 4132 μόνηςκειο.
821 4057 1111 4132 εοὶαῒρδα
1154 4076 1261 4131 per
1305 4075 1359 4114 se
1410 4060 1749 4132 benignitate
1775 4075 1911 4130 opus

239 4127 469 4205 habent.
508 4127 851 4205 νοξιδὲομαι
880 4127 1023 4205 μοιί
1050 4127 1347 4205 significat
1391 4127 1745 4205 simpliciter
1775 4127 1912 4205 opus

242 4202 934 4292 habereAISEd,nh‘oc‘solo
965 4202 1185 4291 auxilio
1216 4219 1393 4289 posse
1421 4202 1571 4292 tolli.
1606 4202 1907 4288 Sic.Basil.

238 4276 423 4402 epist.
455 4275 599 4330 317:
647 4275 722 4330 Τὸ
781 4275 839 4330 δὲ
895 4275 1199 4349 ἁμάρτημα
1216 4275 1345 4330 ⁷ίτοῦ
1403 4275 1624 4349 Λαμὶχ,
1659 4275 1719 4329 οὐ
1746 4293 1912 4328 κατα-

236 4367 273 4401 κ
320 4349 501 4419 υσμοῦ
528 4343 717 4423 δεῖται(
749 4346 887 4422 πρὸς
938 4347 1245 4423 θεραπείαν,
1297 4343 1424 4423 ἄλλ’
1476 4344 1641 4423 αὐτοῦ
1697 4349 1795 4423 τοῦ
1826 4346 1911 4400 αἶα

242 4418 470 4494 ροῦντες
527 4420 622 4492 [Ῑ.
656 4418 959 4494 αἴροντος]
1002 4418 1106 4487 τὴν
1168 4418 1433 4494 ἁμαρτίαν
1492 4422 1592 4473 τοῦ
1634 4418 1858 4494 ⁸›ς,ς5σμου
1893 4459 1906 4473 .

237 4490 476 4549 Peccato
511 4490 744 4548 Lamech
772 4509 884 4548 non
911 4494 1116 4562 sufﬁcit
1144 4493 1219 4547 ad
1245 4490 1584 4547 curationem
1612 4490 1906 4547 diluvium.

238 4564 339 4620 sed
364 4563 704 4635 necessarius
732 4572 811 4635 est
839 4567 886 4620 is
915 4566 1022 4635 qui
1042 4564 1193 4635 tellit
1211 4570 1504 4634 peccatum
1532 4564 1745 4618 mundi.

2016 3552 2300 3635 assignat.
2331 3545 2998 3635 ‘Suntinﬂ‘ccl'esiastico
3026 3551 3083 3601 et
3104 3547 3168 3635 in
3202 3548 3675 3635 aliis‘Scripturae

2016 3618 2188 3681 libris
2217 3619 2528 3678 sententiae
2559 3618 2658 3672 isti
2682 3618 2946 3685 similes;
2981 3636 3011 3673 e
3043 3619 3281 3690 quibus,
3315 3620 3456 3674 dum
3484 3618 3515 3674 ε
3547 3638 3673 3676 me-

2017 3695 2211 3753 moria
2236 3693 2329 3748 vel
2355 3690 2482 3747 solo
2505 3705 2686 3745 sensu
2702 3690 3053 3756 recitantur,
3072 3691 3295 3746 factum
3323 3690 3504 3747 fuerit
3534 3693 3677 3749 ada-

2017 3769 2186 3842 gium»
2212 3767 2324 3842 hoc
2350 3766 2593 3842 Patrum
2625 3778 2727 3842 ore
2756 3762 3099 3842 contritum.

2114 3840 2195 3911 2')
2224 3833 2607 3911 Ὁλοκλήρων.
2633 3834 2802 3911 Lege,
2837 3830 3178 3911 ὁλοκλήρου.
3212 3834 3363 3890 Enn'.

2113 3908 2391 3983 3)'Petrus
2404 3910 2479 3983 fin
2515 3908 2869 3983 tentationem
2906 3910 3176 3983 ingressus
3206 3923 3411 3963 mersus
3439 3924 3551 3983 non
3584 3916 3679 3964 est.

2017 3978 2185 4040 Haud
2214 3982 2640 4054 negatPetrum
2664 3978 2821 4050 gravi
2839 3978 3224 4054 succubuisse
3240 3981 3677 4052 peccato,juxta

2022 4051 2409 4129 quosdam'ab
2433 4052 2825 4129 _Hieronyr_n_o,
2856 4052 2915 4105 in
2953 4051 3147 4129 Matth.
3175 4066 3327 4117 xxw,
3360 4056 3449 4119 72,
3495 4051 3676 4129 casti~

2020 4122 2209 4207 gates,
2243 4123 2345 4207 qui
2376 4122 2584 4207 frivola
2612 4122 2771 4176 verbi
2794 4123 3681 4207 occupatipne,‘per‘me‘ntalem

2020 4194 2459 4256 restrictionem
2491 4194 2665 4266 culpa
2721 4210 2965 4267 prorsus
3023 4194 3363 4250 liberabant
3418 4198 3679 4252 Petrum.

2021 4270 2279 4343 Cyrillus
2298 4284 2445 4343 vero
2477 4270 2590 4323 cat.
2625 4270 2692 4343 2,_
2716 4283 2899 4343 num._
2944 4267 3031 4343 i_9,
3078 4267 3683 4343 confitetur_Petrum

2020 4337 2112 4399 ter
2142 4342 2464 4405 Dominum
2491 4337 2836 4411 negavisse;
2885 4339 3067 4411 hujus
3114 4339 3362 4394 admissi
3410 4339 3683 4396 interiori

2020 4413 2373 4488 paenitentia
2403 4410 2626 4488 tactum
2657 4410 2891 4488 veniam
2910 4410 3337 4482 promeruisse,
3361 4416 3421 4466 et
3438 4429 3685 4488 peccan-

2020 4482 2170 4543 tium
2191 4503 2300 4558 per
2318 4482 2731 4558 paenitentiam
2755 4483 3011 4558 salutem
3041 4482 3499 4558 consecutoruin
3540 4484 3688 4539 insi-

2021 4576 2133 4633 gne
2165 4555 2471 4628 exemplar
2496 4555 2775 4610 evasisse.
2805 4555 2935 4633 Hoc
2959 4559 3050 4610 est
3078 4555 3267 4633 igitur
3290 4556 3510 4633 Cyrillo
3542 4561 3682 4611 ten-

319 4635 401 4706 (2)
432 4634 604 4711 Ἀνὴρ
636 4626 1292 4711 ἀπείραστᾶςλάδόὶιιμῇς.
1318 4634 1623 4711 Locusille
1645 4635 1909 4707 utjacet,
1945 4633 1991 4697 D
2022 4626 2061 4688 ἴε

2093 4632 2311 4711 tionem
2340 4626 2626 4707 superare
2653 4644 2684 4708 ;.
2702 4642 2823 4681 non
2849 4626 3046 4711 solum
3067 4631 3379 4711 peccatpm
3402 4628 3684 4710 eﬂ‘ugere,

243 4707 587 4789 numquam
628 4707 926 4789 reperitur
964 4708 1045 4789 _in
1082 4707 1437 4789 Scriptura,
1468 4707 1604 4789 Puit
1651 4712 1852 4789 tamen
1878 4723 1913 4762 a

246 4779 458 4835 multis
488 4778 762 4836 Patribus
795 4779 1012 4837 Graecis
1041 4784 1100 4835 et
1127 4778 1335 4835 latinis
1366 4779 1600 4835 citatus.
1653 4778 1741 4834 Ad
1773 4795 1909 4834 eum

244 4851 468 4924 alludit
494 4854 650 4919 Naz.,
681 4852 853 4924 epist.
877 4854 1006 4924 215ἓ
1036 4851 1180 4924 dum
1211 4850 1450 4907 scribit:
1486 4849 1559 4904 Οὐ
1587 4846 1814 4923 δόκιμον
1846 4850 1909 4905 τὸ

244 4920 594 4995 ἀπείραστον.
630 4920 881 4995 Sanctus
921 4923 1109 4995 Nilus,
1149 4923 1460 4995 Peﬁsteria?
1491 4928 1634 4995 sect.
1667 4920 1724 4994 4,
1755 4939 1805 4995 ο.
1840 4926 1908 4995 67:

246 4990 639 5070 Οὐκήκουσσς
669 4999 769 5057 τῆς
801 4994 948 5070 θείας
1004 4993 1276 5070 λεγούσης
1309 4999 1514 5070 φωνῆς’
1551 4990 1727 5070 ῨἈνήρ
1754 4993 1914 5070 ἀπεί-

246 5086 467 5140 ραστος,
498 5064 764 5138 ἀδόκιμος
812 5065 962 5137 παρά
1018 5064 1135 5137 Θεῷ
1168 5085 1182 5136 ;
1217 5064 1338 5123 Non
1368 5068 1634 5123 audivisti
1664 5068 1912 5122 divinam

250 5140 809 5216 vocenz_dicentenz:
870 5141 971 5194 Vir
1015 5155 1127 5216 non
1171 5144 1592 5216 tenta_tus,Anon
1638 5140 1912 5216 probatus

251 5211 410 5283 apud
454 5213 622 5283 Deum
654 5209 678 5266 .’
714 5213 1019 5283 Damase.,_
1045 5209 1161 5283 lib.
1210 5228 1247 5266 ιι
1285 5212 1383 5283 De
1427 5211 1556 5283 ﬁde,
1591 5280 1600 5283 Α
1635 5209 1776 5283 (ἐξιιῑ)ΪΔ
1812 5212 1909 5265 3οε

247 5277 424 5357 ’Ᾰνὴρ
452 5282 553 5357 γὰρ
585 5282 934 5357 ἀπείραστος,
959 5277 1507 5357 ἀδόκιμος,-οὐδενὸς
1536 5277 1910 5356 λόγοόᾶξιος.

248 5353 567 5426 Reperitur
598 5356 659 5411 in
690 5353 913 5412 Latinis
948 5354 1138 5409 sancti
1180 5353 1476 5426 Ephraam,
1514 5360 1590 5411 De
1623 5353 1827 5425 ‘pmnit.
1863 5360 1913 5409 et

238 5425 512 5501 patient,
541 5444 673 5501 pag.
708 5430 803 5483 151
834 5444 847 5482 :
881 5427 1029 5501 item
1059 5426 1216 5498 apud
1249 5425 1595 5501 Dalﬁnum,
1646 5427 1718 5481 De
1738 5428 1914 5501 bene-

245 5496 585 5556 dictionibus
622 5496 928 5570 'patriareq
960 5496 1063 5553 lib.
1096 5496 1191 5564 '11,
1225 5496 1309 5570 fin
1358 5497 1662 5554 Benedict.
1720 5498 1860 5555 Gad.
1896 5514 1910 5553 :

256 5572 364 5625 Vir
393 5568 702 5627 intentat'us
724 5588 836 5627 non
868 5575 947 5626 est
968 5568 1304 5641 probabilis.
1337 5570 1509 5640 Apud
1543 5570 1915 5638 Cassianum,

245 5642 398 5699 Coll.
432 5660 512 5710 1x,
544 5660 675 5715 cap,
708 5644 797 5709 23,
829 5648 889 5698 et
910 5643 1013 5715 qui
1037 5658 1108 5715 ex_
1129 5658 1197 5698 eo
1224 5642 1481 5713 sumpsit
1510 5643 1816 5700 Julianum
1837 5644 1914 5698 To

247 5661 398 5699 uou.
432 5661 512 5710 1x,
544 5661 614 5699 ca
662 5685 675 5711 ,
708 5661 797 5709 τω,
829 5661 889 5698 et
910 5661 1013 5715 qui
1037 5661 1108 5697 ex
1129 5661 1197 5698 eo
1224 5661 1481 5713 sumpsu.
1510 5661 1816 5700 Juuanum
1847 5661 1914 5698 10

247 5715 544 5780 letanum,
578 5661 682 5771 li‘h.
715 5732 757 5771 ιι
806 5713 1249 5786 ’Δντικειμένων,
1308 5719 1502 5786 quast.
1542 5717 1683 5787 138:
1731 5716 1917 5773 Omnis

244 5789 334 5845 vir
362 5787 465 5857 qui
490 5803 604 5847 non
634 5795 710 5844 est
734 5792 997 5855 tantam,
1022 5804 1134 5845 non
1162 5791 1241 5843 est
1258 5786 1549 5857 probatus.
1579 5787 1788 5849 Nullus
1815 5802 1917 5848 eo-

244 5873 386 5918 rum
415 5872 535 5933 que
566 5876 638 5919 ex
686 5858 820 5919 loco
869 5859 1233 5918 sententiam
1278 5858 1432 5917 hanc
1476 5858 1920 5936 deprompserit

2023 4703 2128 4760 sed
2158 4720 2191 4758 a
2219 4697 2470 4783 peccato
2506 4697 2879 4783 resipiscere.
2904 4697 3153 4783 “Idcirco
3185 4698 3395 4783 Judam
3425 4697 3685 4783 avarities

2022 4769 2351 4832 tentatione
2382 4771 2762 4827 submersum
2802 4769 2967 4836 dicit,
3001 4786 3123 4824 non
3156 4769 3315 4839 quod
3365 4771 3683 4826 tentationi

2025 4844 2422 4904 succumbens
2436 4841 2766 4915 prodiderit
2781 4840 3080 4915 Christum
3099 4841 3221 4915 ;se_d
3238 4841 3397 4912 quod
3413 4842 3688 4915 despera-

2018 4921 2181 4975 tione
2196 4919 2410 4989 laqueo
2431 4912 2622 4989 vitam
2640 4913 2848 4967 finivit.
2878 4912 3312 4989 Inusitatath
3328 4912 3679 4989 superanda:

2020 4984 2395 5055 tentatiohis,
2420 4985 2511 5041 vel
2530 4984 2725 5040 eidem
2752 4984 3189 5040 succumbendi
3220 4984 3687 5055 explicatio.Ha-

2022 5063 2199 5120 betur
2218 5060 2356 5116 huic
2388 5057 2645 5115 finitima
2681 5057 2790 5113 sub
2843 5056 3087 5112 nomine
3129 5056 3443 5127 cujhsdam
3472 5057 3683 5112 Patris.

2021 5137 2184 5192 Prati
2211 5135 2364 5204 Spir.
2399 5147 2529 5204 cap.
2580 5128 2734 5204 209._
2760 5128 3115 5204 Hesychius,
3138 5143 3317 5199 quem
3348 5128 3689 5204 Hierosoly-

2026 5213 2233 5263 tanum
2249 5199 2681 5276 presbyterum
2710 5200 2895 5276 fuisse
2925 5199 3145 5276 ferunt,
3179 5215 3317 5254 cum
3340 5199 3687 5276 imihiiLati-

2025 5295 2139 5335 nus
2164 5271 2349 5332 fuisse
2387 5271 2676 5339 videatur,
2724 5275 2784 5327 in
2832 5271 3053 5327 Levitic.
3089 5288 3217 5342 cap.
3242 5288 3300 5335 ν,
3331 5275 3383 5326 2.
3419 5295 3448 5322 «
3486 5275 3685 5343 Neque

2027 5351 2237 5405 «enim
2270 5347 2468 5403 omnis
2500 5345 2659 5415 quia
2687 5344 2881 5399 bestia
2911 5343 3143 5415 capitur
3162 5346 3291 5413 jam
3323 5344 3489 5399 omni
3510 5345 3686 5399 modo

2031 5448 2050 5475 α
2087 5422 2159 5478 ab
2193 5438 2263 5476 ea
2292 5424 2351 5474 et
2382 5416 2711 5483 occiditur;
2757 5415 3006 5488 forsitan
3051 5416 3212 5470 enim
3253 5420 3312 5470 et
3366 5422 3685 5488 postquam

2029 5518 2057 5546 «
2090 5494 2355 5564 capitur,
2380 5490 2690 5558 liberatur,
2739 5487 2893 5542 sicut
2920 5489 3153 5564 Petrus.
3180 5487 3407 5564 _lncidi_t
3435 5487 3689 5564 enimin

2026 5591 2055 5619 «
2088 5560 2309 5622 diaboli
2341 5561 2557 5632 laqueo
2592 5566 2860 5633 tempore
2892 5560 3266 5633 negationis:
3299 5560 3417 5633 sed,
3444 5560 3689 5633 resipis-

2029 5664 2055 5692 ‹‹
2079 5655 2221 5694 cens
2253 5630 2455 5702 evasit,
2491 5638 2550 5687 et
2581 5630 2737 5688 dicit
2754 5648 2889 5687 cum
2921 5630 3136 5688 David:
3172 5654 3200 5683 »
3248 5654 3277 5684 «
3310 5632 3525 5690 Anima
3554 5630 3689 5689 mea

2030 5733 2057 5766 ιι
2090 5712 2245 5767 sicut
2274 5721 2483 5781 passer
2512 5709 2716 5781 erepta
2747 5709 2857 5770 est,
2891 5725 2932 5781 »_
2964 5710 3078 5781 etc.

2092 5782 2172 5856 (4)
2203 5775 2489 5926 anﬁxi,
2516 5775 2580 5834 in
2601 5775 2816 5852 laqueo
2845 5776 2938 5835 vel
2967 5777 3031 5834 in
3076 5777 3221 5835 limo
3259 5777 3538 5852 profundi
3571 5776 3690 5852 (Ps.

2092 5869 2216 5925 .vm,
2312 5895 2327 5912 .

2024 5869 2216 5925 LXVIII,
2248 5869 2327 5925 δ).
