3932 6388
419 386 577 449 “27
1475 380 1541 440 S.
1587 378 1906 441 CYRILLI
1951 375 2368 442 HIEROSOL.
2415 378 2783 442 ARCHIEP.
3617 403 3728 467 1123

417 520 625 595 gloria,
658 520 849 575 honor
875 522 933 574 et
962 516 1304 589 imperium,
1340 530 1478 571 cum
1506 515 1680 571 Patre
1704 514 1787 588 [et
1814 514 1970 586 Filio:

2313 516 2523 607 Kuptoiu
2552 516 2715 607 ἡμῷν
2759 512 2939 607 Ἰησοῦ
2997 521 3235 607 Χριστοῦ
3291 518 3611 605 διατηρηθεῑῃ·
3639 535 3672 606 ᾧ
3705 542 3728 607 ἡ

420 615 623 668 sancto
656 609 899 682 Spiritu,
924 625 1086 665 nunc
1118 612 1177 664 et
1208 622 1468 680 semper,
1488 609 1547 661 et
1575 606 1640 662 in
1666 605 1885 663 smcula
1898 623 1973 661 sae

2196 599 2348 678 δὸξα,
2368 605 2531 679 τιμὴ,
2590 606 2679 660 καὶ
2730 606 2952 682 κράτος,
3014 606 3105 662 σὺν
3163 609 3323 685 Πατρὶ
3374 599 3473 686 [mi
3523 599 3726 693 Tli'p]

416 702 637 760 lorum.
672 703 884 759 Amen.

2193 693 2330 771 ἁγίῳ
2359 693 2660 767 Πνεύματι,
2690 699 2783 751 νῦν
2815 696 2903 752 καὶ
2937 694 3040 769 ἀεὶ,
3073 697 3162 755 καὶ
3190 698 3263 764 εἰς
3306 699 3423 769 τοὺς
3470 704 3634 773 αἰῶνας
3651 719 3720 769 τῶν

2191 783 2430 842 αἰώνων.
2473 786 2679 859 Ἀμήν.

1045 953 3719 986 ..___.._._..__._._.___________.__________________________

1591 1070 2190 1230 SANCTI
2334 1104 3007 1236 CYRILLI

1642 1347 2143 1388 HIEROSOLYHITANI
2199 1346 2613 1388 ARCHIEPISCOPI

1200 1505 1495 1561 HOMILIA
1526 1504 1595 1561 IN
1635 1503 2142 1561 PARALYTICUM
2173 1504 2268 1560 AD
2309 1502 2647 1560 PISCINAM
2674 1505 3059 1567 JACENTEM.

1766 1825 2501 1924 ADMONITIO.

480 2047 529 2107 Ι.
564 2042 764 2129 Hujus
785 2041 1063 2105 homiliaa
1085 2045 1327 2115 auctor,
1362 2058 1551 2129 quem
1586 2038 1773 2129 modo
1805 2039 2110 2129 Cyrillum
2135 2043 2420 2129 nostrum
2444 2057 2580 2129 esse
2609 2040 3044 2120 probabimus,
3069 2044 3529 2129 explicatzillam
3549 2050 3742 2111 Joannis

397 2120 722 2205 Evangelii
754 2132 1020 2208 partem,
1058 2142 1185 2203 qua
1216 2124 1578 2208 continetur
1615 2122 1989 2208 miracuium
2022 2120 2277 2208 Christi,
2312 2122 2732 2208 paralyticum
2784 2142 3097 2208 annorum
3150 2120 3403 2205 triginta
3432 2130 3505 2189 ad
3536 2131 3742 2208 probati-

397 2228 536 2271 cam
571 2201 873 2286 piscinam
900 2201 1220 2289 jacentem
1250 2205 1443 2289 verbio
1475 2203 1779 2289 sanantis,
1814 2202 1915 2264 die
1946 2201 2206 2289 Sabbati
2241 2204 2784 2289 murmurantibus
2838 2205 3098 2289 Judaeis.
3136 2201 3419 2270 Historias
3464 2201 3627 2289 hujus
3660 2213 3745 2272 sin-

395 2282 586 2369 gulas
608 2282 1113 2349 circumstantias
1144 2286 1443 2369 expendit
1466 2291 1527 2346 et
1558 2284 1858 2359 declarat,
1890 2290 2071 2364 aptas
2101 2282 2335 2362 ubique
2363 2285 2441 2344 ad
2466 2284 2613 2347 ﬁdei
2661 2288 3279 2350 commendationem
3330 2297 3389 2351 et
3437 2282 3744 2354 emendatio-

400 2368 543 2433 nem
578 2389 825 2430 morum
859 2368 1333 2431 exhortationes
1363 2368 1764 2427 interserens.

477 2453 550 2511 ll.
585 2452 901 2533 Principio
930 2456 1142 2533 monet
1169 2451 1405 2533 Jesum,
1442 2448 1797 2533 animarum
1852 2446 2040 2533 simul
2072 2452 2152 2533 iet
2207 2464 2545 2526 corporum
2580 2448 2919 2533 medicum,
2955 2469 3353 2533 quascunque
3374 2452 3504 2515 loca
3530 2453 3745 2514 lustravit

398 2532 745 2592 benefactis
776 2527 903 2592 suis
934 2532 1225 2610 implesse
1256 2531 1456 2607 (num.
1486 2530 1513 2588 1
1550 2535 1611 2589 et
1632 2529 1692 2609 2)
1719 2547 1732 2601 ;
1761 2548 1793 2591 e
1817 2527 2165 2607 paralytico
2190 2547 2445 2606 rogasse
2467 2548 2618 2589 num
2651 2527 2991 2593 sanitatem
3021 2532 3229 2604 vellet,
3252 2527 3384 2594 non
3414 2535 3742 2605 inscientem;

398 2615 507 2696 sed
538 2613 689 2696 aegri
721 2619 847 2696 tam
879 2613 1092 2696 animo
1123 2630 1315 2691 quam
1346 2629 1611 2696 corpore
1636 2610 2520 2696 yoiuntatem_ad_petendum
2550 2610 2900 2673 elicientem
2933 2618 3140 2694 (num.
3169 2618 3205 2675 3
3240 2622 3303 2677 et
3322 2616 3421 2696 4);
3461 2616 3519 2678 id
3546 2617 3739 2695 quodet

394 2695 461 2778 in
494 2690 620 2778 alio
654 2694 956 2778 miraculo
983 2690 1301 2754 caecorum
1335 2692 1604 2778 duorum
1630 2692 1773 2778 fecit
1793 2690 1992 2778 (num.
2021 2692 2108 2769 5).
2135 2690 2649 2778 Tumoccasione
2672 2699 2927 2778 sumpta
2947 2690 3036 2755 ex
3059 2690 3464 2775 responsione
3486 2690 3744 2778 paralytici

394 2775 723 2859 hominem
758 2794 823 2836 se
844 2774 1080 2859 habere
1112 2773 2100 2859 negantis,Christidivinitatem
2132 2791 2272 2833 cum
2307 2771 2708 2859 humanitate
2738 2771 3244 2855 conjunctamet
3274 2771 3580 2859 utriusque
3604 2771 3745 2840 conli-

397 2858 608 2940 tendas
640 2856 1075 2940 necessitatem
1108 2855 1385 2940 ostendit
1411 2854 1611 2940 (num.
1642 2853 1705 2940 _6)
1737 2874 1751 2924 ;
1788 2852 2146 2940 Christique
2195 2852 2898 2940 omnipotentissimam,
2928 2864 2991 2918 et
3019 2875 3087 2919 se
3126 2859 3267 2920 sola
3314 2852 3623 2940 pollentem
3663 2860 3745 2919 vim

396 2939 791 3030 demonstrat
811 2938 900 3030 (_n.
923 2938 1132 3030 ‘7-10).
1163 2935 1404 3030 Deinde
1433 2934 2243 3030 imperium‘iiludChr‘isti,
2276 2936 2823 3030 quo‘paralyti‘cus
2852 2938 3087 2999 lectum
3117 2934 3331 3030 stium'
3351 2942 3412 3002 in
3448 2942 3745 3030 ferculo‘ex-

398 3026 653 3099 portare
677 3015 1043 3097 jubebatur,
1090 3015 1538 3097 interpretans,
1570 3015 1924 3099 digreditur
1966 3015 2028 3075 in
2060 3015 2255 3099 illum
2275 3015 2676 3099 Canticorum
2710 3018 2941 3093 locum,
2995 3039 3123 3099 quo
3171 3022 3466 3085 Salomon
3518 3022 3743 3085 ferculum

400 3096 523 3160 sibi
549 3096 769 3161 fecisse
800 3107 1189 3161 memoratur
1218 3096 1522 3180 ;eumque
1545 3098 1625 3157 ad
1651 3097 2005 3180 passionem
2030 3096 2262 3180 Christi
2286 3097 2623 3180 allegorice
2644 3100 2871 3173 refert;
2900 3096 3075 3180 prius
3104 3122 3373 3165 monens
3398 3124 3513 3165 non
3541 3121 3744 3166 commu-

404 3200 547 3267 nem
581 3187 643 3243 et
663 3182 999 3261 profanum
1032 3181 1212 3267 illum
1243 3179 1474 3267 iibriim
1509 3179 1803 3267 esse,_sed
1837 3178 2151 3267 mysteriis
2175 3177 2403 3267 Christi
2430 3177 3030 3267 passionisplenum
3063 3181 3437 3267 (n._10-12).
3470 3186 3552 3248 Ad
3578 3201 3743 3267 propo-

406 3263 597 3323 situm
631 3260 973 3336 revertens,
1000 3260 1287 3346 miraculi
1313 3280 1351 3321 a
1379 3260 1636 3346 Christo
1656 3260 1819 3346 facti
1836 3260 2221 3346 celeritatem
2245 3264 2306 3320 et
2336 3260 2705 3346 facilitatem
2740 3261 2956 3346 laudat
2986 3264 3073 3346 (ιιΪ
3113 3265 3259 3346 13);
3298 3260 3490 3328 multo
3517 3260 3746 3327 difﬁcilio-

402 3362 535 3404 rem
569 3350 792 3405 sanatu
826 3350 1054 3404 notans
1082 3342 1450 3405 Judaeorum
1482 3340 1640 3401 illud
1673 3340 1968 3418 malignis
1991 3340 2190 3401 oculis
2219 3341 2610 3422 cernentium
2642 3347 2705 3402 et
2726 3340 3328 3422 reprehendentium
3369 3348 3739 3411 inﬁdelitatem.

405 3443 598 3505 quam
626 3426 762 3504 ipso
796 3424 1082 3509 miraculi
1104 3428 1422 3509 suspectu,
1457 3428 1519 3483 et
1543 3422 1773 3509 Christi
1793 3422 2093 3502 potentias
2122 3420 2631 3509 consideratione
2652 3420 3163 3509 sanariparerat
3185 3426 3278 3508 (n,
3306 3433 3380 3491 14
3402 3437 3461 3491 et
3480 3429 3580 3509 15).
3598 3427 3743 3488 Chris-

401 3502 535 3567 tum
569 3502 790 3586 postea
808 3506 888 3567 ad
911 3506 1276 3567 evitandum
1308 3504 1597 3586 miraculi
1630 3503 1919 3586 plausum
1951 3522 2016 3563 se
2046 3502 2419 3586 subduxisse
2445 3503 2810 3578 observans,
2844 3502 3125 3567 ﬁdelium
3170 3502 3355 3571 donis
3386 3502 3735 3571 miraculorum

400 3583 677 3668 acceptis
705 3587 1114 3666 gloriantium
1150 3586 1544 3668 praecipitem
1566 3583 1979 3663 jactationem
2006 3584 2287 3644 retundit
2310 3583 2400 3663 (n.
2438 3587 2559 3663 16),
2594 3603 2669 3645 ac
2692 3587 2999 3668 monitum
3026 3588 3262 3652 Christi
3292 3593 3371 3653 ad
3402 3597 3632 3653 sanatum
3654 3586 3731 3668 lio;

398 3663 655 3746 minem,
690 3663 768 3729 ne
806 3669 1080 3753 amplius
1111 3663 1327 3747 peccet
1348 3663 1670 3753 deteriora
1700 3684 2134 3753 perpessurus_,
2169 3683 2498 3753 recensens
2533 3686 2547 3741 ;
2592 3666 2805 3753 omnia
2827 3669 3259 3753 _mala_nostra
3285 3693 3361 3734 ex
3384 3670 3604 3753 peccatis
3621 3663 3725 3753 eriri

398 3757 597 3825 notat,
634 3770 836 3830 eaque
858 3751 1196 3833 diligenter
1226 3749 1619 3833 amputanda
1660 3754 1895 3833 monet,
1931 3765 2047 3807 nec
2092 3747 2203 3833 I_)_ei
2235 3748 2541 3833 patientia
2571 3747 2958 3810 abutendum
2991 3749 3083 3833 (η.
3116 3754 3245 3833 17).
3304 3747 3452 3816 Inde
3498 3748 3732 3833 occasione

394 3824 648 3912 sumpta
669 3824 752 3892 ei
777 3833 940 3892 lecta
969 3824 1255 3910 superius
1285 3824 1352 3890 iri
1375 3830 1639 3912 ecclesia
1671 3829 1849 3912 Pauli
1879 3827 2151 3908 apostoli
2181 3824 2517 3912 sententia,
2550 3848 2932 3912 sensumque
2954 3824 3091 3909 ejus
3121 3824 3485 3907 en'ucleans,
3508 3824 3734 3912 variasad

392 3907 689 3997 virtutem
714 3907 1105 3997 hortationes
1134 3911 1463 3997 subjungit
1496 3910 1849 3997 (_n._18)_;_et
1877 3907 2324 3971 cemmendata
2352 3909 2417 3970 in
2438 3909 2755 3973 Christum
2796 3907 3051 3987 fiducia,
3103 3916 3394 3997 episcopi
3434 3911 3660 3978 orationi
3677 3907 3727 3966 10-

396 4012 539 4055 cum
569 3996 874 4067 facturus,
908 4012 1036 4053 suae
1068 3994 1258 4053 finem
1289 3992 1560 4072 imponit
1587 3991 1676 4067 (η.
1715 3991 1838 4072 19).

468 4075 549 4135 ΙΙΙ
583 4076 917 4135 Homiliam
951 4074 1138 4142 hanc.
1173 4092 1249 4156 ex
1273 4069 1565 4156 msfeod.
1592 4069 1949 4156 Bodleianaa
1973 4071 2377 4156 bibliothecae
2408 4090 2582 4156 num.
2608 4075 2687 4156 25
2720 4078 2940 4156 notato
2962 4069 3732 4156 expressam,primusinlu-

387 4174 523 4237 cem
549 4156 744 4216 edidit
765 4157 1043 4217 Thomas
1074 4154 1373 4217 Millesius
1395 4154 1457 4214 in
1483 4154 1822 4237 Oxoniensi
1849 4154 2064 4237 Cyrilli
2096 4153 2652 4237 Hierosolymitani
2683 4155 2956 4237 editione
2986 4153 3137 4217 anni
3173 4162 3357 4222 1303.
3378 4153 3497 4221 Sed
3517 4173 3633 4237 qum
3653 4167 3733 4237 Ott}-

393 4236 569 4296 nium
601 4237 946 4298 editionum
982 4255 1055 4297 ex
1080 4255 1207 4297 uno
1230 4238 1540 4297 duntaxat
1561 4235 1779 4295 codice
1800 4229 2251 4295 adornatorum
2286 4229 2541 4295 fortuna
2579 4240 2691 4308 est,
2734 4235 2798 4294 in
2834 4237 3038 4297 medio
3094 4242 3322 4302 mutila
3344 4249 3454 4315 est,
3485 4229 3737 4300 et'mendis

392 4316 961 4378 innumerabilibus
985 4337 1268 4396 respersa
1294 4336 1309 4392 ;
1334 4336 1478 4378 nam
1509 4316 1743 4377 codicis
1763 4317 1860 4376 sui
1879 4317 2257 4397 scripturam
2281 4316 2485 4397 editor
2506 4334 2754 4377 summa
2776 4317 2897 4377 fide
2918 4318 3126 4397 qualis
3148 4328 3288 4383 erat
3310 4320 3553 4383 omnino
3577 4328 3737 4393 reptab-

395 4399 681 4481 sentavit,
705 4399 968 4477 adjectis
989 4400 1283 4481 adimam
1309 4399 1685 4481 paginarum
1708 4398 1945 4481 calcem
1970 4396 2248 4481 scholiis,
2277 4396 2506 4476 quibus
2523 4416 2677 4481 suas
2698 4397 2776 4459 de
2799 4396 3200 4463 emendando
3228 4409 3398 4464 textu
3421 4403 3737 4481 conjecturas

398 4480 719 4558 proponit.
756 4474 957 4541 Nosin
989 4474 1374 4541 bibliotheca
1395 4474 1911 4540 Christianissimi
1942 4478 2106 4557 regis
2144 4474 2340 4540 unum
2373 4479 2677 4560 orationis
2707 4482 2842 4557 ejus
2880 4483 3208 4560 exemplar
3251 4484 3439 4558 nacti,
3488 4474 3545 4543 in
3587 4474 3739 4540 codice

400 4561 887 4623 membranaceo
906 4562 1225 4622 undecimi
1253 4562 1349 4621 vel
1380 4560 1739 4621 duodecimi
1769 4561 2016 4620 circiter
2045 4560 2258 4620 saeculi
2289 4566 2521 4641 notato,
2558 4559 2714 4620 2030
2744 4561 2806 4641 in
2840 4581 2965 4641 quo
2991 4559 3267 4625 habetur
3294 4566 3406 4626 fol.
3441 4566 3566 4634 135,
3594 4570 3739 4641 verso.

389 4642 684 4703 lacunam
720 4644 940 4705 mediae
974 4643 1248 4704 homilias
1279 4642 1694 4722 explevimus,
1729 4660 1803 4702 ac
1834 4641 2151 4721 permulta
2198 4640 2530 4719 Anglicani
2561 4640 2795 4702 codicis
2844 4638 3054 4704 errata
3085 4648 3509 4718 correximus;
3541 4638 3655 4702 falsi
3676 4643 3737 4722 ta-

392 4742 536 4783 men
568 4724 762 4785 alium
796 4726 1077 4785 codicem
1110 4742 1148 4785 a
1176 4716 1755 4801 nobis-desiderari,
1790 4716 1859 4782 ut
1895 4741 2057 4802 pura
2105 4728 2166 4783 et
2203 4716 2477 4802 perfecte
2525 4722 2829 4783 defaecata
2880 4726 3293 4803 producatur.
3342 4716 3597 4789 Tametsi
3628 4716 3739 4781 enim

393 4805 729 4867 amborum
762 4807 1047 4867 codicum
1080 4805 1336 4867 collatio
1370 4822 1671 4883 magnum
1703 4803 1784 4864 ad
1815 4810 2026 4864 textus
2055 4803 2560 4865 emendationem
2595 4810 2985 4865 momentum
3026 4809 3334 4881 attulerit,
3369 4808 3563 4867 adhuc
3590 4810 3738 4883 tamen

391 4894 731 4965 supersunt
762 4888 924 4949 necvi
954 4887 1283 4949 nonnulli;
1321 4878 1595 4946 maxime
1624 4886 1687 4945 in
1720 4903 1795 4945 ea
1826 4892 2003 4963 parte
2036 4884 2313 4945 homilia:
2336 4902 2527 4963 quam
2560 4903 2634 4945 ex
2671 4904 2795 4946 uno
2830 4887 3000 4964 regio
3032 4888 3251 4949 codice
3282 4878 3469 4961 edidi,
3495 4903 3616 4966 qua
3641 4878 3741 4940 alte-

391 4967 521 5028 rius
552 4970 784 5030 codicis
816 4969 1053 5029 auxilio
1084 4968 1393 5029 declarari
1424 4973 1485 5028 et
1514 4966 1838 5027 emendari
1862 4967 2163 5046 nequivit.
2190 4968 2259 5026 In
2291 4967 2389 5026 his
2419 4966 2575 5047 locis
2595 4966 2751 5026 nihil
2781 4967 2949 5027 aliud
2976 4968 3181 5031 facere
3212 4970 3369 5026 384
3392 4967 3740 5047 potui,qum

388 5054 459 5110 ut
488 5050 855 5129 conjectura
884 5050 1268 5130 supplerem.
1305 5049 1427 5112 Ubi
1466 5049 1799 5109 manifesta
1827 5048 1989 5110 ratio
2021 5048 2344 5130 cogebat,”
2368 5065 2494 5108 non
2524 5046 2809 5130 dubitavi
2837 5048 2901 5109 id
2934 5050 3103 5129 quod
3144 5046 3551 5130 conjiciebum
3581 5046 3739 5130 legetl'

391 5130 541 5191 dum
576 5123 777 5193 textui
806 5123 1104 5205 inserere,
1137 5150 1217 5191 ne
1245 5130 1582 5191 barbaram
1615 5135 1676 5191 et
1703 5123 2128 5211 inusitatam,—
2156 5134 2221 5189 et
2268 5128 2540 5211 alienam
2593 5123 3099 5211 lectionemfpro
3154 5150 3230 5193 ea
3261 5123 3403 5211 qua
3459 5123 3741 5211 indubitate

392 5211 732 5287 Cyrilliana
761 5213 1117 5285 videbatur,
1153 5212 1580 5273 obtruderem.
1615 5214 1699 5271 At
1726 5210 1836 5271 ubi
1868 5210 2024 5271 nihil
2055 5211 2209 5271 certi
2256 5209 2657 5289 suppetebat,
2709 5209 3157 5290 repraesentata
3218 5209 3364 5274 mss.
3425 5210 3675 5274 lectione,
3699 5213 3742 5256 ιΙΙ

389 5290 557 5353 notis
589 5312 793 5355 meam
828 5293 1258 5373 conjecturam
1291 5292 1585 5363 iudicavi,
1611 5291 1875 5351 liberam
1910 5291 2177 5352 aliorum
2214 5290 2593 5373 conjecturis
2622 5290 2825 5352 aleam
2866 5294 3250 5373 relinquens.

474 5374 575 5434 IV.
612 5378 677 5435 ln
710 5371 1060 5454 Anglicana
1090 5375 1365 5436 editione
1394 5377 1885 5454 repmsentatur
1960 5374 2097 5434 uasi
2123 5373 2305 5433 initio
2339 5371 2604 5437 mutila:
2639 5373 2853 5452 sicque
2885 5371 3154 5437 habetur
3184 5375 3321 5453 ejus
3368 5372 3597 5434 initium
3628 5376 3744 5449 pri?

482 5454 532 5509 is
563 5456 807 5509 alinnnt
839 5457 1084 5509 minatis
1116 5457 1481 5509 continuata
1513 5454 1806 5509 nositis...
1841 5392 1978 5509 051’
2010 5451 2069 5507 ἃν
2103 5455 2243 5509 φανῆ
2272 5452 2505 5509 Ἰησοῦς.
2534 5456 2625 5509 Ac
2672 5471 2891 5509 revera
2940 5456 3249 5509 narlicula
3283 5450 3340 5509 δὲ
3367 5452 3631 5509 aumdam
3657 5440 3743 5502 alia

388 5454 532 5516 ﬁxis
563 5440 1084 5535 aliquotvpunctis
1116 5440 1485 5517 continuata
1513 5454 1806 5535 positis...
1841 5450 1903 5506 οὗ
1931 5440 1941 5507 ἕ

2189 5455 2243 5526 θῇ
2272 5452 2505 5535 Ἰησοῦς.
2534 5456 2625 5535 Ac
2672 5440 2891 5516 revera
2940 5440 3249 5535 particula
3283 5450 3340 5509 δὲ
3367 5440 3742 5535 quaedam}!lia

388 5526 790 5617 praecessisse
820 5526 1154 5617 signiﬁcat.
1190 5537 1371 5598 Haud
1402 5526 1617 5599 tamen
1647 5535 1929 5617 declarat
1961 5526 2257 5617 Millesius
2288 5540 2443 5613 quot
2473 5533 2646 5617 folia,
2679 5536 2779 5596 vel
2805 5526 3101 5616 quaifolii
3123 5556 3268 5617 pars
3291 5526 3448 5617 der-it
3470 5535 3527 5617 in
3557 5526 3737 5617 οοξίἱρςς

386 5600 469 5679 λι
496 5618 561 5703 in
595 5638 710 5703 ms.
744 5600 936 5703 regiae
969 5618 1369 5703 bibliothecas
1400 5619 1584 5703 libro,
1621 5616 1794 5676 nulla
1825 5636 2080 5703 prorsus
2111 5600 2486 5703 cujusquam
2538 5600 2844 5703 defectus:
2867 5600 3264 5703 signiﬁcatio.
3325 5614 3543 5695 Incipit
3581 5600 3741 5703 .8331“?

383 5700 612 5773 verbis,
648 5697 787 5754 ὅπου
818 5695 877 5755 ἃν
910 5702 1049 5776 φανῇ
1082 5697 1337 5771 Χριστός,
1362 5707 1484 5762 etc.
1520 5699 1781 5761 Litttera
1810 5704 1859 5760 υ
1900 5717 1936 5758 n

2188 5698 2250 5759 la
2306 5697 2628 5780 adpictam
2677 5698 2865 5778 piscis
2913 5700 3201 5780 ﬁguram,
3266 5703 3513 5780 propter
3533 5695 3739 5780 piscina!

383 5782 792 5860 mentionem,
825 5772 1406 5859 circumplectente.
1439 5781 1609 5844 Nihil
1639 5798 1896 5861 prorsus
1926 5772 2316 5843 ad'homiliaa
2338 5772 2531 5860 hujus
2560 5772 2994 5860 integritatem
3022 5772 3235 5857 deest;
3266 5772 3346 5843 ut
3372 5772 3424 5841 si
3450 5772 3584 5859 quid
3618 5779 3741 5849 Ρῑθθ·
