3932 6378
177 424 333 488 1129
1310 423 1483 485 ΗΟΜ
1499 423 1661 485 ILIA
1708 425 1785 485 IN
1830 424 2418 492 PAltALYTlCUM.
3455 443 3615 505 1130

185 558 544 645 termissum
575 554 675 627 sit,
699 552 867 645 nihil
898 552 1072 645 aliud
1104 558 1332 645 praeter
1362 556 1738 639 principium
1789 560 2112 637 quoddam
2162 562 2289 624 sive
2330 562 2660 624 exordium
2695 565 2955 627 minime
3018 572 3469 645 necessarium,
3503 584 3618 639 aut

181 660 312 703 una
339 640 618 700 alterave
650 638 916 715 phrasis,
942 634 1192 696 deessse
1220 637 1527 698 videatur.

262 722 333 781 V.
356 719 679 805 pabulas
708 716 1010 805 orationis
1040 723 1296 805 auctore
1321 719 1453 805 jam
1487 719 1967 805 disquirendum
1997 729 2301 801 superest.
2336 724 2540 786 Ambo
2591 725 2857 795 codices,
2912 730 3293 805 Anglicanus
3324 739 3385 792 t‘t
3415 736 3612 797 Calli-

181 820 315 892 cus.
344 798 572 892 Cyrilli.
596 797 1140 892 Hierosolymitani
1172 816 1402 889 nomen
1435 797 1626 892 hujus
1648 800 1842 892 fronti
1871 797 2511 892 intixuumprmferunt
2545 824 2559 867 :
2598 825 2709 867 nec
2741 797 3090 887 quidquam
3126 819 3219 872 est
3249 817 3417 892 quod
3453 818 3601 878 huic

177 880 573 974 inscriptiuni
626 880 1145 974 opponi-possit;
1207 880 1337 941 imo
1383 882 1581 940 multa
1629 891 1776 941 sunt
1824 901 1968 960 quae
2012 885 2312 963 Cyrillum
2374 894 2719 960 auctorem,
2762 880 3206 968 'mea'quittem
3266 880 3604 974 sententia,

179 965 431 1024 abunde
463 960 918 1019 demonstrent.

256 1043 359 1104 Vl.
393 1048 485 1135 ᾼο
517 1041 722 1135 primo
756 1039 1012 1135 quidem
1048 1038 1324 1100 humilia;
1374 1039 1553 1133 istius
1612 1042 2052 1135 antiquitatem
2096 1044 2285 1135 plura
2336 1048 2733 1135 confirmant.
2797 1050 3018 1135 Adhuc
3049 1054 3216 1113 enim
3250 1074 3322 1115 ea
3354 1057 3607 1135 vigebat

179 1123 599 1211 consuetudo,
635 1127 702 1180 ut
736 1122 915 1197 plura
945 1119 1022 1211 inn“
1043 1138 1166 1181 una
1196 1121 1417 1211 synaxi
1467 1119 2015 1211 concionarentur,
2049 1119 2119 1211 et
2138 1135 2494 1211 postremus
2540 1130 2820 1190 omnium
2871 1132 3204 1211 episcopus
3280 1119 3452 1196 Nam,
3488 1140 3605 1199 sub

178 1204 487 1295 orationis
519 1203 704 1295 finem
741 1218 916 1295 num;
948 1199 1028 1295 20
1061 1209 1309 1295 veretur
1340 1222 1417 1262 ne
1439 1204 1674 1295 patr-is,
1730 1204 1850 1295 hoc
1880 1213 1974 1265 est
2005 1199 2306 1295 episcopi,
2344 1209 2648 1270 doctrinae
2681 1219 2742 1269 et
2771 1199 3054 1272 concioni
3086 1199 3199 1274 sua
3229 1216 3309 1275 ob
3345 1219 3604 1295 prolixi-

176 1292 372 1377 “Hem
405 1283 858 1377 ίιῖτρθάβιηθυιο
892 1282 1102 1377 Ῡιξξυλνθι
1127 1282 1232 1377 fit.
1266 1291 1329 1343 et
1359 1284 1729 1377 ξυιξιίξῐιίρτᾶ
1758 1284 1943 1377 abeo
1974 1282 2069 1346 vei
2087 1288 2167 1377 ba
2199 1282 2623 1377 exspectanda
2656 1292 2766 1351 ait.
2802 1295 3040 1377 Notum
3082 1303 3291 1355 autem
3340 1282 3435 1359 est
3480 1300 3603 1377 Cy-

173 1368 413 1451 rillum,
449 1384 574 1451 quo
608 1371 888 1451 tempore
936 1363 1305 1451 Catechesfs
1363 1363 1661 1436 habebat,
1721 1365 2030 1451 nimirum
2050 1376 2194 1427 ante
2246 1363 2681 1451 episcopatum
2739 1392 2921 1432 suum
2967 1374 3231 1451 singulis
3261 1363 3603 1451 synaxibils

176 1442 542 1509 concionuri
565 1444 825 1533 solitum
859 1461 1016 1533 esse.
1047 1443 1136 1503 Eo
1181 1443 1368 1503 etiam
1404 1451 1687 1533 tempore
1716 1448 2075 1533 communia
2106 1442 2479 1509 erant—inter
2509 1451 2748 1533 fideles,
2784 1453 2955 1514 nulla
2985 1442 3215 1533 insigni
3246 1442 3595 1520 sanctitatis

185 1537 333 1589 nota
364 1524 759 1603 conspicuos,
792 1524 1785 1609 somniorumpropheticorum,
1822 1529 2246 1602 curationum,
2297 1536 2359 1590 et
2411 1532 2929 1609 expellendorum
2980 1524 3340 1596 daemonum
3391 1541 3598 1606 dona:

190 1610 335 1669 dum
364 1615 543 1667 notat
573 1623 745 1694 num.
780 1606 878 1694 16,
914 1604 965 1694 _s_i
988 1606 1087 1694 cui
1116 1604 1479 1694 huiusmodi
1512 1625 1833 1694 successus
1878 1612 2271 1694 contingant,
2325 1611 2469 1671 inde
2494 1604 2809 1694 ihomines
2858 1617 3090 1690 passim
3137 1618 3343 1677 efl'erri
3374 1604 3599 1694 solere,

182 1708 375 1768 eaque
404 1706 529 1747 non
566 1686 852 1771 modesto
883 1684 1133 1771 silentio
1165 1686 1580 1771 supprimere,
1614 1686 1719 1771 sed
1756 1684 2448 1767 gloriantcr'evulgare.
2484 1693 2703 1771 Cyrilli
2734 1684 2944 1754 autem
2995 1706 3184 1757 aetate
3234 1684 3596 1761 observavi;

176 1765 313 1853 mus
346 1766 699 1853 frequentia
729 1766 917 1853 fuisse
950 1765 1085 1825 haec
1121 1767 1337 1853 primae
1369 1768 1577 1853 {etatis
1608 1765 2011 1853 charismata,
2040 1771 2127 1829 ita
2162 1780 2227 1830 ut
2276 1765 2417 1831 cum
2471 1765 2764 1850 baptismi
2814 1776 3041 1853 gratia,
3095 1782 3440 1840 secundum
3491 1799 3601 1842 cu-

163 1848 398 1934 jusque
432 1847 578 1934 fidei
611 1847 1082 1934 proportionem
1115 1848 1448 1934 ordinariae
1482 1850 1999 1934 concederentur.
2035 1853 2191 1934 Vide
2221 1861 2344 1912 cat.
2384 1854 2440 1922 1,
2476 1847 2648 1914 num.
2679 1857 2749 1926 5;
2801 1847 2923 1916 cat.
2961 1847 3118 1923 5.'n.
3153 1861 3190 1917 9
3220 1870 3278 1919 et
3305 1863 3373 1919 11
3406 1878 3420 1934 ;
3472 1869 3595 1923 cat.

172 1926 266 2003 13,
294 1926 474 2018 hum.
497 1932 610 2001 ‘23;
649 1936 771 2018 cat.
941 1945 1115 2018 num.
1149 1926 1595 2018 :37._l.’-r_teterea
1622 1926 1921 2018 simplex
1975 1929 2166 2018 hujus
2195 1935 2472 2018 auctoris
2503 1936 2822 2018 theologia
2877 1938 3034 1996 nihil
3091 1926 3595 2018 theologic'orum

169 2011 623 2072 vocabulorum
651 2009 989 2089 admistum
1016 2007 1228 2068 habet.
1260 2009 1415 2069 Vide
1447 2010 1741 2070 disertam
1770 2007 1831 2071 et
1855 2007 2248 2089 perspicuam
2277 2013 2625 2074 divinitatis
2650 2007 3154 2078 et‘humanitatis
3186 2007 3414 2081 Οἱςινῖείί
3438 2041 3585 2082 con-

165 2092 526 2179 fes-iuueni,
562 2108 731 2179 num.
755 2089 818 2155 6.
848 2088 1053 2179 qualis
1076 2089 1334 2179 omnino
1373 2090 1647 2179 habetur
1677 2096 1799 2179 cat.
1836 2088 1933 2163 12,
1965 2111 2138 2179 num.
2176 2095 2232 2166 1,
2267 2094 2487 2153 iisdem
2523 2098 2979 2179 propemodum
3015 2100 3215 2158 verbis
3256 2120 3592 2179 expressa.

246 2171 1069 2258 VII._Secu_ndo,‘auctorem
1107 2169 1554 2258 Hierosolyma:
1577 2173 1896 2258 scripsisse
1926 2173 2169 2258 suadet,
2207 2193 2330 2258 non
2359 2169 2599 2258 tantum
2635 2169 2695 2235 id
2738 2177 2906 2253 quod
2932 2198 3105 2237 num.
3140 2179 3176 2238 2
3210 2182 3286 2240 de
3339 2169 3593 2258 piscinae

166 2253 513 2335 probaticae
551 2250 967 2335 descriptione
1001 2250 1213 2335 tradit,
1250 2253 1448 2335 plane
1466 2252 1675 2335 simile
1690 2253 1745 2335 ei
1775 2253 1945 2335 quod
1979 2252 2520 2335 Hierosolyuulani
2557 2250 2875 2316 Ili'nerarz'z'
2900 2266 3123 2317 auctor
3152 2250 3370 2321 eadem
3402 2272 3589 2323 aetate

166 2331 514 2397 narrabat:
549 2351 763 2413 verum
793 2332 979 2391 etiam
1016 2331 1186 2408 quod
1219 2349 1391 2391 num.
1429 2331 1612 2413 12de
1634 2332 1967 2393 Gabbatha
1999 2333 2285 2413 loquens,
2322 2356 2425 2394 seu
2458 2336 2841 2397 Lithrostoto
2872 2338 2934 2397 in
2970 2338 3212 2399 aedibus
3246 2343 3431 2402 Pilati
3480 2361 3591 2403 ex-

170 2419 455 2486 sistentc,
480 2414 590 2496 ait,
624 2412 1249 2496 auditorem_tantu_m
1282 2411 2010 2496 non__ad_inspectionem
2047 2411 2324 2496 lusorum
2360 2418 2729 2496 remittens;
2766 2437 2892 2496 quo
2934 2419 2995 2478 in
3054 2422 3190 2479 loco
3220 2440 3294 2481 ea
3327 2425 3600 2485 formula

169 2497 420 2558 dicendi
454 2495 669 2564 utitur,
704 2495 946 2553 Norunt
978 2492 1260 2577 Ecclesia
1292 2493 1722 2577 studiosi,"tua

2043 2494 2386 2577 _’Eza)w,:io_z:
2419 2493 2730 2577 στῖοιξδαῖοι,
2768 2492 2986 2577 quain
3030 2500 3218 2561 simili
3267 2505 3596 2565 occasione

169 2597 314 2639 usus
346 2581 443 2637 est
474 2582 594 2635 cat.
631 2577 726 2645 13,
763 2592 939 2633 num.
974 2573 1071 2631 26.
1107 2567 1331 2627 Οἳδασεν
1358 2571 1411 2624 οἱ
1442 2566 1722 2624 σπουδαῖοι

1023 2573 1071 2631 Β.
1107 2567 1331 2627 ΟἸδασεν
1358 2571 1411 2624 οἱ
1442 2566 1732 2624 σπουδαῖοι
1763 2577 1862 2640 τῆς
1898 2569 2230 2642 Ἐκκλησίας
2259 2572 2576 2647 ψαλμῳδοί,

241 2658 406 2718 Vlll.
440 2655 653 2717 Tertio
682 2656 881 2732 stylus
909 2654 1045 2731 ipse
1076 2660 1136 2714 et
1166 2653 1414 2735 dicendi
1447 2653 1606 2713 ratio
1636 2653 1991 2731 Cyrillianae
2022 2655 2281 2732 similis;
2316 2657 2376 2716 in
2413 2658 2586 2718 varia
2619 2658 2904 2719 membra
2954 2661 3262 2735 concisus,
3298 2682 3423 2723 non
3457 2682 3593 2724 am-

169 2738 454 2818 pullatus
484 2744 590 2798 aut
619 2736 900 2818 grandis.
934 2735 1043 2818 sed
1077 2733 1404 2818 familiaris
1434 2740 1496 2794 ct
1525 2735 1731 2818 qualis
1762 2736 2211 2813 extemporalis
2241 2738 2567 2808 orationis,
2602 2740 2958 2817 cujusmodi
3005 2749 3153 2801 sunt
3181 2733 3401 2803 omnes
3431 2754 3594 2805 cate-

167 2815 407 2889 cheses,
444 2836 578 2877 esse
607 2816 787 2898 solet.
825 2815 1186 2898 Scripturas
1218 2815 1580 2898 frequenter
1609 2816 1762 2875 citat
1790 2823 2032 2887 auctor,
2068 2835 2172 2876 eas
2202 2819 2549 2896 explanans
2582 2815 2988 2898 paraphrasis
3018 2824 3079 2881 in
3117 2825 3372 2884 modum
3400 2843 3413 2896 ;
3453 2827 3593 2885 bre-

166 2903 349 2984 vibus
383 2897 730 2984 sententiis,
767 2895 1177 2974 expositionis
1207 2895 1433 2984 gratia,
1468 2914 1685 2984 earum
1719 2898 1910 2984 verba
1941 2899 2370 2984 Intercipiens,
2406 2895 2597 2978 atque
2626 2895 2967 2961 identidem
3003 2910 3331 2981 repetens;
3374 2906 3594 2984 sicque

166 2983 563 3062 continuens,
599 2979 799 3037 donec
831 2984 1034 3062 totum
1067 2983 1427 3062 contextum
1459 2976 1578 3035 sibi
1612 2982 2004 3062 propositum
2039 2978 2379 3039 absolverit
2412 2998 2427 3050 ;
2483 2976 2791 3058 praeterea
2835 2976 3090 3043 crebris'
3118 2976 3598 3062 parenthesibus

165 3065 261 3123 vel
294 3061 649 3121 orationem
685 3058 1018 3139 suam,‘vel
1050 3057 1616 3139 ritatab‘cripturae
1659 3058 1849 3139 verba
1887 3058 2375 3138 interrumpens.
2424 3057 2496 3121 Idi
2546 3062 2605 3121 in
2655 3064 2947 3122 omnibus
2979 3057 3431 3139 cateI-hesibus,
3466 3073 3599 3128 tute

169 3142 543 3209 observasti,
580 3149 772 3223 atque
801 3139 862 3198 in
892 3137 1015 3223 hac
1050 3138 1671 3223 humiliaperspicue
1702 3138 2153 3217 deprehendes,
2194 3137 2540 3219 prmsertim
2575 3161 2747 3203 num.
2787 3143 2860 3203 10
2891 3151 2952 3204 et
2980 3147 3039 3204 5.
3095 3137 3597 3223 Digressionibus

162 3224 551 3306 quandoque
584 3220 785 3297 longis
819 3221 1013 3306 utitur
1043 3220 1331 3306 Cyrinus“,
1371 3227 1435 3306 ut
1466 3225 1588 3278 cat.
1624 3221 1685 3289 6,
1722 3239 1895 3279 num.
1930 3224 2005 3306 29
2033 3230 2202 3306 :_cat.
2241 3224 2338 3291 16,
2376 3241 2547 3306 num.
2586 3227 2697 3290 M;
2737 3226 2931 3306 habes
2961 3220 3216 3305 quoque
3236 3227 3418 3287 isthic
3453 3246 3596 3306 pro-

160 3298 384 3373 lixam,
420 3298 563 3382 quae
597 3306 892 3361 numeros
925 3300 1021 3384 10,
1059 3302 1225 3384 liet
1256 3298 1354 3367 12,
1407 3300 2205 3384 intcgros__complectitur.
2270 3303 2626 3380 Scripturas
2685 3305 2786 3364 hic
2823 3298 3134 3384 mystica,"
3169 3313 3230 3367 et
3288 3317 3356 3367 ut
3387 3298 3592 3384 vocat,

158 3380 669 3463 contemplatrice,
728 3400 833 3442 seu
886 3380 1228 3467 allegorica
1274 3380 1743 3467 commentandi
1796 3382 2561 3467 ratione__interpretatur,
2619 3380 2962 3467 praesertim
3016 3380 3189 3446 num.
3254 3388 3328 3448 10
3363 3380 3593 3467 etsqq.

162 3468 342 3527 Hanc
376 3460 588 3525 autem
620 3460 1334 3544 extracatechesesipsi
1363 3462 1720 3544 Scripturas
1767 3462 2104 3522 enarrandi
2162 3460 2681 3524 consuetudinem
2742 3466 2932 3526 fuisse
2989 3468 3302 3544 significat
3333 3475 3456 3530 cat.
3498 3460 3594 3542 13,

158 3565 339 3608 num.
374 3552 436 3619 9,
470 3563 596 3624 quo
629 3545 767 3625 loco
798 3543 984 3625 docet
1012 3540 1395 3625 cate‘chesim‘
1423 3541 1609 3625 aliud
1628 3542 1879 3601 dicendi
1910 3563 2130 3619 genus,
2168 3544 2467 3605 faciendae
2502 3546 2538 3604 ti
2564 3546 2643 3605 iei
2688 3548 2916 3625 aptius,
2958 3540 3276 3624 postulare
3305 3569 3318 3608 :
3356 3569 3469 3609 nec
3505 3540 3597 3609 tal-

158 3646 307 3688 men
338 3629 405 3687 in
434 3620 877 3685 Catechesibus
911 3622 1163 3683 litterali
1192 3620 1402 3681 sensui
1451 3620 1539 3682 ita
1594 3621 1873 3706 intentus
1903 3631 2017 3696 est,
2057 3629 2123 3683 ut
2152 3642 2278 3685 non
2327 3625 2682 3703 allegoricis
2733 3620 2812 3686 ac
2872 3620 3173 3706 mysticis,
3211 3647 3354 3689 cum
3392 3648 3456 3689 se
3486 3631 3598 3691 dat

175 3708 449 3778 occasio,
483 3705 752 3766 libenter
780 3708 1155 3764 immoratur
1184 3721 1258 3762 ex
1291 3702 1768 3762 consuetudine.

261 3788 375 3848 IX.
404 3789 635 3859 Quarto
667 3785 904 3845 similes
934 3786 996 3844 in
1030 3784 1148 3866 hac
1179 3783 1465 3866 homilia,
1501 3791 1691 3861 atque
1720 3782 1783 3842 in
1806 3783 2284 3866 Catechesibus,
2334 3804 2406 3846 ac
2440 3804 2597 3865 pene
2628 3786 2706 3846 ad
2740 3787 3001 3847 verbum
3054 3788 3338 3866 repetitae
3376 3789 3593 3850 obser-

177 3874 408 3927 vantur
434 3868 783 3927 sententiae.
814 3864 1171 3926 Nonnullae
1194 3864 1330 3942 jam
1361 3882 1554 3941 supra
1585 3882 1759 3929 num.
1794 3863 1829 3924 6
1861 3872 1922 3925 et
1953 3865 1986 3923 7
2028 3863 2525 3927 observavimus.
2571 3869 2659 3927 En
2692 3868 2846 3928 alias
2874 3887 2887 3935 ;
2924 3863 3238 3929 Christ—um
3273 3869 3423 3927 835
3459 3889 3597 3929 cor-

170 3965 406 4028 porum
439 3955 503 4009 et
531 3949 886 4007 animarum
924 3944 1234 4028 medicum
1268 3944 1484 4005 iisdem
1519 3962 1676 4028 pene
1708 3946 1912 4005 verbis
1944 3947 2127 4028 docet
2156 3948 2217 4006 in
2254 3947 2370 4007 hac
2404 3948 2687 4018 homiliri,
2714 3968 2883 4008 num.
2909 3953 2970 4018 2,
3006 3958 3067 4009 et
3098 3957 3220 4009 cat.
3257 3949 3353 4018 10,
3392 3970 3451 4009 n.
3486 3948 3553 4010 t3
3584 3967 3599 4023 ;

171 4026 305 4110 quo
337 4031 528 4089 etiam
562 4029 621 4089 in
662 4031 820 4110 loco,
857 4033 926 4087 ut
954 4033 1018 4086 et
1182 4044 1356 4085 num.
1391 4028 1489 4110 l9,
1527 4026 1836 4110 hortatur,
1874 4035 1940 4087 ut
1971 4027 2080 4104 qui
2110 4028 2427 4110 corporeis
2459 4028 2857 4089 conﬂictatur
2879 4029 3136 4104 metbis,
3171 4030 3249 4090 ad
3284 4030 3597 4091 Christum

167 4106 528 4188 confugiat.
564 4109 880 4171 Christum
913 4107 1208 4169 omnibus
1238 4106 1451 4166 omnia
1481 4107 1646 4188 effici
1677 4106 1897 4167 eodem
1937 4110 2124 4167 modo
2155 4110 2307 4169 dicit
2341 4109 2438 4169 hic
2470 4128 2645 4169 num.
2679 4113 2716 4169 9
2748 4116 2807 4169 et
2838 4117 2959 4170 cat.
2998 4110 3096 4182 10,
3146 4131 3319 4171 num.
3356 4112 3409 4171 5.
3448 4112 3599 4182 Quae

165 4192 279 4251 hic
314 4186 403 4251 de'
424 4191 672 4251 Christo
706 4209 829 4249 una
859 4208 932 4250 ex
966 4196 1143 4266 parte
1174 4191 1324 4259 Deo,
1358 4205 1434 4247 ex
1466 4186 1664 4248 altera
1697 4189 1974 4260 homine,
2011 4189 2257 4248 disserit
2282 4208 2454 4249 num.
2491 4189 2550 4260 6,
2588 4191 2772 4268 plane
2801 4192 3030 4251 similia
3061 4198 3208 4252 sunt
3237 4192 3442 4251 verbis
3471 4199 3594 4252 cat.

164 4274 231 4343 4,
273 4290 447 4331 num.
482 4272 541 4331 9.
582 4274 659 4334 Ut
689 4269 878 4349 hujus
907 4268 1211 4352 orationis
1243 4287 1415 4352 num.
1449 4270 1508 4329 9.
1544 4269 1605 4328 in
1637 4269 1879 4352 Christe
1910 4288 2036 4328 non
2069 4288 2211 4330 eum
2246 4271 2354 4348 qui
2401 4279 2691 4352 apparet,
2753 4274 2859 4332 sed
2905 4291 3047 4331 eum
3083 4273 3190 4350 qui
3220 4274 3606 4352 operabatur

174 4353 246 4413 in
281 4371 357 4413 eo
387 4352 496 4431 qui
527 4354 896 4430 apparebat,
932 4349 1456 4410 considerandum
1494 4357 1745 4421 monet;
1780 4350 1870 4431 ita
1898 4356 2020 4409 cat.
2047 4352 2144 4421 11,
2181 4370 2356 4410 num.
2391 4349 2491 4428 20,
2530 4349 3189 4429 negatattendendnm
3223 4349 3301 4413 ad
3335 4372 3476 4413 eum
3501 4352 3610 4431 qui

173 4441 375 4494 natus
403 4430 500 4493 est
526 4433 591 4492 in
626 4433 970 4504 Bethleem,
1003 4434 1109 4490 sed
1140 4449 1284 4490 eum
1317 4432 1708 4490 adorandum
1741 4430 1850 4508 qui
1880 4431 2262 4508 sempiterno
2294 4433 2543 4508 genitus
2576 4442 2669 4492 est
2698 4452 2771 4494 ex
2808 4436 3012 4494 Patre.
3037 4434 3352 4494 Christum
3386 4454 3463 4496 ex
3493 4430 3610 4495 Pa-

171 4521 277 4575 tre
310 4513 644 4573 immediate
673 4511 957 4592 gvnitum
990 4512 1143 4571 dicit
1175 4511 1274 4570 hic
1305 4529 1480 4589 num,
1515 4509 1569 4580 6,
1610 4513 1776 4589 quod
1810 4511 2039 4589 repetit
2068 4518 2130 4571 et
2160 4514 2436 4590 explicat
2465 4519 2588 4572 cat.
2624 4513 2681 4585 7,
2719 4534 2893 4575 num.
2923 4518 2984 4585 4,
3018 4522 3081 4574 et.
3110 4522 3231 4576 cat.
3277 4517 3373 4583 11,
3430 4533 3604 4575 num.

173 4594 237 4656 7.
278 4594 594 4656 Christum
633 4591 789 4653 nutu
821 4593 1022 4653 Patris
1052 4592 1334 4651 omnium
1369 4592 1667 4652 factorem
1701 4593 1983 4671 appellat
2012 4591 2196 4652 isthic
2221 4612 2391 4652 num.
2420 4594 2478 4652 5.
2514 4596 2583 4653 In
2617 4595 3050 4655 catechesibus
3079 4614 3270 4673 saepe,
3302 4602 3363 4655 et
3393 4594 3454 4655 in
3490 4594 3611 4673 pri-

173 4676 304 4737 mis
335 4683 458 4735 cat.
495 4677 588 4739 11.
627 4694 688 4734 n.
727 4673 804 4733 22
833 4683 896 4734 et
926 4673 1024 4732 24.
1062 4672 1297 4733 Eadem
1331 4678 1426 4731 est
1451 4673 1781 4754 sententia,
1836 4673 2183 4752 eademque
2240 4674 2433 4754 verba
2464 4673 2540 4733 de
2572 4675 2840 4747 Christo,
2899 4672 3289 4754 prophetico,
3324 4672 3612 4750 quamvis

167 4775 295 4836 per
323 4755 630 4823 derisum,
663 4773 703 4836 _a
734 4754 1037 4814 militibus
1070 4772 1184 4836 pro
1217 4771 1364 4836 rege
1395 4751 1918 4836 salutato,_hujns
1948 4751 2109 4813 orat.
2144 4773 2320 4836 num.
2359 4753 2456 4824 12,
2491 4760 2553 4815 et
2584 4764 2683 4815 cat
2737 4754 2833 4832 13,
2871 4751 3043 4814 ηὐηι.
3108 4755 3205 4816 17.
3251 4756 3315 4814 ln
3350 4754 3470 4836 hac
3499 4754 3615 4814 ho-

173 4834 366 4897 inilia
398 4855 573 4896 num.
608 4834 711 4907 10,
745 4836 806 4894 in
841 4834 1457 4915 commendationem
1491 4834 1651 4894 sacri
1680 4834 2082 4894 Canticorum
2117 4835 2259 4894 libri
2287 4836 2584 4903 excurrit,
2617 4836 2831 4913 aitque
2864 4836 3171 4915 passionis
3218 4835 3447 4896 Christi
3481 4853 3618 4912 pro-

166 4917 508 4997 pheticum
541 4934 696 4978 esse.
730 4917 798 4977 Id
827 4915 1097 4976 maxime
1126 4914 1361 4997 Cyrillo
1397 4915 1747 4997 proprium.
1781 4915 2095 4997 quinullo
2123 4917 2247 4976 alio
2287 4916 2629 4995 Scriptura:
2680 4916 2841 4977 libro
2870 4914 3276 4977 familiarius
3304 4915 3611 4997 acliben-

166 4995 307 5060 tius
337 4999 428 5058 uti
459 4999 639 5070 solet,
679 4998 1026 5075 multrsque
1058 4997 1121 5055 in
1153 5014 1227 5056 eo
1260 4996 1487 5057 Christi
1521 4997 1825 5075 passionis
1856 4996 2360 5057 circumstantias
2395 4997 2807 5075 prophetatas
2828 5016 2962 5057 esse
2993 4997 3337 5057 contendit.
3371 4995 3615 5056 Similia

167 5098 442 5159 prorsus
473 5079 550 5139 de
585 5079 767 5159 horto
790 5078 853 5138 in
886 5097 1010 5159 quo
1042 5076 1382 5159 crucifixus
1413 5083 1475 5137 et
1504 5076 1788 5159 sepultus
1816 5084 1909 5137 est
1940 5076 2221 5159 Christus
2251 5097 2326 5138 ex
2353 5079 2752 5159 Canticorum
2790 5079 2949 5139 libro
2971 5076 3402 5159 dicunturuhic
3434 5095 3606 5136 num.

169 5156 286 5230 11,
318 5167 379 5220 et
410 5165 530 5220 cat.
568 5157 667 5229 13,
702 5177 875 5218 num.
912 5157 1008 5226 32,
1046 5175 1119 5218 ac
1151 5164 1274 5218 cat.
1317 5157 1414 5230 14,
1449 5175 1622 5217 num.
1656 5157 1712 5217 5.
1766 5159 1923 5218 Item
1955 5156 2033 5217 de
2057 5157 2199 5219 favo
2233 5158 2434 5219 mellis
2491 5165 2633 5237 post
2690 5159 3209 5220 resurrectionem
3256 5157 3618 5237 degustato,

163 5259 254 5302 ac
289 5240 792 5380 vinpimyrrhato
823 5245 967 5300 ante
1001 5256 1277 5310 crucem,
1309 5237 1530 5299 homil.
1566 5238 1628 5299 ιή
1658 5237 1941 5320 Paralyt.
1976 5257 2151 5300 num.
2206 5239 2304 5314 ll,
2365 5245 2429 5300 et
2486 5236 2608 5300 cat.
2674 5238 2770 5312 l3,
2832 5259 3006 5300 num.
3060 5238 3159 5318 29,
3221 5257 3295 5299 ac
3352 5246 3477 5309 cat,
3516 5236 3613 5312 14,

164 5340 358 5380 num.
480 5367 494 5380 .
2814 5336 2817 5339 ‘

164 5340 358 5383 num.
394 5323 494 5383 11.
2814 5336 2817 5339 ‘

262 5404 338 5464 X.
372 5402 607 5463 Omitto
642 5400 870 5461 multas
897 5397 1057 5460 alias
1088 5398 1328 5460 similes
1357 5398 1694 5460 sententias
1726 5418 1799 5460 ac
1829 5399 2181 5465 locutiones
2214 5418 2228 5461 :
2267 5418 2327 5460 v.
2363 5419 2427 5477 g.
2472 5399 2898 5479 Paralyticum
2955 5405 3241 5461 nostrum
3280 5398 3490 5461 anima
3522 5395 3611 5457 si-

167 5485 318 5544 mul
350 5490 413 5543 et
437 5500 701 5561 corpore
735 5487 1075 5557 aegrotasse
1106 5480 1194 5539 ait
1226 5480 1325 5540 hic
1357 5499 1529 5541 num.
1564 5484 1625 5551 4,
1658 5486 1720 5541 et
1738 5487 1855 5541 cat.
1896 5482 1995 5554 10,
2030 5501 2204 5544 num.
2236 5481 2327 5543 l3.
2363 5483 2540 5553 Quod
2574 5483 2650 5542 de
2673 5482 2916 5561 Jndmis
2946 5500 3195 5558 semper
3230 5479 3617 5561 discentibus

169 5571 246 5625 et.
279 5565 339 5624 in
370 5558 728 5641 ignorantia
761 5561 1233 5624 senescentibus
1258 5561 1357 5621 hic
1389 5563 1597 5641 refert,
1634 5579 1809 5621 num.
1844 5564 1905 5637 5,
1941 5565 2209 5624 habetur
2234 5570 2360 5624 cat.
2395 5567 2455 5631 4.
2492 5582 2664 5622 num.
2699 5560 2758 5631 2,
2793 5570 2854 5623 et
2884 5569 3007 5623 cal.
3067 5561 3158 5627 13,
3216 5580 3389 5621 num.
3438 5558 3473 5619 7
3506 5558 3616 5618 iis-

163 5645 326 5706 dem
363 5640 590 5705 verbis.
622 5649 849 5704 lterum
891 5641 1110 5702 homil.
1146 5648 1211 5701 in
1239 5640 1553 5717 Paralyt.,
1590 5660 1761 5703 num.
1797 5645 1895 5718 14,
1930 5646 2122 5706 verba
2148 5644 2352 5703 verbis
2382 5643 2645 5712 destrui,
2677 5662 2838 5721 Opus
2869 5647 3315 5722 argumentum
3349 5642 3607 5718 insupe-

158 5726 380 5788 rabile
411 5727 732 5787 continere
773 5730 1027 5793 monet;
1060 5722 1228 5783 idem
1250 5730 1372 5784 cat.
1403 5725 1499 5796 13,
1535 5742 1710 5784 num.
1741 5725 2120 5788 SChi'istum
2155 5730 2337 5785 vocat
2391 5723 2579 5785 isthic
2613 5743 2785 5785 num.
2834 5729 2895 5802 9,
2936 5725 3123 5802 maris
3176 5723 3506 5802 aurigam;
3543 5724 3608 5779 et

162 5814 305 5871 cat.
330 5810 395 5881 9,
429 5823 607 5869 num.
641 5806 701 5880 9,
742 5805 940 5865 Deum
974 5822 1174 5883 aquas
1203 5810 1503 5885 tanquam
1562 5806 1992 5885 gubernaculo
2049 5811 2373 5885 regentem
2430 5810 2858 5887 repraesentat,
2880 5800 3043 5880 ’ὕδωρ
3074 5800 3343 5870 οἰακίζει.
3379 5801 3611 5863 Vocem

478 5942 740 6005 PATROI.
785 5939 911 6002 GR.
953 5940 1234 6001 XXXIII.
3256 5940 3333 5999 36
