4080 6346
1024 546 1193 649 IN
1290 543 1816 648 TOMUM
1917 488 2729 647 SECUNDUM

1522 773 2196 954 ﬁrmitatis.

1662 1019 2075 1058 *θα-

333 1145 403 1200 Ut
432 1142 573 1197 oculi
600 1140 718 1195 aliis
742 1135 983 1208 corporis
1013 1133 1259 1190 sensibus
1284 1141 1556 1203 praestant,
1591 1131 1661 1185 ita
1690 1131 1967 1185 illustrium
1999 1130 2231 1184 virorum
2262 1128 2509 1199 Epistolae
2537 1130 2743 1185 caeteris
2769 1143 2948 1183 eorum
2976 1129 3187 1199 scriptis
3213 1130 3407 1201 passim
3434 1147 3538 1187 au~

266 1237 527 1292 tecellunt.
560 1233 617 1287 In
652 1233 731 1287 eis
756 1230 900 1284 enim
931 1237 1176 1296 tanquam
1206 1226 1256 1278 in
1285 1224 1498 1294 gemino
1525 1222 1796 1276 oculorum
1826 1220 2042 1289 speculo
2063 1220 2293 1274 emicant
2315 1233 2555 1289 persona:
2579 1217 2752 1281 dotes,
2782 1218 3019 1285 afl'cctus,
3048 1219 3269 1274 virtutes
3290 1229 3344 1275 et
3371 1221 3527 1285 vitia;

267 1330 338 1383 sic
364 1336 421 1380 ut
450 1339 613 1379 nemo
639 1322 807 1391 magis
832 1319 898 1374 ad
926 1320 1101 1373 vivum
1129 1332 1190 1371 ea
1222 1315 1520 1384 exprimere
1550 1315 1733 1383 possit,
1760 1326 1913 1366 nemo
1940 1310 2066 1364 alibi
2097 1310 2286 1365 melius
2313 1325 2468 1379 ﬂuam
2502 1310 2553 1362 in
2584 1309 2819 1377 epistolis
2853 1308 3065 1363 intueri.
3102 1309 3153 1364 ld
3185 1310 3231 1364 si
3259 1310 3325 1365 de
3352 1317 3529 1380 cujus-

276 1432 424 1487 quam
444 1415 603 1481 alius,
629 1424 775 1467 certe
797 1410 862 1465 de
887 1407 1165 1479 Augustini
1193 1405 1405 1459 Litteris
1430 1412 1657 1469 constat,
1690 1403 1741 1455 in
1772 1402 1961 1471 quibus
1991 1399 2309 1454 sanctissimi
2338 1399 2577 1454 Doctoris
2602 1399 2808 1470 genius,
2850 1398 3149 1467 eloquentia
3176 1401 3304 1454 citra
3330 1401 3530 1472 fucum,

272 1506 563 1577 prudentia,
596 1502 761 1567 zelus,
794 1498 959 1554 animi
993 1495 1310 1559 constantia,
1345 1494 1580 1548 veritatis
1605 1508 1669 1547 ac
1709 1492 1918 1560 pietatis
1944 1490 2206 1555 studium,
2251 1489 2580 1556 humanitas,
2616 1487 2903 1551 modestia,
2947 1490 3168 1559 alireque
3194 1490 3413 1545 virtutes
3440 1507 3530 1548 re—

269 1596 562 1667 splendent.
592 1593 708 1648 Jam
738 1591 955 1662 quidem
981 1590 1033 1643 in
1060 1587 1465 1642 Confessionum
1492 1584 1645 1639 libris
1671 1599 1729 1639 se
1755 1584 1867 1652 ipse
1890 1583 2184 1637 luculenter
2213 1590 2549 1651 expresserat
2574 1580 2928 1649 Augustinus;
2961 1588 3014 1632 at
3042 1595 3146 1635 non
3174 1581 3264 1646 ita,
3288 1583 3331 1636 si
3356 1582 3535 1638 dicere

275 1690 422 1753 licet,
448 1686 681 1757 genuine
714 1684 851 1739 sicut
880 1684 933 1737 iu
966 1680 1231 1750 Epistolis.
1264 1679 1349 1733 Fit
1374 1678 1516 1734 enim
1542 1685 1600 1731 ut
1626 1692 1744 1747 qua:
1773 1676 1839 1729 de
1865 1675 2057 1745 scipsis
2084 1676 2321 1730 scribunt
2347 1674 2547 1740 sancti,
2574 1682 2664 1727 aut
2703 1672 2983 1730 immodice
3013 1675 3296 1743 extollant,
3329 1676 3372 1730 si
3400 1676 3536 1730 mala

268 1781 395 1846 sint;
422 1788 516 1833 aut
542 1778 658 1849 plus
686 1791 839 1846 aequo
865 1776 1193 1845 deprimant,
1235 1773 1279 1827 si
1310 1772 1446 1827 bona
1472 1788 1484 1824 :
1516 1770 1561 1825 si
1589 1784 1716 1825 vero
1740 1769 1856 1840 quis
1886 1768 2019 1822 alius
2045 1767 2112 1821 de
2140 1766 2267 1836 ipsis
2304 1767 2513 1833 scribit,
2544 1783 2648 1821 non
2677 1768 2803 1822 satis
2835 1784 3017 1823 eorum
3050 1765 3231 1822 intima
3261 1779 3539 1839 penetrare

271 1874 466 1943 possit;
501 1881 594 1926 aut
616 1870 824 1926 etiamsi
852 1870 1038 1938 possit,
1062 1866 1337 1937 aptissime
1361 1863 1628 1934 explicare
1650 1877 1755 1916 non
1784 1862 1971 1917 valeat.
1998 1860 2067 1914 At
2091 1859 2142 1913 in
2175 1859 2333 1912 variis
2363 1859 2600 1929 epistolis
2625 1870 2869 1914 auctores
2896 1867 3085 1929 sponte
3111 1875 3169 1915 se
3190 1860 3286 1930 ipsi
3311 1860 3542 1931 produnt

273 1965 590 2034 piuguntque
616 1960 806 2015 nativis
839 1958 1136 2022 coloribus,
1172 1971 1305 2026 quos
1332 1963 1535 2016 natura,
1569 1953 1735 2017 locus,
1767 1950 1996 2013 occasio,
2027 1964 2290 2020 persOnaz,
2320 1949 2615 2019 argumenti
2645 1950 2861 2003 materia
2881 1990 2896 2015 ,
2926 1950 3083 2004 etiam
3110 1967 3139 2003 a
3166 1966 3270 2004 non
3300 1951 3540 2021 cogitan-

272 2053 404 2107 tibus
431 2051 743 2121 exprimunt
770 2067 782 2102 :
815 2047 949 2103 adeo
978 2058 1035 2101 ut
1058 2047 1284 2116 diligens
1310 2044 1482 2115 quivis
1506 2058 1685 2098 rerum
1714 2042 2001 2095 aestimator
2027 2039 2079 2094 in
2107 2039 2478 2110 epistolaribus
2507 2041 2715 2111 scriptis
2742 2042 2974 2098 auctoris
3012 2041 3197 2099 faciem
3227 2053 3280 2099 et
3304 2046 3540 2103 animant

283 2158 309 2186 ι
333 2141 627 2212 propinquo
658 2138 849 2193 intueri
882 2138 1066 2206 possit.

336 2230 439 2286 Sed
461 2229 591 2284 illud
617 2229 835 2297 insuper
854 2226 1133 2298 Augustini
1156 2224 1407 2295 Epistolis
1436 2223 1744 2294 dignitatem
1774 2221 1939 2287 addit,
1970 2220 2111 2291 quod
2132 2236 2254 2276 cum
2281 2221 2649 2277 sanctissimus
2676 2222 2917 2278 Pontifex
2938 2225 3265 2295 gravissimis
3283 2228 3535 2286 Ecclesia:

268 2319 489 2389 negotiis
520 2317 680 2371 fuerit
703 2324 1023 2386 occupatus,
1068 2314 1425 2384 Epistolarum
1454 2313 1568 2381 ejus
1596 2312 1838 2366 collectio
1872 2328 1977 2365 non
2008 2322 2209 2365 tantum
2238 2311 2401 2381 ipsius
2433 2313 2687 2382 privatam
2707 2354 2723 2380 ,
2761 2314 2855 2369 sed
2885 2324 2938 2369 et
2969 2324 3130 2369 totam
3163 2316 3270 2373 fere
3295 2321 3546 2379 ecclesiae

269 2408 446 2464 sticam
475 2408 616 2461 illius
640 2406 894 2476 temporis
920 2404 1197 2459 historiam
1224 2404 1626 2473 complectatur.
1656 2401 1809 2458 Unde
1840 2402 1883 2457 si
1906 2402 2025 2473 quis
2051 2402 2446 2457 Donatistarum
2471 2412 2527 2459 et
2562 2404 2982 2477 Pelagianorum,
3012 2423 3131 2478 quae
3164 2408 3284 2464 dum
3317 2415 3546 2471 haereses

273 2495 562 2551 Ecclesiam
590 2510 688 2564 per
713 2494 766 2548 id
789 2504 998 2564 tempus
1025 2492 1255 2548 maxime
1285 2492 1619 2556 infestarunt,
1649 2507 1735 2547 res
1761 2500 1937 2562 gestas
1962 2492 2197 2547 studiose
2219 2492 2467 2564 indagare
2491 2510 2554 2549 ac
2580 2494 2735 2564 plene
2758 2496 3053 2568 intelligere
3073 2501 3235 2573 cupit,
3266 2502 3547 2578 Augustini

273 2584 536 2655 Epistolas
565 2583 705 2654 legat
728 2598 792 2638 ac
821 2583 1006 2638 sedulo
1036 2583 1289 2646 revolvat,
1322 2591 1376 2638 et
1397 2582 1533 2637 votis
1560 2582 1770 2636 tandem
1798 2582 1908 2636 suis
1933 2590 2171 2653 Optatum
2199 2583 2357 2638 tinem
2388 2584 2643 2656 imponet.

334 2674 537 2730 Verum
568 2674 622 2729 in
661 2674 1025 2745 superioribus
1061 2673 1380 2729 editionibus
1408 2672 1542 2729 adeo
1571 2673 1910 2743 perturbatus
1935 2682 2050 2729 erat
2078 2676 2575 2746 Augustinianarum
2611 2679 2966 2750 Epistolarum
2998 2682 3149 2751 ordo,
3181 2694 3237 2739 ut
3262 2701 3366 2742 non
3398 2687 3551 2747 facile

274 2766 555 2836 quisquam
583 2764 637 2819 id
664 2765 871 2835 assequi
902 2766 1160 2836 potuisset
1193 2765 1397 2835 absque
1422 2765 1579 2834 longa
1612 2774 1666 2820 et
1691 2779 1833 2835 saepe
1865 2767 2088 2835 repetita
2117 2766 2344 2824 lectione
2372 2785 2434 2825 ac
2466 2770 2831 2828 meditatione.
2861 2773 2993 2831 Nam
3032 2776 3271 2847 ejusdem
3301 2784 3553 2854 temporis

272 2863 323 2908 et
357 2854 656 2924 argumenti
700 2854 950 2925 Epistolze
980 2869 1077 2925 per
1118 2864 1281 2909 totum
1312 2855 1644 2910 collectiouis
1683 2870 1876 2926 corpus
1917 2856 2042 2912 hinc
2082 2857 2203 2913 inde
2250 2858 2505 2932 dispersa:
2535 2872 2717 2932 erant,
2764 2872 2872 2921 tum
2919 2869 3124 2938 priores
3165 2874 3553 2943 posterioribus

610 2954 665 2998 et
688 2944 741 2998 in
773 2944 931 3037 finem
962 2944 1209 3037 rejectae‘;
1239 2960 1301 2999 ac
1324 2945 1535 3000 demum
1554 2988 1568 3013 ,
1596 2962 1726 3037 quae
1745 2945 2071 3005 intoleranda
2098 2948 2339 3005 confusio
2372 2963 2484 3007 erat
2503 2994 2517 3019 ,
2546 2956 2825 3025 Augustini
2864 2960 3117 3030 rescripta
3157 2978 3316 3032 quam
3358 2965 3554 3037 longis.

274 3034 406 3087 sime
430 3033 503 3086 ab
531 3032 869 3103 interrogatis
893 3043 947 3088 et
974 3034 1230 3089 consultis
1258 3051 1636 3105 nonnunquam
1681 3036 1903 3092 aberant
1933 3056 1946 3093 :
1977 3037 2084 3093 imo
2113 3040 2366 3110 rescripta
2395 3044 2650 3098 consultis
2677 3045 2829 3117 longe
2857 3048 3300 3121 pneferebantur;
3329 3032 3474 3112 adeo
3497 3071 3554 3117 ut

276 3121 460 3215 Evodii
489 3137 544 3175 v.
570 3137 625 3193 g.
653 3122 979 3215 consulentis
1008 3123 1257 3215 Epistulae
1300 3133 1432 3215 post
1462 3125 1657 3215 multas
1685 3124 2057 3215 interiacentes
2098 3129 2363 3199 Epistolas
2405 3133 2683 3203 Augustini
2729 3152 3044 3207 responsum
3074 3157 3553 3215 consequerentur.

273 3210 611 3281 Quapropter
638 3211 929 3282 optandum
970 3220 1086 3266 erat
1128 3222 1185 3266 ut
1212 3211 1492 3285 Augustini
1540 3212 1793 3283 Epistolae
1832 3214 1886 3269 in
1934 3225 2137 3271 rectum
2167 3217 2410 3275 ordinem
2451 3236 2548 3291 pro
2592 3230 2886 3294 temporum
2917 3231 3121 3287 ratione
3159 3210 3548 3306 digerersntur.

269 3302 422 3370 Quod
450 3303 639 3373 procul
664 3302 829 3356 dubio
854 3311 1133 3357 curaturus
1157 3302 1343 3358 fuisset
1367 3303 1691 3376 Augustinus
1721 3304 1853 3373 ipse,
1881 3304 1924 3359 si
1952 3320 2132 3361 earum
2163 3310 2528 3365 recensionem
2557 3328 2714 3383 quam
2746 3329 3073 3388 susceperat,
3104 3323 3151 3377 ei
3178 3302 3454 3382 absolvere
3480 3330 3547 3387 li-

276 3394 497 3449 cuisset.
528 3393 733 3463 Quippe
763 3394 816 3448 in
848 3394 1298 3449 Retractationum
1324 3410 1538 3451 suarum
1566 3395 1825 3465 prommio
1844 3404 2029 3465 optare
2051 3412 2109 3451 se
2135 3406 2373 3465 testatur,
2403 3410 2459 3455 ut
2483 3417 2643 3471 opera
2668 3419 2763 3461 sua
2790 3422 2855 3461 eo
2878 3424 2985 3478 quo
3004 3412 3199 3482 scripta
3220 3426 3341 3469 sunt
3365 3418 3552 3476 ordine

271 3483 637 3555 perlegantur,
670 3483 826 3554 eique
852 3484 927 3538 rei
953 3482 1199 3537 daturum
1229 3498 1288 3538 se
1316 3498 1555 3554 operam,
1583 3500 1691 3555 quo
1717 3484 1933 3540 demum
1961 3485 2258 3557 intelligant
2282 3490 2506 3545 lectores
2528 3495 2777 3562 quomoda
2799 3497 3060 3553 scribendo
3088 3504 3375 3572 profecerit.

341 3578 414 3629 At
440 3575 724 3644 quominus
754 3572 805 3627 id
840 3582 1167 3629 tentaremus
1197 3573 1599 3665 intercedebant
1626 3575 1852 3630 diversae
1879 3590 1997 3642 res;
2040 3592 2230 3647 nempe
2260 3594 2386 3634 usus
2414 3583 2748 3653 superiorum
2779 3595 3076 3657 temporum
3094 3632 3110 3659 ,
3154 3606 3397 3665 receptus
3426 3599 3558 3653 ordo

273 3666 340 3719 ab
365 3666 524 3720 annis
548 3665 762 3721 circiter
784 3672 994 3718 centum
1022 3664 1370 3735 septuaginta,
1404 3666 1689 3722 citationes
1717 3666 1954 3732 usitatae,
1987 3683 2118 3738 quas
2148 3670 2367 3736 violare,
2393 3682 2485 3727 aut
2507 3673 2722 3733 demum
2751 3690 3055 3749 pervertere
3083 3685 3230 3742 nefas
3255 3664 3375 3743 esse
3409 3692 3560 3746 vidc-

279 3756 456 3823 batur,
492 3771 563 3811 ne
600 3756 821 3811 mutatio
846 3755 961 3810 hare
991 3755 1270 3826 plurimum
1299 3757 1493 3826 negotii
1521 3756 1774 3813 studiosis
1804 3755 2113 3814 facesseret.
2141 3760 2226 3816 Ad
2263 3762 2378 3818 haec
2403 3779 2509 3820 non
2547 3765 2691 3822 leves
2728 3768 3068 3829 difficultates
3099 3776 3149 3829 in
3188 3781 3561 3836 constituendo

274 3850 636 3921 Epistolarum
661 3850 866 3913 ordine,
898 3849 987 3920 qui
1015 3848 1261 3904 omnibus
1288 3849 1568 3920 probetur;
1597 3864 1719 3904 cum
1746 3849 1815 3905 de
1843 3852 2217 3939 nonnullarum
2246 3863 2403 3912 aetate
2446 3856 2715 3928 disputent
2752 3862 2965 3919 eruditi.
2998 3868 3170 3937 Atque
3199 3869 3314 3926 hzec
3339 3876 3555 3942 putissi.

273 3961 421 4000 mum
444 3959 545 4001 nos
572 3945 708 3999 ratio
736 3944 1073 4007 morabatur;
1105 3945 1301 4014 quippe
1336 3944 1425 4014 qui
1456 3942 1509 3998 id
1538 3943 1803 4014 praecipue
1836 3944 1888 3998 in
1926 3946 2160 4001 animum
2192 3947 2519 4011 indusimus.
2563 3950 2665 4007 hoc
2699 3953 2751 4008 in
2790 3955 2970 4011 labore
3015 3969 3197 4016 nostro
3240 3976 3551 4025 neutrorum

272 4037 555 4093 sententia:
581 4045 785 4091 temere
826 4035 1094 4090 adversari
1125 4045 1217 4090 aut
1245 4036 1439 4091 favere.
1477 4035 1603 4091 litec
1630 4052 1757 4107 ergo
1787 4047 2054 4093 momenta
2077 4054 2109 4094 a
2134 4040 2388 4095 mutando
2417 4042 2775 4113 Epistolarum
2813 4048 3001 4104 ordine
3044 4066 3140 4105 nos
3178 4053 3555 4131 deterrebant,

274 4147 376 4188 nec
400 4130 560 4186 facile
586 4130 639 4184 id
663 4145 694 4183 a
724 4129 878 4184 nobis
902 4138 1087 4184 contra
1115 4129 1419 4199 superiores
1450 4129 1712 4185 editiones
1737 4130 2132 4199 suscipiendum
2160 4132 2460 4188 videbatur.
3012 4130 3019 4137 "

354 4224 433 4277 Ex
460 4221 688 4277 adverso
716 4229 892 4275 tamen
918 4220 1063 4274 aliud
1088 4220 1381 4275 suadebant
1406 4236 1509 4274 non
1538 4228 1740 4274 tantum
1772 4220 1916 4274 varia
1945 4220 2276 4275 eruditorum
2304 4224 2542 4294 exempla
2573 4225 2625 4279 in
2657 4226 2909 4295 Epistolis
2939 4230 2994 4285 8.
3018 4231 3263 4305 Cypriani
3285 4279 3299 4303 ,
3331 4238 3387 4301 S.
3416 4240 3556 4301 Leo.

278 4315 383 4381 nis,
427 4311 670 4379 etc.,sed
695 4313 855 4366 etiam
886 4314 1120 4365 virorum
1150 4326 1254 4365 non
1297 4310 1470 4364 minus
1496 4310 1713 4365 scientia
1744 4324 1902 4381 quam
1944 4309 2198 4380 dignitate
2238 4313 2599 4380 prtestantium
2635 4318 2960 4385 auctoritas,
2999 4320 3091 4390 qui
3134 4327 3427 4391 posteritati
3454 4329 3556 4389 hac

277 4422 415 4463 nova
442 4405 677 4461 editione
706 4403 1006 4458 consultum
1034 4401 1303 4456 volebant.
1343 4400 1435 4456 His
1471 4401 1692 4456 omnino
1727 4400 1985 4471 exemplis
2019 4411 2075 4456 et
2108 4400 2509 4457 auctoritatibus
2544 4403 2790 4471 adducti,
2829 4408 3040 4465 tandem
3068 4417 3468 4482 consensimus,
3500 4432 3560 4479 ut

278 4495 562 4567 Augustini
602 4494 853 4564 Epistolas
876 4493 947 4547 ad
974 4508 1232 4547 annorum
1261 4491 1453 4547 seriem
1477 4533 1491 4556 ,
1522 4490 1695 4562 quoad
1728 4491 1839 4545 fieri
1868 4499 2074 4561 posset,
2107 4500 2407 4545 accuratam
2435 4508 2826 4550 revocaremus.
2870 4498 2935 4552 Et
2970 4514 3039 4556 ne
3076 4501 3179 4557 levi
3218 4503 3563 4567 fundamento

280 4590 421 4643 hanc
448 4586 645 4641 seriem
682 4585 990 4655 designasse
1018 4583 1311 4648 videamur,
1353 4597 1459 4636 non
1493 4581 1654 4637 modo
1696 4583 1921 4647 nostris,
1968 4581 2062 4637 sed
2089 4582 2249 4637 etiam
2287 4582 2474 4637 alienis
2512 4599 2629 4639 eam
2669 4585 2858 4642 studiis
2887 4598 2941 4642 et
2973 4590 3207 4648 consiliis
3232 4592 3555 4667 investigare

276 4680 595 4749 nwgimus.
623 4674 930 4729 Nostrarum
959 4673 1095 4727 hanc
1131 4672 1183 4726 in
1227 4687 1337 4726 rem
1375 4679 1641 4726 momenta
1669 4672 1960 4736 rationum,
1993 4669 2186 4739 quibus
2221 4670 2464 4726 ordinem
2492 4687 2525 4727 a
2563 4673 2714 4728 nobis
2738 4676 3080 4736 constitutum
3114 4684 3561 4753 comprobemus,

278 4767 445 4835 mulo
486 4764 704 4822 inferius
745 4762 1074 4833 subjicienda
1113 4771 1265 4827 sunt,
1298 4770 1573 4831 postquam
1608 4760 1860 4815 nonnulla
1901 4760 2044 4815 circa
2092 4775 2281 4845 novam
2328 4761 2465 4818 hanc
2496 4763 2850 4833 Epistolarum
2891 4768 3177 4827 editionem
3219 4774 3305 4829 hic
3348 4778 3563 4846 prgemi-

276 4872 537 4913 serimus.

356 4943 628 5012 Principio
659 4942 1017 5012 Epistolarum
1057 4940 1431 5011 chronologieo
1465 4940 1651 4996 ordine
1690 4939 2001 5004 constituto,
2035 4955 2126 4994 cas
2154 4941 2205 4994 in
2236 4950 2461 5013 quatuor
2502 4944 2700 5002 classes
2725 4946 3097 5014 distinximus,
3139 4936 3362 5021 quarum
3392 4959 3562 5027 prima

280 5036 403 5090 illas
435 5035 654 5089 exhibet
679 5049 813 5105 quas
840 5035 1163 5103 Augustinus
1182 5032 1414 5089 nondum
1435 5033 1717 5101 episcopus
1744 5031 1971 5099 scripsit.
2004 5034 2114 5096 Qua
2146 5033 2196 5087 in
2222 5048 2282 5088 re
2309 5035 2657 5103 Augustinum
2680 5037 2850 5107 ipsum
2876 5040 3044 5094 secuti
3064 5050 3335 5099 auctorem
3356 5060 3567 5115 sumus,

277 5129 375 5196 qui
407 5127 462 5181 in
484 5126 940 5181 Betraetatiunum
973 5126 1146 5195 priore
1199 5125 1333 5179 libro
1371 5139 1436 5180 ea
1478 5125 1732 5179 duntaxat
1769 5124 2032 5177 recensuit
2074 5124 2323 5195 opuscula
2351 5141 2469 5195 quae
2510 5137 2793 5199 antequam
2824 5131 2974 5185 fieret
3001 5132 3281 5204 episcopus
3310 5135 3363 5189 in
3392 5118 3565 5201 lucem

280 5218 603 5287 protulerat.
638 5217 695 5271 ιη
729 5217 959 5272 secunda
983 5219 1154 5272 classe
1178 5224 1627 5288 reprzesentantur
1656 5215 1905 5287 Epistola:
1931 5229 2062 5283 quas
2089 5217 2156 5271 ab
2191 5217 2319 5271 inito
2347 5219 2651 5288 episcopatu
2678 5220 2745 5275 ad
2769 5221 3106 5279 collationem
3131 5240 3249 5280 cum
3278 5227 3567 5291 Donatistis
3594 5230 3595 5233 “

280 5310 614 5381 Carthagine
638 5310 872 5365 habitam
899 5318 954 5365 et
976 5310 1270 5379 Pelagiante
1298 5310 1565 5365 haereseos
1597 5308 1649 5362 in
1670 5307 1901 5361 Africam
1927 5305 2278 5361 invectionem
2301 5308 2483 5363 edidit.
2509 5311 2564 5364 In
2590 5310 2674 5365 his
2700 5312 2843 5379 enim
2865 5313 3073 5370 duobus
3096 5315 3208 5372 sive
3234 5319 3562 5389 retegendis,

279 5415 383 5456 seu
416 5402 747 5473 extirpandis
772 5403 1041 5457 erroribus
1061 5410 1343 5456 versantur
1362 5410 1421 5455 ut
1440 5399 1723 5469 plurimum
1751 5397 1833 5452 ha:
1859 5398 2070 5462 litterte,
2093 5414 2209 5466 quae
2229 5414 2412 5453 eormn
2437 5401 2604 5466 initia,
2636 5417 2965 5470 progressus,
2992 5413 3150 5474 atque
3166 5404 3566 5481 damnationem

280 5501 537 5548 accurate
563 5493 894 5548 describunt.
927 5492 1108 5547 Tertia
1142 5492 1503 5561 Epistolarum
1531 5492 1717 5546 classis
1744 5506 1835 5545 eas
1862 5489 2228 5559 complectitur
2253 5507 2384 5561 quas
2413 5490 2480 5544 ab
2510 5506 2574 5544 eo
2606 5501 2840 5563 tempore
2867 5492 2920 5547 8.
2949 5495 3139 5555 Doctor
3166 5492 3232 5551 ad
3261 5494 3379 5569 vitre
3407 5497 3565 5561 [hiem

278 5593 548 5652 exaravtt,
576 5587 773 5655 quibus
801 5586 1003 5640 scilicet
1025 5593 1167 5655 certa
1197 5583 1400 5653 epocha
1435 5591 1605 5653 potest
1632 5581 1908 5652 assignari.
1940 5579 1995 5633 lu
2023 5591 2261 5651 quartam
2291 5583 2504 5636 demum
2534 5582 2759 5636 classem
2795 5583 3023 5661 reliquas
3054 5584 3330 5655 Augustini
3364 5586 3565 5647 litteras

276 5677 616 5747 redi-gimus,
651 5692 784 5746 quas
811 5676 1022 5744 quidem
1045 5674 1259 5744 scripsit
1282 5674 1588 5743 episcopus,
1622 5673 1761 5727 nulla
1794 5680 1966 5725 tamen
1993 5673 2092 5726 alia
2123 5674 2331 5741 prie-lixa
2355 5672 2605 5742 temporis
2629 5682 2718 5731 aut
2736 5672 3247 5727 circumstantiarum
3270 5684 3411 5742 nota,
3436 5692 3556 5749 qua

771 5769 998 5829 Ssxcr.
1038 5768 1315 5825 Auousr.
1360 5764 1438 5823 ll.
3031 5762 3264 5838 {Una}
