4044 6338
592 369 649 425 ll
2018 371 2189 427 ΡΒᾸΞΙ

2247 372 2399 433 ι’ῙΊΟ.
3785 395 3844 451 μ’

583 489 790 539 certum
820 490 1032 552 tempus
1058 496 1251 553 praise
1281 483 1431 539 ferat.
1463 485 1539 539 Ex
1582 484 1679 539 hac
1718 499 1877 554 porro
1902 485 2259 556 quadruplicis
2285 488 2471 541 classis
2500 488 2838 547 distinctione
2880 492 2928 546 id
2958 496 3221 550 commodi
3248 499 3487 568 eveniet,
3524 508 3663 572 quod
3693 522 3843 566 antea

583 572 1032 639 observabamus,
1077 582 1135 627 ut
1179 574 1448 628 studiosus
1469 575 1636 629 lector
1680 590 1741 629 ea
1770 590 1888 645 qum
1917 575 1982 628 ad
2024 574 2254 628 haereses
2284 575 2671 633 Donatistarum
2717 590 2771 635 et
2810 582 3207 651 Pelagianorum
3252 589 3548 659 pertinent,
3595 609 3702 649 uno
3741 598 3844 653 fere

583 671 871 732 «inspectu
895 676 958 718 ac
986 671 1170 718 tenore
1191 666 1464 735 percipiat.

658 752 855 809 Deinde
882 753 1178 809 monendus
1198 764 1280 810 est
1307 755 1475 810 lector
1500 755 1782 809 nonnullos
1809 763 2085 821 tractatus,
2113 756 2201 826 qui
2225 756 2481 813 hactenus
2511 757 2563 815 in
2596 758 2947 829 Epistolarum
2973 761 3213 817 ordinem
3240 765 3385 818 relati
3416 778 3557 832 sunt,
3588 770 3705 825 loco
3731 788 3841 828 mo-

582 853 666 899 tos
692 859 723 899 a
750 845 907 901 nobis
930 860 1037 900 non
1060 844 1243 910 fuisse,
1284 845 1492 899 tametsi
1524 845 1573 899 id
1605 860 1708 898 non
1744 845 1872 899 levis
1898 846 2153 901 momenti
2178 846 2411 903 rationes
2434 847 2657 902 suadere
2697 849 3024 904 videbantur.
3056 850 3111 905 ln
3136 868 3201 906 co
3230 868 3424 922 genere
3454 864 3539 910 est
3579 858 3839 927 publicum

584 936 709 991 illud
749 936 1155 991 instrumentum
1174 976 1191 1003 ,
1223 950 1329 1005 quo
1358 935 1621 990 Eraclium
1650 934 1878 989 futurum
1924 936 2022 991 sibi
2050 952 2413 992 successorem
2439 937 2683 1008 designat
2709 940 3057 1008 Augustinus,
3101 950 3295 1008 pr:cter
3333 944 3534 1014 aliquot
3562 949 3840 1015 prolixiora

580 1025 831 1096 opuscula
852 1067 869 1093 ,
900 1042 1020 1097 qua:
1048 1025 1116 1081 ab
1143 1025 1257 1097 ipso
1304 1025 1355 1080 in
1387 1025 1868 1080 Retractationibus
1908 1035 2193 1080 censentur
2221 1026 2360 1081 inter
2384 1026 2564 1079 libros.
2609 1027 2663 1080 Id
2691 1044 2814 1080 vero
2841 1042 2872 1081 a
2908 1028 3058 1082 nobis
3089 1030 3380 1098 pnestitum
3414 1033 3550 1088 haud
3580 1034 3707 1099 fuit,
3738 1054 3842 1107 quo

580 1119 663 1173 vel
690 1119 770 1174 sic
799 1119 1053 1173 lectorum
1083 1116 1385 1183 commodo,
1413 1125 1666 1187 quantum
1707 1116 1784 1170 ias
1807 1124 1977 1181 esset,
2009 1116 2396 1171 consuleretur.
2432 1115 2625 1169 Verum
2658 1116 2785 1170 nihil
2810 1117 3164 1172 cunctandum
3206 1123 3537 1188 censuimus,
3566 1126 3692 1195 quin
3721 1128 3839 1194 reji-

584 1219 798 1264 ceretur
823 1210 872 1263 in
894 1207 1251 1279 Appendicem
1286 1208 1493 1279 vulgata
1524 1208 1611 1263 illa
1640 1207 1926 1262 Altercatio
1951 1221 2071 1260 cum
2098 1204 2373 1260 Pascentio
2392 1247 2406 1270 ,
2435 1220 2552 1275 quae
2580 1221 2808 1260 eumn
2837 1207 3213 1263 numerabatur
3238 1209 3374 1263 inter
3403 1214 3677 1282 Augustini
3720 1216 3840 1285 Epi-

579 1300 766 1354 stolas.
795 1298 941 1353 Hanc
968 1296 1108 1352 enim
1133 1298 1519 1368 supposititiam
1548 1311 1669 1353 esse
1706 1295 1999 1351 manifestis
2021 1304 2231 1351 constat
2262 1294 2617 1365 argumentis,
2645 1310 2763 1364 qua:
2792 1294 2843 1349 in
2876 1296 3252 1354 Admonitione
3296 1298 3469 1355 eidem
3498 1301 3840 1362 Altercatioui
3934 1318 3935 1321 ‘

582 1380 801 1458 praefixa
833 1385 1129 1442 retulimus.
3826 1411 3830 1415 .

653 1477 916 1532 Prteterea
945 1490 1059 1532 rem
1092 1484 1292 1547 gratam
1322 1477 1607 1546 utilemque
1629 1474 1878 1531 studiosis
1904 1474 2134 1532 facturos
2164 1492 2261 1531 nos
2297 1476 2535 1531 arbitrati
2562 1491 2775 1542 sumus,
2808 1477 2854 1533 si
2898 1478 3152 1548 quasdam
3180 1479 3283 1536 huc
3313 1497 3685 1539 revocaremus
3714 1487 3839 1557 Epi-

582 1566 774 1632 stolas,
806 1579 911 1620 non
938 1566 1108 1621 solum
1134 1582 1266 1638 quas
1293 1567 1616 1639 Augustinus
1642 1569 1856 1623 nomine
1884 1582 1983 1621 suo
2022 1568 2163 1622 misit
2191 1566 2257 1621 ad
2284 1568 2436 1631 alios,
2468 1567 2560 1622 sed
2590 1584 2655 1623 ex
2686 1568 2788 1623 illis
2823 1569 2983 1623 etiam
3008 1587 3125 1640 qua:
3150 1571 3217 1625 ad
3247 1572 3416 1642 ipsmn
3442 1590 3469 1625 a
3498 1576 3681 1631 multis
3712 1590 3833 1633 sunt

579 1653 815 1709 directae.
842 1653 931 1710 Sic
962 1653 1170 1719 Timasii
1192 1666 1238 1710 et
1259 1655 1459 1722 Jacobi,
1488 1657 1565 1711 sic
1592 1656 1809 1711 llonorii
1832 1667 1879 1711 et
1908 1657 2173 1711 Theodosii
2200 1656 2589 1726 lmperatorum,
2619 1657 2972 1725 Quodvultdei,
3001 1660 3265 1729 Prosperi,
3304 1662 3491 1717 Hilarii
3508 1676 3665 1736 atque
3697 1671 3837 1722 Ano—

578 1745 717 1816 nymi
734 1745 806 1805 ad
832 1746 1180 1815 Augustinum
1207 1746 1443 1800 litteras:
1472 1746 1549 1800 sic
1574 1756 1628 1801 et
1654 1747 1721 1801 ab
1750 1748 1865 1815 ipso
1889 1747 2042 1802 datas
2066 1748 2135 1801 ad
2166 1747 2426 1818 Pelagium
2451 1788 2465 1812 ,
2496 1750 2564 1801 ad
2593 1749 2977 1819 Simplicianum
3008 1752 3074 1805 de
3102 1768 3263 1822 opere
3288 1755 3383 1823 ipsi
3412 1756 3604 1822 dicato,
3633 1762 3708 1813 ad
3737 1763 3835 1814 Au-

581 1836 789 1902 relium,
827 1835 895 1887 ad
933 1832 1216 1901 Valerium,
1247 1835 1317 1888 ad
1344 1834 1611 1889 Claudium
1630 1875 1644 1901 ,
1674 1836 1743 1889 ad
1771 1835 2172 1902 Quodvultdeum
2199 1853 2358 1905 super
2395 1836 2541 1891 libris
2570 1854 2755 1893 eorum
2790 1840 3003 1894 nomine
3040 1844 3356 1911 nuncupatis
3375 1884 3389 1905 ,
3431 1859 3549 1913 qua:
3575 1845 3659 1900 hic
3693 1860 3839 1904 antea

578 1925 1031 1991 desiderabantur,
1064 1939 1160 1979 suo
1198 1925 1505 1980 inserendas
1543 1926 1662 1981 loco
1700 1926 2000 1980 curavimus
2025 1943 2040 1980 :
2068 1927 2145 1980 uti
2168 1935 2222 1981 et
2256 1926 2637 1981 catholicorum
2677 1928 3045 1997 episcoporum
3081 1932 3334 2000 rescripta
3377 1934 3444 1985 ad
3484 1932 3837 1989 Marcellinum

578 2017 870 2081 tribunum,
888 2017 1168 2071 occasione
1193 2016 1488 2071 collationis
1513 2016 1961 2087 Carthaginensis,
2004 2031 2209 2071 necnon
2236 2016 2525 2086 Epistolam
2552 2018 2621 2069 ad
2650 2016 2927 2071 Proculum
2968 2028 3015 2072 et
3047 2018 3333 2089 Cylinnium
3367 2020 3674 2077 Gallicanos
3697 2026 3833 2077 anti-

575 2108 729 2163 stites
767 2106 977 2177 Leporii
1010 2121 1168 2161 causa
1206 2105 1605 2175 transmissam:
1632 2120 1750 2175 quae
1789 2106 2035 2159 nimirum
2062 2105 2258 2175 scripta
2284 2120 2387 2159 non
2428 2104 2602 2159 minus
2631 2120 2725 2173 pro
2753 2105 2895 2160 veris
2932 2121 2996 2161 ac
3032 2109 3298 2177 germanis
3326 2108 3603 2178 Augustini
3645 2110 3834 2166 ictibus

577 2194 821 2251 habenda
847 2205 990 2262 sunt,
1016 2211 1173 2267 quam
1202 2196 1449 2265 Epistola:
1488 2195 1590 2249 illa:
1615 2194 2044 2264 Carthaginensis
2067 2211 2130 2251 ac
2162 2195 2473 2249 Milevitana:
2497 2195 2686 2266 synodi
2712 2199 2927 2253 nomine
2959 2198 3027 2251 ad
3053 2198 3403 2253 Innocentium
3427 2202 3645 2258 directae
3664 2245 3679 2271 ,
3705 2217 3833 2273 quas

570 2288 651 2342 uti
673 2285 783 2342 aS.
814 2286 1039 2341 Doctore
1062 2286 1283 2340 dictatas
1303 2300 1423 2340 eum
1450 2286 1568 2340 aliis
1593 2286 1707 2355 ejus
1732 2286 1981 2354 Epistolis
2006 2300 2193 2341 omnes
2222 2287 2498 2356 recipiunt.

648 2380 767 2435 lluc
796 2394 923 2435 vero
947 2379 1106 2433 etiam
1123 2378 1450 2433 revocandus
1476 2386 1592 2432 erat
1616 2378 1893 2432 'l'ractatus
1918 2377 1980 2431 de
2004 2379 2131 2432 bono
2165 2376 2449 2443 Viduitatis,
2480 2376 2581 2431 nisi
2608 2377 2659 2431 id
2694 2378 3051 2446 prohibuisset
3076 2396 3202 2435 usus
3228 2380 3539 2451 jampridem
3562 2393 3827 2454 receptus,

566 2473 663 2544 qui
692 2472 832 2526 Libri
855 2473 1064 2527 titulum
1091 2474 1137 2528 ei
1161 2474 1415 2545 assignat,
1442 2474 1648 2529 tametsi
1675 2487 1796 2528 vera
1824 2474 1893 2528 sit
1920 2472 2194 2543 Augustini
2225 2473 2294 2525 ad
2316 2471 2579 2525 lulianam
2609 2471 2843 2542 Epistula
2864 2514 2878 2536 ,
2916 2488 3085 2543 coque
3114 2474 3325 2529 nomine
3347 2475 3486 2528 nulla
3518 2476 3635 2546 cjus
3664 2492 3826 2545 pecu-

580 2566 734 2620 liaris
752 2566 956 2621 mentio
983 2566 1034 2621 in
1061 2567 1511 2623 Retractationum
1544 2566 1694 2621 libris
1719 2565 1993 2621 iubeatur.
2035 2564 2284 2633 Ejusdem
2305 2563 2622 2618 conditionis
2647 2572 2729 2618 est
2750 2579 2810 2617 ea
2837 2563 3069 2633 Epistola
3094 2580 3248 2634 quam
3277 2567 3333 2619 S.
3367 2566 3556 2620 Doctor
3581 2565 3824 2620 ﬁdelibus

575 2658 649 2709 ad
675 2672 782 2710 sua:
805 2656 1193 2728 dispensationis
1220 2675 1394 2712 curam
1422 2658 1777 2729 pertinentibus
1801 2657 2012 2727 scripsit
2037 2666 2220 2710 contra
2251 2655 2560 2710 Petilianum
2578 2698 2593 2723 ,
2621 2672 2738 2726 quae
2772 2656 2839 2711 ab
2857 2656 3130 2725 Augustini
3163 2666 3395 2727 tempore
3419 2698 3433 2723 ,
3466 2658 3616 2712 sicuti
3648 2659 3699 2712 in
3730 2659 3823 2712 lib.

580 2747 617 2801 ’Ξ
646 2746 1122 2811 Retractatiouum,
1152 2761 1202 2801 c.
1231 2747 1322 2813 25,
1349 2756 1589 2811 testatur,
1610 2747 1798 2817 prioris
1823 2746 2075 2799 adversus
2102 2744 2335 2814 ejusdem
2362 2744 2595 2800 haeretici
2619 2746 2844 2800 Litteras
2878 2746 2997 2801 libri
3029 2746 3201 2800 locum
3226 2748 3467 2801 obtinuit.
3506 2747 3829 2803 Occurrebat

587 2845 843 2904 prteterea
887 2835 1163 2891 Secundini
1197 2834 1466 2889 Manicha’i
1509 2835 1577 2889 ad
1603 2836 1951 2905 Augustinum
1984 2834 2258 2903 Epistola,
2302 2850 2420 2903 qua:
2463 2844 2519 2889 ut
2565 2834 2696 2889 nihil
2737 2834 2972 2889 continet
3013 2836 3378 2890 observatione
3425 2836 3639 2906 dignmn
3685 2838 3824 2908 quod

587 2924 919 2978 eruditorum
948 2925 1119 2980 oculis
1139 2924 1328 2979 merito
1348 2924 1676 2994 subjiciatur,
1708 2924 1885 2978 relicta
1913 2925 2066 2978 estin
2088 2933 2237 2978 sexto
2265 2924 2759 2994 Angustinianorum
2782 2940 3003 2993 operum
3033 2935 3195 2992 tumo,
3228 2926 3294 2980 ob
3318 2926 3368 2979 id
3395 2927 3562 2981 solum
3582 2928 3827 3000 legenda,

578 3025 643 3069 ut
668 3030 729 3069 ea
752 3014 961 3084 plenius
987 3015 1343 3084 intelligantur
1369 3030 1487 3083 qua:
1518 3014 1625 3068 illic
1647 3014 1900 3068 adversus
1922 3014 2204 3069 Secundini
2230 3031 2435 3069 errores
2457 3016 2686 3084 disputat
2710 3016 3050 3082 Augustinus.

655 3105 835 3175 Neque
872 3120 998 3158 vero
1040 3104 1209 3159 etitas
1249 3102 1505 3158 duntaxat
1546 3103 1810 3172 Epistolas
1858 3102 2188 3167 recudimus;
2230 3104 2322 3158 sed
2365 3120 2526 3158 novas
2569 3104 2767 3173 aliquot
2807 3104 2961 3172 primi
3009 3103 3195 3157 damus
3236 3104 3287 3157 in
3328 3105 3495 3159 lucem
3524 3123 3537 3159 :
3564 3106 3831 3177 inquibus

579 3196 814 3250 occurrit
852 3193 1127 3264 Augustini
1161 3201 1270 3247 tum
1313 3193 1607 3265 presbyteri
1651 3192 1871 3263 insignis
1907 3192 1974 3246 ad
2013 3193 2257 3262 Alypium
2300 3196 2601 3264 episcopum
2640 3194 3050 3264 Thagastensem
3082 3195 3315 3265 Epistola
3340 3239 3355 3259 ,
3387 3196 3534 3265 cujus
3576 3213 3828 3267 perquam

576 3285 847 3355 egregium
873 3293 956 3338 est
994 3292 1382 3353 argumentum.
1421 3283 1536 3336 Jam
1572 3280 1772 3351 pridem
1802 3280 2220 3335 Christianorum
2259 3283 2500 3335 convivia
2527 3283 3066 3354 Tciiinpotationcsque
3093 3285 3145 3338 in
3171 3286 3400 3341 basilicis
3438 3287 3591 3339 natali
3620 3284 3831 3341 sancto-

580 3390 699 3430 rum
728 3373 814 3427 die
858 3372 969 3427 licri
1010 3372 1196 3426 solitas
1218 3386 1248 3424 c
1288 3371 1466 3424 medio
1506 3371 1694 3425 tollere
1728 3369 1998 3440 satagebat
2035 3370 2374 3440 Augustinus.
2430 3372 2556 3441 Ejus
2596 3372 2733 3427 hanc
2774 3374 2827 3426 in
2866 3389 2974 3428 rem
3006 3374 3163 3427 verba
3191 3384 3313 3429 sunt
3342 3376 3392 3428 in
3422 3376 3587 3443 Epist.
3622 3391 3735 3429 xxu
3765 3375 3829 3428 ad

581 3461 887 3526 Aurelium,
915 3474 969 3515 ιι.
1002 3460 1036 3513 5
1062 3476 1076 3512 :
1108 3459 1445 3529 Auferendum
1470 3468 1541 3513 est
1570 3461 1765 3515 malum
1802 3476 1904 3513 non
1928 3476 2106 3530 aspere
2128 3500 2143 3523 ,
2172 3462 2258 3514 sed
2280 3461 2406 3512 sicut
2426 3462 2663 3531 scriptum
2690 3472 2781 3523 est,
2812 3463 2862 3515 in
2882 3463 3061 3532 spiritu
3097 3464 3312 3517 lenitatis
3336 3473 3381 3516 et
3411 3465 3827 3518 mansuetudinis.

585 3554 707 3611 Non
734 3553 954 3618 duriter,
985 3567 1085 3605 non
1105 3550 1252 3604 modo
1276 3551 1542 3623 imperioso
1568 3552 1663 3606 ista
1691 3552 1967 3616 tolluntur;
1994 3552 2153 3623 magis
2180 3552 2422 3604 monendo
2451 3568 2599 3621 quam
2620 3553 2876 3607 minando.
2909 3555 2997 3608 Sic
3016 3555 3147 3607 enim
3175 3557 3424 3625 agendum
3453 3566 3524 3610 est
3552 3574 3667 3610 cum
3702 3555 3832 3609 utul-

576 3647 792 3703 titudine
815 3646 1143 3717 pacantium.
1182 3644 1373 3700 Narrat
1396 3661 1523 3716 ergo
1556 3645 1641 3699 hic
1674 3644 2118 3715 quemadmodum
2149 3660 2240 3712 per
2269 3652 2376 3697 tres
2401 3644 2534 3706 dies,
2572 3643 2984 3714 nominatimque
3010 3646 3063 3699 in
3087 3645 3290 3700 Leontii
3318 3648 3477 3701 natali
3506 3649 3613 3716 die,
3644 3657 3827 3701 aucto-

578 3739 817 3793 ritatibus
841 3751 907 3793 ex
933 3736 1105 3791 divina
1135 3735 1405 3807 Scriptura
1432 3736 1605 3806 petitis
1623 3776 1639 3803 ,
1672 3746 1780 3789 tum
1820 3735 2066 3805 precibus
2086 3776 2101 3800 ,
2141 3734 2354 3790 iletibus
2376 3750 2438 3790 ac
2469 3734 2715 3805 lacrymis
2741 3736 2879 3804 apud
2909 3736 3197 3792 solemnem
3237 3739 3545 3796 concionem
3575 3741 3822 3803 instabat,

580 3829 718 3886 [ade
743 3837 801 3884 ut
832 3827 1008 3883 luccce
1046 3828 1372 3883 consuetudo
1401 3828 1467 3882 ab
1499 3828 1733 3885 Ecclesia
1778 3827 2139 3882 eliminaretur
2168 3844 2181 3880 :
2210 3842 2328 3897 qua:
2373 3828 2459 3883 ubi
2507 3843 2791 3898 paucorum
2844 3844 3058 3883 movere
3104 3831 3311 3886 animos
3357 3832 3656 3899 intellexit,
3707 3849 3829 3887 mox

581 3920 787 3976 acriore
814 3918 990 3974 studio
1011 3918 1110 3972 alia
1135 3928 1294 3988 atque
1321 3918 1424 3972 alia
1446 3918 1669 3988 subjecit
1693 3917 2024 3972 hortamenta
2042 3955 2060 3983 ,
2101 3924 2155 3970 et
2180 3916 2428 3985 imperata
2453 3917 2676 3970 oratione
2707 3918 2911 3981 piorum
2948 3918 3195 3988 sull'ragia
3226 3920 3499 3986 adhibuit;
3531 3925 3608 3979 sic
3637 3932 3693 3976 ut
3724 3923 3830 3975 Deo

581 4008 814 4064 donante
846 4006 1057 4063 tandem
1087 4023 1116 4061 a
1140 4008 1620 4079 compotationibus
1657 4008 1773 4063 istis
1812 4015 2075 4062 cessatum
2120 4005 2299 4061 fuerit.
2349 4008 2491 4062 Inter
2531 4008 2631 4061 alia
2677 4022 2804 4061 vero
2843 4023 2961 4079 qua:
2997 4009 3082 4065 hic
3123 4013 3421 4066 referuntur
3460 4013 3830 4068 ccclesiasticm

579 4100 875 4172 discile
900 4108 1240 4154 monumenta
1265 4138 1281 4164 ,
1326 4098 1540 4153 notandi
1567 4098 1699 4154 ritus
1728 4097 1780 4152 in
1805 4108 2108 4153 sanctorum
2144 4097 2566 4152 solemnitatibus
2608 4107 2717 4152 tum
2761 4101 3028 4170 usurpati,
3071 4117 3262 4171 nempe
3306 4118 3481 4157 sermo
3520 4104 3730 4159 habitus
3759 4098 3824 4152 ad

578 4199 862 4271 populum;
891 4214 1058 4253 sacra:
1086 4198 1340 4254 lectiones
1363 4207 1421 4255 et
1440 4197 1769 4255 Psalmorum
1794 4194 2086 4251 modulatio
2115 4194 2333 4250 alternis
2371 4193 2574 4249 vicibus
2598 4196 2872 4265 repetitae;
2903 4206 3017 4249 acta
3047 4194 3335 4269 Vespertina
3363 4212 3530 4262 sacra,
3556 4213 3675 4268 qua:
3695 4210 3819 4263 quo-

580 4291 703 4344 tidie
726 4290 984 4347 celebrari
1013 4290 1266 4345 solerent.

652 4378 921 4435 Prodeunt
958 4378 1117 4435 simul
1158 4393 1191 4434 e
1222 4378 1454 4434 tenebris
1486 4377 1603 4431 alia:
1634 4376 1753 4432 dua:
1774 4416 1791 4441 ,
1840 4377 2030 4446 quibus
2066 4392 2320 4433 numerus
2350 4377 2702 4447 Epistolarum
2738 4377 3012 4446 Augustini
3055 4375 3123 4430 ad
3159 4376 3431 4430 Paulinum
3458 4375 3741 4433 Noleoscm
3774 4373 3827 4427 in

583 4468 808 4525 Possidii
832 4469 1007 4525 indice
1036 4478 1319 4524 annotatus
1345 4468 1677 4538 completur;
1720 4466 1989 4521 breviores
2027 4467 2237 4536 quidem
2269 4466 2405 4533 illae,
2447 4466 2540 4522 sed
2569 4467 2873 4521 cbristiame
2910 4466 3116 4534 pietatis
3144 4479 3206 4519 ac
3244 4465 3625 4520 benevolentia:
3662 4478 3825 4520 sensu

580 4556 918 4627 plenissima.
965 4556 1060 4612 liis
1099 4557 1303 4613 Paulini
1346 4558 1547 4612 litteras
1574 4566 1627 4611 et
1652 4555 1964 4626 opusculum
1996 4563 2179 4610 contra
2204 4555 2474 4625 Paganos,
2502 4554 2641 4624 quod
2666 4556 2732 4610 ab
2758 4555 2871 4624 ipso
2909 4554 3167 4608 elaborari
3193 4554 3446 4609 didicerat
3473 4556 3820 4627 Augustinus,

577 4644 963 4700 ardentissimis
988 4644 1127 4700 votis
1146 4654 1399 4715 expetere
1427 4660 1485 4699 se
1502 4653 1846 4700 contestatur.
3228 4640 3231 4641 ⁷

652 4736 913 4792 Prolixior
938 4735 1299 4807 insigniorquc
1323 4743 1408 4790 est
1433 4734 1500 4789 ad
1526 4735 1875 4790 Mercatorem
1904 4735 2159 4805 Epistola,
2190 4750 2254 4789 ex
2281 4735 2433 4789 tertia
2463 4742 2610 4803 parte
2634 4733 2761 4787 olim
2792 4732 3023 4789 exhibita
3050 4735 3100 4787 in
3128 4733 3219 4788 lib.
3249 4733 3314 4787 ad
3343 4734 3647 4802 Dulcitium,
3682 4746 3823 4788 nunc

578 4834 756 4880 autem
786 4824 1011 4895 primum
1037 4841 1104 4879 ex
1146 4824 1353 4895 integro
1377 4824 1497 4878 data
1528 4839 1683 4893 :qum
1712 4834 1769 4878 ut
1793 4838 2008 4893 peracre
2032 4822 2338 4877 Mercator-is
2366 4823 2626 4892 ingenium
2653 4862 2668 4887 ,
2712 4825 2780 4876 ita
2825 4821 3145 4891 singularem
3190 4824 3502 4879 modestiam
3540 4819 3823 4896 Augustini

574 4912 790 4983 prodit,
816 4913 905 4982 qui
932 4922 1335 4968 succensentem
1364 4912 1507 4982 quod
1527 4912 1627 4968 sibi
1656 4926 1764 4967 non
1788 4910 2176 4982 rescripsisset,
2209 4911 2399 4979 accipit
2421 4912 2828 4980 gratantissime.
2856 4910 3128 4965 Notaudus
3158 4912 3209 4966 in
3238 4928 3299 4967 ea
3328 4915 3813 4970 controversiarum

579 5006 721 5062 inter
743 5004 1046 5061 Eatholicos
1089 5016 1142 5060 et
1182 5004 1490 5075 Pelagianos
1528 5014 1692 5061 status
1715 5045 1730 5069 ,
1777 5003 1916 5073 quod
1956 5002 2022 5056 ad
2062 5003 2404 5071 quaestionem
2430 5000 2495 5055 de
2523 5001 2791 5070 Baptismo
2830 5001 3167 5069 parvulorum
3200 5018 3263 5058 ac
3301 5003 3369 5059 de
3398 5015 3568 5061 morte
3605 5008 3823 5072 peccan

580 5097 835 5153 retributa
861 5097 1119 5166 pertinet,
1153 5095 1353 5165 liquido
1377 5095 1689 5165 explicatus.
1719 5093 1956 5149 Notanda
1983 5093 2159 5147 itidem
2189 5091 2389 5161 cpoclia
2428 5092 2738 5145 Litterarum
2767 5091 3043 5161 Augustini
3069 5092 3136 5148 ad
3164 5094 3365 5149 Sixtum
3396 5104 3449 5149 et
3481 5096 3544 5149 ad
3574 5089 3820 5149 Caelesti.

577 5205 706 5244 num
734 5188 1017 5243 diaconum
1048 5187 1133 5241 hic
1157 5187 1391 5242 delinita.
1422 5186 1527 5241 Sed
1556 5185 1683 5239 illud
1708 5185 1759 5237 in
1783 5184 1965 5254 primis
1990 5183 2354 5237 observatione
2374 5182 2588 5250 dignum
2615 5188 2715 5244 cst,
2746 5180 2886 5251 quod
2909 5197 2971 5235 ex
3004 5183 3187 5237 eadem
3212 5184 3430 5252 epistola
3455 5184 3815 5253 intelligimus,

576 5295 768 5349 nempe
791 5278 1079 5333 catholicos
1119 5277 1403 5347 scriptores
1429 5284 1574 5331 extra
1600 5273 1831 5329 Africam
1859 5270 2059 5341 positos
2086 5286 2182 5325 sua
2215 5270 2509 5340 Augustino
2540 5271 2733 5339 scripta
2756 5309 2771 5335 ,
2808 5284 2927 5339 qua:
2951 5270 3204 5327 adversus
3229 5271 3539 5340 Pelagianos
3567 5269 3814 5327 edebant.

574 5368 803 5439 dirigere
837 5368 1022 5423 solitos
1059 5365 1242 5421 fuisse.
1285 5364 1453 5434 Hujus
1481 5364 1692 5433 quidem
1738 5361 1816 5417 rei
1853 5360 2209 5429 conjecturam
2253 5375 2445 5431 capere
2488 5359 2679 5414 licebat
2708 5375 2772 5415 cx
2801 5361 3041 5417 breviore
3070 5362 3133 5416 ad
3172 5362 3375 5416 Sixtum
3422 5362 3747 5432 Epistola,n.
3776 5369 3812 5407 ι.

581 5455 780 5510 Verum
810 5455 862 5510 id
901 5456 1058 5524 longe
1085 5454 1281 5509 certius
1303 5452 1468 5522 liquet
1493 5468 1557 5508 ex
1585 5452 1667 5506 his
1690 5449 1964 5520 Augustini
1992 5449 2168 5503 verbis
2196 5449 2261 5505 ad
2294 5450 2637 5504 Mercator-cm
2674 5468 2687 5503 :
2716 5449 2828 5522 Ego
2851 5452 3016 5522 itaque
3040 5461 3104 5517 te,
3133 5450 3208 5520 ﬁli
3233 5451 3569 5522 dilectissime,
3594 5448 3810 5505 scriben-

579 5554 679 5599 tcni
705 5545 829 5598 mihi
850 5544 925 5598 vel
950 5544 1017 5597 ad
1038 5560 1117 5598 me
1150 5542 1513 5597 consideranda
1535 5551 1621 5597 tua
1642 5540 1831 5611 scripta
1856 5540 2146 5605 mittentem,
2178 5539 2305 5593 absit
2326 5551 2379 5594 ut
2403 5542 2705 5613 negligenter
2723 5544 2965 5611 accipiam
2983 5584 2999 5609 ,
3025 5553 3127 5597 etc.

651 5635 770 5692 lam
798 5648 926 5689 vero
954 5634 1006 5690 in
1040 5635 1202 5692 bacca
1225 5631 1456 5719 editione
1488 5631 1622 5703 capi
1635 5631 1924 5700 stationes,
1964 5645 2084 5701 qua:
2128 5645 2323 5700 paucas
2350 5632 2403 5688 in
2449 5634 2709 5705 Epistolas
2745 5632 2967 5690 antehac
3003 5632 3227 5690 inducta:
3254 5644 3406 5691 erant
3429 5674 3448 5703 ,
3488 5639 3813 5692 retineam;
