4044 6338
535 338 605 395 £7
1983 331 2369 390 PREFA'I‘IO.
3727 343 3796 400 pg

537 466 592 507 c.
615 450 706 507 88.
733 450 823 507 Sic
851 448 1062 515 Rivius,
1105 463 1185 508 Sic
1219 455 1342 505 ante
1382 447 1528 504 illum
1565 447 1734 502 sensit
1758 444 2013 500 Baronius
2037 443 2102 499 ad

535 535 627 576 an.
661 520 785 575 402.
813 519 911 577 Ubi
941 530 1116 575 tamen
1141 520 1389 573 admonet
1413 566 1425 580 ,
1470 535 1528 572 se
1571 515 1857 586 aliquando
1898 525 2108 586 putasse

539 589 913 644 laximianum
940 591 1243 660 episcopum
1270 590 1416 660 illum
1447 585 1784 660 Bagaiensem
1805 627 1818 649 ,
1847 586 1936 654 qui
1953 585 2106 660 scili-

537 669 628 714 cet
648 675 681 716 a
721 653 1004 716 Donatistis
1032 653 1202 715 cms'us
1229 669 1282 715 et
1307 658 1374 713 de
1404 653 1544 710 turri
1564 653 2110 725 praecipitatustluisse

541 739 790 784 narratur
827 730 894 784 ab
938 731 1228 799 Augustino
1273 729 1324 799 in
1367 727 1522 796 epist.
1564 723 1808 799 gmw,
1843 742 1892 778 ιι.
1921 723 2112 799 26,_et

541 813 793 865 Lxxxvm,
827 817 880 854 ιι.
910 792 1107 866 7,θι”ἰιι
1137 799 1268 854 libro
1292 797 1328 866 3
1354 792 1534 850 contra
1554 795 1922 866 Cresconium,
1948 809 1997 848 c.
2017 792 2107 866 415,

538 862 789 925 eumdem
815 884 936 925 esse
950 862 1081 926 cum
1118 869 1250 933 isto,
1281 865 1348 920 de
1380 880 1486 937 quo
1512 866 1566 919 in
1591 862 2112 937 Milevitanasynodo

538 953 716 996 actum
745 950 859 1004 est;
891 940 987 994 sed
1011 938 1316 1008 jamyideri
1337 935 1440 1008 sibi
1462 951 1585 1008 esse
1614 936 1682 992 ab
1713 951 1778 992 eo
1815 935 2110 1008 diversum,

517 1007 700 1080 atque
726 1011 778 1064 in
807 1011 948 1065 illius
977 1006 1179 1080 synodi
1200 1008 1348 1080 Actis
1377 1006 2110 1080 legendumtessejlaximia-

539 1075 665 1136 nuin
690 1075 1112 1152 Vagiensemt'non
1137 1075 1491 1149 Bagaienserit.
1514 1075 1628 1144 Qua
1649 1076 1716 1132 de
1737 1089 1798 1132 re
1818 1076 1953 1131 forte
1974 1078 2112 1131 alius

537 1148 786 1208 occurret
813 1149 1024 1205 dicendi
1056 1148 1226 1202 locus.

751 1219 914 1276 LXX.
931 1247 997 1258 —
1024 1217 1230 1288 Scripta
1251 1221 1384 1282 forte
1404 1216 1541 1288 circa
1555 1216 1659 1288 hoc
1681 1223 1894 1284 tempus.

607 1290 736 1345 Post
757 1306 956 1346 annum
998 1288 1103 1342 400
1139 1286 1394 1357 Scriptum
1423 1287 1687 1341 credimus
1713 1286 1999 1354 epistolam
2028 1299 2114 1340 se-

535 1363 919 1430 ptuagesimum
959 1358 1041 1430 ad,
1068 1357 1452 1430 Naucclliouem
1481 1359 1594 1410 sive
1615 1365 1825 1430 mortuo
1843 1357 1950 1430 jam
1975 1369 2110 1424 pra:-

538 1426 760 1485 lextato.
807 1431 920 1483 Non
960 1429 1103 1481 enim
1143 1429 1292 1483 νιοιιὶι
1333 1431 1382 1481 in
1419 1435 1654 1480 tuentem
1695 1427 1795 1480 alia
1841 1426 1976 1481 ratio
2016 1440 2113 1479 cur

539 1491 767 1573 {tripede
787 1492 878 1547 illo
897 1492 1051 1573 sileat
1071 1491 1411 1573 Augustinus,
1437 1490 1715 1573 solumque
1733 1499 2114 1573 conunem‘oret

540 1560 864 1615 Felicianum
883 1601 900 1626 ,
933 1563 1030 1616 nisi
1061 1557 1180 1630 quia
1221 1559 1305 1615 hic
1331 1559 1477 1612 solus
1512 1567 1781 1630 superstes
1807 1568 1937 1630 erat.
1980 1557 2110 1630 Nam

537 1645 660 1684 cum
691 1647 792 1684 una
819 1631 1008 1686 luisset
1039 1626 1313 1685 amborum
1338 1643 1525 1689 causa,
1554 1642 1654 1680 una
1682 1628 1731 1680 in
1764 1627 1948 1681 ambos
1973 1626 2110 1680 dicta

538 1702 822 1766 sententia,
849 1701 1047 1754 ezedem
1074 1702 1230 1755 etiam
1260 1708 1438 1768 postea
1464 1697 1717 1768 adversus
1743 1697 1956 1760 ambos,
1998 1705 2056 1750 ut
2081 1712 2113 1754 c

540 1769 653 1838 suis
679 1771 1000 1838 pellerentur
1023 1766 1300 1835 ecclesiis,
1344 1769 1613 1838 intentatae
1643 1766 1792 1838 lites;
1834 1775 2110 1838 atquecu-

540 1836 660 1892 dem
680 1835 1012 1904 'oecasione,
1049 1839 1400 1908 compellente
1439 1837 1686 1908 nimirum
1713 1835 1902 1908 Optato
1926 1835 2112 1908 Gildo-

519 1909 716 1974 ‘niano,
751 1909 1040 1980 iisdemque
1071 1905 1284 1980 demum
1321 1905 1900 1980 conditionibuslacta
1924 1906 2111 1980 ambo-

540 1993 656 2048 rum
693 1975 1084 2044 reconciliatio;
1127 1977 1550 2048 producebantur
1595 1975 1820 2030 antehac
1859 1975 2016 2048 simul
2041 1975 2112 2048 ab

540 2047 868 2115 Augustino,
912 2045 1230 2116 ubicumque
1261 2046 1318 2102 S.
1353 2049 1542 2101 Doctor
1565 2054 1929 2116 argumentum
1972 2045 2111 2099 istud

539 2114 724 2170 contra
771 2118 1067 2172 Donatistas
1118 2114 1488 2184 retorquebat,
1531 2115 1818 2170 ostendens
1852 2114 2046 2184 {rustra
2077 2130 2108 2169 a

540 2187 895 2258 schismaticis
915 2189 1070 2258 objici
1095 2188 1145 2241 in
1166 2183 1490 2258 Catholicos,
1513 2200 1632 2258 qua:
1651 2184 1748 2254 ipsi
1768 2186 1818 2238 in
1845 2183 2115 2258 Maximia-

540 2255 794 2326 nistarum
817 2254 995 2324 causa,
1017 2267 1071 2312 et
1096 2256 1385 2326 prmsertim
1405 2270 1527 2326 erga
1551 2254 1922 2309 Pnctextatum
1941 2263 1996 2309 et
2013 2254 2112 2310 Fe-

541 2323 789 2379 licianum
818 2323 1229 2396 perpetrassent.

866 2391 1054 2451 LXXI.
1082 2426 1152 2436 —
1177 2394 1382 2465 Scripta
1405 2393 1539 2465 circa
1567 2408 1654 2446 an.
1683 2391 1808 2465 403.

610 2464 914 2535 Hieronymi
955 2467 1154 2520 litteras
1194 2462 1587 2534 per'Asterium
1629 2477 1746 2535 cum
1775 2462 2026 2535 Apologia
2058 2463 2109 2517 in

540 2531 1026 2590 Ilul'linutn'allatas
1052 2531 1284 2590 nondum
1319 2542 1591 2602 receperat
1616 2531 1967 2602 Augustinus,
1991 2549 2111 2586 cum

539 2606 980 2676 septuagesimam
1020 2605 1242 2676 primam
1281 2600 1565 2676 epistolam
1599 2600 1864 2676 Cypriane
1887 2602 2112 2676 diacono

539 2673 606 2726 ad
635 2671 1405 2744 Hieronymum'perl'erendam
1443 2671 1612 2744 dedit.
1651 2671 1856 2744 Quippe
1879 2671 1946 2726 de
1971 2673 2112 2744 illius

539 2757 660 2814 cum
687 2741 895 2814 littllino
915 2741 1174 2798 discordia
1200 2743 1396 2814 nullum
1419 2742 1636 2814 verbum
1659 2741 1813 2814 facit;
1840 2742 2112 2814 aperitque

539 2812 697 2867 ctiam
728 2813 813 2866 hic
839 2813 1004 2867 libere
1029 2814 1152 2883 quid
1181 2811 1248 2867 de
1274 2811 1489 2883 illiustin
1517 2811 1666 2865 libris
1692 2809 1900 2883 Veteris
1927 2809 2112 2883 Testa-

540 2883 703 2935 menti
737 2898 802 2937 ex
839 2880 1060 2937 Hebraeo
1081 2881 1343 2937 vertendis
1371 2881 1550 2934 labore
1577 2880 1804 2950 sentiat:
1839 2880 2110 2950 haudqua-

539 2965 698 3018 quam
727 2951 775 3006 id
801 2950 1052 3014 l’acturus,
1080 2967 1185 3006 non
1210 2951 1395 3006 sedato
1413 2951 1650 3019 inprimis
1674 2949 1977 3020 Hieronymi
1998 2951 2114 3005 ani-

539 3035 650 3086 mo,
681 3023 724 3076 si
755 3037 879 3075 cum
904 3023 1166 3091 prioribus
1193 3021 1564 3091 cpistolistsuis
1593 3027 1913 3091 commotum
1940 3020 2110 3074 olI'eu-

537 3102 761 3160 sumque
800 3088 960 3146 fuisse
995 3088 1356 3146 intellexisset.
1399 3088 1823 3160 Mittebattsimul
1852 3096 1959 3143 tres
1982 3090 2112 3145 alias

537 3158 791 3228 epistolas
818 3162 1043 3215 antehac
1083 3163 1306 3230 scriptas
1327 3201 1350 3230 ,ί
1385 3174 1450 3230 ex
1486 3159 1688 3230 cap._l,
1718 3173 1768 3210 ιι.
1798 3158 1861 3230 2,
1889 3173 2108 3230 quarum

540 3243 720 3296 unam,
753 3230 955 3286 scilicet
986 3246 1165 3294 xxvm,
1195 3228 1302 3283 non
1331 3229 1488 3282 luisse
1516 3228 1768 3296 perlatam
1788 3228 1982 3281 sciebat
2009 3229 2110 3284 :de

515 3299 719 3354 alteris
747 3315 872 3354 vero
900 3300 1104 3368 duabus
1133 3315 1322 3368 nempe
1357 3314 1422 3352 xt.
1451 3308 1498 3352 ct
1525 3313 1682 3368 mu,
1715 3298 1946 3368 incertus
1973 3308 2106 3353 erat.

813 3367 1018 3422 LXXII.
1042 3397 1116 3440 έ-
1141 3366 1343 3440 Scripta
1365 3384 1452 3420 an.
1480 3367 1583 3421 405
1607 3366 1837 3440 αιιιᾼ404.

613 3436 956 3507 Snbsequens
983 3439 1202 3507 epistola
1232 3435 1266 3490 a'
1288 3438 1610 3507 Hieronymo
1639 3436 1738 3507 sub
1769 3435 1869 3490 hoc
1903 3442 2110 3506 tempus

514 3505 732 3561 'dictata
768 3505 1079 3578 intelligitur
1102 3523 1167 3561 ex
1196 3523 1312 3577 cap.
1337 3507 1406 3570 2,
1437 3505 1584 3570 ιι.’4,
1625 3506 1711 3578 ubi
1751 3505 2110 3578 nonnulla’de

539 3579 704 3630 verbo
731 3579 922 3646 repetit
945 3576 1007 3630 es
1039 3576 1270 3646 epistola
1302 3592 1476 3642 vau,
1523 3577 1793 3643 superiore
1831 3589 1972 3646 anno
2009 3576 2109 3630 sibi

539 3646 760 3717 directa.
793 3644 854 3700 Et
879 3644 1307 3717 partitnquidcm
1337 3646 1419 3700 isti
1446 3661 1596 3717 um
1618 3644 1936 3717 respondet;
1984 3660 2109 3717 par-

540 3715 634 3768 tim
661 3717 820 3770 etiam
845 3715 1018 3781 alteri,
1049 3715 1166 3784 quin
1193 3717 1408 3770 minimc
1433 3716 1711 3783 reperitur,
1743 3715 1794 3767 in
1823 3729 1924 3783 qua
1953 3715 2112 3768 nimi-

538 3799 657 3838 rum
691 3787 1010 3857 Augustinus
1033 3787 1361 3857 signiﬁcabat
1385 3785 1666 3857 ep_istolam_
1687 3784 1990 3857 quamdam,
2025 3786 2109 3857 cui

540 3853 855 3922 responsum
885 3853 1185 3922 llagiuiliat,
1217 3871 1247 3910 a
1286 3871 1344 3912 se
1383 3853 1610 3925 primum
1641 3853 1923 3925 Prelnturo
1949 3856 2109 3908 tradi-

539 3931 670 3990 tam,
693 3926 926 3979 secnndo
956 3925 1167 3979 missam
1209 3925 1368 3979 fuisse
1387 3924 1488 3993 per
1505 3924 1783 3993 quemdam
1812 3924 1992 3989 alium,
2027 3934 2110 3978 at-

537 4009 642 4060 que
669 3993 809 4048 hunc
829 3996 982 4048 maris
1011 3996 1230 4064 timuisse
1253 3995 1560 4058 discrimina,
1583 4002 1629 4046 et
1649 3994 1980 4064 navigationis
2001 4011 2114 4047 nnt-

539 4072 671 4115 tasse
698 4065 981 4118 consilium.
1011 4063 1152 4118 Istud
1185 4073 1356 4118 tamen
1387 4064 1701 4130 rescriptum
1733 4062 1886 4117 suum
1919 4062 2108 4117 Hiero.

540 4147 732 4204 nymiis
757 4149 859 4186 non
891 4134 1033 4204 misit
1055 4143 1178 4188 ante
1201 4133 1446 4204 Cypriani
1475 4132 1722 4199 reditum,
1751 4135 1840 4202 qui
1869 4133 2023 4204 simul
2057 4143 2113 4188 et

539 4202 685 4274 illius,
711 4203 939 4274 perlator
963 4203 1080 4269 fuit,
1109 4202 1256 4274 juxta
1283 4202 1441 4274 epist.
1474 4217 1670 4274 Lxxxu,
1697 4217 1746 4256 c.
1775 4203 1828 4268 4,
1861 4218 1917 4256 ιι.
1945 4203 2035 4268 50,
2058 4212 2113 4258 et

539 4273 756 4342 alterius
775 4313 788 4335 ,
820 4273 1021 4326 scilicet
1044 4273 1280 4342 epistola:
1317 4273 1453 4326 Lxxv
1480 4273 1691 4342 scripta:
1715 4282 1944 4327 exeunte
1970 4288 2111 4326 anno

541 4341 686 4412 404,
727 4342 811 4395 vel
855 4345 1035 4412 serius
1069 4341 1243 4412 paulo.
1288 4342 1519 4412 Denique
1545 4341 1930 4397 observandum
1969 4344 2110 4412 quod

544 4409 896 4494 llieronymps
934 4426 983 4464 c.
1018 4409 1152 4494 l_,:n.
1190 4411 1252 4476 l,
1289 4409 1452 4494 dicit,
1493 4412 1770 4494 epistolam
1800 4409 2108 4494 AApgus—tini,

579 4479 788 4550 utaut,
817 4480 882 4533 de
905 4495 1005 4549 qua
1038 4479 1120 4534 hic
1143 4481 1471 4550 expostulat,
1513 4482 1564 4535 in
1591 4481 1756 4535 insula
1786 4479 1963 4536 Adrite
1991 4491 2114 4536 ante

579 4495 669 4532 uta
701 4495 788 4543 ιι..
817 4495 882 4533 ue
905 4495 1005 4549 qna
1038 4495 1120 4534 nte
1143 4495 1471 4550 exposunat,
1513 4497 1564 4535 ιιι
1591 4495 1756 4535 insula
1786 4495 1963 4536 aurae
1991 4495 2108 4536 ante

541 4495 646 4607 [ioc
675 4547 1277 4622 lerme_q_t_ti_nqt_tenniu_m
1304 4559 1577 4622 repertam
1606 4551 1765 4606 luisse
1788 4567 1817 4604 a
1841 4551 2108 4622 Sysinnio.

841 4617 1075 4691 LXXIII.
1099 4649 1170 4658 —
1196 4617 1400 4691 Scripta
1426 4623 1558 4674 circa
1581 4638 1676 4691 inn.
1707 4622 1830 4676 404.

617 4687 730 4760 Hoc
751 4687 1236 4760 interimttempore,
1260 4687 1409 4745 idest
1431 4703 1546 4760 post
1562 4690 1808 4760 Cypriani
1836 4689 2117 4760 profectio-

545 4773 666 4813 nem
695 4757 747 4830 i_n
772 4757 1101 4830 Paltestinam
1124 4800 1139 4824 ,
1168 4773 1289 4814 cum
1319 4757 1653 4829 Augustinus
1667 4757 1869 4814 reddita
1895 4761 1994 4814 sibi
2021 4775 2115 4830 per

545 4827 814 4896 ASIerium
843 4827 1062 4896 epistola
1094 4844 1272 4895 vattl,
1304 4827 1526 4885 sentiret
1563 4831 1939 4896 llieronynmm
1978 4827 2114 4884 non-

546 4897 676 4970 nihil
713 4895 972 4950 oll'ensum
1013 4897 1122 4952 suis
1142 4899 1336 4970 litteris
1355 4941 1369 4964 ,
1400 4915 1530 4967 quas
1560 4915 1652 4968 per
1681 4895 1880 4954 Italiam
1904 4914 2116 4970 sparsas

544 4967 745 5052 tuisse,
764 4981 866 5052 nec
886 4975 1062 5052 tamen
1090 4969 1156 5022 ad
1180 4970 1359 5052 ipsum;
1378 4967 1700 5052 euioscriptte
1727 4977 1878 5024 erant
1895 5009 1913 5051 ε
1933 4967 2114 5052 perla-

541 5044 626 5090 tas
651 5036 1001 5110 querebatur;
1033 5053 1136 5110 non
1165 5036 1366 5094 distulit
1397 5041 1521 5110 quin
1551 5036 1802 5093 continuo
1829 5036 2106 5110 epistolam

500 5155 503 5157 ι
544 5105 983 5177 septuagesimum
1006 5108 1211 5163 tertiam
1232 5105 1579 5174 rescriberet;
1607 5110 1694 5163 ubi
1715 5109 1839 5161 dum
1855 5105 1972 5176 ejus
1989 5124 2117 5177 que-

544 5121 983 5229 septuagestmam
1006 5121 1211 5163 tertiam
1232 5121 1579 5174 rescriberet;
1607 5121 1694 5163 uIn
1715 5121 1839 5161 dum
1855 5123 1972 5176 epis
1989 5124 2115 5177 que-

542 5191 602 5231 re
628 5178 872 5248 is_laeere
895 5178 1022 5231 satis
1049 5178 1246 5244 studet,
1275 5187 1494 5236 testatur
1513 5195 1572 5233 se
1593 5183 1630 5232 Λ
1640 5179 1901 5248 pologiam
1930 5179 2115 5232 adver-

545 5260 637 5300 sus
659 5245 1252 5318 Bullinumtaceepisse,
1271 5250 1446 5318 aitque
1465 5264 1523 5304 se
1541 5245 1682 5302 illius
1710 5245 1858 5318 inter
1873 5262 1966 5301 eos
1990 5261 2119 5318 cna-

545 5324 615 5369 ta:
635 5315 988 5387 dissensionis
1015 5315 1259 5387 exemplo
1283 5315 1541 5380 territum,
1571 5333 1690 5371 eum
1711 5317 1950 5385 qumdam
1973 5317 2036 5370 ad
2059 5331 2117 5370 se

546 5387 600 5469 in
632 5386 934 5469 lliet‘onymi
965 5386 1409 5469 epistola_legeret
1440 5389 1602 5469 ipsius
1636 5387 2118 5469 indignationislin-

548 5455 702 5527 (licia.
731 5452 912 5526 Itaque
938 5452 1168 5525 pertinet
1193 5452 1370 5527 limcee
1393 5452 1614 5527 epistola
1634 5456 1698 5510 ad
1718 5452 1804 5509 ait.
1826 5456 1966 5527 circ.
1987 5455 2115 5527 404,

546 5539 654 5595 quo
679 5525 788 5594 jam
816 5523 1012 5595 annum
1036 5527 1208 5580 aetatis
1229 5523 1718 5595 quinquagesimum
1746 5523 1990 5595 attigerat
2011 5526 2120 5578 Au-

545 5592 790 5662 gustinus
807 5636 826 5662 ,
864 5593 954 5665 qui
981 5610 1042 5651 se
1066 5592 1262 5665 senem
1277 5592 1396 5650 esse
1419 5592 1700 5665 proﬁtetur
1727 5592 1910 5663 cap.'2
1927 5635 1942 5659 ,
1970 5611 2025 5647 ιι.
2050 5595 2116 5661 5,

545 5663 975 5733 nequaquam‘ibi
1004 5664 1150 5719 senis
1178 5663 1510 5731 nomium—nti
1537 5663 1798 5718 interdum
1819 5665 1986 5729 solet,
2019 5678 2118 5719 no-

545 5739 668 5791 tans
693 5743 903 5790 aetatem
948 5733 1187 5791 ultimam
1213 5773 1228 5800 ,
1268 5748 1388 5805 qua:
1428 5735 1495 5791 ab
1530 5749 1669 5790 anno
1713 5734 1772 5790 til
1819 5734 2116 5792 inchoatur.

2487 442 2802 500 remittenda
2827 453 2970 502 esset
2993 445 3217 517 epistola
3245 446 3382 504 ultra
3409 463 3606 507 annum
3635 453 3796 512 Cbrt-

2495 581 2730 638 LXXIV.
2754 614 2830 626 ——
2856 585 3061 655 Scripta
3094 603 3208 641 eam
3233 588 3508 661 superiore.

2285 672 2519 745 Epistola
2540 676 2926 745 septuagesima
2949 685 3134 745 quarta
3154 678 3223 731 ad
3244 677 3551 736 Prwsidium
3567 682 3686 738 data
3710 695 3791 742 est

2213 743 2491 818 occasione
2518 743 2807 818 superioris
2833 743 3070 818 epistola:
3089 787 3103 809 ,
3129 763 3287 818 quam
3320 765 3412 818 per
3435 766 3556 806 eum
3587 753 3778 809 Hiero-

2213 813 2534 890 nymom'itti
2557 853 2575 880 ,
2603 813 2898 890 imo_etia_tn
2927 813 3304 890 Ilierony'ntum
3321 813 3426 888 'per
3449 821 3565 890 ejus
3586 823 3792 880 litteras

2213 883 2313 964 sibi
2338 883 2536 952 placari
2565 883 2803 964 postulat
2825 883 3164 964 Augustinus.
3192 883 3355 942 Porro
3377 883 3683 964 graisidius,
3703 895 3794 964 qui

2216 953 2302 1007 bic
2328 953 2682 1027 consacerdos
2703 994 2719 1018 ,
2752 953 2804 1007 id
2825 953 3212 1027 estfepiseOpus
3235 960 3551 1027 appellatur,
3581 953 3791 1018 videtur

2215 1023 2434 1101 omnino
2467 1023 2511 1076 is
2535 1038 2656 1079 esse
2681 1039 2837 1101 quem
2863 1023 3214 1101 Hieronymus
3239 1023 3317 1081 ex
3332 1023 3613 1101 Palaestina
3646 1034 3792 1101 traji—

2214 1092 2440 1167 cientettt
2460 1093 2864 1167 ctimmgidalmt
2885 1092 3176 1167 Augustino
3197 1113 3292 1166 per
3310 1099 3587 1167 epistolam
3609 1092 3786 1166 xxxix,

2214 1176 2384 1236 ιιιιιιιξι⁸
2399 1160 2534 1217 forte
2577 1163 2679 1236 ἔξω
2720 1160 3006 1234 scriptam',
3036 1160 3318 1236 diaconum
3346 1160 3470 1223 eum
3501 1187 3713 1236 vocans,
3739 1160 3794 1226 et

2215 1231 2520 1304 signiﬁcans
2531 1233 2644 1304 sibi
2673 1248 2793 1304 esse
2821 1231 3274 1304 germanissimo».

2435 1299 2644 1374 LXXV.
2671 1333 2756 1374 —t
2770 1299 2972 1374 Scripta
2995 1305 3128 1358 circa
3153 1308 3304 1374 linem
3331 1324 3417 1361 an.
3444 1308 3570 1363 404.

2284 1368 2550 1448 Cypriane
2594 1373 2647 1427 in
2688 1368 2917 1428 Africam
2955 1368 3415 1448 revertentiﬂtluas
3440 1378 3506 1430 ad
3539 1381 3792 1448 Augusti-

2215 1454 2340 1517 nu_m
2361 1442 2634 1512 epistolas,
2659 1457 2799 1517 Lxxu
2826 1453 3059 1517 et_t._xx‘v,
3082 1443 3230 1517 dedit
3252 1442 3792 1517 Ilieronymusjuxta

2215 1509 2370 1579 epist.
2395 1509 2610 1588 i._xxxu_,_
2634 1527 2683 1566 c.
2708 1512 2760 1574 5,
2790 1513 2966 1588 n.__56_.
3080 1516 3175 1588 hac
3200 1509 3584 1588 septuagesima
3612 1509 3792 1588 quinta

2214 1581 2501 1656 [espondet
2527 1581 2694 1637 tribus
2718 1597 2782 1637 ex
2811 1583 2983 1636 allatis
3003 1584 3100 1637 sibi
3127 1600 3221 1653 per
3244 1581 3565 1656 Cyprianum
3596 1581 3796 1656 episto-

2217 1647 2321 1712 lis,
2359 1650 2560 1704 scilicet
2601 1667 2798 1716 xxvm,
2831 1668 2916 1714 XL,
2944 1663 2998 1707 et
3027 1647 3181 1716 Lxxi;
3227 1647 3355 1707 nihil
3386 1671 3513 1710 vero
3536 1656 3602 1710 de
3628 1647 3792 1713 Lxxm

2216 1718 2360 1782 dicit,
2389 1735 2547 1790 quam
2577 1719 2719 1792 baud
2747 1721 2904 1776 dubie
2931 1723 3163 1792 nondum
3192 1735 3485 1792 receperat.
3510 1727 3790 1782 Scribebat

2215 1803 2343 1869 ergo
2366 1789 2552 1869 versus
2580 1789 2736 1846 linem
2764 1807 2852 1846 an.
2881 1791 3002 1846 404.
3031 1791 3186 1869 Certe
3215 1789 3517 1869 non'citius,
3545 1797 3787 1869 quando-

2216 1857 2428 1936 quidem
2444 1859 2553 1936 jam
2572 1870 2940 1936 exauctoratus
2963 1872 3077 1936 erat
3096 1862 3327 1936 Joannes
3349 1857 3784 1936 CltrySosto'mus,

2218 1928 2291 1982 uti
2307 1928 2964 2002 _n_otto_bscureisignillcat
2987 1932 3069 1984 hic
3087 1949 3202 2002 cap.
3235 1933 3287 1992 5.
3319 1950 3371 1985 n.
3403 1935 3455 1988 6.

2305 1997 2538 2070 LXXVI.
2569 2030 2640 2070 έ-
2669 1997 2872 2070 Scripta
2899 2001 3098 2055 ineunte
3121 1997 3208 2056 an.
3239 2002 3342 2056 404
3369 2013 3456 2055 aut
3479 2004 3696 2059 circiter.

2284 2065 2420 2140 Cum
2459 2085 2526 2124 ex
2565 2065 2795 2140 decreto
2823 2073 3084 2135 generalis
3121 2074 3278 2126 totius
3322 2071 3513 2127 Africa:
3549 2075 3788 2140 concilii,

2255 2137 2357 2210 uod
2382 2154 2522 2210 anno
2548 2139 2674 2204 405,
2703 2140 2788 2194 die
2821 2140 2890 2194 25
2930 2141 3132 2210 augusd
3160 2142 3478 2196 celebratum
3503 2151 3606 2208 est,
3653 2137 3793 2199 facta

2241 2209 2403 2262 uisset
2432 2209 2824 2282 Donatistarum
2851 2209 3132 2282 episcopis,
3160 2227 3258 2282 per
3286 2227 3546 2282 quemque
3571 2213 3793 2268 catholi-

2215 2291 2337 2350 cum
2365 2280 2666 2348 episcopum
2706 2279 2758 2334 in
2803 2295 2895 2333 sua
2941 2279 3192 2344 dioecesi,
3238 2279 3418 2335 citatio
3458 2279 3786 2350 publicorum

2203 2347 2464 2402 'Actorum
2504 2347 2704 2413 l'orma,
2748 2360 2805 2404 ut
2841 2349 2906 2403 ad
2936 2351 3202 2419 pacilicam
3231 2347 3566 2404 collationem
3606 2359 3792 2408 venire

2217 2432 2335 2488 non
2351 2427 2746 2483 cunctarentur,
2773 2419 3161 2488 responderunt
3190 2420 3262 2473 illi
3287 2421 3445 2473 verbis
3461 2420 3599 2485 dolo,
3623 2425 3787 2476 male-

2217 2487 2468 2557 dictione_,
2499 2489 2836 2542 amaritudine
2868 2487 3054 2557 plenis,
3076 2504 3138 2542 ex
3189 2490 3280 2544 lib.
3324 2491 3358 2543 '5
3398 2501 3580 2543 contra
3604 2489 3786 2546 Cresc.

2215 2570 2264 2610 c.
2297 2557 2384 2612 45.
2427 2555 2546 2629 Ipse
2589 2559 2748 2629 etiam
2792 2555 3165 2612 Preculeianus
3204 2561 3341 2629 apud
3387 2557 3680 2628 llipponem
3721 2563 3792 2616 ab

2217 2628 2509 2695 Augustino
2531 2627 2910 2697 interpellatus,
2943 2629 3111 2697 primo
3135 2627 3346 2696 quidem
3377 2627 3650 2696 respondit
3673 2645 3784 2686 suae
3874 2632 3886 2646 °

2217 2697 2381 2764 partis
2407 2697 2684 2766 episcopos
2712 2698 2990 2752 concilium
3019 2697 3289 2752 habituros
3313 2707 3366 2752 et
3391 2698 3495 2753 illic
3521 2699 3786 2754 delibera-

2217 2775 2366 2820 turos
2401 2768 2537 2838 quod
2568 2781 2876 2837 responsum
2906 2768 3209 2822 redderent.
3241 2768 3374 2821 Tum
3405 2767 3578 2838 denuo
3606 2770 3785 2838 pulsa-

2216 2842 2300 2890 tus
2320 2877 2335 2898 ,
2370 2837 2703 2890 collationem
2746 2847 2928 2905 aperte
2957 2838 3219 2891 recusarit
3242 2853 3304 2891 ex
3333 2837 3488 2907 epist.
3527 2837 3780 2905 cxxxvnt,

2215 2921 2272 2960 ιι.
2299 2907 2351 2960 7.
2382 2907 2715 2975 Quapropter
2743 2907 2885 3028 ipsos
2911 2921 3092 2960 eorum
3126 2907 3309 2960 Laieos
3335 2907 3553 2988 epistola
3578 2917 3788 2976 septua-

2215 2977 2412 3028 gesima
2455 2985 2602 3028 sexta
2647 2977 2712 3028 ad
2801 2977 3045 3028 onatistas
3085 2976 3331 3028 inscripta
3372 2977 3788 3028 Interpellandos

2213 2977 2412 3042 gesima
2455 2985 2602 3030 sexta
2647 2977 2712 3029 ad
2752 2976 3045 3046 Donatistas
3085 2976 3331 3046 inscripta
3372 2976 3788 3046 interpellandos

2215 3047 2421 3099 censuit
2448 3047 2792 3115 Augustinus.
2840 3045 2926 3100 Vel
2947 3047 3080 3100 vobis
3104 3045 3299 3110 Laicis,
3331 3045 3524 3115 inquit,
3555 3063 3606 3100 ιι.
3635 3049 3689 3111 4,
3718 3048 3788 3100 ad

2215 3115 2310 3188 ista
2349 3113 2681 3188 respondeant
2711 3117 2933 3188 episcopi
2971 3117 3138 3188 vestri,
3173 3117 3216 3169 si
3254 3113 3507 3168 nobiscum
3531 3117 3667 3188 loqui
3695 3135 3786 3170 uo-

2215 3184 2353 3248 lunt,
2381 3184 2483 3238 etc.
2513 3184 2574 3242 Si
2603 3185 2711 3254 lupi
2738 3184 3002 3239 concilium
3029 3187 3280 3253 feccrunt,
3305 3195 3359 3237 ut
3390 3184 3666 3254 pastoritius
3686 3203 3787 3240 non

2214 3254 2576 3324 respondeant,
2615 3272 2772 3323 quare
2796 3271 2907 3309 oves
2932 3255 3194 3308 consilium
3232 3255 3581 3324 perdiderunt,
3625 3265 3678 3306 ut
3719 3257 3788 3308 ad

2215 3322 2446 3393 luporum
2467 3322 2730 3394 speluncas
2748 3326 3006 3394 accedant.
3034 3325 3210 3394 Itaque
3234 3322 3426 3392 Scripta
3454 3333 3533 3376 est
3561 3325 3786 3394 epistola

2215 3394 2314 3445 sub
2342 3393 2545 3447 initium
2576 3395 2698 3448 anni
2727 3397 2848 3448 404.
2878 3393 2933 3448 In
2963 3411 3022 3448 ea
3055 3393 3301 3448 Feliciani
3346 3394 3544 3445 mentio
3569 3393 3645 3456 lit,
3679 3409 3785 3447 non

2217 3461 2516 3516 I’rmtextati
2537 3505 2552 3530 ,
2583 3464 2720 3533 quod
2754 3465 2824 3518 uti
2851 3480 3008 3533 supra
3037 3463 3431 3518 observavimus
3454 3502 3469 3526 ,
3496 3461 3605 3532 jam
3635 3463 3782 3517 PRE-

2215 3539 2444 3586 tcxtatus
2463 3533 2700 3596 obiisset.

2319 3621 2585 3690 LXXVII,
2629 3621 2902 3678 LXXVI".
2929 3653 3001 3664 —
3027 3622 3243 3692 Scriptte
3269 3621 3400 3691 forte
3422 3638 3510 3676 an.
3539 3621 3674 3686 404,

2801 3696 2922 3746 circ.
2953 3693 3023 3747 26
3040 3693 3196 3762 junii.

2283 3781 2684 3853 subsequuntur
2710 3800 2869 3853 super
2895 3784 3142 3853 Bonifacii
3168 3791 3223 3836 et
3251 3781 3373 3850 Spei
3399 3797 3554 3853 causa
3586 3783 3788 3851 cpisto-

2215 3851 2279 3905 la:
2305 3852 2425 3905 dua:
2445 3893 2458 3914 ,
2502 3869 2635 3922 quas
2662 3851 2869 3908 vivente
2897 3852 3071 3907 adhuc
3101 3853 3448 3906 Proculeiano
3469 3852 3777 3921 Hipponen-

2214 3923 2352 3976 sium
2383 3922 2771 3978 Donatistarum
2800 3924 3048 3991 episcopo
3069 3963 3084 3983 ,
3128 3936 3328 3973 necnon
3355 3922 3623 3991 aliquanto
3651 3931 3788 3976 tem-

2216 3991 2360 4060 poris
2375 3992 2546 4061 spatio
2568 4003 2684 4061 post
2705 3990 2902 4047 editum
2923 4008 2951 4043 a
2975 3990 3370 4061 Carthaginiensi
3392 3993 3616 4061 concilio
3643 4008 3792 4046 anno

2213 4062 2309 4115 401
2325 4101 2338 4122 ,
2365 4060 2452 4114 die
2474 4064 2541 4116 l5
2560 4060 2873 4131 Septembris
2893 4061 2962 4115 de
2983 4060 3264 4131 Donatistis
3291 4060 3499 4131 clericis
3520 4060 3784 4128 recipien-

2214 4131 2297 4185 dis
2326 4132 2594 4185 decretum
2625 4129 2950 4200 conscriptas
2993 4129 3152 4184 fuisse
3191 4129 3566 4200 intelligimus,
3613 4145 3677 4184 ex
3721 4148 3786 4186 ea

2214 4216 2332 4270 qua:
2358 4210 2440 4255 est
2467 4217 2678 4263 Lxxvm.
2713 4218 2767 4255 ιι.
2799 4198 2851 4255 8.
2881 4201 3009 4254 Nam
3040 4200 3144 4254 illic
3169 4199 3391 4270 duorum:
3416 4198 3790 4270 diaconorum,

2215 4268 2303 4340 qui
2330 4287 2394 4325 ex
2424 4271 2607 4324 Donati
2640 4281 2787 4340 parte
2805 4270 2869 4324 ad
2890 4271 3200 4324 catholicam
3230 4268 3518 4340 Ecclesiam
3540 4283 3787 4340 secesse-

2215 4339 2371 4406 rant,
2402 4339 2846 4394 commemoratur
2869 4342 3044 4408 lapsus
3063 4381 3077 4402 ,
3109 4339 3368 4408 simulque
3408 4339 3791 4392 catholicorum

2215 4411 2562 4479 quorumdam
2593 4410 2801 4462 animus
2827 4407 2966 4463 inani
2996 4409 3149 4479 veluti
3177 4407 3338 4479 gloria
3365 4408 3624 4479 agitatus,
3651 4425 3790 4479 quo-

2217 4474 2357 4534 tiiam
2384 4481 2452 4532 ob
2478 4480 2682 4532 illorum
2703 4479 2907 4548 lapsum
2927 4478 3207 4548 disciplinae
3229 4474 3550 4548 Proculeiani
3572 4474 3792 4530 bisalta-

2217 4559 2410 4613 verant,
2431 4548 2734 4617 castigatur.
2759 4545 3000 4602 Forsitan
3015 4545 3286 4617 pertinent
3297 4545 3359 4617 ad
3377 4558 3582 4617 tempus
3601 4547 3797 4616 synodi

2217 4617 2410 4672 Itabitze
2433 4613 2747 4688 Cartliagine
2774 4634 2912 4670 anno
2942 4613 3077 4680 404,
3111 4616 3198 4688 die
3222 4613 3292 4668 26
3313 4614 3445 4683 junii
3466 4613 3615 4688 ,‘quo
3632 4613 3792 4670 'tem-

2290 4703 2348 4742 re
2373 4703 2494 4741 cum
2524 4686 2980 4758 sanctoepiscopo
3015 4701 3127 4758 non
3160 4686 3343 4758 liceret
3374 4687 3552 4758 statim
3591 4688 3795 4758 reverti

2290 4703 2348 4742 re
2373 4703 2494 4741 cum
2524 4703 2706 4742 sancto
2729 4703 2980 4758 episcopo
3015 4703 3117 4740 non
3161 4703 3343 4739 ticeret
3374 4703 3552 4738 suanm
3595 4703 3795 4741 reverti

2219 4703 2513 4826 mpponem
2537 4797 2552 4818 ,
2587 4768 2642 4810 ut
2669 4757 2911 4810 obortum
2941 4758 2993 4809 in
3021 4755 3242 4810 ecclesia
3264 4770 3360 4826 sua
3390 4755 3692 4826 scandalum
3723 4757 3800 4812 de

2220 4824 2397 4882 medio
2427 4827 2654 4891 tolleret,
2684 4826 2734 4880 id
2763 4842 2856 4895 per
2884 4827 3086 4878 litteras
3109 4824 3368 4895 agendum
3408 4839 3504 4891 pro
3533 4825 3667 4878 virili
3695 4841 3790 4880 cu-

2220 4899 2373 4952 ravit.
2407 4897 2571 4950 Porro
2612 4898 2662 4950 in
2705 4894 2772 4950 ea
2803 4896 3058 4964 epistola,
3089 4909 3244 4963 quam
3280 4894 3494 4964 (Πενθέα
3518 4895 3797 4950 senioribus

2221 4967 2459 5046 plebiquﬁ
2475 4964 2792 5046 H-ippouensi
2815 4963 3101 5046 inscripsit,
3128 4963 3398 5044 concessit.
3410 4963 3643 5046 demum.
3655 4982 3709 5018 ιι.
3732 4967 3794 5046 4,

2223 5034 2278 5091 ut
2305 5034 2557 5090 Bonifacii
2584 5034 2876 5105 presbyteri
2909 5050 3101 5105 nomen
3148 5051 3260 5105 non
3295 5035 3607 5105 recitaretur
3632 5035 3682 5087 in
3713 5034 3794 5088 di-

2222 5106 2447 5177 ptycltis.
2478 5103 2627 5177 _lJt_ule_
2651 5103 2812 5174 liquet
2839 5104 2973 5177 banc
2997 5104 3170 5177 datam
3195 5103 3358 5177 fuisse
3386 5104 3540 5170 paulo
3557 5115 3682 5177 post
3702 5106 3795 5177 al-

2223 5172 2388 5230 terum
2419 5175 2486 5227 ad
2515 5172 2737 5228 Felicem
2778 5183 2822 5227 et
2862 5173 3152 5227 Hilarinum
3172 5214 3188 5240 ,
3234 5173 3425 5243 quibus
3467 5188 3519 5225 ιι.
3551 5173 3585 5225 2
3613 5175 3795 5228 scribit

2222 5246 2576 5314 Augustinus,
2617 5258 2677 5297 se
2707 5258 2812 5297 non
2839 5243 3036 5299 audere
3062 5244 3157 5314 Dei
3192 5243 3474 5314 ρτωικυιιὶιε
3500 5246 3799 5298 sententiam

2222 5317 2275 5368 in
2302 5309 2511 5368 ἄειειιάο
2534 5315 2613 5384 vel
2639 5314 3000 5384 supprimenda
3023 5313 3133 5384 ejus
3161 5309 3388 5384 nomine.
3435 5309 3599 5366 Erant
3638 5316 3800 5384 ambo

2224 5384 2300 5438 illi
2325 5423 2340 5449 ,
2381 5398 2486 5437 non
2511 5383 2744 5456 episcopi
2775 5383 2954 5508 gnam
2985 5381 3112 5451 ipsis
3141 5381 3447 5450 dignitatem
3469 5420 3484 5442 ,
3529 5383 3795 5439 nescimus

2224 5469 2323 5508 una
2348 5453 2661 5508 auctoritate
2677 5495 2692 5508 .
2715 5455 2782 5508 tri
2823 5461 3011 5508 uerunt
3038 5453 3286 5504 Erasmus
3312 5457 3364 5502 et
3387 5450 3793 5508 Lovaniensesl.

2222 5469 2323 5523 qua
2348 5450 2661 5523 auctoritate
2677 5450 3016 5518 [tribuerunt
3034 5453 3286 5523 Erasmus
3312 5457 3364 5502 et
3385 5450 3793 5523 Levatiienses),

2223 5519 2318 5578 sed
2341 5524 2391 5594 in
2414 5521 2700 5578 Catltolicis
2723 5521 3146 5594 llipponensibus
3167 5519 3401 5594 primarii
3426 5520 3647 5594 quidam
3666 5519 3796 5594 \jiri:

2223 5593 2363 5662 quod
2383 5593 2490 5661 ipsa
2509 5595 2731 5662 epistola
2751 5589 2880 5648 satis
2899 5591 3144 5662 loquitur.
3165 5589 3270 5662 Nec
3292 5599 3488 5643 temere
3509 5592 3797 5652 credideris

2225 5659 2366 5716 liunc
2399 5659 2686 5717 Hilarinum
2715 5679 2833 5717 csse
2858 5661 3099 5715 eumdem
3126 5675 3188 5713 ac
3216 5659 3361 5712 illum
3397 5675 3555 5727 quem
3585 5663 3799 5720 Aurelio

2226 5736 2280 5789 in
2311 5735 2413 5790 line
2444 5733 2682 5805 cpiston
2704 5748 2790 5788 xu
2819 5729 3140 5802 Augustlnus
3163 5729 3530 5796 commendat,
3564 5727 3796 5787 Fratre»
