4080 6346
281 330 360 388 57

579 440 791 497 CXXX.
815 471 880 481 —-
910 440 1113 511 Scripta
1142 456 1311 494 versus
1350 456 1433 511 an_.
1466 439 1587 511 412.

368 514 601 583 Epistola
628 513 919 569 centesima
962 508 1227 583 trigesima
1279 511 1365 583 ad
1390 508 1756 583 Probamdata
1798 520 1878 565 est

285 579 568 653 aliquanto
594 593 834 651 tempore
860 591 977 653 post
1017 582 1181 653 ipsius
1205 581 1255 634 in
1299 581 1528 653 Africam
1571 579 1874 653 adventum,

285 667 343 709 et
369 650 553 708 habito
574 653 682 721 jam
708 650 1081 721 aliquoticsab
1103 650 1219 721 ipsa
1249 651 1661 721 colloquiorcum
1702 650 1874 721 Angu—

287 726 461 789 stino,
496 733 552 778 ut
574 718 649 777 ἐκ
699 739 753 774 ιι.
780 724 802 775 1
834 720 1168 790 perspicitur.
1202 719 1366 774 Porro
1416 720 1581 790 Proba
1621 734 1740 773 cum
1769 718 1874 772 ﬁlia

282 795 498 849 Juliaua
527 803 580 847 et
604 789 937 847 Demetriade
964 800 1118 859 nepte
1134 806 1190 844 se
1208 793 1404 857 recepit
1430 791 1482 859 in
1507 789 1733 844 Africam
1755 806 1873 843 mox

285 874 349 917 ιιι
377 865 722 918 barbarorum
767 858 1041 925 uanus,in
1071 876 1203 928 quas
1235 868 1384 927 capta
1411 858 1553 914 Urbe
1598 859 1872 923 inciderat,

281 934 524 1003 effugere
558 933 703 987 licuit
727 951 748 1003 7:
778 931 847 1003 de
874 947 977 1003 quo
1004 930 1220 1003 legenda
1250 939 1331 984 est
1362 930 1665 1003 Hieronymi
1686 999 1697 1003 _
1716 929 1870 1003 epist.

284 999 482 1058 νιιιέιι]
507 999 916 1057 Demetriadem.
942 999 1197 1067 Quocirca
1224 1009 1395 1068 potest
1421 999 1698 1068 Augustini
1731 1000 1874 1067 prior

284 1075 360 1127 at!
391 1076 562 1142 ipsam
611 1073 832 1142 epistola
872 1071 1116 1126 collocari
1144 1085 1282 1142 anno
1308 1070 1432 1142 411,
1462 1079 1553 1124 aut
1579 1085 1719 1142 anno
1744 1071 1869 1136 412,

280 1139 437 1197 certe
461 1160 564 1196 non
592 1139 755 1197 multo
772 1142 960 1207 serius,
994 1150 1102 1195 tum
1120 1140 1240 1209 quia
1270 1156 1321 1192 ιι.
1352 1139 1441 1205 50,
1462 1142 1550 1193 ubi
1581 1140 1744 1208 ipsius
1772 1156 1871 1193 nu-

280 1229 381 1267 rus
422 1213 644 1268 Juliance
683 1212 855 1265 vidua:
892 1210 1152 1274 meminit,
1183 1210 1367 1263 viduas
1406 1211 1871 1280 virginesquesub

286 1300 425 1338 cura
473 1283 660 1338 Proba:
696 1282 1009 1335 constitutas
1034 1280 1098 1333 ad
1138 1280 1367 1333 studium
1397 1278 1872 1334 orationis'cxhor-

283 1364 432 1417 tans,
457 1354 655 1406 nnllnm
680 1352 896 1405 verbum
930 1351 1085 1404 habet
1110 1349 1176 1403 de
1193 1350 1545 1413 Demetriade,
1572 1365 1727 1417 quam
1745 1365 1869 1418 pro-

281 1425 372 1501 ςιιι
384 1423 548 1501 dubio
562 1421 827 1501 laudasset
843 1421 943 1501 hoc
959 1420 1096 1483 loco,
1112 1420 1258 1501 si_illa
1275 1420 1377 1488 iam
1393 1420 1872 1501 virginitatempro-

281 1493 426 1547 fessa
456 1493 669 1556 fuisset;
691 1491 828 1559 quod
848 1492 956 1559 ipsa
977 1505 1119 1544 anno
1147 1491 1251 1544 415
1269 1490 1508 1559 przcstitit
1535 1508 1549 1544 :
1582 1500 1689 1542 tum
1705 1490 1861 1559 etiam

280 1564 409 1629 quia
441 1563 579 1616 hanc
594 1558 877 1630 epistolam
890 1558 1277 1616 commemorat
1292 1561 1341 1612 in
1366 1559 1468 1614 line
1501 1559 1618 1630 libri
1642 1559 1704 1610 de
1723 1558 1867 1613 Bono

292 1631 601 1694 Viduitatis,
630 1629 790 1702 quem
835 1630 1163 1702 Demetriade
1218 1629 1866 1702 virginitatisinstitutum

292 1717 488 1755 recens
516 1699 758 1772 amplexa
785 1700 1116 1769 conscripsit,
1138 1699 1289 1771 juxta
1324 1699 1453 1753 illud
1485 1700 1677 1754 ibidem
1699 1714 1748 1753 c.
1776 1701 1863 1765 19,

278 1788 398 1838 qua:
422 1772 574 1825 modo
601 1773 764 1838 erepit.

501 1840 733 1895 CXXXI.
756 1839 1049 1908 ——Scripta
1088 1840 1221 1893 circa
1260 1840 1393 1893 idem
1432 1849 1646 1908 tempus.

355 1911 660 1966 Centcsinta
684 1910 948 1980 trigesima
963 1906 1130 1978 prima
1158 1910 1225 1963 ad
1244 1910 1467 1963 eamdem
1490 1906 1709 1980 Probum
1734 1911 1866 1963 scri-

282 1993 373 2049 pta
409 1981 606 2037 remitti
650 1978 947 2048 non—potest
986 1980 1037 2032 in
1063 1980 1289 2050 longum
1330 1989 1556 2050 tempus.
1602 1978 1717 2050 .Iam
1754 1988 1862 2034 tum

288 2048 461 2117 enim,
483 2053 594 2105 sive
619 2066 758 2104 anno
774 2048 1185 2119 415,grandzeva
1217 2058 1330 2103 erat
1351 2049 1517 2119 Proba
1540 2057 1593 2119 et
1613 2048 1678 2101 ad
1713 2063 1867 2104 sene-

282 2132 429 2175 ctam
482 2132 750 2188 provecta,
787 2130 843 2175 nt
886 2118 1028 2190 patet
1055 2135 1119 2174 ex
1164 2120 1257 2174 lib.
1298 2120 1360 2172 de
1386 2118 1533 2172 Bono
1573 2118 1860 2187 Yiduitatis,

278 2208 404 2260 cap.
441 2193 503 2246 19
525 2202 577 2244 et
600 2191 688 2243 25.

425 2260 685 2316 CXXXII.
706 2291 777 2301 —
799 2259 1002 2327 Scripta
1029 2259 1163 2312 circa
1192 2259 1440 2313 ineuntem
1483 2274 1567 2310 an.
1597 2258 1720 2313 412.

352 2330 655 2385 Centesima
688 2329 953 2399 trigesima
988 2329 1218 2383 secunda
1260 2329 1326 2381 ad
1372 2327 1697 2382 Volusianum
1726 2344 1859 2382 non-

284 2403 439 2455 nullo
467 2412 704 2469 tempore
751 2401 892 2468 prior
915 2409 1014 2463 est,
1053 2399 1291 2469 epistulis
1328 2414 1514 2453 cxxxv
1544 2408 1597 2469 et
1626 2414 1859 2467 cxxxw,

290 2488 417 2543 qua:
446 2468 837 2543 subiacentem
869 2486 1061 2543 nonum
1088 2468 1195 2543 412
1220 2470 1532 2543 conscripta:
1561 2468 1788 2523 fuerunt.

498 2539 780 2595 CXXXIII.
803 2569 873 2579 —-
899 2538 1101 2609 Scripta
1122 2540 1255 2591 circa
1279 2541 1427 2609 idem
1443 2549 1654 2605 tempus.

351 2610 490 2665 Cum
535 2612 832 2665 Donatistas
871 2620 989 2680 post
1018 2608 1361 2680 collationem
1396 2608 1860 2677 Carthaginiensem

277 2691 629 2736 contumaces
659 2682 810 2750 plecti
850 2678 1001 2733 vellet
1036 2679 1299 2750 Honorius
1340 2678 1859 2750 ltnperator._sanci-

279 2752 553 2820 visseique
579 2752 629 2805 in
658 2747 751 2805 eos
796 2751 963 2817 legem
995 2749 1080 2820 die
1118 2748 1424 2817 50januat'ii
1462 2763 1549 2820 an.
1588 2747 1712 2812 412,
1743 2765 1861 2818 qua:

278 2832 458 2875 exstat
484 2822 535 2875 in
565 2822 748 2875 codice
768 2820 968 2874 Theod.
1001 2819 1092 2873 lib.
1124 2820 1208 2883 17,
1241 2820 1318 2872 tit.
1343 2820 1395 2885 5,
1427 2819 1461 2872 Ι.
1496 2819 1585 2883 52,
1606 2828 1714 2871 tum
1733 2833 1860 2872 vero

280 2892 352 2944 illi
392 2892 668 2959 insurgere
698 2890 1071 2945 vehementius
1116 2889 1165 2941 iu
1194 2890 1513 2953 Catholicos,
1554 2898 1608 2943 et
1636 2888 1860 2959 ferocius

278 2961 473 3015 s:evire
491 2958 785 3028 eruperunt.
817 2960 1009 3014 Audito
1035 2968 1208 3012 autem
1236 2973 1416 3013 eorum
1442 2959 1696 3028 quosdam
1720 2958 1859 3028 judi-

276 3031 434 3085 cibus
458 3031 742 3097 exhibitos,
762 3030 1024 3099 sinnilquc
1050 3029 1115 3084 de
1143 3028 1426 3083 homicidio
1457 3031 1509 3084 in
1539 3030 1858 3084 Restitutum

281 3103 653 3183 presbyterum
685 3098 1122 3183 patrato,.dequc
1151 3098 1459 3183 Innocentii,
1497 3098 1725 3183 alterius
1761 3114 1859 3181 ca-

283 3168 467 3225 tholici
500 3168 789 3242 presbyteri
821 3172 985 3242 ca-de,
1005 3170 1070 3224 de
1093 3169 1434 3242 oculoipsius
1461 3168 1859 3242 ell'ossodigito-

278 3256 384 3308 que
413 3237 634 3309 przeciso
658 3237 817 3295 fuisse
837 3240 1123 3303 convictos,
1154 3239 1365 3307 scripsit
1395 3238 1719 3310 Augustinus
1745 3237 1858 3310 cpi-

279 3306 476 3363 stolam
526 3311 865 3365 centesimam
896 3310 1215 3378 trigesintam
1265 3306 1470 3363 tertiam
1490 3306 1571 3362 'ad
1596 3306 1856 3361 Marcelli-

280 3396 403 3432 num
433 3379 731 3441 Tribunum,
762 3380 916 3435 enixe
946 3395 1135 3449 rogans
1175 3394 1243 3433 ne
1273 3379 1337 3432 iis
1384 3380 1567 3433 mortis
1596 3392 1747 3445 ptena
1774 3378 1858 3431 in-

281 3449 575 3517 ﬂigeretur.
597 3450 928 3519 Quapropter
953 3448 1121 3502 visum
1140 3458 1217 3503 est
1245 3449 1397 3502 istam
1426 3449 1702 3518 epistolam
1729 3463 1859 3519 pau-

277 3519 332 3573 lo
361 3521 700 3589 postinitium
722 3521 844 3572 anni
875 3519 977 3573 419.
1003 3520 1281 3573 collocare.

532 3588 810 3644 CXXXIV.
840 3618 911 3628 ——
942 3590 1147 3655 Scripta
1193 3605 1306 3640 cum
1333 3588 1606 3656 superiore.

352 3659 557 3714 Eodem
576 3670 811 3728 tempore
836 3668 992 3726 atque
1022 3673 1183 3728 super
1200 3657 1383 3712 eadem
1414 3657 1605 3711 redata
1633 3667 1713 3713 cst
1734 3673 1859 3714 cen-

281 3731 473 3783 tesima
504 3726 769 3797 trigesima
813 3736 996 3797 quarta
1026 3729 1094 3779 ad
1130 3726 1435 3798 iApriugiant
1474 3728 1723 3795 iudicem,
1769 3730 1855 3798 qui

278 3799 572 3853 Marcellini
601 3800 763 3853 frater
796 3797 921 3855 fuit.
959 3813 1022 3851 ex
1048 3815 1099 3851 ιι.
1119 3797 1172 3854 2.
1198 3805 1249 3852 et
1280 3808 1389 3853 tum
1426 3797 1853 3867 proconsulatum

279 3869 449 3935 gessit
470 3885 533 3923 ex
551 3871 820 3935 superiore
842 3868 1057 3937 epistola
1078 3884 1131 3920 ιι.
1152 3868 1204 3921 5.

278 3936 971 3994 οΧΧΧν-οχχχγιιιξ-
994 3936 1210 4002 Scripta!
1257 3936 1347 3990 sub
1386 3936 1583 3989 initium
1611 3955 1697 3990 an.
1729 3939 1853 3992 412.

354 4010 592 4073 Quatuor
632 4009 1015 4073 subsequentes
1043 4007 1300 4073 cpistolm,
1330 4007 1529 4061 scilicet
1566 4010 1852 4062 centesima

284 4079 555 4148 trigesima
584 4079 765 4148 quinza
802 4076 1081 4141 Volusiant',
1104 4077 1388 4148 centesima
1414 4077 1677 4146 trigesima
1708 4089 1855 4133 sexta

282 4147 575 4201 Harceltini
602 4147 667 4202 ad
715 4149 1081 4217 Augustinum,
1132 4147 1415 4201 centesima
1452 4149 1716 4216 trigesima
1768 4163 1857 4203 se-

285 4220 450 4285 ptima
479 4218 752 4288 Augustini
782 4216 851 4271 ad
886 4216 1233 4288 Volusianum,
1262 4225 1315 4271 et
1335 4218 1619 4288 centesima
1654 4219 1859 4288 trigesi-

282 4303 369 4340 tua
391 4286 583 4342 octava
606 4290 673 4340 ad
693 4286 1064 4351 Marcellinum,
1095 4287 1230 4341 haud
1259 4287 1420 4340 multo
1448 4295 1686 4357 tempore
1719 4286 1856 4357 prae-

282 4366 566 4411 cesserunt
601 4357 876 4426 epistolam
907 4372 1133 4421 cxxxux,
1168 4358 1217 4410 in
1262 4373 1384 4425 qua,
1417 4373 1471 4411 ιι.
1501 4359 1554 4426 5,
1572 4359 1698 4414 istas
1726 4359 1857 4413 duas

283 4442 314 4480 a
335 4443 396 4481 se
423 4443 609 4483 recens
637 4428 790 4497 datas
812 4427 1137 4497 Augustinus
1158 4435 1435 4481 memorat.

639 4495 925 4552 CXXXIX;
954 4526 1022 4538 υ-
1049 4496 1253 4565 Scripta
1279 4495 1501 4552 αιι.412.

354 4566 593 4635 Epistola
623 4566 911 4621 centesima
942 4567 1206 4635 trigesima
1236 4581 1371 4619 noua
1408 4568 1475 4620 ad
1505 4565 1858 4622 Marcellinum

282 4638 442 4760 ﬁ:qu
469 4637 732 4718 posterior
759 4636 1091 4718 estepistolis
1106 4645 1382 4718 cxxxntet
1411 4638 1715 4719 cx.xx1v,de
1738 4639 1856 4721 qui-

358 4724 387 4760 s
418 4708 739 4760 Auansttnus
762 4706 845 4760 Inc
869 4724 921 4759 ιι.
948 4706 984 4759 2
1013 4724 1025 4759 :
1056 4706 1116 4760 St
1146 4705 1447 4760 Proeonsul.
1474 4716 1659 4760 Inmnt.
1683 4709 1759 4760 vel
1783 4725 1856 4760 st-

358 4724 387 4760 s
418 4705 739 4776 Augustinus
762 4706 845 4760 hic
869 4724 921 4759 ιι.
948 4706 984 4759 2
1013 4724 1025 4759 :
1056 4706 1118 4761 Si
1146 4705 1447 4769 Proeonsul,
1473 4708 1659 4775 inquit,
1683 4705 1763 4761 vel,
1783 4709 1856 4761 si-

285 4778 395 4829 mul
430 4776 576 4829 ambo
626 4777 679 4830 in
704 4777 819 4830 illos
862 4777 980 4831 estis
1024 4776 1318 4830 sententiam
1363 4778 1626 4845 prolaturi,
1655 4787 1701 4830 et
1732 4781 1859 4845 forte

283 4846 373 4899 ille
400 4846 614 4913 persistit
655 4847 779 4900 velle
802 4846 971 4915 gladio
998 4845 1268 4908 vindicare,
1295 4862 1583 4916 quanquam
1629 4849 1693 4900 sit
1712 4845 1858 4902 Clari-

282 4916 501 4980 sliaaus,
524 4925 567 4968 et
581 4928 820 4985 quantum
848 4917 1097 4970 advertere
1128 4917 1396 4984 potuimus,
1436 4934 1533 4970 non
1564 4917 1626 4970 sit
1657 4920 1723 4970 ad
1752 4919 1858 4970 Iure

284 4986 918 5057 cruciamentaproclivis;
945 4996 1109 5057 tamen
1133 4986 1177 5040 si
1193 5002 1387 5040 necesse
1409 4988 1578 5057 fuerit,
1598 4988 1742 5040 etiam
1763 4988 1858 5041 (Ie-

283 5055 377 5129 stis
394 5055 567 5129 jubete
588 5055 797 5129 allegari
816 5055 1072 5129 Epistolas
1095 5071 1251 5123 meas,
1272 5072 1396 5127 quas
1411 5055 1473 5110 de
1492 5060 1585 5111 hac
1609 5074 1662 5112 re
1680 5059 1856 5129 singu-

284 5123 363 5177 ιω
380 5125 516 5178 vobis
536 5123 800 5195 mittendas
824 5123 1013 5195 putavi.

603 5194 757 5250 CXL.
774 5226 842 5267 —_-
859 5194 1191 5267 Scriptaopost
1216 5197 1540 5266 superiorem.

359 5262 590 5319 Etatem
618 5264 921 5319 centesima:
942 5262 1359 5335 quadragesima:
1399 5268 1634 5335 epistolae
1659 5269 1727 5322 ad
1754 5269 1862 5324 Ho-

288 5342 552 5400 noratum,
580 5336 666 5403 qui
702 5336 833 5389 liber
861 5333 1055 5389 est'de
1084 5333 1257 5389 Gratia
1294 5337 1408 5391 novi
1436 5333 1745 5394 Testantenti
1774 5342 1857 5395 in-

286 5404 543 5475 scriptus,
572 5405 830 5475 habemus
868 5419 986 5458 cum
1013 5421 1079 5459 ex
1106 5406 1196 5458 lib.
1240 5405 1276 5459 2
1318 5404 1541 5462 Retract.
1580 5425 1629 5464 c.
1659 5411 1746 5475 56,
1771 5412 1858 5465 ubi

290 5474 620 5548 Augustinus
659 5473 823 5548 ﬁdem
850 5474 972 5548 facit
1000 5475 1317 5548 quarstiones
1344 5477 1480 5548 illas,
1526 5479 1714 5548 quibus
1734 5473 1862 5535 eno-

291 5542 483 5597 dandis
510 5542 766 5621 incumbit
811 5544 862 5598 in
901 5543 1060 5621 haece
1096 5544 1337 5615 epistola,
1364 5545 1429 5600 ad
1446 5542 1503 5621 se
1543 5542 1599 5603 eo
1642 5559 1862 5621 tempore

287 5630 388 5681 quo
403 5624 589 5685 _contra
621 5613 915 5667 Donatistas
940 5613 1250 5668 velteiitenter
1277 5616 1624 5685 exercebatur,
1656 5630 1701 5674 et
1742 5613 1860 5675 coa-

288 5694 370 5735 tra
394 5682 697 5754 Pelagianos
713 5685 929 5737 exerceri
940 5685 1052 5755 jam
1082 5693 1317 5754 eruperat,
1346 5687 1521 5741 missas
1548 5682 1725 5756 fuisse;
1752 5700 1861 5747 tum

284 5756 451 5809 etiam
472 5771 535 5810 ex
556 5755 825 5825 superiore
850 5756 1069 5826 epistola
1090 5770 1317 5825 cxxxrx,
1348 5756 1523 5827 inqua
1549 5755 1606 5814 S.
1647 5761 1856 5831 Doctor,

1734 344 1735 347 ‘
1759 325 2139 384 ΡΒᾸΕΡΑἸῚΟ.

1992 455 2042 492 ιι.
2077 441 2111 494 5
2131 441 2259 495 dicit
2286 459 2299 496 τ
2333 441 2481 497 Nunc
2500 444 2551 498 in
2577 446 2805 502 manibus
2840 449 2994 503 habeo
3022 450 3205 506 librum
3226 453 3296 506 ad
3321 453 3558 513 Honora-

1989 520 2341 605 tit:t:t:nostrttrrt
2360 514 2429 605 ac
2454 518 2806 605 qumstioiiibtts
2829 521 3126 601 quibusdam
3150 525 3387 605 quinque,
3430 544 3558 598 quas

1985 579 2106 631 mihi
2132 584 2409 650 prepositit,
2447 579 2493 636 et
2519 604 2606 653 per
2632 587 2824 641 litteras
2840 579 3097 644 'intimavit
3122 607 3139 643 :
3162 579 3246 646 'cui
3273 579 3555 652 ίιοιίαῖιιίίζ

1984 663 2084 702 nuo
2110 654 2416 730 respondere
2428 654 2738 730 vides_qu_am
2766 659 2967 730 minime
2987 670 3231 730 oporteat.
3472 669 3477 672 ’

2064 790 2075 800 α
2117 799 2120 800 ν
2165 790 2179 800 _
2262 722 2437 800 CXLI.
2463 754 2528 763 —-
2552 722 2755 800 scripta
2783 722 3118 800 14ΫῙιιιιὶὶἀιι.
3143 732 3267 787 412.

1982 787 2525 867 Epis_tola_ce_ntesima
2554 787 2953 867 quadragesima
2988 801 3152 867 prima
3192 803 3403 857 Coaeitii
3431 802 3555 860 Zer-

1980 861 2136 984 fragilis!
2166 862 2235 914 ad
2277 861 2588 931 Donatistas,
2635 861 2781 921 dieni
2822 878 2876 922 et
2904 861 3188 925 Consulem
3227 873 3551 943 adscriptum

1998 946 2011 981 ι
2141 970 2153 983 .

1998 945 2153 983 labet.

2191 999 2420 1083 .CXLII.
2453 1034 2524 1083 -—-_
2544 1003 2747 1083 Scripta
2767 1007 2901 1060 circa
2927 1008 3064 1083 idem
3087 1017 3300 1083 tempus.

2048 1068 2295 1145 Proxime
2316 1072 2524 1145 adjnngi
2551 1068 2851 1145 curavimus
2879 1078 3155 1145 epistolam
3188 1068 3479 1136 'Saturnino
3501 1093 3548 1137 et

1983 1136 2186 1211 ξαρ-ηιξ
2212 1136 2433 1211 aliisque
2456 1136 2661 1197 clericis
2678 1160 2741 1197 ex
2768 1136 3154 1202 Donatistarum
3173 1150 3459 1206 schismate
3484 1136 3549 1208 ad

1976 1206 2268 1290 Ecclesiam
2298 1206 2572 1290 conversis
2598 1213 2903 1290 inscriptam
2936 1233 2949 1268 :
2978 1218 3226 1290 quoniam
3258 1236 3311 1271 ιι.
3343 1221 3377 1274 5
3400 1206 3547 1290 quae;

1974 1276 2093 1353 dam
2122 1280 2186 1333 de
2212 1282 2467 1353 convictis
2496 1283 2573 1353 in”
2595 1276 3009 1353 Carthaginensi
3047 1288 3332 1343 collatione
3367 1276 3546 1345 Dona-

1972 1348 2214 1441 tista‘rttm
2240 1352 2500 1441 episcopis
2524 1351 2769 1441 dictintpr
2794 1348 2892 1408 sub
2920 1355 3105 1441 iisdem
3130 1359 3324 1423 verbis,
3345 1376 3462 1441 qum
3492 1361 3547 1416 in

1972 1420 2190 1492 epistola
2211 1435 2359 1492 ⁸(ιιιιι,
2388 1436 2441 1476 n.
2470 1423 2503 1475 4
2530 1432 2584 1475 et
2607 1421 2660 1486 6,
2705 1424 2878 1492 legere
2918 1434 3018 1479 est.
3052 1420 3317 1481 Prteterea'
3335 1420 3549 1486 circiter

1975 1486 2131 1567 linem
2155 1486 3036 1567 admonetAugustinus'orandum
3065 1511 3159 1564 pro
3182 1497 3307 1561 illis,
3336 1500 3423 1567 qui
3445 1501 3545 1553 ad-

1973 1557 2070 1638 huc
2095 1558 2364 1638 schismati
2410 1557 2688 1638 inhaerent,
2716 1578 2823 1632 quo
2866 1564 2915 1617 in
2941 1565 3019 1617 eis
3065 1557 3545 1638 sanetur’carnalis

1970 1628 2130 1680 animi
2158 1629 2436 1685 inﬁrmitas
2464 1646 2527 1684 ex
2550 1628 2795 1686 diuturna
2822 1635 3204 1689 consuetudine
3229 1646 3496 1693 contracta
3526 1656 3542 1693 :

1973 1696 2111 1781 unde
2133 1698 2391 1770 intelligas
2421 1702 2591 1781 ipsum
2614 1702 2882 1772 aliquanto
2909 1713 3027 1773 post
3050 1704 3384 1759 collationem
3411 1707 3543 1763 Car-

1973 1765 2333 1837 thaginensctn
2351 1765 2601 1825 scribere.
2700 1765 2719 1772 ’
2910 1765 2924 1773 ’
3438 1784 3441 1785 ⁷

2181 1838 2404 1911 CXLIII.
2437 1869 2501 1879 ——
2531 1841 2735 1911 Scripta
2757 1843 2890 1896 circa
2920 1844 3068 1911 ﬁnem
3093 1860 3179 1896 aa.
3207 1844 3331 1898 412.

2042 1906 2241 1982 Prodiit
2273 1911 2493 1982 epistola
2541 1906 2824 1965 centesima
2856 1906 3255 1982 quadragesima
3285 1916 3434 1969 tertia
3474 1918 3543 1970 ad

1970 1974 2323 2064 {torreltinum
2349 1981 2563 2064 firciter
2584 1982 2748 2064 linear
2766 1974 2893 2064 anni
2916 1984 3039 2064 412.
3058 1974 3222 2064 quod
3246 1986 3410 2064 probe
3429 1989 3542 2064 col-

1970 2045 2153 2122 [igitur
2172 2064 2236 2102 ex
2267 2065 2319 2102 ιι.
2343 2050 2427 2122 1-2,
2455 2050 2539 2103 ubi
2570 2051 2836 2119 quidpiam
2861 2052 2931 2106 de
2966 2045 3263 2122 virginitate
3282 2054 3340 2108 S.
3367 2056 3542 2110 Marias

1969 2116 2206 2185 Deiparae
2231 2134 2259 2171 a
2281 2134 2338 2173 se
2360 2119 2411 2194 in
2436 2116 2655 2194 epistola
2685 2116 2900 2194 cxxxvn
2928 2116 3202 2194 scriptum,
3236 2125 3539 2194 neutiquam

1969 2197 2243 2254 propterea
2275 2190 2414 2254 quod
2453 2206 2536 2243 res
2564 2191 2695 2243 mira
2726 2200 2779 2244 et
2805 2190 3085 2260 singularis
3119 2193 3207 2251 sit.
3257 2193 3359 2247 ﬁde
3401 2190 3515 2247 indi

1970 2270 2129 2324 gnum
2161 2273 2287 2331 esse
2310 2261 2555 2331 observat
2583 2260 2920 2331 Augustinus.
2953 2262 3100 2314 Adde
3119 2262 3259 2331 quod
3304 2263 3388 2316 hic
3421 2280 3474 2316 ιι.
3508 2266 3534 2319 1

1967 2327 2249 2399 respondet
2273 2328 2558 2382 Marcellini
2596 2327 2783 2383 litteris
2812 2333 3040 2398 acceptis
3069 2327 3162 2399 per
3204 2332 3531 2387 Bonifacium

1966 2396 2294 2464 episcopum,
2327 2400 2414 2471 qui
2460 2400 2757 2471 Bonifacius
2784 2400 2921 2471 apud
2941 2396 3319 2454 Marcellinum
3344 2403 3450 2471 egit
3472 2417 3539 2457 eo

1968 2473 2224 2536 tempore,
2253 2484 2358 2535 quo
2381 2469 2499 2523 data
2531 2468 2628 2522 fuit
2652 2470 2870 2536 epistola
2898 2484 3130 2532 exutx,
3151 2479 3207 2523 ut
3232 2471 3299 2524 ibi
3329 2468 3540 2525 uf2in-

1964 2534 2172 2589 dicatur
2212 2554 2226 2591 :
2262 2534 2485 2608 postque
2532 2540 2652 2593 inde
2687 2534 2975 2593 revertens
3026 2539 3304 2609 praedictas
3337 2542 3538 2602 litteras

1965 2619 2145 2660 secum
2167 2608 2405 2661 attulisse
2429 2609 2681 2662 creditur.

2209 2675 2433 2731 CXLIV.
2457 2706 2530 2717 —
2555 2677 2761 2747 Scripta
2781 2677 2914 2731 circa
2942 2678 3037 2732 hoc
3070 2688 3284 2747 tempus.

2036 2744 2388 2800 Centesimam
2409 2744 2865 2817 quadragesimum
2888 2756 3128 2817 quartam
3158 2744 3223 2800 ad
3243 2748 3488 2803 Cirtenses
3506 2765 3538 2805 a

1966 2814 2354 2871 Donatistarum
2397 2814 2636 2871 factione
2656 2817 2724 2871 ad
2771 2814 3084 2871 catholicam
3118 2818 3370 2872 unitatem
3407 2834 3539 2873 con-

1965 2898 2145 2938 versos
2170 2885 2344 2939 datam
2375 2887 2585 2941 circiter
2612 2888 2750 2941 idem
2802 2896 3008 2954 tempus
3033 2889 3351 2942 arbitramur
3376 2906 3394 2940 .:
3427 2899 3537 2943 tum

1961 2955 2083 3026 quia
2106 2955 2155 3008 vi
2180 2956 2403 3011 veritatis
2434 2956 2588 3009 evicta
2614 2958 2808 3012 dicitur
2849 2971 3033 3011 eorum
3060 2959 3411 3022 contmnacia,
3433 2973 3537 3026 qua

1962 3024 2123 3096 eidem
2151 3027 2344 3079 veritati
2368 3028 2786 3096 manifestissime
2811 3035 2858 3096 et
2898 3027 3266 3095 quodammodo
3290 3024 3533 3095 publicat,

1964 3093 2023 3165 id
2059 3102 2139 3165 est
2165 3110 2223 3148 re
2265 3095 2374 3164 jam
2405 3093 2527 3149 ante
2569 3111 2666 3164 per
2693 3093 3163 3165 Carthaginensem
3196 3093 3534 3151 collationem

1962 3162 2312 3234 adiliquidum
2344 3162 2614 3233 perducta,
2656 3162 3007 3219 resistebant:
3038 3174 3145 3217 tum
3176 3166 3295 3234 quia
3326 3166 3412 3220 hic
3448 3181 3536 3221 se-

1961 3232 2089 3286 dqu
2119 3242 2301 3287 monet
2321 3232 2375 3290 S.
2410 3236 2620 3299 Doctor,
2660 3243 2715 3288 ut
2745 3249 2891 3288 suam
2935 3235 3007 3288 illi
3032 3232 3430 3289 conversionem
3456 3236 3537 3289 di-

1965 3303 2094 3373 vino
2142 3305 2290 3373 operi
2322 3306 2571 3367 tribuant,
2620 3321 2723 3359 non
2765 3304 2995 3358 humano
3034 3319 3047 3355 :
3089 3305 3237 3373 quasi
3279 3305 3535 3360 adversus

1961 3372 2120 3426 alium
2143 3372 2407 3427 detectum
2435 3389 2603 3442 nuper
2629 3376 2682 3428 in
2718 3373 2894 3428 Africa
2920 3372 3257 3443 Pelagianam
3286 3389 3528 3430 errorem

1961 3443 2278 3514 communiri
2301 3444 2517 3498 eosdem
2543 3454 2805 3514 oporteat.
2834 3443 3031 3498 Confer
3060 3444 3277 3514 hujusce
3297 3446 3536 3513 epistolae

1960 3510 2168 3583 initium
2195 3528 2314 3566 cum
2347 3514 2451 3568 ﬁne
2480 3510 2718 3583 epistola:
2742 3530 2887 3569 cxu.

2135 3582 2338 3655 CXLV.
2364 3613 2437 3624 —
2458 3582 2663 3655 SCripta
2684 3586 2818 3639 circa
2855 3600 2939 3637 an.
2959 3583 3066 3655 412
3090 3594 3175 3637 aut
3198 3586 3321 3639 415.

2031 3651 2088 3706 1η
2115 3654 2337 3721 epistola
2364 3651 2651 3709 centesima
2676 3654 3077 3723 quadragesima
3101 3655 3281 3723 quinta
3303 3654 3371 3707 ad
3391 3654 3533 3710 Atta-

1959 3723 2165 3776 stasium
2205 3733 2587 3779 commonstrat
2624 3725 2947 3793 Augustinus
2986 3723 3386 3792 haudquaquam
3441 3741 3535 3792 per

1961 3793 2153 3864 legem,
2182 3794 2275 3847 sed
2298 3810 2390 3864 per
2410 3795 2630 3864 gratiam
2653 3835 2668 3858 ,
2686 3809 2858 3863 neque
2882 3794 3099 3846 omnino
3128 3796 3303 3847 servili
3323 3796 3531 3858 timore,

1960 3863 2052 3933 sed
2085 3863 2449 3919 tantummodo
2481 3865 2642 3918 libera
2683 3865 2940 3919 charitate
2977 3863 3181 3931 impleri
3213 3863 3471 3933 justitiam
3514 3881 3530 3920 :

1962 3931 2120 4000 idque
2146 3936 2441 4001 argumenti
2486 3943 2711 3988 tractare
2736 3950 2796 3990 se
2819 3933 2949 3988 dicit
2986 3950 3038 3986 ιι.
3071 3934 3124 3997 8,
3156 3931 3356 4003 propter
3379 3950 3534 4002 quos-

1960 4004 2077 4075 dam
2102 4004 2186 4074 qui
2211 4004 2421 4056 nimium
2447 4014 2686 4075 arrogant
2717 4005 2953 4057 humana:
2969 4003 3236 4075 voluntati,
3255 4019 3405 4075 quam
3426 4005 3534 4073 lege

1960 4073 2081 4124 data
2117 4073 2301 4143 putant
2339 4076 2405 4127 ad
2452 4073 2575 4128 eam
2597 4074 3039 4143 implendam-sibi
3083 4089 3227 4142 posse
3263 4073 3485 4143 stt/ﬁcere
3513 4089 3534 4127 :

1961 4143 2047 4196 ubi
2092 4142 2258 4211 parcit
2292 4144 2463 4199 adhuc
2500 4142 2863 4198 haereticnrum
2894 4144 3111 4196 istorum
3153 4142 3373 4202 nomini.
3400 4158 3535 4211 quos

1962 4212 2169 4265 nonnisi
2194 4222 2311 4277 post
2336 4223 2659 4282 compertam
2686 4229 2868 4266 eorum
2902 4211 3243 4282 pertinaciam
3266 4213 3533 4278 exagitare

1961 4283 2285 4354 decreverat.
2345 4281 2467 4338 Est
2497 4284 2653 4354 igitur
2701 4281 3007 4337 collocanda
3061 4282 3281 4350 epistola
3321 4282 3533 4335 circiter

1959 4365 2154 4405 annum
2174 4352 2297 4408 415.

2272 4422 2496 4479 CXLVI.
2526 4454 2596 4463 —
2622 4422 2826 4485 Scripta
2840 4422 2971 4475 circa
2989 4438 3077 4474 an.
3104 4421 3228 4474 415.

2036 4497 2113 4551 Ad
2136 4495 2381 4552 eumdem
2423 4509 2618 4547 annum
2661 4495 2764 4547 415
2791 4501 3071 4546 revocatur
3098 4491 3319 4559 epistola
3348 4499 3532 4545 cente-

1959 4568 2091 4623 sima
2121 4567 2517 4636 quadragesima
2552 4572 2720 4636 sexta,
2747 4561 3152 4636 quamfelagiO
3192 4562 3401 4636 scripsit
3419 4566 3531 4615 Att-

1962 4631 2219 4707 gnstinus,
2273 4631 2391 4707 eum
2444 4635 2550 4707 jam
2587 4634 2841 4707 haeresim
2876 4632 3017 4685 illius
3046 4647 3150 4685 non
3198 4631 3411 4700 quidem
3462 4647 3530 4685 ex

1963 4701 2172 4776 scriptis
2216 4723 2245 4761 a
2285 4701 2499 4774 Pelagio
2536 4704 2722 4776 editis,
2752 4701 2843 4755 sed
2877 4716 3062 4776 sparso
3088 4715 3532 4776 rumoreacmser-

1964 4769 2121 4831 mone
2148 4769 2509 4836 intellexisset,
2556 4774 2628 4827 uti
2663 4782 2883 4826 testatur
2909 4769 2961 4825 in
2992 4772 3080 4826 lib.
3109 4771 3172 4823 de
3193 4770 3352 4826 Gestis
3379 4769 3533 4824 Peta-

1961 4849 2050 4918 gii,
2082 4863 2129 4901 c.
2156 4847 2246 4901 26.
2277 4845 2397 4899 Jam
2419 4845 2551 4898 enim
2574 4842 3070 4918 audieram,__inqnit,
3089 4851 3264 4893 contra
3291 4841 3528 4918 gratiam,

1961 4912 2060 4990 qua
2075 4918 2441 4987 jnstiﬁcamur,
2464 4913 2664 4990 quando
2686 4914 2801 4965 hinc
2816 4912 2985 4990 aliqua
3008 4912 3411 4965 commemoratio
3437 4912 3532 4979 ﬁe-

1961 4983 2057 5055 ret,
2075 4983 2258 5057 aperta
2274 5002 2391 5057 eum
2406 4983 2937 5057 contentionecanari.

2032 5051 2281 5119 CXLVII,
2308 5053 2576 5108 CXLVIII.
2605 5083 2677 5095 —-
2707 5052 2923 5121 Scripr
2942 5051 3171 5105 videntur
3217 5067 3302 5104 an.
3333 5051 3458 5105 415.

2034 5128 2250 5182 Librum
2279 5126 2345 5180 de
2369 5125 2597 5179 videndo
2639 5124 2748 5177 Deo
2772 5124 2839 5175 ad
2866 5121 3155 5188 Paulinam,
3195 5130 3249 5174 et
3276 5121 3529 5176 Commo-

1964 5199 2214 5253 nitorium
2244 5196 2312 5249 ad
2352 5193 2779 5248 Fortunatianum
2812 5192 3115 5247 Siccensem
3146 5206 3306 5259 super
3341 5191 3533 5246 eodem

1962 5276 2274 5338 argumento
2299 5266 2680 5338 conscriptum,
2719 5278 2839 5338 qua:
2872 5263 2956 5316 hic
2982 5261 3379 5338 suntepistolae
3403 5276 3533 5315 cen-

1966 5331 2146 5393 tesima
2174 5331 2572 5408 quadragesima
2603 5334 2906 5408 septimaet
2930 5332 3217 5408 centesima
3245 5331 3535 5408 qnadmge-

1964 5411 2095 5463 sima
2124 5401 2330 5473 oeiava,
2362 5401 2597 5461 recenset
2625 5405 2951 5472 Augustinus
2979 5404 3031 5457 in
3058 5401 3536 5473 ltetraetationihns

1966 5480 2204 5549 proximo
2223 5470 2342 5549 loco
2372 5484 2491 5549 post
2512 5470 2817 5549 eos_libros,
2845 5489 2983 5549 quos
3021 5470 3294 5549 annoﬂ2
3317 5480 3409 5526 aut
3431 5473 3537 5527 415

1964 5542 2270 5605 elaboravit.
2295 5542 2577 5601 Enimvero
2589 5542 2991 5598 Fortunatianus
3010 5544 3097 5612 qui
3123 5542 3424 5597 Sicceusem
3445 5558 3538 5596 ec-

1966 5620 2180 5674 clesiam
2211 5632 2351 5672 anno
2365 5617 2461 5671 411
2488 5631 2550 5669 ex
2576 5613 2971 5683 Carthaginensi
2995 5613 3276 5666 collatione
3300 5612 3536 5683 regebat,

1967 5690 2147 5745 habuit
2195 5685 2467 5744 Urbanum
2514 5699 2873 5740 successorem
2915 5684 3126 5739 circiter
3166 5698 3363 5737 annum
3412 5684 3536 5750 415,

1968 5757 2393 5834 quandoquidem
2422 5758 2506 5813 hic
2536 5757 2648 5828 ipse
2673 5755 2965 5826 Episcopus
2989 5753 3211 5809 Romam
3233 5754 3332 5808 iter
3354 5768 3511 5809 susse
3534 5786 3539 5791 -

3491 345 3561 404 58

3586 710 3609 806 i
