4080 6346
513 359 524 377 ’
559 400 618 454 ιτ
1984 383 2139 440 rasa

2245 382 2369 466 rio.
3745 383 3813 437 ts

560 518 669 571 latu
705 513 867 569 llierii
889 523 941 568 et
962 510 1264 574 Ardalinrii,
1290 509 1338 563 id
1363 519 1442 563 est
1462 524 1546 562 an.
1573 509 1695 570 427,
1725 503 1921 560 invidia
1943 503 2135 574 Felicis

556 587 792 656 magistri
827 584 1071 656 militum,
1112 573 1258 656 iusta
1299 579 1709 656 ProSperum_in
1748 576 2017 656 cl_i_ronico,
2051 573 2134 654 vel

558 647 855 726 proditione
894 655 1032 726 Aetii
1070 647 1299 726 comitis,
1334 647 1481 726 juxta
1523 648 1740 726 Rutilum
1770 647 2048 726 diacouum
2071 647 2134 726 in

557 716 683 781 liist.
735 725 931 778 Miscel.
981 723 1074 776 lib.
1121 722 1206 786 I4,
1255 716 1374 774 cum
1419 716 1744 772 BOniI'acium
1782 716 2136 772 Occidentalis

560 797 738 868 Libyre
781 795 1072 868 principatu
1104 792 1346 868 potitum,
1376 797 1431 868 et
1466 789 1602 868 apud
1647 788 1875 868 Africam
1902 787 2136 868 potentia

555 856 970 922 auriumanimo
988 856 1148 918 ferret
1171 859 1435 924 iniquiori.
1469 856 1619 912 Unde
1645 859 1968 927 Augustinus
1994 873 2047 910 ιι.
2077 857 2132 920 5,

557 938 636 992 sic
667 935 935 990 Ilonil’acio
978 934 1226 1002 loquitur,
1254 928 1458 982 Justam
1498 928 1697 997 quidem
1726 929 1850 1002 dicis
1874 927 2068 1002 ‘ltabere
2091 936 2137 1002 te

559 1023 786 1069 causam,
819 1008 964 1075 cujus
991 997 1156 1075 ju'dea:
1184 1014 1285 1069 ego
1304 1016 1403 1075 non
1431 1006 1664 1075 sum,_etc
1692 1039 1704 1075 τ
1738 997 1804 1075 [ξι
1834 997 1999 1050 oblata
2024 997 2136 1060 qui-

559 1079 672 1131 dem
706 1069 900 1130 sumere
929 1069 1158 1132 debuisti,
1190 1081 1240 1122 ut
1283 1069 1354 1123 eis
1391 1071 1597 1122 utereris
1636 1070 1703 1122 ad
1733 1070 1964 1138 pietatem
1987 1082 2136 1138 ,jrrton

559 1157 724 1201 autem
751 1155 930 1214 negata
953 1143 1028 1196 rel
1053 1140 1280 1214 delegata
1305 1141 1631 1214 sicqmcrcre,
1664 1135 1946 1214 ttt'pt'opter
1969 1135 2058 1214 illa
2085 1139 2136 1189 iu

561 1219 707 1270 istam
722 1208 1058 1269 necessitatem
1074 1208 1429 1280 perducereris.
1449 1211 1629 1274 Neque
1641 1208 1914 1280 referenda
1931 1208 2138 1262 videtur

560 1287 782 1357 cpistola
815 1287 967 1357 longe
995 1273 1131 1334 ultra
1165 1281 1320 1334 ﬁnem
1351 1273 1747 1357 _an.__42"l,_cum
1779 1273 2134 1357 nullamque-

561 1350 722 1411 relam
753 1350 1072 1420 Augustinus
1099 1360 1306 1420 moveat
1331 1351 1397 1420 de
1429 1350 1776 1404 Vandalornm
1805 1350 2094 1420 irruptione
2117 1385 2132 1412 ,

560 1426 648 1494 qui
675 1418 910 1478 subsidio
941 1421 1112 1494 vocati
1143 1435 1171 1472 a
1213 1419 1501 1494 Bonifacio,
1541 1428 1883 1490 penetrarunt
1917 1421 1970 1474 in
1997 1418 2135 1474 Afri-

558 1491 674 1549 cam
705 1509 844 1547 anno
873 1493 996 1558 4‘28,
1031 1505 1210 1545 mense
1238 1491 1394 1543 maio.
1540 1495 1543 1497 ’

700 1561 907 1619 CCXXI
941 1562 1073 1618 CCX
1084 1559 1217 1614 XIV.
1238 1589 1310 1599 —
1330 1559 1548 1628 Scripta:
1569 1577 1654 1613 an.
1679 1560 1782 1615 427
1803 1569 1847 1615 et
1869 1560 1994 1615 428.

632 1633 982 1701 Quodvultdei
1013 1629 1251 1700 epistola:
1275 1628 1415 1696 dum,
1443 1630 1824 1700 Augustinique
1850 1631 2029 1695 adeas
2056 1645 2139 1682 re-

561 1700 756 1776 scripta
782 1703 1024 1776 ejusdem
1041 1703 1437 1776 Sttnt_temporis
1453 1709 1506 1754 et
1531 1702 1847 1776 argumenti,
1878 1701 1977 1754 nisi
1996 1700 2137 1776 quod

561 1765 767 1844 prio'res
791 1765 855 1828 a'd
885 1792 971 1826 an.
1002 1771 1135 1826 forte
1161 1765 1262 1825 ιε’]
1291 1765 1574 1844 pertinent,
1596 1765 1931 1839 posteriores
1956 1765 2024 1824 ad
2047 1786 2134 1844 an.

559 1840 687 1899 328.
717 1845 874 1898 Certe
905 1845 955 1898 in
987 1857 1046 1896 ea
1078 1856 1195 1910 qua:
1221 1840 1406 1895 ordine
1431 1849 1512 1894 est
1535 1857 1750 1906 ccxxrv,
1782 1849 2004 1896 testatur
2032 1843 2140 1893 Au-

561 1915 804 1984 gustinus
825 1912 1152 1984 liltrosiduos
1184 1911 1653 1984 Retractationum,
1685 1926 1818 1984 quos
1841 1926 1981 1964 anno
2011 1911 2136 1974 427,

561 1981 644 2038 vel
671 1995 728 2037 ut
751 1986 921 2038 serius
954 1982 1075 2048 £98,
1107 1983 1285 2036 emisit
1311 1983 1365 2036 in
1392 1981 1680 2051 publicum,
1705 1982 1814 2052 jam
1841 1997 1960 2036 esse
1984 1990 2136 2036 ante-

560 2054 659 2109 bac
696 2055 981 2108 absolutos.

794 2122 1046 2178 CCXXV.
1073 2152 1143 2162 —
1166 2122 1371 2193 Scripta
1399 2139 1484 2176 an.
1511 2123 1615 2193 428
1642 2132 1727 2176 aut
1754 2121 1880 2193 4‘29.

635 2195 876 2262 Prosperi
905 2193 1147 2261 epistola,
1177 2193 1263 2246 hic
1286 2191 1473 2246 ordine
1500 2192 1862 2249 ducentesima
1887 2191 2138 2260 vigesima

562 2265 761 2334 quinta,
789 2263 982 2331 scripta
1024 2263 1118 2334 fuit
1149 2278 1240 2331 per
1277 2263 1328 2317 id
1360 2271 1568 2330 tempus
1590 2280 1695 2332 quo
1724 2262 2020 2334 Arelatensi
2046 2277 2139 2316 ec-

562 2333 738 2388 elesia:
785 2344 1006 2402 prteerat
1035 2333 1264 2387 llilarius
1292 2349 1357 2386 ex
1388 2351 1440 2387 ιι.
1473 2334 1526 2388 9.
1572 2334 1668 2388 Hic
1695 2350 1855 2402 porro
1885 2334 1934 2386 in
1966 2333 2138 2386 locum

562 2405 816 2458 Honorati
838 2414 958 2458 octo
990 2405 1070 2457 vel
1096 2418 1284 2458 novem
1312 2403 1500 2458 diebus
1526 2414 1648 2458 ante
1674 2420 1822 2457 sacra
1848 2404 2136 2472 Epiphania

559 2475 796 2528 defuncti
822 2473 1074 2528 suffectus
1103 2482 1203 2537 est,
1234 2489 1374 2528 anno
1403 2473 1528 2541 ης,
1557 2483 1647 2528 aut
1666 2475 1792 2542 429,
1824 2483 1880 2527 ut
1906 2483 2048 2543 patet
2072 2490 2139 2529 ex

562 2554 686 2599 nota
709 2544 774 2598 ad
796 2543 1036 2600 eamdem
1056 2545 1211 2612 epist.

819 2613 1093 2669 CCXXVI.
1116 2643 1187 2652 ——
1208 2612 1410 2683 Scripta
1426 2614 1594 2668 eodem
1617 2623 1854 2683 tempore.

639 2683 1006 2739 Ducentesima
1035 2685 1284 2753 vigesima
1313 2693 1482 2748 sexta,
1511 2702 1628 2753 qua:
1657 2685 1844 2739 Hilarii
1881 2686 1996 2740 laici
2024 2695 2137 2752 est,

561 2756 872 2809 transmissa
911 2754 1008 2808 fuit
1033 2755 1190 2808 simul
1233 2770 1352 2808 cum
1394 2756 1685 2824 superiore,
1719 2765 1775 2810 ut
1807 2757 1889 2810 hic
1920 2766 2142 2810 testatur

562 2827 794 2887 Ililarius
824 2840 878 2877 ιι.
925 2825 1010 2896 lt).
1051 2824 1202 2896 Unde
1240 2825 1468 2896 utrique,
1515 2826 1778 2895 Prospero
1815 2828 2138 2896 Ililarioque,

560 2896 718 2966 simul
748 2895 1377 2966 responditAugustinus,
1401 2907 1700 2966 nuncupato
1723 2898 1982 2953 ambobus
2010 2895 2142 2952 libro

562 2967 625 3018 de
655 2965 1097 3019 Prwdcstinatione
1124 2965 1446 3020 Sanctorum.

560 3035 860 3090 CCXXVII.
896 3065 966 3075 —-
1004 3035 1210 3106 Scripta
1258 3035 1644 3163 potstnlgtsclta,
1695 3054 1828 3092 anno
1869 3043 2000 3111 forte
2037 3040 2142 3096 428

1249 3123 1313 3159 au
1474 3147 1487 3161 .

1249 3115 1336 3159 attt
1362 3115 1487 3161 429.

637 3176 1060 3251 Ducentesimam
1087 3176 1393 3251 vigesimam
1418 3178 1694 3251 septimam
1721 3179 1788 3231 ad
1806 3179 2044 3251 Alypium
2067 3197 2145 3234 sc-

559 3262 674 3300 rtem
703 3248 878 3302 nullus
922 3247 1239 3300 dubitaverit
1284 3247 1615 3302 referendam
1665 3264 1786 3303 esse
1832 3247 1915 3304 ad
1945 3268 2141 3305 annum

561 3317 773 3392 circiter
818 3317 944 3392 429.
1001 3316 1125 3392 Nisi
1159 3317 1290 3372 forte
1341 3317 1458 3392 quis
1504 3320 1664 3392 alium
1712 3320 1796 3392 llic
1839 3322 1906 3375 ab
1955 3323 2144 3392 Alypio

562 3386 1000 3458 '[ltagastensium
1044 3387 1294 3455 episcoiio
1321 3386 1821 3458 subintelligendum
1850 3386 2036 3458 putet,
2055 3386 2146 3448 aut

563 3455 719 3528 Senis
751 3457 963 3528 nomine
981 3471 1084 3528 non
1113 3457 1398 3525 signiﬁcari
1427 3455 1701 3525 primatem
1725 3477 1736 3512 :
1757 3455 1911 3528 quem
1937 3455 2142 3518 titulum

566 3526 759 3595 Alypio
786 3524 1037 3596 episcouo
1066 3527 1119 3580 in
1151 3524 1369 3594 epistola
1389 3524 1600 3591 cexxw,
1631 3529 1695 3581 ad
1721 3524 2144 3595 Quodvultdeum

565 3596 687 3670 data
714 3612 854 3670 anno
881 3596 1003 3658 4'28,
1036 3598 1267 3670 nondum
1300 3598 1560 3653 tribuebat
1601 3599 1944 3670 Augustinus,
1975 3604 2143 3670 ipsum

564 3667 775 3735 fratrem
801 3667 1055 3720 duntaxat
1074 3668 1368 3736 appellans.

727 3735 1049 3791 (ICXXVIII.
1069 3735 1368 3807 -’-’Scripta
1389 3738 1478 3792 sub
1503 3756 1588 3792 art.
1619 3740 1723 3795 4°28
1747 3752 1833 3794 aut
1860 3745 1983 3799 H9.

639 3808 1010 3861 Ducentesima
1048 3809 1296 3863 vicesima
1327 3817 1508 3863 octava
1537 3811 1604 3863 ad
1645 3811 1963 3867 Honoratum
1991 3817 2148 3870 Thia-

567 3893 782 3930 vensent
827 3881 1132 3946 episcopum
1178 3880 1369 3948 scripta
1414 3889 1517 3944 est,
1560 3898 1674 3934 cum
1730 3883 1944 3939 Vandali
1984 3887 2148 3942 hostes

566 3948 928 4020 impenderent,
947 3949 1322 4020 eivHPossidio,
1349 3965 1465 4020 cap.
1493 3951 1582 4006 30.

565 4017 824 4072 CCXXIX
859 4017 1136 4072 CCXXXI.
1165 4049 1236 4090 -έ-
1261 4017 1479 4090 Scripta:
1503 4023 1594 4073 sub

1083 4089 1203 4142 stini
1235 4094 1363 4160 forte
1382 4089 1474 4144 an.
1503 4092 1624 4147 429.

644 4157 802 4212 Dario
842 4159 1019 4236 comiti
1057 4157 1340 4236 epistolam
1384 4161 1798 4236 ducentesimam
1844 4167 2148 4236 vigesimam

571 4242 760 4281 nouant
788 4230 1004 4304 scripsit
1045 4231 1490 4304 Augustinussub
1520 4234 1753 4287 ultimam
1799 4230 2146 4304 scnéetntetn,

572 4315 634 4350 ex
687 4315 738 4352 ιι.
787 4300 839 4352 l.
893 4299 1211 4353 Venerat’in
1266 4301 1495 4376 Africam
1547 4305 1732 4358 Darius
1777 4299 2151 4376 procuraturus

571 4383 778 4444 parent,
807 4383 911 4421 non
942 4379 1000 4422 ut
1037 4385 1151 4444 eam
1183 4387 1278 4439 per
1315 4373 1622 4444 sanguinem
1652 4373 1930 4444 qumrerct,
1963 4379 2057 4432 sed
2085 4398 2151 4436 ne

571 4438 878 4513 cujusquam
909 4439 1122 4513 sanguis
1151 4438 1495 4513 (numeretur,
1535 4438 1796 4513 ligat-ioue
1838 4450 2050 4513 missus,
2085 4468 2151 4506 ex

571 4523 624 4560 ιι.
657 4508 711 4571 2,
739 4517 897 4577 atque
923 4519 979 4562 ut
1001 4509 1151 4564 malis
1171 4526 1283 4579 qua:
1306 4511 1372 4564 ad
1391 4508 1656 4582 quemddm
1679 4515 2020 4573 calamitatum
2041 4508 2151 4592 api-

1633 4023 1784 4092 ﬁnem
1815 4025 1928 4079 vitae
1969 4026 2146 4098 Augu-

2238 513 2341 550 cem
2373 503 2701 562 increverunt,
2743 496 2894 551 sicuti
2929 495 3114 553 Darius
3145 495 3257 566 ipse
3285 496 3336 550 in
3365 494 3584 564 epistola
3611 511 3811 562 ccxxx,

2240 583 2294 620 ιι.
2339 566 2677 637 5,ιρεριείῂιῑ,
2707 569 2998 622 remedium
3041 569 3304 637 ﬁnemque
3342 567 3572 619 alterrtit.
3603 570 3719 634 Quo
3763 571 3815 623 in

2240 636 2454 704 negotio
2479 636 2603 706 quid
2634 637 2940 706 profecisset
2985 636 3242 703 indicans,
3275 637 3337 691 Si
3363 653 3462 690 non
3488 639 3818 694 exstinximus

2241 708 2388 767 bella,
2423 705 2612 776 inquit,
2637 705 2774 760 certe
2815 707 3119 776 distulimus.
3159 706 3274 773 Quo
3313 721 3439 761 vero
3481 705 3594 761 haec
3630 709 3820 764 referri

2241 778 2466 847 p05sint,
2492 775 2682 842 prteter
2702 775 2953 831 Bonifacii
2978 776 3441 846 Vandalorumque
3466 777 3659 832 bellum
3685 778 3819 847 niliit

2240 846 2472 901 accurrit
2499 847 2640 900 aliud
2666 855 2901 901 extrema
2922 847 3198 916 Augustini
3225 856 3399 912 mtate,
3423 856 3512 901 aut
3541 849 3728 901 saltem
3751 846 3821 903 ab

2239 926 2380 970 anno
2417 917 2544 979 4‘21,
2591 932 2748 986 quem
2780 915 2924 970 haud
2962 915 3121 971 dubie
3165 932 3360 986 annum
3405 933 3507 971 non
3551 919 3794 986 praecessi

2240 986 2426 1040 isiluec
2473 983 2624 1040 Darii
2660 987 2849 1055 legatio
2881 1003 2895 1040 :
2926 983 3348 1056 q'ttandbquiilem
3396 983 3722 1042 Encltiridion
3759 985 3822 1042 de

2240 1058 2364 1124 ﬁde,
2393 1072 2481 1125 spe
2503 1066 2550 1109 et
2578 1057 2843 1126 cltaritate,
2871 1057 3010 1126 quod
3035 1057 3347 1125 Opusculum
3369 1073 3473 1111 non
3497 1059 3650 1113 'citins
3675 1059 3820 1113 dicto

2239 1140 2382 1198 anno
2416 1125 2626 1198 editum
2671 1125 2788 1192 fuit,
2830 1125 2932 1198 ad
2957 1127 3168 1198 Darium
3219 1130 3359 1182 nunc
3401 1127 3656 1198 temporis
3696 1144 3817 1197 cum

2241 1195 2462 1265 cpistola
2492 1199 2708 1261 cc‘xxxs,
2740 1213 2794 1250 ιι.
2823 1197 2875 1262 5,
2905 1196 3184 1265 legendum
3214 1195 3604 1252 transmittitur.
3633 1195 3822 1253 Narrat

2242 1266 2416 1335 teipsa
2467 1266 2754 1334 Proc0pius
2782 1267 2833 1320 in
2879 1267 2967 1320 lib.
3015 1267 3041 1321 I
3076 1267 3142 1320 de
3171 1268 3307 1321 bello
3339 1265 3641 1333 Vandalico,
3682 1283 3818 1322 non-

2242 1335 2522 1408 uullosiex
2567 1335 2823 1390 Bonifacii
2871 1337 3055 1390 amicis
3097 1335 3469 1408 Carthaginem
3515 1339 3822 1408 navigantes

2243 1404 2490 1476 Placidia:
2533 1409 2684 1476 jussu
2732 1407 2902 1476 ipsum
2945 1409 3256 1461 convenisse
3287 1404 3549 1476 {tumque
3590 1404 3726 1462 Actii
3768 1407 3824 1462 in

2245 1475 2568 1546 Bonifacium
2615 1474 2801 1546 fraude
2843 1476 3070 1542 detecta,
3113 1479 3322 1546 jurasse
3369 1474 3651 1531 Placidiam
3695 1493 3816 1534 sese

2241 1555 2446 1612 aequam
2473 1543 2742 1600 Bonifacio
2775 1546 2890 1600 fore
2919 1547 2965 1600 si
2994 1543 3124 1600 eum
3144 1547 3209 1600 ad
3235 1547 3574 1602 avertendam
3606 1548 3682 1603 rei
3721 1549 3826 1601 Ito-

2242 1631 2415 1669 manae
2443 1616 2495 1669 in
2526 1615 2704 1669 Africa
2733 1622 2962 1684 stragem
2992 1615 3324 1675 inclinarent.
3359 1617 3489 1672 Hinc
3511 1633 3636 1673 vero
3661 1619 3823 1672 Boni-

2243 1684 2435 1739 I'acium
2476 1686 2761 1757 recessisse
2789 1702 2819 1740 a
2848 1687 3114 1750 Vandalis,
3154 1688 3242 1756 qui
3275 1687 3822 1757 Hipponem-regium,

2242 1771 2347 1826 quo
2375 1771 2491 1826 sese
2518 1757 2605 1810 ille
2643 1755 2784 1810 bello
2815 1757 2983 1814 victus
3013 1755 3307 1826 receperat,
3345 1755 3694 1812 obsederunt.
3745 1758 3820 1812 De

2244 1825 2343 1879 hac
2382 1825 2797 1896 llipponis-rcgii
2828 1825 3435 1892 obsidione,Bonifacio
3466 1829 3600 1882 intra
3639 1829 3823 1882 urbem

2243 1894 2690 1964 recepto,'scribit
2735 1894 2893 1950 etiam
2925 1897 3213 1962 Possidius,
3257 1912 3375 1966 cap.
3402 1897 3492 1959 28,
3533 1897 3736 1952 addens
3764 1897 3824 1950 S.

2243 1967 2589 2034 Augustinum
2636 1967 2791 2020 tertio
2836 1968 3126 2022 obsidionis
3170 1984 3354 2022 mense
3399 1967 3632 2022 I‘ebribus
3660 1968 3824 2023 decu-

2243 2034 2438 2102 buisse,
2471 2044 2525 2090 et
2555 2036 2749 2114 ultima
2780 2038 3092 2106 a-gritudine
3116 2038 3354 2092 exerceri
3399 2039 3646 2108 cmpisse.

2500 2124 2858 2180 EPISTOLlE
2894 2125 3202 2193 QUARTIE
3241 2125 3534 2193 CLASSIS,

2526 2214 2751 2279 Quarum
2777 2224 2969 2298 tempus
3002 2217 3169 2270 minus
3207 2228 3538 2298 compertum.

2314 2284 2552 2354 Reliqua:
2579 2294 2704 2339 sunt
2748 2284 2986 2357 epistolae
3018 2297 3239 2341 numero
3271 2284 3482 2357 triginta
3526 2289 3734 2352 novem,
3769 2287 3823 2341 in

2240 2353 2426 2409 Classe
2454 2353 2654 2424 quarta
2680 2353 3081 2425 comprehensa:
3101 2397 3116 2423 ,
3146 2353 3364 2426 quibus'
3382 2359 3651 2426 proprium
3703 2373 3827 2411 cer-

2244 2433 2458 2497 tumque
2503 2427 2673 2497 locum
2728 2427 3076 2497 prmscribere
3122 2442 3190 2481 ex
3223 2435 3380 2481 :etute
3420 2429 3825 2497 haudquaquam

2243 2495 2499 2549 licuisset.
2549 2495 2678 2548 Nam
2731 2495 2891 2550 Tacite
2942 2498 3155 2566 quidem
3208 2495 3828 2566 intelliguntur—scripta:

2243 2580 2430 2618 omnes
2477 2566 2771 2634 Augustino
2807 2567 2916 2634 jam
2947 2568 3194 2636 episcopo
3221 2586 3234 2622 :
3261 2582 3440 2636 pauca:
3478 2583 3604 2622 vero
3635 2569 3684 2620 in
3727 2568 3832 2621 illis

2243 2643 2386 2695 sunt,
2417 2651 2536 2704 qua:
2587 2637 2785 2689 deliniti
2816 2637 2971 2704 paulo
3007 2638 3232 2706 amplius
3276 2639 3531 2706 temporis
3556 2636 3832 2691 characte-

2244 2721 2356 2760 rem
2388 2715 2592 2775 gerant.
2625 2705 2839 2760 Scilicet
2871 2705 3110 2776 suspicio’
3131 2721 3208 2760 ρει
3236 2705 3453 2760 Honorii
3484 2707 3648 2776 ipsius
3686 2709 3832 2776 leges

2244 2784 2427 2828 contra
2458 2776 2595 2830 idola
2627 2791 2766 2829 anno
2797 2775 2918 2840 399,
2943 2775 3034 2830 aut
3061 2777 3192 2831 alias
3231 2792 3320 2830 an.
3343 2777 3448 2832 408
3478 2775 3705 2831 sancitas
3745 2775 3830 2830 iit-‘-

2245 2845 2407 2898 dicari
2438 2846 2487 2898 in
2526 2859 2752 2916 gcxxxn
2793 2847 2859 2898 ad
2897 2846 3260 2900 Madaurenses
3305 2847 3527 2916 epistola
3570 2865 3622 2900 n.
3650 2849 3702 2911 '5,
3746 2847 3831 2901 his

2254 2917 2436 2969 verbis
2471 2933 2482 2968 :
2525 2915 2717 2988 Videtis
2759 2927 2890 2969 certe
2919 2919 3305 2970 simulacrorum
3329 2915 3514 2988 [erupta
3540 2918 3721 2987 partim
3749 2919 3831 2969 di-

2245 2997 2380 3050 ruta,
2417 2986 2600 3054 partim
2630 2983 2823 3051 clausa,
2872 2989 3054 3055 partim
3080 2988 3132 3040 in
3163 2997 3285 3041 usus
3333 2983 3460 3040 alios
3487 2983 3831 3052 commutata;

2244 3057 2455 3128 ipsaque
2480 3055 2751 3128 simulacra
2773 3057 2846 3128 cel
2868 3058 3138 3128 canfringi,
3170 3059 3245 3112 cel
3277 3059 3496 3124 intendi,
3527 3064 3655 3123 etc.,
3688 3069 3838 3128 atque

2245 3127 2384 3195 ipsas
2439 3125 2590 3194 huius
2639 3127 2811 3179 δίει-ιιιί
2862 3125 3219 3196 potestates...
3283 3136 3462 3181 contra
3530 3128 3705 3181 cadent
3754 3125 3833 3180 si-

2246 3197 2579 3268 malueram.
2604 3197 2816 3268 impetus
2866 3213 2982 3250 suos
3029 3197 3254 3268 legesque
3287 3200 3504 3252 tertisse.
3539 3198 3670 3252 Tum
3708 3213 3830 3268 qua:

2249 3266 2316 3317 ad
2345 3264 2667 3338 Pascentiuﬁm
2680 3264 2996 3336 diriguntur,
3019 3264 3274 3337 prodiisse
3289 3269 3579 3338 Augustino
3601 3264 3835 3321 nondum

2248 3350 2415 3398 sene;
2448 3337 2659 3406 quando
2697 3353 2754 3390 se
2780 3339 2891 3406 ipse
2918 3338 2968 3390 in
3013 3353 3312 3402 ccxxxvut,
3347 3337 3400 3392 ιι.
3431 3339 3480 3401 l,
3507 3348 3651 3392 (etate
3673 3355 3733 3391 ac
3756 3339 3838 3391 di-

2248 3407 2440 3476 gnitate
2471 3407 2746 3460 Pascentio
2775 3407 3082 3462 inferiorem
3109 3407 3382 3477 proﬁtetur
3407 3427 3417 3461 :
3449 3408 3540 3461 sed
3566 3424 3630 3463 eo
3658 3419 3836 3462 tamen

2250 3485 2514 3544 tempore,
2549 3492 2654 3546 quo
2685 3477 2742 3530 S.
2775 3477 2969 3531 Doctor
3001 3479 3152 3531 fama:
3190 3478 3495 3532 celebritate
3515 3479 3624 3546 jam
3654 3479 3837 3532 claris-

2251 3547 2418 3618 simus
2447 3549 2812 3618 evaserattuli
2837 3563 2902 3602 ex
2942 3548 3127 3602 eadem
3166 3550 3345 3616 epist.,
3399 3566 3452 3601 ιι.
3497 3547 3550 3612 8,
3594 3557 3832 3618 apparet.

2251 3615 2491 3687 Denique
2529 3616 2594 3669 ad
2636 3616 2851 3687 ultimos
2889 3618 3166 3685 Augustini
3201 3615 3369 3671 annos
3404 3615 3680 3687 pertinere
3713 3633 3834 3683 ccc,

2251 3688 2318 3756 ad
2348 3686 2626 3752 Auxilium,
2660 3686 2800 3755 apud
2825 3702 2980 3756 quem
3009 3688 3075 3742 de
3103 3686 3434 3742 sententiain
3461 3688 3835 3742 Classiciantttn

2253 3755 2320 3808 ab
2349 3771 2413 3809 eo
2442 3756 2544 3808 lata
2591 3759 2669 3810 sic
2709 3755 3009 3826 expostulat
3042 3773 3096 3811 ιι.
3141 3758 3176 3812 2
3220 3775 3232 3810 :
3281 3757 3363 3811 En
3391 3759 3591 3824 adsum,
3628 3773 3778 3811 senex
3805 3774 3837 3810 a

2244 3827 2429 3897 juvene
2452 3867 2466 3890 ,
2519 3836 2565 3879 ct
2611 3827 2873 3897 episcopus
2911 3837 2980 3881 tot
3023 3844 3273 3897 annorum
3312 3844 3344 3880 a
3384 3829 3576 3897 collega
3625 3829 3837 3897 necdum

2251 3896 2487 3949 anniculo
2508 3907 2717 3967 paratus
2738 3896 2850 3967 sunt
2871 3897 3078 3950 discere.
3112 3896 3348 3966 Itemque
3375 3896 3525 3952 ecus
3553 3897 3621 3949 ad
3649 3896 3838 3951 Corne-

2253 3967 2399 4031 lium,
2423 3975 2477 4020 et
2497 3966 2689 4020 Ccmx
2705 3967 2771 4020 ad
2790 3966 3069 4034 Nobilium,
3095 3969 3145 4020 in
3162 3968 3352 4036 quibus
3377 3983 3436 4022 se
3453 3969 3839 4036 provectiorem

2257 4045 2467 4090 tetatem
2517 4037 2723 4107 degere,
2753 4038 3027 4105 signiﬁcat.
3081 4037 3182 4090 llas
3225 4051 3350 4106 ergo
3399 4037 3636 4106 aliasque
3667 4037 3840 4107 longe

2255 4107 2429 4159 minus
2473 4106 2730 4176 explorati
2775 4109 3026 4176 temporis
3063 4107 3313 4176 epistolas
3350 4107 3520 4160 visum
3551 4115 3633 4160 est
3661 4106 3840 4160 habita

2257 4179 2554 4245 argumenti
2603 4179 2806 4231 ratione
2846 4179 2923 4230 sic
2957 4177 3235 4239 ordinare,
3285 4185 3343 4230 ut
3387 4180 3613 4245 primum
3663 4177 3838 4232 locum

2256 4254 2577 4316 occuparent
2617 4263 2734 4316 qua:
2779 4247 3094 4302 Christiana:
3149 4246 3267 4300 ﬁdei
3307 4245 3519 4309 hostes,
3566 4247 3836 4316 Paganos,

2255 4314 2596 4381 M-niclunos,
2634 4314 3098 4382 Priscillianistas,
3130 4317 3357 4371 Arianos
3385 4325 3626 4386 spectant
3646 4314 3675 4370 'z
3727 4325 3840 4372 tum

2255 4386 2468 4439 demum
2516 4401 2633 4454 qua:
2690 4387 2755 4440 ad
2821 4399 2970 4442 recte
3023 4387 3384 4441 informandus
3431 4401 3605 4441 mores
3654 4388 3842 4441 confe~

2257 4465 2400 4578 aunt,
2428 4455 2801 4579 lofﬁciosaque
2837 4459 3035 4527 aliquot
3060 4457 3114 4512 S.
3154 4457 3397 4513 Doctoris
3440 4457 3627 4512 littera:
3655 4472 3844 4512 succe-

2295 4541 2421 4579 ercn
2451 4563 2466 4579 .
3082 4560 3086 4564 -

2295 4541 2466 4580 81⁸0111..
3082 4560 3086 4564 -

647 4712 722 4766 Ex
752 4712 834 4766 his
863 4727 1020 4768 nemo
1043 4727 1148 4768 non
1171 4711 1333 4783 videt,
1358 4716 1401 4770 si
1430 4717 1588 4773 modo
1615 4734 1725 4774 rem
1759 4723 2014 4792 tantisper
2042 4725 2323 4796 expendat,
2361 4738 2614 4798 quantum
2658 4727 2710 4782 in
2746 4737 2891 4784 recte
2940 4727 3250 4783 ordinandis
3281 4727 3562 4797 Augustini
3591 4728 3851 4799 Epistolis

584 4818 752 4874 aperte
795 4804 1104 4876 consiliique
1133 4821 1163 4858 a
1213 4807 1364 4861 nobis
1395 4809 1622 4878 positum
1650 4812 1736 4878 sit,
1787 4821 2042 4883 quantum
2087 4815 2394 4887 diligentiae,
2428 4831 2484 4874 ut
2511 4820 2869 4874 studiosorum
2901 4819 3111 4873 labores
3149 4833 3245 4888 pro
3275 4818 3487 4871 modulo
3512 4819 3835 4874 levaremus.
3931 4809 3938 4814 ’

575 4897 727 4951 Hune
751 4897 994 4951 ordinem
1041 4899 1234 4968 passim
1263 4898 1478 4968 quidem
1503 4917 1569 4955 ex
1598 4912 1763 4969 certa,
1789 4913 1883 4958 aut
1909 4920 2040 4962 sane
2061 4923 2220 4977 quam
2253 4911 2480 4965 maxime
2515 4911 2774 4981 probabili
2816 4910 3048 4968 ratione:
3093 4909 3188 4963 sed
3224 4918 3402 4962 tamen
3447 4909 3731 4980 aliquando
3757 4928 3829 4967 ex

571 4990 911 5059 coniecturis,
943 4999 1033 5044 aut
1057 5006 1121 5045 ex
1152 5000 1335 5046 mutuo
1361 4994 1665 5048 earumdem
1695 4995 2046 5065 Epistolarum
2071 5000 2207 5056 inter
2233 5015 2352 5057 sese
2391 5019 2530 5058 nexu
2557 5011 2611 5057 et
2629 5002 3023 5067 consecutione,
3068 4995 3351 5070 aliquando
3377 5001 3536 5055 etiam
3565 5018 3631 5056 ex
3657 5003 3846 5058 erudi-

575 5092 751 5138 torum
783 5081 1056 5136 hominum
1083 5082 1172 5152 qui
1202 5082 1300 5138 hac
1327 5083 1392 5138 de
1417 5099 1473 5139 re
1494 5085 1823 5154 scripserunt
1841 5089 2152 5144 auctoritate
2179 5092 2500 5148 insrituimus
2528 5111 2541 5147 :
2574 5094 2674 5147 rati
2699 5093 2753 5150 in
2781 5093 2863 5146 his
2884 5093 3045 5148 rebus
3075 5093 3257 5148 valere
3287 5093 3569 5164 plurimum
3595 5095 3646 5148 id
3673 5109 3846 5165 gene-

576 5177 650 5230 ris
677 5184 1009 5246 argumenta,
1035 5175 1122 5228 ubi
1149 5186 1294 5230 certa
1311 5185 1366 5231 et
1384 5178 1657 5248 explorata
1682 5195 1780 5233 nos
1799 5180 2068 5238 deﬁciunt.
2095 5184 2255 5240 Nobis
2283 5186 2370 5241 hic
2394 5200 2613 5256 operam
2640 5197 2875 5241 nostram
2901 5187 3176 5243 venditare
3191 5204 3295 5243 non
3321 5199 3403 5244 est
3431 5191 3642 5246 animus
3667 5211 3680 5246 :
3705 5192 3842 5262 quin

577 5269 684 5321 imo
707 5265 933 5337 pr0priae
959 5267 1250 5321 inscientia:
1272 5269 1491 5336 conscii,
1526 5269 1576 5323 in
1599 5281 1772 5326 errata
1800 5289 1906 5328 non
1938 5289 2124 5344 pauca,
2150 5292 2270 5346 qua:
2294 5278 2624 5332 eruditorum
2651 5293 2930 5333 censuram
2955 5289 3282 5348 mereantur,
3313 5297 3412 5337 nos
3441 5281 3690 5338 incidisse
3721 5283 3848 5338 inﬁ-

576 5360 707 5413 ciari
733 5375 837 5415 non
863 5359 1137 5414 audemus.
1171 5360 1236 5414 Et
1263 5376 1386 5414 vero
1416 5376 1500 5428 ea,
1536 5364 1925 5433 quamprimum
1955 5381 1984 5420 a
2016 5367 2290 5424 benevolis
2313 5370 2599 5426 lectoribus
2619 5371 2857 5440 exposita
2885 5372 3096 5437 iuerint,
3124 5382 3178 5426 et
3205 5373 3436 5430 libenter
3461 5390 3840 5446 agnoscemus,

577 5462 632 5507 et
660 5453 973 5521 quantocius
1012 5452 1298 5507 emendare
1339 5462 1657 5523 satagemus.
1690 5455 1882 5510 Verum
1927 5457 2053 5512 illud
2079 5461 2210 5514 citra
2236 5460 2504 5530 jactant‘iae
2530 5472 2708 5515 notam
2754 5462 2993 5532 polliceri
3025 5479 3128 5518 non
3157 5480 3433 5534 veremur,
3469 5482 3664 5522 novum
3693 5467 3836 5522 hunc

579 5543 816 5597 ordinem
848 5557 876 5598 a
909 5544 1062 5598 nobis
1098 5543 1464 5608 constitutum,
1513 5545 1909 5618 qualiscumque
1937 5548 2148 5604 tandem
2183 5551 2281 5618 sit,
2310 5551 2465 5622 longe
2491 5551 2958 5608 conducibiliorem
2986 5567 3127 5620 esse,
3174 5570 3332 5625 quam
3366 5557 3592 5613 antehac
3617 5573 3714 5613 usu
3749 5575 3843 5614 re-

582 5643 797 5702 ceptum
829 5653 841 5688 ι
875 5651 971 5689 nec
997 5634 1098 5690 levi
1128 5634 1206 5689 rei
1248 5633 1512 5688 litterariae
1535 5635 1704 5691 lructu
1735 5653 1797 5692 ac
1825 5637 2008 5694 lettore
2034 5648 2432 5709 compensatum
2460 5640 2525 5695 iri
2556 5641 2968 5706 incommodum,
2991 5643 3132 5714 quod
3159 5659 3221 5699 ex
3242 5644 3414 5701 futura
3436 5648 3524 5702 illa
3551 5651 3844 5707 mutatione

580 5726 820 5782 nonnulli
847 5726 1202 5794 apponebant.
1236 5724 1387 5779 Faxit
1411 5726 1586 5794 Deus,
1622 5739 1677 5784 ut
1704 5730 1754 5785 id
1781 5747 1844 5785 ex
1885 5733 2146 5787 sententia
2190 5731 2458 5804 contingat
2499 5748 2596 5804 pro
2642 5734 2780 5788 vatis
2827 5734 3044 5804 nostris,
3071 5747 3125 5793 et
3152 5736 3386 5794 laborem
3429 5739 3570 5796 hunc
3610 5754 3847 5798 nostrum

581 5828 807 5876 tectores
837 5817 969 5888 :rqui
1006 5817 1232 5886 bonique
1255 5818 1546 5873 consulant.

2604 5824 2705 5880 PP.
2735 5824 2931 5880 Bened.
