4080 6346
244 353 326 407 ss
462 336 465 339 ’
1712 343 1842 402 PRA

1949 345 2096 399 t'l'lO.
3461 353 3527 413 54

248 442 3528 467 —————————————-——-————————————————-—_—-——

517 483 1494 617 PBEPATIO
1546 500 1727 608 Ι)-
1796 493 1842 605 ἑ

1949 495 2448 611 ICOBI
2528 502 3276 614 MARTIN

1495 667 1571 722 IN.
1602 659 1879 721 EASDEM
1914 660 2301 720 EPISTOLAS.

327 763 596 831 Quantum
624 761 675 816 in
704 761 976 827 Ecclesiae,
1000 762 1181 831 reique
1207 760 1475 816 litterariae
1503 757 1840 831 commodum

247 828 460 909 cedant
476 832 679 909 diernm
704 848 768 885 ac
792 834 1021 909 noctium
1053 828 1281 909 evigilati
1305 828 1848 909 emensique-labores

248 904 308 958 in
341 902 678 978 evolntandis
705 904 970 978 veteribus
1001 902 1333 978 arci-livorem
1362 900 1559 978 chartis
1579 943 1592 961 ,
1622 900 1847 978 intimis-

288 990 361 1029 ue
392 968 681 1029 ferularum
702 973 1000 1039 recessibus
1028 971 1337 1041 indagandis
1361 987 1421 1023 ac
1446 967 1844 1040 perlnslrandis,

288 990 361 1029 ne
392 990 681 1029 torulorum
702 990 1000 1039 recesswus
1028 990 1337 1041 moaganuis
1361 990 1421 1023 ac
1446 990 1844 1040 permsuranuis,

245 990 634 1098 gemonstrant
658 1044 795 1096 binae
822 1044 936 1097 ista:
958 1042 1070 1097 Divi
1094 1042 1365 1109 Augustini
1388 1041 1601 1109 jamjam
1625 1048 1848 1108 reperta:

252 1113 512 1182 Epistolze
539 1132 551 1165 :
579 1113 767 1167 horum
790 1114 930 1166 enim
954 1114 1206 1177 duntaxat
1231 1127 1331 1181 ope
1359 1111 1849 1182 thesaurus._quein

252 1179 416 1237 hodie
444 1184 494 1236 in
526 1182 693 1238 Gallia
728 1182 921 1251 publici
956 1183 1090 1251 juris
1129 1179 1353 1236 facimus
1374 1223 1389 1247 ,
1421 1181 1572 1235 nobis
1600 1179 1846 1251 defossus

249 1264 358 1307 est.
389 1252 489 1321 Qui
520 1250 735 1323 quidem
763 1268 828 1323 eo
857 1262 938 1307 est
960 1250 1241 1323 habendus
1280 1252 1584 1323 pretiosior,
1612 1250 1753 1323 quod
1781 1250 1848 1302 ab

250 1338 321 1377 co
348 1321 591 1392 tempore
615 1338 718 1392 quo
744 1322 1089 1377 celeberrima
1118 1324 1203 1376 illa
1241 1321 1580 1376 Benedictina
1610 1322 1842 1389 Upcrnm

253 1394 766 1470 Augustiniannrum
794 1392 1425 1470 editiol‘arisiisprodiit,
1447 1392 1583 1470 nulla
1608 1406 1701 1470 nos
1726 1405 1848 1470 spes

254 1462 476 1518 tenebat
500 1463 763 1527 Africani,
796 1462 904 1518 imo
927 1463 1209 1517 Christiani
1242 1462 1411 1524 orbis,
1448 1462 1685 1515 Doctoris
1712 1462 1844 1513 scri-

253 1542 342 1600 pta
372 1534 477 1586 alia
521 1532 819 1600 reperiendi
846 1572 861 1597 ,
903 1549 1057 1602 quam
1088 1548 1148 1586 ea
1176 1550 1292 1602 quae
1322 1542 1443 1585 tunc
1472 1530 1723 1598 temporis
1764 1539 1845 1599 ty-

254 1603 338 1671 pis
361 1602 612 1657 mandata
645 1612 765 1655 sunt
796 1622 808 1657 :
837 1605 1105 1657 enimvero
1130 1603 1418 1655 doctissimi
1461 1603 1702 1655 Editorcs
1734 1602 1845 1671 im-

252 1673 544 1741 pigerrime
574 1673 934 1737 desudarunt,
978 1689 1097 1727 cum
1145 1681 1200 1725 ut
1246 1673 1671 1735 Gallicanorum,
1705 1670 1847 1723 Vati-

251 1758 543 1804 canorum,
598 1744 958 1814 Belgicorum,
1023 1744 1464 1813 Anglicanorum,
1514 1742 1845 1862 aliorunnpte

251 1813 612 1862 undenuaaue
653 1815 1027 1862 aceersitorum
1051 1856 1065 1862 -
1095 1820 1183 1862 aut
1212 1814 1395 1862 saltem
1430 1812 1654 1862 nronriis
1680 1812 1731 1862 in
1784 1831 1843 1862 o-

250 1813 612 1882 undequaque
653 1812 1027 1868 accersitorum
1051 1856 1065 1876 ,
1095 1812 1183 1867 aut
1212 1814 1395 1868 saltem
1430 1812 1654 1880 propriis
1680 1812 1731 1863 in
1765 1812 1843 1862 lu-

252 1883 335 1936 cis
384 1881 786 1951 pervblntorum
842 1883 1082 1937 codicum
1134 1884 1615 1951 manuscriplorum
1660 1881 1842 1949 copia,

249 1955 612 2021 Augustinum
652 1953 716 2007 ad
762 1954 1040 2021 pristinum
1084 1954 1304 2011 nitorem
1337 1954 1704 2015 restituerent,
1737 1962 1844 2005 tmn

250 2032 311 2075 nt
339 2023 583 2091 ejusdem
629 2024 808 2079 eximii
843 2023 1088 2078 Praesulis
1144 2023 1531 2078 lucubrationes
1583 2022 1842 2091 incditas,

250 2095 295 2145 si
325 2110 448 2159 qua:
488 2091 710 2147 inveniri
739 2104 989 2162 possent,
1020 2094 1070 2147 in
1110 2095 1279 2149 lucem
1318 2094 1619 2151 emitterent
1648 2111 1660 2145 :
1693 2108 1846 2145 cum-

248 2178 359 2228 que
384 2178 450 2217 ea
479 2164 529 2215 in
563 2179 619 2220 re
645 2171 843 2217 tantam
872 2174 1152 2218 navassent
1176 2180 1389 2232 operam
1410 2203 1425 2227 ,
1457 2172 1653 2232 quanta
1678 2164 1847 2229 major

251 2234 341 2284 vix
388 2249 510 2286 esse
557 2242 766 2301 posset,
811 2233 941 2287 nihil
970 2235 1121 2287 nobis
1162 2233 1227 2288 ad
1258 2244 1406 2303 spem
1445 2234 1842 2295 ostendebatur,

249 2318 362 2370 quo
387 2318 572 2356 earnm
598 2303 940 2373 scriptionum
965 2304 1224 2372 jacturam
1257 2304 1635 2357 resarciremus
1654 2343 1667 2365 ,
1713 2318 1845 2372 quas

249 2387 280 2424 a
306 2373 535 2435 Doctore
562 2384 743 2427 nostro
768 2373 1065 2443 elaboratas
1091 2374 1251 2428 fuisse
1277 2383 1580 2428 constanter
1605 2373 1802 2433 scimus
1825 2414 1841 2438 ,

249 2458 482 2512 quaeque
534 2452 708 2517 tamen
775 2444 1029 2517 temporis
1072 2444 1307 2517 invidia,
1356 2452 1447 2499 aut
1497 2443 1843 2505 bibliotheca-

249 2529 373 2566 rum
399 2511 795 2580 przefectorum
840 2511 1039 2587 incuria
1066 2515 1132 2569 ad
1162 2530 1261 2570 nos
1301 2529 1467 2585 usque
1509 2530 1616 2569 non
1661 2530 1847 2584 perve-

250 2593 472 2638 DBI'UIH.

323 2654 435 2707 Sed
465 2668 623 2725 ecce,
651 2653 791 2724 quod
823 2654 980 2720 felix,
1013 2654 1240 2725 faustum
1268 2654 1696 2725 fortunatumque
1737 2654 1841 2721 sit,

258 2722 766 2779 Reverendissinms
792 2725 1046 2781 Dominus
1075 2724 1393 2780 Godefridus
1419 2722 1681 2779 Besselius
1700 2765 1715 2791 ,
1746 2726 1841 2779 ab-

250 2793 755 2863 bas‘Gettvvicensis
802 2795 1145 2859 monasterii,
1191 2795 1316 2850 dum
1348 2796 1703 2850 immortalem
1743 2794 1843 2848 sibi

247 2862 479 2935 gloriam
511 2875 689 2932 parat,
733 2881 836 2919 non
880 2866 1050 2919 solum
1095 2866 1145 2919 in
1194 2865 1396 2935 :edibus
1433 2866 1681 2920 incendio
1723 2864 1842 2935 uni-

251 2948 411 3006 verso
439 2934 675 3003 depastis
700 2936 751 2989 in
781 2936 1043 3006 integrum
1074 2934 1408 3006 reficiendis,
1445 2935 1538 2990 sed
1580 2936 1741 3001 etiam
1789 2935 1844 3006 in

249 3005 559 3079 juninrilius
589 3005 863 3079 monachis
891 3005 1135 3079 peraeque
1154 3005 1225 3079 ad
1255 3006 1566 3079 scientiam,
1596 3016 1753 3074 atque
1778 3005 1845 3061 ad

257 3074 563 3147 regularem
588 3074 917 3147 disciplinam
958 3074 1122 3146 prebe
1152 3075 1521 3147 instituendis,
1551 3085 1845 3145 opportune

250 3144 588 3199 Bernardnm
617 3144 795 3201 Pez’in
827 3144 1109 3202 Germania
1149 3144 1499 3201 clarissimum
1524 3144 1844 3211 menachum

250 3214 318 3268 ad
348 3231 410 3287 se
455 3224 643 3280 vocat,
695 3225 752 3270 ut
793 3217 1021 3271 alumnis
1046 3217 1156 3273 suis
1184 3214 1660 3287 fastidium,rquod
1690 3217 1742 3269 in
1770 3217 1845 3271 le-

251 3285 446 3351 gendis
471 3295 799 3341 vetustarum
844 3287 1270 3342 membranarum
1316 3285 1554 3355 apicibus
1595 3285 1845 3355 frequen-

252 3356 461 3425 t'ssime
504 3358 769 3423 occurrit,
817 3355 1049 3423 levaret,
1094 3358 1483 3425 minueretque.
1506 3356 1642 3411 Cum
1665 3365 1842 3411 autem

253 3422 563 3479 liernardus
587 3426 688 3480 Pez
714 3428 758 3481 is
786 3427 855 3480 Sit
872 3467 890 3495 ,
916 3428 1000 3481 cui
1027 3422 1194 3497 genus
1213 3422 1691 3491 omne-litterarum
1718 3426 1846 3481 cha-

257 3506 599 3551 racterumve
630 3498 868 3567 pervium
896 3506 1006 3562 est,
1034 3498 1229 3567 quique
1273 3497 1467 3565 scripta
1496 3498 1695 3565 qumvis
1738 3514 1840 3550 non

253 3581 318 3636 ex
344 3567 602 3636 opinione
620 3608 635 3631 ,
666 3566 757 3621 sed
783 3582 848 3621 ex
877 3566 1098 3636 veritate
1126 3567 1390 3621 testimare
1411 3568 1648 3636 apprime
1675 3569 1840 3631 novit,

252 3635 341 3689 ubi
383 3634 626 3703 primum
654 3637 704 3690 in
731 3636 967 3692 codicem
997 3634 1187 3692 decimi
1220 3637 1355 3691 tertii
1391 3634 1600 3689 circiter
1626 3638 1802 3690 swcnli
1823 3679 1839 3703 ,

251 3707 342 3773 qui
392 3706 548 3759 binas
593 3707 722 3761 istas
766 3707 1029 3776 Epistolas
1053 3706 1359 3761 continebat
1416 3705 1627 3765 incidit.
1656 3707 1842 3761 confea

252 3776 377 3828 stim
397 3777 796 3846 margaritarum
810 3776 1197 3834 reconditarum
1229 3778 1451 3846 pretium
1472 3776 1839 3843 deprehendit,

252 3845 673 3914 doctissimoque
701 3847 891 3901 Abbati
919 3858 1107 3902 auctor
1140 3857 1253 3910 est,
1299 3857 1356 3900 ut
1398 3860 1491 3899 eas
1534 3846 1679 3900 brevi
1719 3864 1841 3901 cum

254 3915 495 3971 Ecclesia
542 3916 895 3972 communicet
939 3935 951 3970 :
992 3919 1130 3985 quod
1180 3917 1436 3970 maturius
1479 3925 1623 3969 certe
1665 3924 1839 3970 actum

252 3994 396 4058 est;_
420 4001 542 4058 nam
586 4002 726 4058 anno
769 3987 1007 4055 proxime
1044 3988 1226 4055 elapso
1252 3988 1325 4058 (α)
1358 3987 1841 4058 utraqnelipistola

292 4055 574 4111 rmfatione
614 4055 845 4121 diserta,
892 4057 1155 4126 variisque
1197 4055 1381 4111 ornata
1422 4056 1844 4126 magnificiscaa-

292 4070 574 4111 rzeianone
614 4070 845 4121 diserta,
892 4072 1155 4126 varnsqne
1197 4070 1381 4111 ornata
1422 4070 1840 4126 magnmciscaa-

253 4070 497 4247 Eiatlnrizgt
527 4126 848 4182 Vindobonae
886 4126 1187 4197 (Viennam
1243 4127 1465 4197 vocant)
1508 4127 1645 4197 typis
1686 4143 1840 4181 man-

291 4204 372 4247 ata
412 4204 516 4249 est.

326 4264 528 4321 Verum
554 4265 796 4321 celeritas
822 4265 1005 4323 isthmc
1032 4266 1359 4333 nostratibus
1384 4281 1571 4336 parum
1610 4266 1836 4335 profuit;

253 4334 341 4389 vix
371 4336 516 4390 enim
559 4352 718 4407 unum
741 4337 1030 4394 alterumve
1050 4334 1405 4407 Epistolarum
1429 4334 1838 4406 Augustinianan

254 4421 375 4459 rum
400 4406 677 4474 exemplar
704 4421 736 4460 e
759 4408 1043 4462 Germania
1086 4406 1151 4461 ad
1192 4422 1289 4461 nos
1315 4415 1558 4461 evectum
1598 4418 1841 4475 asporta-

256 4485 477 4546 tumque
517 4485 619 4531 est.
662 4475 813 4535 Unde
855 4492 1036 4531 ansam
1066 4479 1449 4546 consiliumque
1490 4479 1728 4546 cepimus
1749 4492 1841 4532 eas

254 4544 448 4599 iterum
477 4546 627 4615 prelo
655 4546 963 4615 subjiciendi
991 4566 1004 4602 :
1030 4556 1086 4602 et
1122 4564 1188 4602 ne
1216 4544 1380 4603 Gallia
1425 4546 1509 4601 his
1551 4544 1611 4602 Se
1656 4550 1841 4602 tantis-

254 4630 352 4687 per
395 4615 638 4687 orbatam
676 4617 1058 4687 spoliatamque
1100 4616 1262 4672 fuisse
1313 4626 1585 4686 queratur,
1616 4617 1722 4671 imo
1750 4632 1842 4685 po-

254 4686 361 4757 tius
388 4696 450 4740 ut
474 4686 555 4741 sic
594 4686 776 4741 secum
816 4686 1016 4757 optime
1042 4698 1216 4743 actum
1241 4702 1361 4743 esse
1383 4688 1682 4752 existimet,
1712 4702 1838 4757 pro-

254 4756 427 4809 visum
459 4764 543 4812 est
565 4768 623 4811 ut
643 4756 878 4811 Parisina
904 4766 1084 4812 nostra
1111 4758 1275 4813 editio
1302 4757 1650 4822 emendatior,
1678 4756 1838 4811 orna-

255 4826 383 4891 tior,
416 4826 757 4896 uberiorque,
783 4828 1092 4895 prodeundo
1118 4828 1404 4883 sustineret
1429 4826 1623 4881 famam
1644 4827 1839 4882 Parisi-

254 4910 447 4949 narum
474 4896 697 4951 aliarum
726 4898 1015 4953 editionum
1062 4914 1180 4967 qua:
1224 4898 1451 4959 Patriam
1491 4906 1837 4962 consecrant,

252 4981 497 5035 quasque
520 4967 760 5021 certatim
802 4967 1041 5027 nationes
1079 4978 1276 5029 extera:
1312 4978 1405 5036 aut
1440 4982 1712 5023 accersere
1751 4976 1843 5023 aut

254 5036 455 5090 imitari
497 5036 766 5111 gestiunt,
810 5038 1173 5111 ambiuntque.
1190 5038 1533 5111 Quapropter
1562 5037 1661 5111 diu
1710 5038 1842 5091 mul-

254 5114 477 5177 tumqn_e
500 5107 731 5177 excitata
748 5116 830 5162 est
850 5107 1238 5165 animadversio
1265 5119 1320 5162 et
1341 5107 1607 5177 diligentia
1638 5116 1839 5176 nostra,

253 5174 1139 5256 ipsm’Epistolaafrequenlissime
1182 5180 1330 5237 lecta:
1375 5174 1531 5256 atque
1556 5174 1839 5256 expensa),

251 5245 382 5365 quin
414 5245 861 5328 etia_m_scriptura
890 5250 1272 5319 scriptumque
1307 5248 1527 5317 vestigia
1549 5245 1843 5329 .ac'dnctus

279 5324 692 5365 reanentnssime
719 5334 749 5365 a
779 5318 931 5365 nobis
959 5334 1228 5365 exul-eam-
1256 5327 1441 5365 alnne-
1471 5327 1529 5365 ut
1548 5327 1617 5365 ita
1644 5318 1839 5365 dicam.

279 5316 692 5392 reqnentissime
712 5316 751 5371 a
779 5318 931 5373 nobis
959 5316 1230 5392 expressa,
1256 5316 1455 5391 atque,
1471 5327 1529 5371 ut
1546 5318 1619 5380 ila
1644 5318 1839 5383 dicam.

253 5384 477 5439 decocta
506 5394 562 5441 et
583 5398 792 5445 recocta
811 5397 971 5453 sunt;
1027 5384 1043 5397 "

332 5455 398 5528 ι’.
414 5454 483 5510 Ut
508 5457 841 5528 exploratum
867 5467 1299 5528 compertumque
1323 5457 1674 5528 haberemus,
1714 5458 1843 5513 istas

254 5523 655 5600 lucubrationes
685 5544 791 5583 non
815 5545 847 5585 e
874 5523 1052 5599 spuria
1090 5523 1247 5600 atque
1270 5527 1803 5600 adulterinapflicina
1824 5569 1839 5593 ,

253 5594 351 5649 sed
379 5611 445 5650 ex
483 5599 713 5667 genuino
738 5594 1012 5669 Augustini
1042 5594 1242 5655 musico
1268 5613 1529 5655 manasse.
1558 5598 1670 5664 Qua
1702 5599 1754 5655 in
1785 5614 1842 5653 re

252 5679 383 5719 cura
412 5669 587 5724 omnis
611 5678 792 5725 nostra
819 5668 964 5726 brevi
990 5670 1193 5740 abiecta
1223 5679 1325 5738 est,
1345 5668 1607 5739 simulque
1635 5684 1841 5725 summa

317 5800 391 5862 (α)
412 5798 545 5851 I733.

1952 755 2132 833 laetitia
2152 755 2324 833 affecti
2352 773 2534 833 sumus
2544 775 2564 833 _;
2585 761 2780 833 quippe
2806 771 3079 833 utramque
3109 763 3397 833 Epistolam
3426 783 3529 823 non

1953 826 2222 902 s_olnm_in
2272 828 2495 902 l’ossidii
2544 826 2774 895 Indic'u'lo
2812 826 3209 902 consigiiatani,
3249 838 3339 890 ενα
3370 838 3528 895 etiam

1955 895 2242 972 E_pis_tolam
2289 898 2352 952 ad
2398 899 2641 972 Optatum
2673 917 2701 972 a
2736 902 2793 954 D.
2829 895 3105 971 Fulgéntio
3149 895 3527 972 memoratam,

1955 966 2342 1037 plurimumque
2374 966 2641 1036 probatam
2670 971 2830 1026 fuisse
2861 966 3174 1031 invenimus.

2024 1038 2089 1089 2°~
2116 1036 2181 1112 Ut
2204 1036 2454 1112 leCtinnes
2476 1041 2727 1112 quasdam
2749 1045 3026 1112 antiquarii
3050 1043 3405 1111 festinatione,
3435 1064 3526 1102 ne-

1952 1108 2232 1176 gligentia,
2265 1108 2609 1183 oscitantiave
2634 1122 2724 1164 aut
2750 1108 3009 1181 imperitia
3054 1127 3336 1183 corruptas
3376 1108 3529 1171 vitia-

1956 1188 2153 1255 tasque
2167 1220 2180 1241 ,
2218 1194 2320 1255 non
2347 1178 2557 1255 quidem
2588 1178 2995 1255 emendarenms
3022 1184 3192 1255 (nefas
3213 1178 3351 1239 cnim
3378 1188 3529 1241 duxi-

1955 1264 2076 1301 nms
2116 1248 2488 1303 Gottwicensis
2516 1250 2713 1304 codicis
2743 1262 2939 1307 textum
2991 1248 3068 1309 vel
3118 1257 3299 1309 leviter
3338 1259 3528 1311 inmm—

1955 1322 2127 1397 lar-0).;
2159 1318 2251 1372 sed
2302 1330 2358 1397 ut
2397 1320 2656 1397 genuinas
2704 1322 2955 1397 lectiones
2994 1325 3332 1379 meditatione
3375 1340 3531 1397 atque

1953 1389 2114 1464 animi
2142 1390 2516 1464 exercitatione
2542 1390 2756 1464 aliunde
2788 1394 2972 1464 petitas
3001 1398 3414 1464 auspicarcmnr,
3444 1389 3522 1452 in-

1954 1458 2126 1538 deque
2155 1458 2218 1510 ad
2249 1460 2478 1538 infinitain
2510 1460 2748 1538 paginam
2770 1458 3207 1538 indigitaremns;
3241 1480 3293 1521 ut
3318 1458 3529 1538 Episto-

1954 1528 2032 1583 las
2061 1529 2288 1597 integras
2312 1528 2566 1583 inoll‘enSo
2584 1528 2726 1598 pede
2751 1528 3036 1588 decurrere
3065 1536 3266 1591 liceret.

2024 1599 2079 1650 5°
2124 1598 2188 1653 Ut
2230 1615 2324 1653 sua
2363 1601 2846 1675 cuiquc'lipistblze
2889 1604 3176 1675 admonitio
3221 1609 3409 1674 przevia
3456 1611 3533 1663 in-

1952 1678 2262 1741 strueretur.
2312 1686 2376 1729 ac
2421 1672 2691 1740 utrins‘que
2734 1673 2984 1741 Epistula:
3023 1672 3233 1728 summa
3260 1679 3308 1730 in
3355 1678 3529 1735 fronte

1951 1737 2269 1805 afligeretur,
2305 1756 2401 1816 nec
2444 1757 2547 1795 non
2595 1737 3122 1816 brevioresnotnlze,
3149 1762 3265 1816 qua:
3309 1764 3402 1815 pro
3448 1749 3531 1802 in-

1953 1816 2216 1889 tegrarum
2268 1811 2558 1865 sectionum
2612 1814 2925 1883 compendio
2976 1811 3184 1881 essent,
3236 1832 3266 1871 e
3310 1811 3529 1888 regione

1949 1892 2410 1935 COI‘IClnnill'Cﬂllll‘.

2020 1947 2078 2022 4°
2126 1948 2196 2005 Ut
2238 1951 2492 2019 plurimos
2522 1951 2779 2022 harumce
2824 1953 3175 2022 Epistolarum
3223 1957 3366 2012 locos
3408 1974 3529 2013 cnm

1926 2018 2433 2093 ‘aliisnsupnaribus
2482 2020 2604 2077 hinc
2666 2024 2789 2078 inde
2845 2018 3083 2080 collectis
3128 2025 3524 2093 COIthI'l'clllllS,

1949 2104 2055 2169 quo
2086 2091 2200 2171 Divi
2232 2091 2479 2147 Prarsulis
2505 2102 2736 2148 mentem
2761 2095 2933 2165 quivis
2956 2106 3133 2165 posset
3157 2096 3401 2152 facillime
3429 2091 3525 2153 ex;

1951 2174 2163 2228 piscari.

2020 2228 2078 2284 5°
2099 2230 2167 2311 Ut
2188 2232 2447 2311 Epistolas
2474 2233 2600 2311 istas
2620 2233 2671 2289 in
2688 2234 3108 2305 capitulationes.
3134 2236 3532 2305 capitulationes

1948 2313 2077 2363 vero
2104 2304 2155 2353 in
2178 2304 2347 2357 varias
2371 2305 2634 2379 sec-tiones
2650 2346 2665 2370 ,
2690 2304 2844 2379 prout
2867 2321 3055 2359 sensus
3076 2304 3358 2379 rerumque
3376 2324 3532 2379 argu-

1949 2382 2188 2446 mentum
2232 2373 2560 2440 postulabat,
2588 2375 2842 2431 claritatis
2871 2393 2997 2446 ergo
3028 2373 3496 2444 multiplicarennis
3515 2420 3531 2443 ,

1948 2438 2495 2514 distingueremnsque
2514 2438 2636 2507 ,Vae
2672 2438 2976 2500 earumdan
3003 2438 3431 2514 capitulationum
3478 2438 3534 2503 ct

1949 2513 2590 2588 sectionumnnumericas
2630 2525 2782 2571 notas
2824 2517 2877 2570 in
2915 2513 3240 2587 marginibus
3265 2534 3361 2588 per
3385 2521 3533 2574 ordi-

1949 2596 2073 2635 nem
2116 2581 2574 2640 distriliueremus.

2021 2649 2077 2705 6°
2105 2649 2176 2707 Ut
2199 2653 2453 2727 quidquid
2490 2653 2868 2727 diflicilerintcr
2894 2656 3172 2727 legendum
3203 2670 3531 2727 occurreret,

1949 2720 2404 2800 observatiombus
2446 2724 2647 2800 criticis
2665 2766 2678 2789 ,
2704 2720 2979 2800 historicis
2998 2768 3013 2791 ,
3041 2720 3534 2800 chronologicisque

1950 2790 2337 2867 illustraremns
2352 2835 2369 2858 _,
2384 2803 2554 2867 atque
2579 2795 2966 2867 elucidaremus
2990 2790 3007 2850 :7
3026 2799 3150 2867 quin
3178 2790 3334 2852 etiam
3366 2790 3533 2855 sicubi

1949 2875 1987 2925 a
2007 2860 2271 2932 Magistris
2298 2864 2349 2918 in
2381 2860 2604 2934 his'quzc
2630 2866 2695 2921 ad
2726 2882 2839 2921 rem
2871 2860 3103 2921 nostrain
3128 2878 3401 2938 spectant,
3443 2887 3533 2926 er-

1950 2941 2138 3010 ratum.
2164 2944 2282 3001 est,
2325 2950 2661 2991 monercnms
2683 2976 2700 3003 ,
2727 2952 3045 3008 erroresque
3072 2954 3168 3009 pro
3208 2940 3344 2995 virili
3383 2949 3535 3010 parte

1949 3002 2375 3059 emendaremus.

2021 3073 2076 3148 7‘_’
2106 3073 2341 3129 Tandem
2370 3084 2423 3128 ut
2451 3077 2625 3148 omnia
2652 3084 2705 3130 et
2720 3076 2939 3148 singp‘la
2974 3078 3051 3131 sic
3092 3093 3532 3148 componeremus

1950 3141 2449 3215 iitstitueremusque
2476 3156 2529 3198 ut
2555 3146 2690 3200 bime
2717 3141 3098 3215 ist;i?iEpistolae
3122 3164 3185 3202 ex
3207 3141 3417 3204 climata
3444 3152 3531 3206 illa

1948 3220 2003 3265 et
2048 3214 2336 3281 percelebri
2379 3214 2718 3269 Benedictina
2748 3214 2953 3269 oflicina
2996 3219 3144 3271 exire
3172 3218 3476 3274 viderentur
3508 3239 3521 3273 :

1948 3296 2067 3336 eam
2109 3284 2248 3337 enim
2265 3353 2277 3360 .
2297 3284 2366 3360 oh
2393 3286 2587 3360 oculos
2616 3300 2828 3360 semper
2854 3285 3163 3360 habuimus,
3189 3289 3531 3360 laboremque

1948 3364 2185 3429 nostrum
2213 3353 2279 3407 ad
2310 3354 2474 3423 ipsius
2500 3353 2746 3409 normam
2766 3355 3054 3429 direximus
3079 3353 3527 3429 confecimusqite.

1948 3422 2030 3477 An
2069 3422 2519 3494 suscepta’opera
2548 3440 2579 3479 e
2612 3426 2875 3479 sententia
2915 3429 3263 3494 successerit,
3304 3422 3532 3486 videi'int

1948 3493 2173 3556 eruditi;
2214 3494 2360 3564 ac_si
2400 3493 2526 3564 quid
2573 3505 2844 3563 peccatum
2884 3505 3002 3561 est,
3048 3493 3351 3553 condonent
3394 3519 3405 3553 :
3446 3502 3533 3559 sin

1949 3578 2075 3639 vero
2117 3562 3130 3639 quid_boni'olfendunt,‘dcincepsque
3159 3568 3221 3622 υ.
3252 3570 3530 3639 Augustini

1948 3632 2177 3708 Ope‘rui’n
2241 3633 2561 3708 Collectioni
2600 3652 2630 3690 e
2676 3635 2869 3708 sudore
2917 3632 3100 3697 nostro
3142 3638 3265 3708 quid
3312 3632 3529 3697 ornatus

2018 3703 2350 3759 rfectionisve
2386 3706 2623 3771 accedit,
2654 3705 2703 3760 id
2729 3721 2889 3771 omne
2918 3708 3002 3761 vel
3043 3708 3094 3761 in
3137 3703 3529 3767 sanctissimum

1974 3774 2301 3848 Episcopum,
2330 3776 2418 3848 qui
2443 3777 3208 3848 exercitationumnostrarum
3246 3793 3528 3848 argumen-

1950 3852 2058 3898 tum
2084 3844 2471 3917 suppeditavit,
2498 3856 2585 3899 aut
2610 3848 2782 3915 potius
2804 3847 2856 3900 in
2889 3847 3052 3901 Deum
3078 3844 3334 3917 optimum
3362 3852 3529 3905 maxi-

1948 3928 2091 3967 mum
2131 3912 2454 3989 _refundant_,
2486 3930 2516 3968 a
2544 3912 3150 3989 qub_est_onmeidatuiit
3176 3920 3450 3989 optimum,
3482 3930 3529 3975 et

1946 3999 2092 4057 omne
2107 3984 2295 4057 donum
2316 3986 2585 4057 perfectum
2606 3984 2807 4057 (Jacobi
2835 4003 2883 4053 ι,
2916 3986 3030 4057 17).

2017 4053 2209 4127 Quanti
2235 4053 2434 4127 autem
2475 4053 2748 4127 faciendus
2793 4058 2860 4109 sit
2905 4053 3072 4113 codex
3116 4057 3525 4127 Gottwicensis,

1949 4126 2205 4198 nedumge
2234 4125 2369 4181 binis
2417 4126 2561 4188 istis,
2600 4140 2738 4198 quas
2768 4128 2911 4181 solus
2939 4128 3269 4196 suppeditat,
3319 4125 3526 4198 Epistoé

1949 4194 2015 4266 lis
2042 4205 2292 4266 apparet,
2329 4211 2511 4250 verum
2540 4194 2697 4261 etiam
2728 4213 2791 4249 ex
2823 4194 3054 4265 quatuor
3074 4199 3286 4266 optimis
3315 4194 3525 4254 varian-

1951 4264 2088 4343 tibus
2133 4264 2473 4343 lectionibus,
2528 4281 2750 4343 quarum
2796 4264 2897 4334 ope
2937 4264 3197 4343 genuinus
3247 4268 3526 4343 fragmenti

1946 4333 2368 4406 Hieronymiana:
2405 4333 2805 4405 septuagesima:
2833 4333 3034 4393 Octavus
3079 4333 3528 4406 Epistolze'textus

1946 4404 2239 4480 restituitur
2268 4422 2281 4458 :
2308 4420 2493 4480 omnes
2519 4407 2659 4480 enim
2692 4407 2792 4460 illic
2818 4406 3069 4461 lectiones
3090 4404 3134 4462 si
3162 4408 3228 4461 ad
3258 4409 3525 4480 diligentis

1945 4474 2159 4547 critices
2206 4476 2415 4543 regulas
2457 4476 2845 4547 expenduntur,
2894 4486 3115 4546 utraque
3176 4474 3528 4536 mann'exci-

1947 4543 2154 4617 piendie
2192 4555 2439 4617 sannae
2468 4543 2831 4615 prbindetum
2858 4548 2984 4617 quid
3013 4543 3183 4603 laudis
3224 4564 3412 4604 manus
3453 4566 3519 4605 ac

1945 4615 2160 4687 solertia
2192 4614 2389 4687 librarii
2420 4614 2724 4687 mercatura
2738 4624 2844 4669 tum
2872 4614 3027 4687 quam
3057 4631 3337 4675 accuratus
3364 4620 3524 4677 fuerit

1945 4683 2113 4755 codex
2136 4684 2384 4754 antiquus
2420 4700 2525 4754 quo
2550 4685 2794 4742 librarius
2820 4683 2931 4755 ipse
2957 4703 3084 4743 usus
3108 4700 3185 4743 est
3203 4731 3218 4754 ,
3246 4698 3524 4748 testantur.

1944 4753 2055 4808 Nec
2080 4753 2355 4827 sententia:
2381 4753 2575 4827 nostrae
2604 4753 2952 4827 adversantur
2992 4759 3084 4827 qui
3129 4753 3391 4815 interdum
3430 4777 3525 4816 oc-

1945 4834 2165 4879 currunt
2196 4826 2407 4899 lapsus;
2436 4825 2693 4899 ejusmodi
2720 4826 2860 4880 enim
2888 4825 3098 4899 errores
3123 4831 3316 4899 saepius
3355 4846 3482 4887 casu
3506 4873 3522 4894 .

1945 4910 2103 4971 quam
2127 4895 2397 4951 voluntate
2431 4910 2493 4950 ac
2529 4897 2873 4966 negligentia,
2917 4896 3079 4966 fiunt,
3122 4910 3178 4954 ut
3202 4895 3523 4971 peritissimi

1945 4964 2138 5034 quique
2162 4974 2374 5019 norunt.

2018 5035 2260 5117 Non-hie
2298 5036 2571 5117 prolixiori
2614 5046 2823 5117 utemur
2862 5040 3135 5117 oratione,
3177 5048 3233 5095 ut
3274 5041 3523 5117 Epistolis

1950 5105 2345 5174 Augustinianis
2367 5106 2574 5160 animos
2609 5106 2939 5178 gratiamque
2971 5111 3239 5164 hominum
3268 5105 3521 5165 concilie-

1948 5190 2098 5239 mus;
2133 5184 2408 5247 utramque
2434 5178 2577 5231 enim
2602 5185 2685 5230 sat
2709 5192 2974 5247 superque
2998 5181 3334 5235 commendat
3358 5190 3409 5235 et
3438 5196 3522 5234 ar-

1947 5245 2181 5315 gumenti
2207 5244 2471 5315 dignitas,
2501 5255 2556 5302 et
2584 5244 3057 5305 modus'traétandi
3083 5266 3203 5315 res,
3241 5260 3296 5305 et
3335 5266 3521 5305 recon-

1947 5313 2073 5368 ditae
2099 5313 2354 5389 doctrina:
2378 5318 2526 5385 copia
2547 5358 2561 5381 ,
2587 5324 2643 5371 et
2664 5320 3079 5389 praestantissimi
3108 5313 3391 5389 Scriptoris
3420 5337 3519 5373 no-

1948 5399 2070 5459 men
2101 5402 2115 5439 :
2146 5386 2336 5454 ubique
2362 5394 2543 5459 autem
2581 5396 2672 5459 aut
2707 5387 2833 5458 quid
2874 5389 3045 5445 discas
3067 5431 3082 5456 ,
3125 5386 3520 5459 ant'quoniodo

1949 5454 2149 5532 discas,
2180 5466 2271 5510 aut
2309 5457 2397 5526 qui
2424 5457 2611 5532 melior
2646 5454 2742 5512 fias
2781 5454 3241 5532 inveniesL'Porro
3266 5454 3310 5515 si
3337 5462 3517 5532 vulga-

1948 5524 2386 5602 riumauctoruin
2424 5526 2712 5602 fragmenta
2752 5537 2896 5602 tanto
2920 5530 3093 5584 studio
3117 5538 3252 5583 terra
3284 5524 3520 5602 marique

1949 5596 2306 5665 requiruntur,
2340 5604 2486 5651 tanto
2511 5598 2691 5653 labore
2717 5600 3051 5669 colliguntur,
3077 5614 3141 5654 ac
3175 5609 3322 5654 tanto
3350 5596 3519 5671 pretio

1947 5676 2323 5742 comparantur
2357 5677 2516 5737 atque
2551 5678 2922 5742 asportantur;
2968 5680 3162 5742 quanto
3202 5672 3385 5742 majori
3428 5689 3518 5725 ar-

1948 5735 2111 5800 dore,
2150 5738 2360 5810 animo,
2403 5735 2458 5810 et
2483 5735 2748 5795 voluntate
2786 5741 2956 5810 amba;
2989 5735 3136 5806 istae,
3166 5735 3349 5810 eaeque
3384 5744 3518 5795 inte-

1948 5821 2055 5877 gra:
2080 5808 2487 5879 complectenda:
2516 5818 2665 5878 sunt,
2695 5810 2762 5867 ab
2789 5809 2983 5868 eximio
3011 5810 3101 5866 illo
3128 5808 3342 5867 Pastore
3386 5828 3515 5866 con-
