4044 6338
535 347 605 404 59
904 345 907 348 ’
1851 345 2207 438 SYLLABUS
2245 347 2561 415 CODICUM.
3737 357 3806 414 eo

535 461 612 539 sis
635 477 650 514 :
671 458 1172 539 alioquin-Optatos
1199 457 1440 539 concilio
1467 457 1607 528 quod
1947 458 2115 516 liabe-

538 531 695 584 batur
717 572 732 596 ,
759 527 880 585 cum
918 527 1086 598 ipsius
1109 529 1303 598 scripta
1335 528 1388 582 in
1415 527 1533 583 eam
1572 527 1756 598 urbem
1783 528 1938 586 allata
1969 539 2113 597 sunt,

535 598 828 678 adfuisset;
875 597 953 678 ac
977 599 1117 669 quod
1159 597 1542 678 abmlilpiscopis
1578 597 1991 678 casariensibus
2019 615 2118 669 per

533 667 740 739 litteras
765 667 1011 739 petebat,
1033 684 1064 722 a
1093 668 1302 724 concilii
1335 667 1580 726 Patribus
1616 669 1730 737 ipse
1764 683 1945 725 coram
1971 667 2116 726 com-

533 738 745 793 modius
766 738 1110 807 postulasset.

603 807 712 864 Nec
751 808 1060 864 Mauritania
1105 809 1193 863 illa
1235 807 1498 863 Sitifensis
1538 816 1656 864 erat
1681 825 1696 861 :
1725 809 1929 864 nullum
1972 810 2116 866 enim

531 875 757 951 hujusce
775 879 1087 951 provincia
1128 879 1448 951 episcopum_
1478 878 1882 951 Pelagianorum
1907 880 2114 951 conde~

531 947 734 1018 mnatio
773 947 939 1004 latere
985 947 1217 1018 poterat;
1249 948 1450 1018 omnes]
1475 947 1628 1003 enim
1642 947 1968 1003 Mauritania
1993 949 2117 1004 Siti-

531 1017 700 1088 [ensis
731 1017 1064 1086 satardotes,
1083 1026 1264 1088 utpote
1285 1017 1522 1072 Numida
1542 1060 1560 1084 ,
1581 1018 1876 1088 Augustino
1892 1019 2114 1088 Numida

531 1087 689 1154 duce,
710 1088 777 1144 ad
800 1087 1156 1159 proﬂigandos
1175 1089 1454 1159 hareticos
1471 1087 1864 1159 conspirabant.
1888 1087 2114 1157 Optatus

531 1105 689 1154 uuce,
710 1105 777 1144 aa
800 1105 1151 1159 promganaos
1175 1105 1453 1143 nareucos
1471 1105 1602 1143 cons
1642 1105 1864 1156 tranant.
1888 1105 2107 1157 upiatus

531 1171 683 1225 vero,
705 1173 772 1214 ex
799 1159 1072 1232 Augustini
1101 1158 1340 1230 Epistula
1368 1157 1487 1225 l90,
1515 1175 1570 1218 n.
1601 1105 1692 1224 $2,
1721 1173 1808 1214 res
1833 1159 1963 1214 tanti
1993 1173 2107 1214 mo-

2220 464 2384 518 menti
2413 462 2705 533 ignorabat,
2735 472 2826 519 aut
2852 465 3096 534 ignorare
3123 474 3346 534 poterat.

2291 533 2547 603 Superest
2587 535 2774 604 igitur,
2805 533 3072 605 ut’Optati
3108 533 3358 594 diacesis
3393 537 3449 592 in
3485 536 3802 598 Mauritania

2220 603 2499 676 Tingitana
2526 603 2626 659 sita
2663 620 2783 660 esse
2807 603 3080 672 debuerit,
3105 607 3343 676 adeoque
3367 609 3420 662 in
3449 617 3686 664 extrema
3715 612 3802 668 illa

2217 674 2412 730 Africa
2434 683 2601 744 parte,
2618 691 2737 745 qua.
2757 676 2824 729 ab
2839 676 3087 746 Hispania
3109 677 3242 732 freto
3257 674 3516 734 Gaditano
3535 679 3800 746 disiuncta

2217 753 2333 808 est,
2365 760 2587 814 quaque
2614 746 2821 815 populis
2858 745 3116 801 duntaxat
3150 748 3390 802 barbaris
3431 745 3799 815 incolebatur;

2217 815 2358 890 quod
2385 815 2586 890 optime
2623 815 2846 890 quadrat
2873 831 2996 890 cum
3023 817 3355 890 querimonia
3395 819 3449 890 in
3484 818 3654 890 Epist.
3691 821 3802 884 90$

2217 884 2322 951 bis,
2358 901 2505 939 num.
2530 887 2581 950 7,
2605 886 2898 954 deplorata,
2923 886 2991 942 de
3041 884 3238 943 rustica
3277 897 3332 943 et
3351 884 3799 948 minus‘instructa

2216 955 2532 1038 clericorum
2562 956 2744 1038 turba,
2787 971 2906 1038 qua
2933 955 3126 1038 Optato
3141 959 3425 1038 molestias
3451 971 3801 1038 generaverat

2217 1024 2271 1106 in
2302 1024 2386 1106 bis
2413 1026 2615 1106 rebus,
2649 1026 2701 1080 in
2729 1024 2920 1097 quibus
2957 1024 3186 1088 a'dOCIis
3229 1024 3592 1085 sacerdotibus
3627 1028 3805 1086 fuerat

2217 1103 2399 1150 insutu
2409 1103 2482 1149 ta.

558 1325 621 1348 ν
668 1332 1049 1339 -.τ--ή,-...-.
1110 1332 1173 1338 ,μ
1226 1332 1459 1337 -__._.—
1537 1331 1749 1337 -.._.—_—__
1966 1330 2385 1337 ,η--ψ
2412 1330 2467 1336 77s
2488 1334 2513 1335 77
2550 1333 2595 1337 νὴ
2642 1334 2649 1335 7
2674 1333 2727 1337 τη
2760 1334 2767 1335 7
2816 1330 2835 1338 ι
2858 1334 3025 1339 μκή-,γέ
3056 1335 3115 1339 a._
3160 1335 3701 1340 ,,,A,;-_‘.____.-_,_
3728 1336 3745 1339 _
3771 1325 3776 1330 '

1025 2005 1361 2050 MANUSCRIP’H
1395 2003 1603 2047 (DDICES

643 2093 763 2136 curn
783 2089 893 2134 nota
912 2080 1112 2147 angulis
1133 2080 1212 2132 hic
1235 2078 1458 2144 deinceps
1480 2074 1790 2143 designmdis

519 2181 566 2220 a.
626 2169 826 2221 codices
874 2166 1183 2218 bibliotheca
1236 2163 1515 2214 monasterii
1568 2169 1614 2212 s.
1675 2161 1830 2212 Albini
1884 2159 2104 2222 Andega-

693 2253 878 2302 vensis.

517 2346 592 2385 aa.
637 2334 906 2384 Monasterii
924 2340 970 2382 s.
996 2329 1172 2382 Amulli
1193 2331 1437 2380 Metensis.

516 2429 568 2468 a.
631 2423 711 2464 litt.
737 2423 815 2464 PP.
838 2415 1287 2478 Augustinianorum
1309 2413 1502 2475 majoris
1522 2418 1789 2462 conventus
1808 2408 2100 2463 Parisiensis.

517 2499 567 2550 h.
633 2499 884 2549 Beceensis
915 2497 1138 2548 canobii.

515 2582 584 2633 bl.
630 2583 808 2645 Belgici
830 2582 1040 2641 codices,
1072 2594 1164 2632 seu
1196 2581 1440 2631 variantes
1459 2579 1700 2630 lectiones
1736 2591 1799 2628 ex
1838 2577 1935 2630 illis
1964 2584 2105 2628 bova-

668 2665 912 2713 niensium
933 2661 1286 2726 Theologornm
1307 2674 1422 2710 cura
1435 2660 1698 2723 decerpta.

514 2744 599 2792 bn.
632 2750 699 2792 Ex
724 2743 1016 2793 bibliotheca
1036 2743 1374 2793 monasteriis.
1392 2743 1592 2805 Benigni
1609 2741 1926 2792 Divionensis.

514 2827 586 2878 bt.
635 2834 678 2877 s.
700 2827 876 2877 Bertiui
899 2829 948 2877 in
969 2827 1130 2891 Belgio
1150 2827 1306 2877 codex
1338 2827 1669 2890 perantiquus,
1691 2827 1822 2875 unde
1846 2832 1984 2876 eruta
2029 2831 2106 2876 est

668 2925 809 2960 cxcm
847 2907 913 2960 ad
955 2914 1269 2960 Mercatorem
1310 2906 1517 2972 ,Bpistcla
1533 2947 1546 2970 ,
1573 2922 1683 2972 qua
1726 2921 1854 2964 nunc
1899 2908 2105 2970 primum

669 2994 842 3056 prodit.

514 3075 596 3138 bg.
631 3081 737 3125 Mss.
758 3075 937 3124 domini
961 3077 1112 3138 Blgot,
1137 3077 1516 3139 Rotomagensis.

513 3169 558 3206 c.
633 3158 846 3207 Cmaobii
865 3156 1041 3207 Casalis
1063 3157 1326 3207 Benedicti.

514 3254 585 3290 cc.
636 3241 968 3290 cisterciensis
990 3241 1219 3290 Abbatia.

515 3333 584 3370 cs.
635 3321 797 3371 Codex
819 3328 964 3371 vetus
987 3328 1069 3368 RB.
1092 3328 1172 3368 PP.
1197 3321 1589 3374 Cisterciensium
1611 3329 1652 3370 s.
1678 3323 1840 3370 (nucis
1875 3322 1923 3370 in
1966 3328 2104 3371 Jeru-

667 3403 822 3452 salem
838 3404 889 3454 in
906 3404 1050 3463 Urbe,
1073 3414 1137 3452 ex
1157 3417 1254 3474 quo
1277 3404 1354 3454 hic
1375 3405 1580 3468 primum
1593 3403 1751 3453 editur
1773 3417 1892 3454 xxix
1907 3402 1972 3452 ad
1997 3401 2104 3466 Aly—

668 3482 803 3546 pium
823 3484 1046 3546 Epistola.

514 3564 577 3616 cl.
625 3572 734 3615 Mss.
759 3564 1066 3615 Bibliotheca
1086 3565 1390 3615 Oolbertina.

515 3647 593 3698 cb.
633 3648 941 3698 Corbeiensis
977 3647 1255 3697 monasterii
1299 3646 1510 3707 codices,
1546 3646 1770 3710 plerique
1805 3653 1918 3696 ante
1955 3657 2105 3695 annos

670 3730 763 3780 800
785 3737 869 3780 aut
889 3730 982 3781 900
1005 3731 1188 3794 scripti.
1729 3723 1769 3765 θ

513 3819 580 3862 ct.
631 3813 846 3862 Coenobii
869 3812 934 3862 de
955 3812 1150 3862 Cultura
1170 3812 1295 3874 apud
1309 3818 1620 3861 Cenomanos.

515 3907 565 3944 e.
629 3901 976 3957 Excerptorum
995 3896 1192 3959 Eugypii
1207 3895 1400 3945 codices
1419 3895 1517 3944 duo
1549 3901 1655 3945 ms.
1680 3897 2016 3946 Comensis
2053 3905 2106 3948 et

665 3979 990 4028 Corbeiensis.

513 4060 546 4108 f.
623 4059 937 4110 Floriacensis
957 4059 1264 4110 bibliotheca
1286 4066 1393 4110 Mss.

513 4143 563 4194 ll.
627 4144 786 4196 Codex
802 4145 1108 4195 Corbeiensis
1127 4152 1241 4195 ante
1265 4158 1414 4195 annos
1433 4146 1627 4194 circiter
1647 4145 1740 4195 500
1770 4145 1996 4207 scriptus,
2021 4145 2104 4208 qui

667 4225 788 4276 Flori
811 4240 902 4278 seu
919 4227 1059 4277 Beda
1083 4226 1264 4292 vulgati
1285 4226 1622 4278 collectionem
1659 4227 1707 4276 in
1729 4227 1961 4290 El‘iistolas
1983 4235 2103 4290 Apo-

668 4310 778 4362 stoli
797 4311 1146 4372 complectitur.

511 4390 572 4440 is.
627 4397 734 4441 Mss.
761 4391 1066 4441 Bibliotheca
1088 4399 1130 4440 S.
1159 4393 1304 4440 Mauri
1323 4394 1634 4442 Fossatensis.

515 4472 566 4521 li”.
629 4471 826 4537 Colloin
847 4475 1083 4522 Fuxeusis
1101 4472 1226 4534 apud
1247 4472 1508 4522 Tolosates.

511 4567 566 4617 g.
630 4555 1026 4604 Gemmeticensis
1047 4555 1340 4604 monasterii.

514 4649 598 4699 gg.
632 4642 676 4684 s.
701 4636 920 4686 Germani
943 4649 971 4685 a
993 4637 1142 4699 pratis
1159 4636 1352 4686 codices
1373 4636 1563 4698 optima
1585 4642 1729 4685 nota.

515 4731 598 4782 εν.
633 4716 833 4782 Collegii
854 4720 1128 4769 Gervasiani
1149 4718 1274 4782 apud
1293 4719 1494 4770 Parisios
1513 4718 1668 4769 codex
1691 4716 1878 4780 amplus
1913 4723 1965 4768 et
1997 4716 2100 4768 εἰει

669 4812 806 4862 gans.

990 1686 1097 1751 AD
1139 1683 1344 1762 QUOS
1376 1683 1857 1748 RECOGNITE
1906 1680 2106 1746 SUNT
2149 1681 2434 1758 SANCTI
2476 1685 2901 1754 AUGUSTINI
2928 1687 3360 1755 EPISTOLE.

1927 1850 2398 1904 -κοθαμ-

2208 1993 2251 2055 j.
2325 1997 2392 2042 Ex
2415 1993 2709 2045 bibliotheca
2729 1995 2910 2046 domini
2931 1997 3052 2062 Joly,
3078 2009 3220 2060 prae.
3240 1997 3359 2049 ccci.
3385 2001 3514 2062 Paris

2215 2075 2249 2122 l.
2327 2075 2653 2128 Laudunensis
2672 2077 2895 2128 ecclesia
2918 2080 3112 2130 codices
3125 2083 3460 2144 antiquissimi.

2214 2172 2304 2210 mr.
2329 2161 2511 2210 Domini
2532 2169 2705 2221 Maran,
2729 2161 2909 2212 archid.
2937 2162 3232 2213 eccl.Tolos.

2213 2257 2278 2293 m.
2330 2245 2600 2295 Mouasterii
2621 2253 2666 2294 s.
2685 2245 2926 2295 Michaelis
2944 2247 2992 2294 in
3011 2247 3230 2310 periculo
3245 2247 3407 2299 maris.

2215 2339 2262 2374 n.
2328 2327 2563 2377 Navarrici
2583 2329 2818 2392 Cymnasii
2841 2328 3123 2393 Parisiensis
3142 2328 3511 2382 membraneum
3547 2329 3801 2392 exemplar

2364 2407 2725 2471 amplissimum.

2214 2506 2260 2554 p.
2323 2492 2485 2543 Codex
2524 2494 2781 2554 corticeus,
2811 2495 2896 2557 qui
2931 2492 3047 2542 olim
3079 2493 3401 2542 Narbonensis
3436 2491 3658 2544 ecclesia
3691 2491 3801 2556 fuit,

2365 2589 2494 2626 nunc
2513 2583 2590 2627 est
2613 2575 2817 2628 illustris
2835 2576 3028 2627 familia
3060 2577 3472 2628 Pbimarconensis
3488 2591 3501 2626 :
3515 2591 3614 2640 quo
3635 2591 3702 2628 ex
3719 2591 3802 2629 co-

2365 2656 2474 2714 dice
2495 2658 2736 2721 prodeunt
2757 2674 2849 2710 xm
2869 2667 2921 2710 et
2943 2674 3053 2720 xcv,
3068 2659 3177 2710 dna
3192 2658 3536 2722 perbrevesad
3550 2658 3802 2712 Paulinum

2365 2739 2600 2802 Epistola,
2624 2741 2828 2804 antehac
2847 2741 3060 2792 inedita.

2211 2832 2252 2870 r.
2327 2821 2488 2884 Regia
2503 2821 2811 2872 bibliotheca
2832 2828 2941 2874 Mss.

2209 2913 2300 2950 rm.
2326 2902 2578 2952 Bernensis
2594 2900 2832 2954 ecclesia.

2209 2997 2252 3034 s.
2331 2984 2554 3036 Ecclesia
2573 2985 2974 3050 Sylvanectensls.

2209 3066 2284 3118 sb.
2327 3068 2566 3118 Sorbonici
2588 3067 2800 3132 collegii.

2209 3156 2245 3202 t.
2326 3148 2633 3200 Bibliotheca
2653 3150 2955 3202 Telleriana.

2210 3242 2267 3287 tt.
2330 3233 2730 3290 Theodericensis
2750 3234 3045 3285 monasterii.

2211 3318 2279 3368 th.
2327 3316 2567 3367 Thuanea
2591 3315 2914 3365 bibliotheca.

2209 3413 2257 3450 γ.
2323 3399 2530 3448 Vaticani
2540 3397 2750 3457 codices,
2771 3408 2979 3459 quorum
2998 3397 3248 3448 nobiscum
3283 3396 3644 3449 communicata
3687 3407 3804 3453 sunt

2363 3482 2606 3530 variantes
2627 3480 2883 3538 lectiones,
2909 3477 3126 3529 collecta
3148 3479 3264 3529 olim
3287 3492 3376 3541 per
3417 3479 3630 3530 selectos
3652 3482 3803 3542 viros,

2363 3565 2446 3628 qui
2471 3570 2578 3626 post
2597 3562 2861 3612 editionem
2883 3575 2912 3610 a
2933 3563 3307 3612 Lovaniensibus
3341 3562 3634 3625 adornatam,
3657 3567 3806 3614 casti-

2366 3645 2534 3709 gandis
2553 3645 2716 3694 denuo
2746 3651 2790 3693 s.
2817 3644 3067 3707 Augustini
3089 3645 3323 3708 operibus
3342 3643 3605 3698 Clementis
3619 3653 3704 3696 Viti
3720 3660 3804 3704 an-
3883 3709 3886 3712 .

2363 3727 2583 3777 ctoritate
2603 3727 2961 3777 incumbebant.

2212 3821 2289 3860 vv.
2323 3810 2628 3861 Bibliotheca
2642 3818 2686 3860 s.
2711 3810 2909 3860 vedasti.
2926 3811 3272 3862 Atrebatensis.

2234 3908 2284 3943 ν.
2320 3899 2364 3942 s.
2383 3895 2584 3943 victoris
2604 3893 2902 3942 Parisiensis.

2210 3975 2290 4025 vd.
2325 3976 2688 4027 vindocinensis
2710 3976 2937 4029 Abhatia.

2823 4115 2948 4152 ποι-η
2979 4113 3189 4152 οουιαιε.

2209 4236 2310 4279 Am.
2344 4229 2484 4278 liber
2497 4226 2811 4291 Epistolarum
2828 4235 2873 4278 s.
2898 4228 3149 4291 Augustini
3163 4241 3242 4278 an.
3269 4225 3392 4276 M93
3413 4238 3626 4277 excusas
3650 4238 3805 4288 Opera

2391 4311 2582 4360 Joannis
2606 4310 2671 4360 de
2694 4309 2959 4361 Amerbach
2979 4311 3101 4360 civis
3122 4309 3427 4360 Basileensis.

2208 4394 2318 4444 and.
2342 4393 2504 4442 Editus
2542 4405 2630 4456 per
2663 4392 2893 4444 Jodocum
2933 4391 3128 4443 Badium
3163 4393 3460 4454 Ascensium,
3488 4391 3692 4452 Parisiis,
3715 4403 3797 4441 an.

2397 4474 2535 4524 1515.

2205 4561 2280 4605 Er.
2345 4555 2580 4606 Desiderii
2603 4555 2779 4604 Erasmi
2803 4567 2918 4604 cura
2932 4557 3222 4619 recensitus,
3236 4556 3598 4618 impressusque
3618 4553 3801 4605 Frobe-

2391 4638 2547 4686 nianis
2563 4637 2688 4700 typis
2707 4635 2921 4696 Basiiea,
2946 4649 3024 4685 an.
3053 4635 3188 4687 1528.

2205 4727 2314 4772 Iov.
2349 4720 2416 4770 Ad
2434 4721 2797 4773 toraniensium
2834 4719 3189 4784 “theologorum
3223 4721 3563 4771 recensiouem
3588 4733 3803 4772 excusus

2359 4803 2485 4866 typis
2505 4801 2813 4856 Plantjniauis
2835 4803 3128 4864 Antuerpia,
3152 4815 3232 4852 an.
3255 4796 3393 4852 1576.

595 4947 1114 5028 Comparavt'mus
1135 4958 1452 5031 praetcrea
1469 4969 1567 5012 eas
1593 4969 1798 5013 omnes
1833 4951 2133 5013 editiones
2163 4951 2352 5014 initio
2378 4953 2931 5018 Retractationum
2955 4956 3110 5013 tom.
3144 4951 3204 5027 1,
3229 4959 3618 5014 memoratas.
3664 4952 3755 5016 Μ.
