  <div class='ocr_page' id='page_1' title='image "/cluster/home/n/w/nwhite01/storage/ocr_20150623/33/hvd.32044015471451/036.png"; bbox 0 0 4080 6346; ppageno 0'>
   <div class='ocr_carea' id='block_1_1' title="bbox 356 341 3526 401">
    <p class='ocr_par' dir='ltr' id='par_1_1' title="bbox 356 341 3526 401">
     <span class='ocr_line' id='line_1_1' title="bbox 356 341 3526 401; baseline 0.002 -6"><span class='ocrx_word' id='word_1_1' title='bbox 356 341 3526 401; x_wconf 52' lang='lat' dir='ltr'><strong>m</strong></span> 
     </span>
    </p>
   </div>
   <div class='ocr_carea' id='block_1_2' title="bbox 839 385 3041 608">
    <p class='ocr_par' dir='ltr' id='par_1_2' title="bbox 839 385 3041 608">
     <span class='ocr_line' id='line_1_2' title="bbox 839 385 3041 608; baseline 0 -7"><span class='ocrx_word' id='word_1_2' title='bbox 839 458 997 601; x_wconf 86' lang='lat' dir='ltr'><strong>s.</strong></span> <span class='ocrx_word' id='word_1_3' title='bbox 1088 456 1895 608; x_wconf 80' lang='lat' dir='ltr'><strong>AURELII</strong></span> <span class='ocrx_word' id='word_1_4' title='bbox 1962 385 3041 602; x_wconf 57' lang='grc' dir='ltr'><strong>ΑΜΕ.ϊῇῑῇ</strong></span> 
     </span>
    </p>
   </div>
   <div class='ocr_carea' id='block_1_3' title="bbox 3248 391 3296 400">
    <p class='ocr_par' dir='ltr' id='par_1_3' title="bbox 3248 391 3296 400">
     <span class='ocr_line' id='line_1_3' title="bbox 3248 391 3296 400; baseline 0.021 -1"><span class='ocrx_word' id='word_1_5' title='bbox 3248 391 3296 400; x_wconf 53' lang='grc' dir='ltr'><strong>»α</strong></span> 
     </span>
    </p>
   </div>
   <div class='ocr_carea' id='block_1_4' title="bbox 1291 688 2691 779">
    <p class='ocr_par' dir='ltr' id='par_1_4' title="bbox 1291 688 2691 779">
     <span class='ocr_line' id='line_1_4' title="bbox 1291 688 2691 779; baseline 0.002 -7"><span class='ocrx_word' id='word_1_6' title='bbox 1291 689 2042 773; x_wconf 88' lang='lat' dir='ltr'><strong>HIPPONENSIS</strong></span> <span class='ocrx_word' id='word_1_7' title='bbox 2075 690 2599 779; x_wconf 87' lang='lat' dir='ltr'><strong>EPISCOPI</strong></span> <span class='ocrx_word' id='word_1_8' title='bbox 2690 688 2691 691; x_wconf 5' lang='grc' dir='ltr'>γ</span> 
     </span>
    </p>
   </div>
   <div class='ocr_carea' id='block_1_5' title="bbox 1304 864 2554 1035">
    <p class='ocr_par' dir='ltr' id='par_1_5' title="bbox 1304 864 2554 1035">
     <span class='ocr_line' id='line_1_5' title="bbox 1304 864 2554 1035; baseline -0.013 0"><span class='ocrx_word' id='word_1_9' title='bbox 1304 864 2554 1035; x_wconf 69' lang='lat' dir='ltr'><strong>EPISTOL/E</strong></span> 
     </span>
    </p>
   </div>
   <div class='ocr_carea' id='block_1_6' title="bbox 1742 1130 2108 1189">
    <p class='ocr_par' dir='ltr' id='par_1_6' title="bbox 1742 1130 2108 1189">
     <span class='ocr_line' id='line_1_6' title="bbox 1742 1130 2108 1189; baseline 0 -2"><span class='ocrx_word' id='word_1_10' title='bbox 1742 1130 2108 1189; x_wconf 80' lang='lat' dir='ltr'><strong>SECUNDUM</strong></span> 
     </span>
    </p>
   </div>
   <div class='ocr_carea' id='block_1_7' title="bbox 591 1278 3311 1386">
    <p class='ocr_par' dir='ltr' id='par_1_7' title="bbox 591 1278 3311 1386">
     <span class='ocr_line' id='line_1_7' title="bbox 591 1278 3311 1386; baseline 0 -29"><span class='ocrx_word' id='word_1_11' title='bbox 591 1285 1108 1386; x_wconf 62' lang='lat' dir='ltr'><strong>OBDIHEM</strong></span> <span class='ocrx_word' id='word_1_12' title='bbox 1154 1280 1769 1353; x_wconf 81' lang='lat' dir='ltr'><strong>TEMPOBUM</strong></span> <span class='ocrx_word' id='word_1_13' title='bbox 1826 1280 2104 1351; x_wconf 84' lang='lat' dir='ltr'><strong>NUNC</strong></span> <span class='ocrx_word' id='word_1_14' title='bbox 2159 1278 2616 1353; x_wconf 83' lang='lat' dir='ltr'><strong>PRIMUM</strong></span> <span class='ocrx_word' id='word_1_15' title='bbox 2675 1281 3311 1374; x_wconf 65' lang='lat' dir='ltr'><strong>DISPOSITIE,</strong></span> 
     </span>
    </p>
   </div>
   <div class='ocr_carea' id='block_1_8' title="bbox 1198 1428 2612 1506">
    <p class='ocr_par' dir='ltr' id='par_1_8' title="bbox 1198 1428 2612 1506">
     <span class='ocr_line' id='line_1_8' title="bbox 1198 1428 2612 1506; baseline -0.002 -12"><span class='ocrx_word' id='word_1_16' title='bbox 1198 1433 1302 1494; x_wconf 86' lang='lat' dir='ltr'><strong>ET</strong></span> <span class='ocrx_word' id='word_1_17' title='bbox 1344 1431 1720 1506; x_wconf 80' lang='lat' dir='ltr'><strong>QUATUOR</strong></span> <span class='ocrx_word' id='word_1_18' title='bbox 1759 1431 1840 1491; x_wconf 90' lang='lat' dir='ltr'><strong>IN</strong></span> <span class='ocrx_word' id='word_1_19' title='bbox 1882 1428 2212 1491; x_wconf 82' lang='lat' dir='ltr'><strong>CLASSES</strong></span> <span class='ocrx_word' id='word_1_20' title='bbox 2251 1429 2612 1491; x_wconf 63' lang='lat' dir='ltr'><strong>DIGESTJE</strong></span> 
     </span>
    </p>
   </div>
   <div class='ocr_carea' id='block_1_9' title="bbox 1653 1573 2128 1651">
    <p class='ocr_par' dir='ltr' id='par_1_9' title="bbox 1653 1573 2128 1651">
     <span class='ocr_line' id='line_1_9' title="bbox 1653 1573 2128 1651; baseline 0.002 -24"><span class='ocrx_word' id='word_1_21' title='bbox 1653 1573 2128 1651; x_wconf 54' lang='lat' dir='ltr'><strong>mg...—</strong></span> 
     </span>
    </p>
   </div>
   <div class='ocr_carea' id='block_1_10' title="bbox 298 1719 2807 1786">
    <p class='ocr_par' dir='ltr' id='par_1_10' title="bbox 298 1719 2807 1786">
     <span class='ocr_line' id='line_1_10' title="bbox 298 1719 2807 1786; baseline -0.002 -7"><span class='ocrx_word' id='word_1_22' title='bbox 298 1726 476 1779; x_wconf 58' lang='grc' dir='ltr'><strong>αδδεδ</strong></span> <span class='ocrx_word' id='word_1_23' title='bbox 492 1733 509 1773; x_wconf 91' lang='grc' dir='ltr'>ι</span> <span class='ocrx_word' id='word_1_24' title='bbox 525 1726 738 1785; x_wconf 81' lang='lat' dir='ltr'><strong>continet</strong></span> <span class='ocrx_word' id='word_1_25' title='bbox 757 1723 981 1786; x_wconf 87' lang='lat' dir='ltr'><strong>epistolas</strong></span> <span class='ocrx_word' id='word_1_26' title='bbox 997 1734 1117 1785; x_wconf 87' lang='lat' dir='ltr'><strong>quas</strong></span> <span class='ocrx_word' id='word_1_27' title='bbox 1138 1722 1325 1786; x_wconf 77' lang='lat' dir='ltr'><strong>scripsit</strong></span> <span class='ocrx_word' id='word_1_28' title='bbox 1346 1720 1555 1786; x_wconf 77' lang='lat' dir='ltr'><strong>nondum</strong></span> <span class='ocrx_word' id='word_1_29' title='bbox 1578 1721 1848 1786; x_wconf 76' lang='lat' dir='ltr'><strong>episcOpus.</strong></span> <span class='ocrx_word' id='word_1_30' title='bbox 1860 1719 1920 1773; x_wconf 85' lang='lat' dir='ltr'><strong>ab</strong></span> <span class='ocrx_word' id='word_1_31' title='bbox 1938 1730 2062 1767; x_wconf 86' lang='lat' dir='ltr'><strong>anno</strong></span> <span class='ocrx_word' id='word_1_32' title='bbox 2078 1719 2245 1786; x_wconf 74' lang='lat' dir='ltr'><strong>Christi</strong></span> <span class='ocrx_word' id='word_1_33' title='bbox 2268 1720 2493 1786; x_wconf 71' lang='lat' dir='ltr'><strong>videlicet</strong></span> <span class='ocrx_word' id='word_1_34' title='bbox 2511 1720 2601 1770; x_wconf 76' lang='lat'><strong>588</strong></span> <span class='ocrx_word' id='word_1_35' title='bbox 2623 1722 2680 1771; x_wconf 92' lang='lat' dir='ltr'><strong>ad</strong></span> <span class='ocrx_word' id='word_1_36' title='bbox 2700 1723 2807 1786; x_wconf 63' lang='lat'><strong>39:5.</strong></span> 
     </span>
    </p>
   </div>
   <div class='ocr_carea' id='block_1_11' title="bbox 394 1781 3536 1857">
    <p class='ocr_par' dir='ltr' id='par_1_11' title="bbox 394 1781 3536 1857">
     <span class='ocr_line' id='line_1_11' title="bbox 394 1781 3536 1857; baseline 0.001 -22"><span class='ocrx_word' id='word_1_37' title='bbox 394 1813 459 1825; x_wconf 94' lang='lat'><strong><em>—</em></strong></span> <span class='ocrx_word' id='word_1_38' title='bbox 490 1781 687 1851; x_wconf 35' lang='lat' dir='ltr'><strong>n,‘quas</strong></span> <span class='ocrx_word' id='word_1_39' title='bbox 699 1781 966 1857; x_wconf 54' lang='lat' dir='ltr'><strong>episaipus</strong></span> <span class='ocrx_word' id='word_1_40' title='bbox 981 1781 1093 1857; x_wconf 71' lang='lat' dir='ltr'><strong>ante</strong></span> <span class='ocrx_word' id='word_1_41' title='bbox 1106 1781 1415 1857; x_wconf 43' lang='lat' dir='ltr'><strong>colla&#39;ti&#39;opem</strong></span> <span class='ocrx_word' id='word_1_42' title='bbox 1437 1782 1859 1857; x_wconf 51' lang='lat' dir='ltr'><strong>.(‘at&#39;thaginensem</strong></span> <span class='ocrx_word' id='word_1_43' title='bbox 1878 1792 1988 1829; x_wconf 89' lang='lat' dir='ltr'><strong>cum</strong></span> <span class='ocrx_word' id='word_1_44' title='bbox 2010 1781 2260 1833; x_wconf 76' lang='lat' dir='ltr'><strong>Donatistis</strong></span> <span class='ocrx_word' id='word_1_45' title='bbox 2279 1781 2505 1849; x_wconf 65' lang='lat' dir='ltr'><strong>habitam,</strong></span> <span class='ocrx_word' id='word_1_46' title='bbox 2528 1790 2579 1832; x_wconf 88' lang='lat' dir='ltr'><strong>et</strong></span> <span class='ocrx_word' id='word_1_47' title='bbox 2598 1792 2712 1834; x_wconf 88' lang='lat' dir='ltr'><strong>ante</strong></span> <span class='ocrx_word' id='word_1_48' title='bbox 2736 1784 2977 1843; x_wconf 85' lang='lat' dir='ltr'><strong>detectam</strong></span> <span class='ocrx_word' id='word_1_49' title='bbox 2997 1788 3046 1842; x_wconf 90' lang='lat' dir='ltr'><strong>in</strong></span> <span class='ocrx_word' id='word_1_50' title='bbox 3065 1786 3215 1841; x_wconf 78' lang='lat' dir='ltr'><strong>Africa</strong></span> <span class='ocrx_word' id='word_1_51' title='bbox 3234 1788 3409 1855; x_wconf 80' lang='lat' dir='ltr'><strong>Pelagii</strong></span> <span class='ocrx_word' id='word_1_52' title='bbox 3434 1793 3536 1843; x_wconf 68' lang='lat' dir='ltr'><strong>ha-</strong></span> 
     </span>
    </p>
   </div>
   <div class='ocr_carea' id='block_1_12' title="bbox 614 1842 1531 1906">
    <p class='ocr_par' dir='ltr' id='par_1_12' title="bbox 614 1842 1531 1906">
     <span class='ocr_line' id='line_1_12' title="bbox 614 1842 1531 1906; baseline -0.004 -11"><span class='ocrx_word' id='word_1_53' title='bbox 614 1842 762 1896; x_wconf 83' lang='lat' dir='ltr'><strong>resim</strong></span> <span class='ocrx_word' id='word_1_54' title='bbox 784 1842 993 1906; x_wconf 74' lang='lat' dir='ltr'><strong>scripsit,</strong></span> <span class='ocrx_word' id='word_1_55' title='bbox 1014 1846 1075 1892; x_wconf 87' lang='lat' dir='ltr'><strong>ab</strong></span> <span class='ocrx_word' id='word_1_56' title='bbox 1096 1843 1323 1892; x_wconf 76' lang='lat' dir='ltr'><strong>ann0596</strong></span> <span class='ocrx_word' id='word_1_57' title='bbox 1344 1842 1401 1891; x_wconf 91' lang='lat' dir='ltr'><strong>ad</strong></span> <span class='ocrx_word' id='word_1_58' title='bbox 1424 1844 1531 1892; x_wconf 77' lang='grc'><strong>410.</strong></span> 
     </span>
    </p>
   </div>
   <div class='ocr_carea' id='block_1_13' title="bbox 392 1900 1873 1977">
    <p class='ocr_par' dir='ltr' id='par_1_13' title="bbox 392 1900 1873 1977">
     <span class='ocr_line' id='line_1_13' title="bbox 392 1900 1873 1977; baseline -0.007 -18"><span class='ocrx_word' id='word_1_59' title='bbox 392 1932 459 1945; x_wconf 92' lang='grc'><strong>-</strong></span> <span class='ocrx_word' id='word_1_60' title='bbox 489 1915 560 1977; x_wconf 79' lang='lat' dir='ltr'><strong>tu,</strong></span> <span class='ocrx_word' id='word_1_61' title='bbox 582 1922 703 1970; x_wconf 87' lang='lat' dir='ltr'><strong>quas</strong></span> <span class='ocrx_word' id='word_1_62' title='bbox 722 1900 909 1977; x_wconf 66' lang='lat' dir='ltr'><strong>scripsit</strong></span> <span class='ocrx_word' id='word_1_63' title='bbox 924 1900 1114 1977; x_wconf 78' lang='lat' dir='ltr'><strong>reliquo</strong></span> <span class='ocrx_word' id='word_1_64' title='bbox 1138 1906 1245 1977; x_wconf 64' lang='lat' dir='ltr'><strong>vitae</strong></span> <span class='ocrx_word' id='word_1_65' title='bbox 1268 1912 1415 1965; x_wconf 64' lang='lat' dir='ltr'><strong>tempt</strong></span> <span class='ocrx_word' id='word_1_66' title='bbox 1429 1917 1503 1976; x_wconf 80' lang='lat' dir='ltr'><strong>re,</strong></span> <span class='ocrx_word' id='word_1_67' title='bbox 1520 1904 1589 1977; x_wconf 79' lang='lat' dir='ltr'><strong>ab</strong></span> <span class='ocrx_word' id='word_1_68' title='bbox 1610 1915 1735 1951; x_wconf 88' lang='lat' dir='ltr'><strong>anno</strong></span> <span class='ocrx_word' id='word_1_69' title='bbox 1849 1912 1873 1977; x_wconf 55' lang='grc' dir='ltr'><em>λ</em></span> 
     </span>
    </p>
   </div>
   <div class='ocr_carea' id='block_1_14' title="bbox 1974 1900 2475 1977">
    <p class='ocr_par' dir='ltr' id='par_1_14' title="bbox 1974 1900 2475 1977">
     <span class='ocr_line' id='line_1_14' title="bbox 1974 1900 2475 1977; baseline 0 -2"><span class='ocrx_word' id='word_1_70' title='bbox 2465 1965 2475 1975; x_wconf 95' lang='grc'><em>.</em></span> 
     </span>
    </p>
   </div>
   <div class='ocr_carea' id='block_1_15' title="bbox 389 1961 2900 2031">
    <p class='ocr_par' dir='ltr' id='par_1_15' title="bbox 389 1961 2900 2031">
     <span class='ocr_line' id='line_1_15' title="bbox 389 1961 2900 2031; baseline 0 -15"><span class='ocrx_word' id='word_1_71' title='bbox 389 1993 455 2005; x_wconf 92' lang='grc'><strong>-</strong></span> <span class='ocrx_word' id='word_1_72' title='bbox 486 1961 559 2031; x_wconf 69' lang='lat' dir='ltr'><strong>tv,</strong></span> <span class='ocrx_word' id='word_1_73' title='bbox 578 1961 830 2019; x_wconf 79' lang='lat' dir='ltr'><strong>n&#39;onnullas&#39;</strong></span> <span class='ocrx_word' id='word_1_74' title='bbox 850 1968 952 2029; x_wconf 90' lang='lat' dir='ltr'><strong>ipso</strong></span> <span class='ocrx_word' id='word_1_75' title='bbox 977 1961 1121 2016; x_wconf 90' lang='lat' dir='ltr'><strong>etiam</strong></span> <span class='ocrx_word' id='word_1_76' title='bbox 1147 1961 1589 2028; x_wconf 69' lang='lat' dir='ltr'><strong>episcOpo&#39;sct-iptas</strong></span> <span class='ocrx_word' id='word_1_77' title='bbox 1610 1961 1957 2025; x_wconf 69' lang='lat' dir='ltr'><strong>complectitur,</strong></span> <span class='ocrx_word' id='word_1_78' title='bbox 1980 1974 2180 2024; x_wconf 88' lang='lat' dir='ltr'><strong>quarum</strong></span> <span class='ocrx_word' id='word_1_79' title='bbox 2202 1969 2393 2025; x_wconf 79' lang='lat' dir='ltr'><strong>tempus</strong></span> <span class='ocrx_word' id='word_1_80' title='bbox 2413 1965 2569 2014; x_wconf 88' lang='lat' dir='ltr'><strong>minus</strong></span> <span class='ocrx_word' id='word_1_81' title='bbox 2588 1972 2900 2026; x_wconf 83' lang='lat' dir='ltr'><strong>compertum.</strong></span> 
     </span>
    </p>
   </div>
   <div class='ocr_carea' id='block_1_16' title="bbox 1616 2086 2223 2139">
    <p class='ocr_par' dir='ltr' id='par_1_16' title="bbox 1616 2086 2223 2139">
     <span class='ocr_line' id='line_1_16' title="bbox 1616 2086 2223 2139; baseline -0.002 -1"><span class='ocrx_word' id='word_1_82' title='bbox 1616 2086 2223 2139; x_wconf 61' lang='lat' dir='ltr'><em>W</em></span> 
     </span>
    </p>
   </div>
   <div class='ocr_carea' id='block_1_17' title="bbox 1264 2213 2510 2327">
    <p class='ocr_par' dir='ltr' id='par_1_17' title="bbox 1264 2213 2510 2327">
     <span class='ocr_line' id='line_1_17' title="bbox 1264 2213 2510 2327; baseline -0.004 -1"><span class='ocrx_word' id='word_1_83' title='bbox 1264 2216 1801 2326; x_wconf 69' lang='lat' dir='ltr'><strong>PRIMA</strong></span> <span class='ocrx_word' id='word_1_84' title='bbox 1877 2213 2510 2327; x_wconf 71' lang='lat' dir='ltr'><strong>CLASSIS.</strong></span> 
     </span>
    </p>
   </div>
   <div class='ocr_carea' id='block_1_18' title="bbox 718 2400 1467 2471">
    <p class='ocr_par' dir='ltr' id='par_1_18' title="bbox 718 2400 1467 2471">
     <span class='ocr_line' id='line_1_18' title="bbox 718 2400 1467 2471; baseline -0.016 -6"><span class='ocrx_word' id='word_1_85' title='bbox 718 2405 1045 2465; x_wconf 78' lang='lat' dir='ltr'><strong>EPISTOLA</strong></span> <span class='ocrx_word' id='word_1_86' title='bbox 1084 2402 1290 2459; x_wconf 78' lang='lat' dir='ltr'><strong>PRIMA</strong></span> <span class='ocrx_word' id='word_1_87' title='bbox 1314 2405 1333 2426; x_wconf 72' lang='grc' dir='ltr'><strong><em>ο</em></strong></span> <span class='ocrx_word' id='word_1_88' title='bbox 1373 2400 1467 2471; x_wconf 86' lang='grc' dir='ltr'><strong>(α).</strong></span> 
     </span>
    </p>
   </div>
   <div class='ocr_carea' id='block_1_19' title="bbox 300 2510 1877 2590">
    <p class='ocr_par' dir='ltr' id='par_1_19' title="bbox 300 2510 1877 2590">
     <span class='ocr_line' id='line_1_19' title="bbox 300 2510 1877 2590; baseline -0.009 -14"><span class='ocrx_word' id='word_1_89' title='bbox 300 2522 587 2584; x_wconf 74' lang='lat' dir='ltr'><strong>Consilium</strong></span> <span class='ocrx_word' id='word_1_90' title='bbox 612 2520 771 2590; x_wconf 84' lang='lat' dir='ltr'><strong>aperit</strong></span> <span class='ocrx_word' id='word_1_91' title='bbox 807 2518 1111 2589; x_wconf 81' lang='lat' dir='ltr'><strong>Augustinus</strong></span> <span class='ocrx_word' id='word_1_92' title='bbox 1151 2529 1357 2569; x_wconf 88' lang='lat' dir='ltr'><strong>suorum</strong></span> <span class='ocrx_word' id='word_1_93' title='bbox 1391 2512 1627 2567; x_wconf 82' lang='lat' dir='ltr'><strong>librorum</strong></span> <span class='ocrx_word' id='word_1_94' title='bbox 1662 2510 1723 2564; x_wconf 84' lang='lat' dir='ltr'><strong>de</strong></span> <span class='ocrx_word' id='word_1_95' title='bbox 1749 2511 1877 2563; x_wconf 85' lang='lat' dir='ltr'><strong>Aca-</strong></span> 
     </span>
    </p>
   </div>
   <div class='ocr_carea' id='block_1_20' title="bbox 375 2600 1876 2677">
    <p class='ocr_par' dir='ltr' id='par_1_20' title="bbox 375 2600 1876 2677">
     <span class='ocr_line' id='line_1_20' title="bbox 375 2600 1876 2677; baseline -0.008 -13"><span class='ocrx_word' id='word_1_96' title='bbox 375 2613 612 2675; x_wconf 80' lang='lat' dir='ltr'><strong>demicis,</strong></span> <span class='ocrx_word' id='word_1_97' title='bbox 659 2620 705 2664; x_wconf 82' lang='lat' dir='ltr'><strong>et</strong></span> <span class='ocrx_word' id='word_1_98' title='bbox 745 2607 1199 2677; x_wconf 80' lang='lat' dir='ltr'><strong>Hermogenianum</strong></span> <span class='ocrx_word' id='word_1_99' title='bbox 1240 2603 1531 2657; x_wconf 79' lang='lat' dir='ltr'><strong>sententiam</strong></span> <span class='ocrx_word' id='word_1_100' title='bbox 1561 2608 1702 2671; x_wconf 70' lang='lat' dir='ltr'><strong>rogat</strong></span> <span class='ocrx_word' id='word_1_101' title='bbox 1730 2600 1791 2653; x_wconf 83' lang='lat' dir='ltr'><strong>de</strong></span> <span class='ocrx_word' id='word_1_102' title='bbox 1820 2616 1876 2652; x_wconf 82' lang='lat' dir='ltr'><strong>eo</strong></span> 
     </span>
    </p>
   </div>
   <div class='ocr_carea' id='block_1_21' title="bbox 375 2691 1857 2774">
    <p class='ocr_par' dir='ltr' id='par_1_21' title="bbox 375 2691 1857 2774">
     <span class='ocr_line' id='line_1_21' title="bbox 375 2691 1857 2774; baseline -0.008 -20"><span class='ocrx_word' id='word_1_103' title='bbox 375 2702 513 2770; x_wconf 80' lang='lat' dir='ltr'><strong>quod</strong></span> <span class='ocrx_word' id='word_1_104' title='bbox 536 2700 627 2755; x_wconf 84' lang='lat' dir='ltr'><strong>sub</strong></span> <span class='ocrx_word' id='word_1_105' title='bbox 659 2699 811 2769; x_wconf 80' lang='lat' dir='ltr'><strong>ﬁnem</strong></span> <span class='ocrx_word' id='word_1_106' title='bbox 836 2697 964 2752; x_wconf 81' lang='lat' dir='ltr'><strong>tertii</strong></span> <span class='ocrx_word' id='word_1_107' title='bbox 989 2695 1099 2755; x_wconf 78' lang='lat' dir='ltr'><strong>libri</strong></span> <span class='ocrx_word' id='word_1_108' title='bbox 1129 2694 1190 2748; x_wconf 86' lang='lat' dir='ltr'><strong>de</strong></span> <span class='ocrx_word' id='word_1_109' title='bbox 1216 2691 1391 2753; x_wconf 73' lang='lat' dir='ltr'><strong>iisdem</strong></span> <span class='ocrx_word' id='word_1_110' title='bbox 1428 2691 1735 2761; x_wconf 76' lang='lat' dir='ltr'><strong>philosophis</strong></span> <span class='ocrx_word' id='word_1_111' title='bbox 1758 2706 1857 2774; x_wconf 77' lang='lat' dir='ltr'><strong>pro</strong></span> 
     </span>
    </p>
   </div>
   <div class='ocr_carea' id='block_1_22' title="bbox 377 2789 646 2845">
    <p class='ocr_par' dir='ltr' id='par_1_22' title="bbox 377 2789 646 2845">
     <span class='ocr_line' id='line_1_22' title="bbox 377 2789 646 2845; baseline -0.019 0"><span class='ocrx_word' id='word_1_112' title='bbox 377 2789 646 2845; x_wconf 72' lang='lat' dir='ltr'><strong>nuntiauit.</strong></span> 
     </span>
    </p>
   </div>
   <div class='ocr_carea' id='block_1_23' title="bbox 709 2907 1486 2954">
    <p class='ocr_par' dir='ltr' id='par_1_23' title="bbox 709 2907 1486 2954">
     <span class='ocr_line' id='line_1_23' title="bbox 709 2907 1486 2954; baseline -0.009 -2"><span class='ocrx_word' id='word_1_113' title='bbox 709 2908 1112 2953; x_wconf 73' lang='lat' dir='ltr'><strong>HERIOGBNIANO</strong></span> <span class='ocrx_word' id='word_1_114' title='bbox 1149 2907 1486 2954; x_wconf 72' lang='lat' dir='ltr'><strong>AUGUSTINUS.</strong></span> 
     </span>
    </p>
   </div>
   <div class='ocr_carea' id='block_1_24' title="bbox 377 3000 1871 3075">
    <p class='ocr_par' dir='ltr' id='par_1_24' title="bbox 377 3000 1871 3075">
     <span class='ocr_line' id='line_1_24' title="bbox 377 3000 1871 3075; baseline -0.006 -12"><span class='ocrx_word' id='word_1_115' title='bbox 377 3009 430 3063; x_wconf 79' lang='grc'><strong>1.</strong></span> <span class='ocrx_word' id='word_1_116' title='bbox 468 3006 811 3063; x_wconf 83' lang='lat' dir='ltr'><strong>Academicos</strong></span> <span class='ocrx_word' id='word_1_117' title='bbox 853 3020 984 3075; x_wconf 91' lang='lat' dir='ltr'><strong>ego,</strong></span> <span class='ocrx_word' id='word_1_118' title='bbox 1028 3019 1095 3059; x_wconf 90' lang='lat' dir='ltr'><strong>ne</strong></span> <span class='ocrx_word' id='word_1_119' title='bbox 1143 3002 1279 3057; x_wconf 91' lang='lat' dir='ltr'><strong>inter</strong></span> <span class='ocrx_word' id='word_1_120' title='bbox 1318 3000 1600 3071; x_wconf 73' lang='lat' dir='ltr'><strong>iocandum</strong></span> <span class='ocrx_word' id='word_1_121' title='bbox 1629 3000 1871 3069; x_wconf 78' lang='lat' dir='ltr'><strong>quidem,</strong></span> 
     </span>
    </p>
   </div>
   <div class='ocr_carea' id='block_1_25' title="bbox 308 3092 1873 3169">
    <p class='ocr_par' dir='ltr' id='par_1_25' title="bbox 308 3092 1873 3169">
     <span class='ocr_line' id='line_1_25' title="bbox 308 3092 1873 3169; baseline -0.008 -12"><span class='ocrx_word' id='word_1_122' title='bbox 308 3113 544 3169; x_wconf 79' lang='lat' dir='ltr'><strong>unquam</strong></span> <span class='ocrx_word' id='word_1_123' title='bbox 570 3098 828 3152; x_wconf 86' lang='lat' dir='ltr'><strong>lacessere</strong></span> <span class='ocrx_word' id='word_1_124' title='bbox 854 3095 1101 3151; x_wconf 88' lang='lat' dir='ltr'><strong>auderem</strong></span> <span class='ocrx_word' id='word_1_125' title='bbox 1131 3112 1144 3148; x_wconf 91' lang='lat'><strong>:</strong></span> <span class='ocrx_word' id='word_1_126' title='bbox 1177 3093 1385 3163; x_wconf 84' lang='lat' dir='ltr'><strong>quando</strong></span> <span class='ocrx_word' id='word_1_127' title='bbox 1421 3092 1558 3147; x_wconf 86' lang='lat' dir='ltr'><strong>enim</strong></span> <span class='ocrx_word' id='word_1_128' title='bbox 1590 3107 1675 3146; x_wconf 91' lang='lat' dir='ltr'><strong>me</strong></span> <span class='ocrx_word' id='word_1_129' title='bbox 1701 3100 1873 3146; x_wconf 88' lang='lat' dir='ltr'><strong>tanto-</strong></span> 
     </span>
    </p>
   </div>
   <div class='ocr_carea' id='block_1_26' title="bbox 311 3183 1874 3252">
    <p class='ocr_par' dir='ltr' id='par_1_26' title="bbox 311 3183 1874 3252">
     <span class='ocr_line' id='line_1_26' title="bbox 311 3183 1874 3252; baseline -0.006 -7"><span class='ocrx_word' id='word_1_130' title='bbox 311 3206 431 3245; x_wconf 89' lang='lat' dir='ltr'><strong>rum</strong></span> <span class='ocrx_word' id='word_1_131' title='bbox 457 3193 693 3244; x_wconf 84' lang='lat' dir='ltr'><strong>virorum</strong></span> <span class='ocrx_word' id='word_1_132' title='bbox 720 3203 821 3242; x_wconf 92' lang='lat' dir='ltr'><strong>non</strong></span> <span class='ocrx_word' id='word_1_133' title='bbox 849 3193 1087 3242; x_wconf 78' lang='lat' dir='ltr'><strong>moveret</strong></span> <span class='ocrx_word' id='word_1_134' title='bbox 1124 3185 1404 3240; x_wconf 74' lang='lat' dir='ltr'><strong>auctoritas</strong></span> <span class='ocrx_word' id='word_1_135' title='bbox 1423 3226 1438 3250; x_wconf 93' lang='lat'><strong>,</strong></span> <span class='ocrx_word' id='word_1_136' title='bbox 1469 3183 1571 3238; x_wconf 83' lang='lat' dir='ltr'><strong><em>nisi</em></strong></span> <span class='ocrx_word' id='word_1_137' title='bbox 1595 3197 1687 3237; x_wconf 92' lang='lat' dir='ltr'><strong>eos</strong></span> <span class='ocrx_word' id='word_1_138' title='bbox 1721 3191 1874 3252; x_wconf 88' lang='lat' dir='ltr'><strong>puta-</strong></span> 
     </span>
    </p>
   </div>
   <div class='ocr_carea' id='block_1_27' title="bbox 307 3270 1876 3349">
    <p class='ocr_par' dir='ltr' id='par_1_27' title="bbox 307 3270 1876 3349">
     <span class='ocr_line' id='line_1_27' title="bbox 307 3270 1876 3349; baseline -0.004 -16"><span class='ocrx_word' id='word_1_139' title='bbox 307 3294 426 3349; x_wconf 74' lang='lat' dir='ltr'><strong>rem</strong></span> <span class='ocrx_word' id='word_1_140' title='bbox 456 3280 613 3347; x_wconf 88' lang='lat' dir='ltr'><strong>longe</strong></span> <span class='ocrx_word' id='word_1_141' title='bbox 642 3278 694 3331; x_wconf 89' lang='lat' dir='ltr'><strong>in</strong></span> <span class='ocrx_word' id='word_1_142' title='bbox 730 3277 829 3331; x_wconf 88' lang='lat' dir='ltr'><strong>alia</strong></span> <span class='ocrx_word' id='word_1_143' title='bbox 848 3316 865 3343; x_wconf 87' lang='lat'><strong>,</strong></span> <span class='ocrx_word' id='word_1_144' title='bbox 909 3291 1067 3345; x_wconf 89' lang='lat' dir='ltr'><strong>quam</strong></span> <span class='ocrx_word' id='word_1_145' title='bbox 1091 3274 1247 3343; x_wconf 92' lang='lat' dir='ltr'><strong>vulgo</strong></span> <span class='ocrx_word' id='word_1_146' title='bbox 1271 3272 1529 3327; x_wconf 88' lang='lat' dir='ltr'><strong>creditum</strong></span> <span class='ocrx_word' id='word_1_147' title='bbox 1554 3280 1663 3337; x_wconf 88' lang='lat' dir='ltr'><strong>est,</strong></span> <span class='ocrx_word' id='word_1_148' title='bbox 1711 3270 1876 3326; x_wconf 82' lang='lat' dir='ltr'><strong>fuisse</strong></span> 
     </span>
    </p>
   </div>
   <div class='ocr_carea' id='block_1_28' title="bbox 304 3362 1877 3435">
    <p class='ocr_par' dir='ltr' id='par_1_28' title="bbox 304 3362 1877 3435">
     <span class='ocr_line' id='line_1_28' title="bbox 304 3362 1877 3435; baseline -0.006 -13"><span class='ocrx_word' id='word_1_149' title='bbox 304 3368 607 3422; x_wconf 73' lang='lat' dir='ltr'><strong>sententia?</strong></span> <span class='ocrx_word' id='word_1_150' title='bbox 652 3365 825 3432; x_wconf 85' lang='lat' dir='ltr'><strong>Quare</strong></span> <span class='ocrx_word' id='word_1_151' title='bbox 864 3365 1039 3435; x_wconf 86' lang='lat' dir='ltr'><strong>potius</strong></span> <span class='ocrx_word' id='word_1_152' title='bbox 1079 3377 1173 3419; x_wconf 86' lang='lat' dir='ltr'><strong>eos</strong></span> <span class='ocrx_word' id='word_1_153' title='bbox 1212 3362 1442 3416; x_wconf 82' lang='lat' dir='ltr'><strong>imitatus</strong></span> <span class='ocrx_word' id='word_1_154' title='bbox 1478 3376 1593 3416; x_wconf 90' lang='lat' dir='ltr'><strong>sum</strong></span> <span class='ocrx_word' id='word_1_155' title='bbox 1622 3370 1877 3431; x_wconf 86' lang='lat' dir='ltr'><strong>quantum</strong></span> 
     </span>
    </p>
   </div>
   <div class='ocr_carea' id='block_1_29' title="bbox 306 3452 1873 3527">
    <p class='ocr_par' dir='ltr' id='par_1_29' title="bbox 306 3452 1873 3527">
     <span class='ocr_line' id='line_1_29' title="bbox 306 3452 1873 3527; baseline -0.003 -17"><span class='ocrx_word' id='word_1_156' title='bbox 306 3458 482 3522; x_wconf 76' lang='lat' dir='ltr'><strong>valui,</strong></span> <span class='ocrx_word' id='word_1_157' title='bbox 506 3473 659 3527; x_wconf 87' lang='lat' dir='ltr'><strong>quam</strong></span> <span class='ocrx_word' id='word_1_158' title='bbox 685 3456 1009 3525; x_wconf 79' lang='lat' dir='ltr'><strong>expugnavi,</strong></span> <span class='ocrx_word' id='word_1_159' title='bbox 1038 3454 1177 3524; x_wconf 92' lang='lat' dir='ltr'><strong>quod</strong></span> <span class='ocrx_word' id='word_1_160' title='bbox 1205 3454 1423 3508; x_wconf 87' lang='lat' dir='ltr'><strong>omnino</strong></span> <span class='ocrx_word' id='word_1_161' title='bbox 1451 3467 1551 3507; x_wconf 90' lang='lat' dir='ltr'><strong>non</strong></span> <span class='ocrx_word' id='word_1_162' title='bbox 1582 3452 1749 3507; x_wconf 85' lang='lat' dir='ltr'><strong>valeo.</strong></span> <span class='ocrx_word' id='word_1_163' title='bbox 1778 3452 1873 3506; x_wconf 77' lang='lat' dir='ltr'><strong>Vi-</strong></span> 
     </span>
    </p>
   </div>
   <div class='ocr_carea' id='block_1_30' title="bbox 306 3540 1874 3617">
    <p class='ocr_par' dir='ltr' id='par_1_30' title="bbox 306 3540 1874 3617">
     <span class='ocr_line' id='line_1_30' title="bbox 306 3540 1874 3617; baseline -0.002 -18"><span class='ocrx_word' id='word_1_164' title='bbox 306 3546 462 3600; x_wconf 84' lang='lat' dir='ltr'><strong>detur</strong></span> <span class='ocrx_word' id='word_1_165' title='bbox 502 3546 640 3598; x_wconf 90' lang='lat' dir='ltr'><strong>enim</strong></span> <span class='ocrx_word' id='word_1_166' title='bbox 685 3545 812 3617; x_wconf 83' lang='lat' dir='ltr'><strong>mihi</strong></span> <span class='ocrx_word' id='word_1_167' title='bbox 841 3545 969 3599; x_wconf 83' lang='lat' dir='ltr'><strong>satis</strong></span> <span class='ocrx_word' id='word_1_168' title='bbox 995 3543 1299 3612; x_wconf 83' lang='lat' dir='ltr'><strong>congruisse</strong></span> <span class='ocrx_word' id='word_1_169' title='bbox 1337 3540 1692 3610; x_wconf 76' lang='lat' dir='ltr'><strong>temporibus,</strong></span> <span class='ocrx_word' id='word_1_170' title='bbox 1737 3548 1795 3594; x_wconf 93' lang='lat' dir='ltr'><strong>ut</strong></span> <span class='ocrx_word' id='word_1_171' title='bbox 1829 3541 1874 3596; x_wconf 90' lang='lat' dir='ltr'><strong>si</strong></span> 
     </span>
    </p>
   </div>
   <div class='ocr_carea' id='block_1_31' title="bbox 306 3631 1874 3707">
    <p class='ocr_par' dir='ltr' id='par_1_31' title="bbox 306 3631 1874 3707">
     <span class='ocr_line' id='line_1_31' title="bbox 306 3631 1874 3707; baseline -0.001 -20"><span class='ocrx_word' id='word_1_172' title='bbox 306 3634 435 3707; x_wconf 78' lang='lat' dir='ltr'><strong>quid</strong></span> <span class='ocrx_word' id='word_1_173' title='bbox 463 3635 725 3688; x_wconf 86' lang='lat' dir='ltr'><strong>sincerum</strong></span> <span class='ocrx_word' id='word_1_174' title='bbox 767 3633 834 3690; x_wconf 91' lang='lat' dir='ltr'><strong>de</strong></span> <span class='ocrx_word' id='word_1_175' title='bbox 878 3633 1020 3690; x_wconf 79' lang='lat' dir='ltr'><strong>fonte</strong></span> <span class='ocrx_word' id='word_1_176' title='bbox 1049 3632 1314 3688; x_wconf 86' lang='lat' dir='ltr'><strong>Platonico</strong></span> <span class='ocrx_word' id='word_1_177' title='bbox 1343 3631 1559 3698; x_wconf 84' lang='lat' dir='ltr'><strong>ﬂueret,</strong></span> <span class='ocrx_word' id='word_1_178' title='bbox 1591 3632 1727 3685; x_wconf 87' lang='lat' dir='ltr'><strong>inter</strong></span> <span class='ocrx_word' id='word_1_179' title='bbox 1755 3646 1874 3685; x_wconf 92' lang='lat' dir='ltr'><strong>um-</strong></span> 
     </span>
    </p>
   </div>
   <div class='ocr_carea' id='block_1_32' title="bbox 308 3722 1876 3795">
    <p class='ocr_par' dir='ltr' id='par_1_32' title="bbox 308 3722 1876 3795">
     <span class='ocr_line' id='line_1_32' title="bbox 308 3722 1876 3795; baseline -0.002 -16"><span class='ocrx_word' id='word_1_180' title='bbox 308 3726 466 3779; x_wconf 83' lang='lat' dir='ltr'><strong>brosa</strong></span> <span class='ocrx_word' id='word_1_181' title='bbox 489 3733 542 3779; x_wconf 91' lang='lat' dir='ltr'><strong>et</strong></span> <span class='ocrx_word' id='word_1_182' title='bbox 569 3725 778 3793; x_wconf 84' lang='lat' dir='ltr'><strong>spinosa</strong></span> <span class='ocrx_word' id='word_1_183' title='bbox 807 3724 1018 3783; x_wconf 80' lang='lat' dir='ltr'><strong>dumeta</strong></span> <span class='ocrx_word' id='word_1_184' title='bbox 1045 3723 1219 3795; x_wconf 85' lang='lat' dir='ltr'><strong>potius</strong></span> <span class='ocrx_word' id='word_1_185' title='bbox 1240 3723 1292 3777; x_wconf 91' lang='lat' dir='ltr'><strong>in</strong></span> <span class='ocrx_word' id='word_1_186' title='bbox 1314 3723 1601 3793; x_wconf 89' lang='lat' dir='ltr'><strong>pastionem</strong></span> <span class='ocrx_word' id='word_1_187' title='bbox 1628 3722 1645 3752; x_wconf 86' lang='grc'>¹</span> <span class='ocrx_word' id='word_1_188' title='bbox 1671 3722 1876 3791; x_wconf 89' lang='lat' dir='ltr'><strong>paucis-</strong></span> 
     </span>
    </p>
   </div>
   <div class='ocr_carea' id='block_1_33' title="bbox 306 3813 1874 3882">
    <p class='ocr_par' dir='ltr' id='par_1_33' title="bbox 306 3813 1874 3882">
     <span class='ocr_line' id='line_1_33' title="bbox 306 3813 1874 3882; baseline -0.003 -13"><span class='ocrx_word' id='word_1_189' title='bbox 306 3816 561 3869; x_wconf 83' lang='lat' dir='ltr'><strong>simorum</strong></span> <span class='ocrx_word' id='word_1_190' title='bbox 591 3814 860 3869; x_wconf 84' lang='lat' dir='ltr'><strong>hominum</strong></span> <span class='ocrx_word' id='word_1_191' title='bbox 890 3813 1202 3878; x_wconf 76' lang='lat' dir='ltr'><strong>duceretur,</strong></span> <span class='ocrx_word' id='word_1_192' title='bbox 1235 3828 1390 3882; x_wconf 87' lang='lat' dir='ltr'><strong>quam</strong></span> <span class='ocrx_word' id='word_1_193' title='bbox 1432 3826 1527 3881; x_wconf 90' lang='lat' dir='ltr'><strong>per</strong></span> <span class='ocrx_word' id='word_1_194' title='bbox 1553 3820 1731 3880; x_wconf 86' lang='lat' dir='ltr'><strong>aperta</strong></span> <span class='ocrx_word' id='word_1_195' title='bbox 1755 3826 1874 3865; x_wconf 86' lang='lat' dir='ltr'><strong>ma-</strong></span> 
     </span>
    </p>
   </div>
   <div class='ocr_carea' id='block_1_34' title="bbox 306 3901 1875 3976">
    <p class='ocr_par' dir='ltr' id='par_1_34' title="bbox 306 3901 1875 3976">
     <span class='ocr_line' id='line_1_34' title="bbox 306 3901 1875 3976; baseline 0 -19"><span class='ocrx_word' id='word_1_196' title='bbox 306 3920 477 3967; x_wconf 87' lang='lat' dir='ltr'><strong>nans,</strong></span> <span class='ocrx_word' id='word_1_197' title='bbox 541 3904 859 3958; x_wconf 87' lang='lat' dir='ltr'><strong>irruentibus</strong></span> <span class='ocrx_word' id='word_1_198' title='bbox 916 3904 1110 3972; x_wconf 88' lang='lat' dir='ltr'><strong>passim</strong></span> <span class='ocrx_word' id='word_1_199' title='bbox 1166 3903 1481 3976; x_wconf 86' lang='lat' dir='ltr'><strong>pecoribus,</strong></span> <span class='ocrx_word' id='word_1_200' title='bbox 1520 3903 1667 3957; x_wconf 90' lang='lat' dir='ltr'><strong>nullo</strong></span> <span class='ocrx_word' id='word_1_201' title='bbox 1717 3901 1875 3957; x_wconf 89' lang='lat' dir='ltr'><strong>modo</strong></span> 
     </span>
    </p>
   </div>
   <div class='ocr_carea' id='block_1_35' title="bbox 307 3991 1873 4063">
    <p class='ocr_par' dir='ltr' id='par_1_35' title="bbox 307 3991 1873 4063">
     <span class='ocr_line' id='line_1_35' title="bbox 307 3991 1873 4063; baseline -0.001 -16"><span class='ocrx_word' id='word_1_202' title='bbox 307 4002 493 4062; x_wconf 88' lang='lat' dir='ltr'><strong>posset</strong></span> <span class='ocrx_word' id='word_1_203' title='bbox 512 3993 767 4063; x_wconf 89' lang='lat' dir='ltr'><strong>liquidum</strong></span> <span class='ocrx_word' id='word_1_204' title='bbox 794 4007 1084 4063; x_wconf 84' lang='lat' dir='ltr'><strong>purumque</strong></span> <span class='ocrx_word' id='word_1_205' title='bbox 1107 3994 1325 4046; x_wconf 85' lang='lat' dir='ltr'><strong>servari.</strong></span> <span class='ocrx_word' id='word_1_206' title='bbox 1355 3991 1492 4060; x_wconf 87' lang='lat' dir='ltr'><strong>Quid</strong></span> <span class='ocrx_word' id='word_1_207' title='bbox 1513 3992 1655 4045; x_wconf 88' lang='lat' dir='ltr'><strong>enim</strong></span> <span class='ocrx_word' id='word_1_208' title='bbox 1679 4006 1873 4046; x_wconf 86' lang='lat' dir='ltr'><strong>conve-</strong></span> 
     </span>
    </p>
   </div>
   <div class='ocr_carea' id='block_1_36' title="bbox 308 4081 1874 4152">
    <p class='ocr_par' dir='ltr' id='par_1_36' title="bbox 308 4081 1874 4152">
     <span class='ocr_line' id='line_1_36' title="bbox 308 4081 1874 4152; baseline -0.001 -17"><span class='ocrx_word' id='word_1_209' title='bbox 308 4083 540 4136; x_wconf 87' lang='lat' dir='ltr'><strong>nientius</strong></span> <span class='ocrx_word' id='word_1_210' title='bbox 570 4083 744 4152; x_wconf 87' lang='lat' dir='ltr'><strong>pecori</strong></span> <span class='ocrx_word' id='word_1_211' title='bbox 766 4093 866 4151; x_wconf 82' lang='lat' dir='ltr'><strong>est,</strong></span> <span class='ocrx_word' id='word_1_212' title='bbox 894 4097 1048 4151; x_wconf 85' lang='lat' dir='ltr'><strong>quam</strong></span> <span class='ocrx_word' id='word_1_213' title='bbox 1074 4081 1242 4150; x_wconf 78' lang='lat' dir='ltr'><strong>putari</strong></span> <span class='ocrx_word' id='word_1_214' title='bbox 1268 4082 1496 4141; x_wconf 79' lang='lat' dir='ltr'><strong>animam</strong></span> <span class='ocrx_word' id='word_1_215' title='bbox 1511 4095 1701 4150; x_wconf 84' lang='lat' dir='ltr'><strong>corpus</strong></span> <span class='ocrx_word' id='word_1_216' title='bbox 1719 4081 1874 4135; x_wconf 86' lang='lat' dir='ltr'><strong>esse?</strong></span> 
     </span>
    </p>
   </div>
   <div class='ocr_carea' id='block_1_37' title="bbox 304 4171 1875 4242">
    <p class='ocr_par' dir='ltr' id='par_1_37' title="bbox 304 4171 1875 4242">
     <span class='ocr_line' id='line_1_37' title="bbox 304 4171 1875 4242; baseline 0.001 -14"><span class='ocrx_word' id='word_1_217' title='bbox 304 4171 507 4228; x_wconf 88' lang='lat' dir='ltr'><strong>Contra</strong></span> <span class='ocrx_word' id='word_1_218' title='bbox 544 4172 841 4242; x_wconf 89' lang='lat' dir='ltr'><strong>bujusmodi</strong></span> <span class='ocrx_word' id='word_1_219' title='bbox 878 4172 1116 4237; x_wconf 83' lang='lat' dir='ltr'><strong>homines</strong></span> <span class='ocrx_word' id='word_1_220' title='bbox 1152 4171 1339 4240; x_wconf 88' lang='lat' dir='ltr'><strong>opinor</strong></span> <span class='ocrx_word' id='word_1_221' title='bbox 1373 4186 1470 4241; x_wconf 84' lang='lat' dir='ltr'><strong>ego</strong></span> <span class='ocrx_word' id='word_1_222' title='bbox 1496 4172 1639 4226; x_wconf 86' lang='lat' dir='ltr'><strong>illam</strong></span> <span class='ocrx_word' id='word_1_223' title='bbox 1678 4172 1875 4229; x_wconf 79' lang='lat' dir='ltr'><strong>utiliter</strong></span> 
     </span>
    </p>
   </div>
   <div class='ocr_carea' id='block_1_38' title="bbox 304 4263 1875 4333">
    <p class='ocr_par' dir='ltr' id='par_1_38' title="bbox 304 4263 1875 4333">
     <span class='ocr_line' id='line_1_38' title="bbox 304 4263 1875 4333; baseline 0.001 -15"><span class='ocrx_word' id='word_1_224' title='bbox 304 4264 654 4333; x_wconf 76' lang='lat' dir='ltr'><strong>excogitatam</strong></span> <span class='ocrx_word' id='word_1_225' title='bbox 681 4264 772 4318; x_wconf 89' lang='lat' dir='ltr'><strong>Dei</strong></span> <span class='ocrx_word' id='word_1_226' title='bbox 798 4264 907 4318; x_wconf 90' lang='lat' dir='ltr'><strong>veri</strong></span> <span class='ocrx_word' id='word_1_227' title='bbox 937 4264 1013 4333; x_wconf 77' lang='grc' dir='ltr'><strong>(ὁ)</strong></span> <span class='ocrx_word' id='word_1_228' title='bbox 1050 4270 1215 4317; x_wconf 88' lang='lat' dir='ltr'><strong>artem</strong></span> <span class='ocrx_word' id='word_1_229' title='bbox 1254 4270 1410 4331; x_wconf 85' lang='lat' dir='ltr'><strong>atque</strong></span> <span class='ocrx_word' id='word_1_230' title='bbox 1436 4263 1712 4318; x_wconf 88' lang='lat' dir='ltr'><strong>rationem.</strong></span> <span class='ocrx_word' id='word_1_231' title='bbox 1763 4264 1875 4319; x_wconf 87' lang='lat' dir='ltr'><strong>Hoc</strong></span> 
     </span>
    </p>
   </div>
   <div class='ocr_carea' id='block_1_39' title="bbox 304 4351 1872 4422">
    <p class='ocr_par' dir='ltr' id='par_1_39' title="bbox 304 4351 1872 4422">
     <span class='ocr_line' id='line_1_39' title="bbox 304 4351 1872 4422; baseline 0.001 -17"><span class='ocrx_word' id='word_1_232' title='bbox 304 4362 481 4417; x_wconf 74' lang='lat' dir='ltr'><strong>autem</strong></span> <span class='ocrx_word' id='word_1_233' title='bbox 508 4353 701 4407; x_wconf 62' lang='lat' dir='ltr'><strong>saeculo</strong></span> <span class='ocrx_word' id='word_1_234' title='bbox 728 4367 848 4407; x_wconf 90' lang='lat' dir='ltr'><strong>cum</strong></span> <span class='ocrx_word' id='word_1_235' title='bbox 866 4353 972 4422; x_wconf 82' lang='lat' dir='ltr'><strong>jam</strong></span> <span class='ocrx_word' id='word_1_236' title='bbox 1000 4352 1172 4406; x_wconf 89' lang='lat' dir='ltr'><strong>nullos</strong></span> <span class='ocrx_word' id='word_1_237' title='bbox 1195 4352 1465 4407; x_wconf 87' lang='lat' dir='ltr'><strong>videamus</strong></span> <span class='ocrx_word' id='word_1_238' title='bbox 1490 4351 1833 4421; x_wconf 89' lang='lat' dir='ltr'><strong>philosophos</strong></span> <span class='ocrx_word' id='word_1_239' title='bbox 1854 4393 1872 4421; x_wconf 87' lang='lat'><strong>,</strong></span> 
     </span>
    </p>
   </div>
   <div class='ocr_carea' id='block_1_40' title="bbox 304 4442 1872 4512">
    <p class='ocr_par' dir='ltr' id='par_1_40' title="bbox 304 4442 1872 4512">
     <span class='ocr_line' id='line_1_40' title="bbox 304 4442 1872 4512; baseline 0.002 -17"><span class='ocrx_word' id='word_1_240' title='bbox 304 4444 409 4496; x_wconf 86' lang='lat' dir='ltr'><strong>nisi</strong></span> <span class='ocrx_word' id='word_1_241' title='bbox 433 4443 569 4498; x_wconf 75' lang='lat' dir='ltr'><strong>forte</strong></span> <span class='ocrx_word' id='word_1_242' title='bbox 588 4444 814 4497; x_wconf 89' lang='lat' dir='ltr'><strong>amiculo</strong></span> <span class='ocrx_word' id='word_1_243' title='bbox 841 4444 862 4475; x_wconf 80' lang='grc'>³</span> <span class='ocrx_word' id='word_1_244' title='bbox 886 4443 1122 4512; x_wconf 90' lang='lat' dir='ltr'><strong>corporis</strong></span> <span class='ocrx_word' id='word_1_245' title='bbox 1140 4483 1156 4508; x_wconf 90' lang='lat'><strong>,</strong></span> <span class='ocrx_word' id='word_1_246' title='bbox 1184 4458 1315 4512; x_wconf 89' lang='lat' dir='ltr'><strong>quos</strong></span> <span class='ocrx_word' id='word_1_247' title='bbox 1345 4442 1555 4512; x_wconf 70' lang='lat' dir='ltr'><strong>quidem</strong></span> <span class='ocrx_word' id='word_1_248' title='bbox 1579 4442 1716 4497; x_wconf 88' lang='lat' dir='ltr'><strong>haud</strong></span> <span class='ocrx_word' id='word_1_249' title='bbox 1743 4459 1872 4501; x_wconf 84' lang='lat' dir='ltr'><strong>cen-</strong></span> 
     </span>
    </p>
   </div>
   <div class='ocr_carea' id='block_1_41' title="bbox 302 4532 1873 4603">
    <p class='ocr_par' dir='ltr' id='par_1_41' title="bbox 302 4532 1873 4603">
     <span class='ocr_line' id='line_1_41' title="bbox 302 4532 1873 4603; baseline 0.002 -17"><span class='ocrx_word' id='word_1_250' title='bbox 302 4533 503 4587; x_wconf 86' lang='lat' dir='ltr'><strong>suerim</strong></span> <span class='ocrx_word' id='word_1_251' title='bbox 526 4533 713 4603; x_wconf 89' lang='lat' dir='ltr'><strong>dignos</strong></span> <span class='ocrx_word' id='word_1_252' title='bbox 735 4541 839 4597; x_wconf 84' lang='lat' dir='ltr'><strong>tam</strong></span> <span class='ocrx_word' id='word_1_253' title='bbox 865 4532 1148 4588; x_wconf 87' lang='lat' dir='ltr'><strong>venerabili</strong></span> <span class='ocrx_word' id='word_1_254' title='bbox 1174 4533 1411 4599; x_wconf 86' lang='lat' dir='ltr'><strong>nomine,</strong></span> <span class='ocrx_word' id='word_1_255' title='bbox 1435 4533 1719 4595; x_wconf 85' lang='lat' dir='ltr'><strong>reducendi</strong></span> <span class='ocrx_word' id='word_1_256' title='bbox 1745 4535 1873 4590; x_wconf 90' lang='lat' dir='ltr'><strong>mihi</strong></span> 
     </span>
    </p>
   </div>
   <div class='ocr_carea' id='block_1_42' title="bbox 301 4622 1873 4695">
    <p class='ocr_par' dir='ltr' id='par_1_42' title="bbox 301 4622 1873 4695">
     <span class='ocr_line' id='line_1_42' title="bbox 301 4622 1873 4695; baseline 0.003 -20"><span class='ocrx_word' id='word_1_257' title='bbox 301 4622 553 4677; x_wconf 84' lang='lat' dir='ltr'><strong>videntur</strong></span> <span class='ocrx_word' id='word_1_258' title='bbox 579 4623 817 4679; x_wconf 87' lang='lat' dir='ltr'><strong>homines</strong></span> <span class='ocrx_word' id='word_1_259' title='bbox 847 4623 931 4695; x_wconf 87' lang='lat' dir='ltr'><strong>(si</strong></span> <span class='ocrx_word' id='word_1_260' title='bbox 958 4638 1089 4694; x_wconf 90' lang='lat' dir='ltr'><strong>quos</strong></span> <span class='ocrx_word' id='word_1_261' title='bbox 1113 4622 1545 4679; x_wconf 85' lang='lat' dir='ltr'><strong>Academicorum</strong></span> <span class='ocrx_word' id='word_1_262' title='bbox 1568 4640 1661 4693; x_wconf 89' lang='lat' dir='ltr'><strong>per</strong></span> <span class='ocrx_word' id='word_1_263' title='bbox 1687 4625 1873 4680; x_wconf 90' lang='lat' dir='ltr'><strong>verbo-</strong></span> 
     </span>
    </p>
   </div>
   <div class='ocr_carea' id='block_1_43' title="bbox 303 4712 1875 4783">
    <p class='ocr_par' dir='ltr' id='par_1_43' title="bbox 303 4712 1875 4783">
     <span class='ocr_line' id='line_1_43' title="bbox 303 4712 1875 4783; baseline 0.002 -17"><span class='ocrx_word' id='word_1_264' title='bbox 303 4727 421 4766; x_wconf 88' lang='lat' dir='ltr'><strong>rum</strong></span> <span class='ocrx_word' id='word_1_265' title='bbox 450 4713 717 4783; x_wconf 86' lang='lat' dir='ltr'><strong>ingenium</strong></span> <span class='ocrx_word' id='word_1_266' title='bbox 743 4728 773 4767; x_wconf 92' lang='lat' dir='ltr'><strong>a</strong></span> <span class='ocrx_word' id='word_1_267' title='bbox 793 4729 967 4769; x_wconf 73' lang='lat' dir='ltr'><strong>rerum</strong></span> <span class='ocrx_word' id='word_1_268' title='bbox 989 4712 1459 4782; x_wconf 87' lang='lat' dir='ltr'><strong>comprehensione</strong></span> <span class='ocrx_word' id='word_1_269' title='bbox 1484 4713 1736 4768; x_wconf 88' lang='lat' dir='ltr'><strong>deterruit</strong></span> <span class='ocrx_word' id='word_1_270' title='bbox 1754 4729 1875 4769; x_wconf 92' lang='lat' dir='ltr'><strong>sen-</strong></span> 
     </span>
    </p>
   </div>
   <div class='ocr_carea' id='block_1_44' title="bbox 304 4804 1874 4875">
    <p class='ocr_par' dir='ltr' id='par_1_44' title="bbox 304 4804 1874 4875">
     <span class='ocr_line' id='line_1_44' title="bbox 304 4804 1874 4875; baseline 0.002 -17"><span class='ocrx_word' id='word_1_271' title='bbox 304 4805 476 4859; x_wconf 85' lang='lat' dir='ltr'><strong>tentia</strong></span> <span class='ocrx_word' id='word_1_272' title='bbox 501 4804 542 4873; x_wconf 86' lang='grc'><strong>⁸)</strong></span> <span class='ocrx_word' id='word_1_273' title='bbox 578 4806 629 4860; x_wconf 90' lang='lat' dir='ltr'><strong>in</strong></span> <span class='ocrx_word' id='word_1_274' title='bbox 657 4821 807 4875; x_wconf 85' lang='lat' dir='ltr'><strong>spem</strong></span> <span class='ocrx_word' id='word_1_275' title='bbox 846 4804 1170 4875; x_wconf 73' lang='lat' dir='ltr'><strong>reperienda:</strong></span> <span class='ocrx_word' id='word_1_276' title='bbox 1218 4805 1452 4860; x_wconf 88' lang='lat' dir='ltr'><strong>veritatis</strong></span> <span class='ocrx_word' id='word_1_277' title='bbox 1488 4819 1597 4859; x_wconf 91' lang='lat' dir='ltr'><strong>:ne</strong></span> <span class='ocrx_word' id='word_1_278' title='bbox 1633 4804 1686 4859; x_wconf 91' lang='lat' dir='ltr'><strong>id</strong></span> <span class='ocrx_word' id='word_1_279' title='bbox 1732 4804 1874 4875; x_wconf 85' lang='lat' dir='ltr'><strong>quod</strong></span> 
     </span>
    </p>
   </div>
   <div class='ocr_carea' id='block_1_45' title="bbox 368 4967 1874 5031">
    <p class='ocr_par' dir='ltr' id='par_1_45' title="bbox 368 4967 1874 5031">
     <span class='ocr_line' id='line_1_45' title="bbox 368 4967 1874 5031; baseline 0.001 -16"><span class='ocrx_word' id='word_1_280' title='bbox 368 4968 655 5031; x_wconf 63' lang='lat' dir='ltr'><strong>faecensita</strong></span> <span class='ocrx_word' id='word_1_281' title='bbox 676 4973 752 5031; x_wconf 82' lang='lat' dir='ltr'><strong>est</strong></span> <span class='ocrx_word' id='word_1_282' title='bbox 766 4967 830 5031; x_wconf 81' lang='lat' dir='ltr'><strong>ad</strong></span> <span class='ocrx_word' id='word_1_283' title='bbox 853 4975 959 5018; x_wconf 76' lang='lat' dir='ltr'><strong>Mss.</strong></span> <span class='ocrx_word' id='word_1_284' title='bbox 973 4967 1043 5019; x_wconf 87' lang='lat' dir='ltr'><strong>bl.</strong></span> <span class='ocrx_word' id='word_1_285' title='bbox 1061 4969 1139 5019; x_wconf 89' lang='lat' dir='ltr'><strong>cb.</strong></span> <span class='ocrx_word' id='word_1_286' title='bbox 1156 4981 1238 5031; x_wconf 83' lang='lat' dir='ltr'><strong>gg.</strong></span> <span class='ocrx_word' id='word_1_287' title='bbox 1258 4980 1339 5031; x_wconf 86' lang='lat' dir='ltr'><strong>gv.</strong></span> <span class='ocrx_word' id='word_1_288' title='bbox 1355 4981 1404 5016; x_wconf 90' lang='lat' dir='ltr'><strong>n.</strong></span> <span class='ocrx_word' id='word_1_289' title='bbox 1425 4979 1466 5016; x_wconf 92' lang='lat' dir='ltr'><strong>r.</strong></span> <span class='ocrx_word' id='word_1_290' title='bbox 1483 4967 1557 5023; x_wconf 80' lang='lat' dir='ltr'><strong>sb.</strong></span> <span class='ocrx_word' id='word_1_291' title='bbox 1574 4967 1644 5016; x_wconf 89' lang='lat' dir='ltr'><strong>th.</strong></span> <span class='ocrx_word' id='word_1_292' title='bbox 1663 4967 1874 5023; x_wconf 80' lang='lat' dir='ltr'><strong>vc.duos</strong></span> 
     </span>
    </p>
   </div>
   <div class='ocr_carea' id='block_1_46' title="bbox 301 5027 968 5079">
    <p class='ocr_par' dir='ltr' id='par_1_46' title="bbox 301 5027 968 5079">
     <span class='ocr_line' id='line_1_46' title="bbox 301 5027 968 5079; baseline 0.001 -3"><span class='ocrx_word' id='word_1_293' title='bbox 301 5033 346 5076; x_wconf 79' lang='grc' dir='ltr'><strong>ι.</strong></span> <span class='ocrx_word' id='word_1_294' title='bbox 360 5027 483 5077; x_wconf 84' lang='lat' dir='ltr'><strong>duos</strong></span> <span class='ocrx_word' id='word_1_295' title='bbox 504 5042 553 5076; x_wconf 86' lang='lat' dir='ltr'><strong>v.</strong></span> <span class='ocrx_word' id='word_1_296' title='bbox 576 5034 628 5077; x_wconf 84' lang='lat' dir='ltr'><strong>et</strong></span> <span class='ocrx_word' id='word_1_297' title='bbox 646 5028 705 5077; x_wconf 88' lang='lat' dir='ltr'><strong>ad</strong></span> <span class='ocrx_word' id='word_1_298' title='bbox 719 5029 835 5077; x_wconf 83' lang='lat' dir='ltr'><strong>edit.</strong></span> <span class='ocrx_word' id='word_1_299' title='bbox 858 5036 968 5079; x_wconf 65' lang='grc' dir='ltr'><strong>[ιον.</strong></span> 
     </span>
    </p>
   </div>
   <div class='ocr_carea' id='block_1_47' title="bbox 368 5088 1747 5154">
    <p class='ocr_par' dir='ltr' id='par_1_47' title="bbox 368 5088 1747 5154">
     <span class='ocr_line' id='line_1_47' title="bbox 368 5088 1747 5154; baseline 0 -18"><span class='ocrx_word' id='word_1_300' title='bbox 368 5090 475 5154; x_wconf 60' lang='lat' dir='ltr'><strong>{sic</strong></span> <span class='ocrx_word' id='word_1_301' title='bbox 494 5094 600 5154; x_wconf 70' lang='lat' dir='ltr'><strong>Mss.</strong></span> <span class='ocrx_word' id='word_1_302' title='bbox 624 5095 678 5154; x_wconf 70' lang='grc' dir='ltr'>ᾼι</span> <span class='ocrx_word' id='word_1_303' title='bbox 698 5095 826 5154; x_wconf 49' lang='lat' dir='ltr'><strong>hev”</strong></span> <span class='ocrx_word' id='word_1_304' title='bbox 848 5091 897 5154; x_wconf 74' lang='lat' dir='ltr'><strong>in</strong></span> <span class='ocrx_word' id='word_1_305' title='bbox 919 5088 1499 5154; x_wconf 66' lang='lat' dir='ltr'><strong>possessionem.—Er._ut</strong></span> <span class='ocrx_word' id='word_1_306' title='bbox 1519 5095 1626 5137; x_wconf 76' lang='grc' dir='ltr'><strong>ων.</strong></span> <span class='ocrx_word' id='word_1_307' title='bbox 1689 5094 1747 5145; x_wconf 66' lang='grc' dir='ltr'><strong>κ.</strong></span> 
     </span>
    </p>
   </div>
   <div class='ocr_carea' id='block_1_48' title="bbox 368 5148 1475 5212">
    <p class='ocr_par' dir='ltr' id='par_1_48' title="bbox 368 5148 1475 5212">
     <span class='ocr_line' id='line_1_48' title="bbox 368 5148 1475 5212; baseline 0.005 -14"><span class='ocrx_word' id='word_1_308' title='bbox 368 5151 510 5212; x_wconf 61' lang='lat' dir='ltr'><strong>fuss.</strong></span> <span class='ocrx_word' id='word_1_309' title='bbox 525 5149 777 5198; x_wconf 89' lang='lat' dir='ltr'><strong>duodecim</strong></span> <span class='ocrx_word' id='word_1_310' title='bbox 790 5148 988 5212; x_wconf 80' lang='lat' dir='ltr'><strong>habent,</strong></span> <span class='ocrx_word' id='word_1_311' title='bbox 1012 5148 1226 5212; x_wconf 71' lang='lat' dir='ltr'><strong>clanculo</strong></span> <span class='ocrx_word' id='word_1_312' title='bbox 1248 5148 1475 5212; x_wconf 59' lang='lat' dir='ltr'><strong>carparis.</strong></span> 
     </span>
    </p>
   </div>
   <div class='ocr_carea' id='block_1_49' title="bbox 367 5207 1873 5276">
    <p class='ocr_par' dir='ltr' id='par_1_49' title="bbox 367 5207 1873 5276">
     <span class='ocr_line' id='line_1_49' title="bbox 367 5207 1873 5276; baseline 0.001 -19"><span class='ocrx_word' id='word_1_313' title='bbox 367 5210 389 5240; x_wconf 81' lang='grc'>³</span> <span class='ocrx_word' id='word_1_314' title='bbox 402 5216 533 5276; x_wconf 81' lang='lat' dir='ltr'><strong>Lov.,</strong></span> <span class='ocrx_word' id='word_1_315' title='bbox 558 5222 882 5276; x_wconf 74' lang='lat' dir='ltr'><strong>pereersorum</strong></span> <span class='ocrx_word' id='word_1_316' title='bbox 1146 5225 1177 5259; x_wconf 91' lang='lat' dir='ltr'><strong>a</strong></span> <span class='ocrx_word' id='word_1_317' title='bbox 1189 5207 1353 5276; x_wconf 70' lang='lat' dir='ltr'><strong>rerum</strong></span> <span class='ocrx_word' id='word_1_318' title='bbox 1365 5207 1873 5276; x_wconf 72' lang='lat' dir='ltr'><strong>cmprehcnsipne_de—</strong></span> 
     </span>
    </p>
   </div>
   <div class='ocr_carea' id='block_1_50' title="bbox 298 5268 1871 5342">
    <p class='ocr_par' dir='ltr' id='par_1_50' title="bbox 298 5268 1871 5342">
     <span class='ocr_line' id='line_1_50' title="bbox 298 5268 1871 5342; baseline -0.001 -22"><span class='ocrx_word' id='word_1_319' title='bbox 298 5268 920 5342; x_wconf 52' lang='lat' dir='ltr'><strong>terruisset&#39;in_spem,uetc.</strong></span> <span class='ocrx_word' id='word_1_320' title='bbox 944 5268 999 5320; x_wconf 73' lang='grc' dir='ltr'><strong>λι</strong></span> <span class='ocrx_word' id='word_1_321' title='bbox 1020 5285 1113 5342; x_wconf 86' lang='lat' dir='ltr'><strong>qua</strong></span> <span class='ocrx_word' id='word_1_322' title='bbox 1126 5273 1310 5342; x_wconf 82' lang='lat' dir='ltr'><strong>ratione</strong></span> <span class='ocrx_word' id='word_1_323' title='bbox 1331 5268 1551 5342; x_wconf 75' lang='lat' dir='ltr'><strong>perversi</strong></span> <span class='ocrx_word' id='word_1_324' title='bbox 1574 5270 1871 5342; x_wconf 56' lang='lat' dir='ltr'><strong>academici,</strong></span> 
     </span>
    </p>
   </div>
   <div class='ocr_carea' id='block_1_51' title="bbox 297 5330 1871 5402">
    <p class='ocr_par' dir='ltr' id='par_1_51' title="bbox 297 5330 1871 5402">
     <span class='ocr_line' id='line_1_51' title="bbox 297 5330 1871 5402; baseline 0.003 -25"><span class='ocrx_word' id='word_1_325' title='bbox 297 5330 637 5402; x_wconf 69' lang='lat' dir='ltr'><strong>siquidem,_ut</strong></span> <span class='ocrx_word' id='word_1_326' title='bbox 650 5330 759 5402; x_wconf 83' lang='lat' dir='ltr'><strong>mo_x</strong></span> <span class='ocrx_word' id='word_1_327' title='bbox 780 5330 959 5381; x_wconf 87' lang='lat' dir='ltr'><strong>dictum</strong></span> <span class='ocrx_word' id='word_1_328' title='bbox 983 5330 1076 5392; x_wconf 68' lang='lat' dir='ltr'><strong>es&#39;t,</strong></span> <span class='ocrx_word' id='word_1_329' title='bbox 1092 5339 1245 5381; x_wconf 80' lang='lat' dir='ltr'><strong>artem</strong></span> <span class='ocrx_word' id='word_1_330' title='bbox 1264 5338 1308 5382; x_wconf 87' lang='lat' dir='ltr'><strong>et</strong></span> <span class='ocrx_word' id='word_1_331' title='bbox 1322 5330 1559 5402; x_wconf 58' lang='lat' dir='ltr'><strong>inﬁrmem</strong></span> <span class='ocrx_word' id='word_1_332' title='bbox 1571 5330 1757 5402; x_wconf 63' lang='lat' dir='ltr'><strong>{egendi</strong></span> <span class='ocrx_word' id='word_1_333' title='bbox 1771 5330 1871 5382; x_wconf 83' lang='lat' dir='ltr'><strong>veri</strong></span> 
     </span>
    </p>
   </div>
   <div class='ocr_carea' id='block_1_52' title="bbox 322 5391 1872 5463">
    <p class='ocr_par' dir='ltr' id='par_1_52' title="bbox 322 5391 1872 5463">
     <span class='ocr_line' id='line_1_52' title="bbox 322 5391 1872 5463; baseline 0 -23"><span class='ocrx_word' id='word_1_334' title='bbox 322 5391 394 5463; x_wconf 68' lang='lat' dir='ltr'><strong>sic</strong></span> <span class='ocrx_word' id='word_1_335' title='bbox 561 5392 822 5463; x_wconf 65' lang='lat' dir='ltr'><strong>legendum</strong></span> <span class='ocrx_word' id='word_1_336' title='bbox 840 5391 1113 5463; x_wconf 51' lang='lat' dir='ltr'><strong>censemus,</strong></span> <span class='ocrx_word' id='word_1_337' title='bbox 1139 5406 1249 5463; x_wconf 88' lang='lat' dir='ltr'><strong>non,</strong></span> <span class='ocrx_word' id='word_1_338' title='bbox 1274 5391 1359 5463; x_wconf 81' lang='lat' dir='ltr'><strong>Dei</strong></span> <span class='ocrx_word' id='word_1_339' title='bbox 1379 5391 1494 5463; x_wconf 69' lang='lat' dir='ltr'><strong>reri,</strong></span> <span class='ocrx_word' id='word_1_340' title='bbox 1513 5399 1567 5441; x_wconf 90' lang='lat' dir='ltr'><strong>ut</strong></span> <span class='ocrx_word' id='word_1_341' title='bbox 1581 5391 1687 5439; x_wconf 77' lang='lat' dir='ltr'><strong>libri</strong></span> <span class='ocrx_word' id='word_1_342' title='bbox 1702 5391 1872 5463; x_wconf 70' lang='lat' dir='ltr'><strong>omnes</strong></span> 
     </span>
    </p>
   </div>
   <div class='ocr_carea' id='block_1_53' title="bbox 486 5448 1870 5516">
    <p class='ocr_par' dir='ltr' id='par_1_53' title="bbox 486 5448 1870 5516">
     <span class='ocr_line' id='line_1_53' title="bbox 486 5448 1870 5516; baseline 0.001 -16"><span class='ocrx_word' id='word_1_343' title='bbox 486 5453 505 5512; x_wconf 91' lang='lat'><strong>)</strong></span> <span class='ocrx_word' id='word_1_344' title='bbox 530 5448 712 5501; x_wconf 74' lang='lat' dir='ltr'><strong>utiliter</strong></span> <span class='ocrx_word' id='word_1_345' title='bbox 735 5456 1069 5516; x_wconf 79' lang='lat' dir='ltr'><strong>excogitarunt</strong></span> <span class='ocrx_word' id='word_1_346' title='bbox 1088 5448 1111 5503; x_wconf 77' lang='lat'><strong><em>?</em></strong></span> <span class='ocrx_word' id='word_1_347' title='bbox 1132 5448 1425 5516; x_wconf 79' lang='lat' dir='ltr'><strong>Quapmpter</strong></span> <span class='ocrx_word' id='word_1_348' title='bbox 1462 5448 1621 5502; x_wconf 88' lang='lat' dir='ltr'><strong>locum</strong></span> <span class='ocrx_word' id='word_1_349' title='bbox 1644 5452 1870 5509; x_wconf 85' lang='lat' dir='ltr'><strong>emenda-</strong></span> 
     </span>
    </p>
   </div>
   <div class='ocr_carea' id='block_1_54' title="bbox 289 5531 1870 5641">
    <p class='ocr_par' dir='ltr' id='par_1_54' title="bbox 289 5531 1870 5641">
     <span class='ocr_line' id='line_1_54' title="bbox 289 5531 1870 5641; baseline 0 -57"><span class='ocrx_word' id='word_1_350' title='bbox 289 5531 599 5641; x_wconf 45' lang='grc' dir='ltr'><strong>ὣςσέηῆιὶεᾶ</strong></span> <span class='ocrx_word' id='word_1_351' title='bbox 598 5532 689 5640; x_wconf 55' lang='lat'><strong>:215</strong></span> <span class='ocrx_word' id='word_1_352' title='bbox 713 5547 725 5581; x_wconf 92' lang='lat'><strong>:</strong></span> <span class='ocrx_word' id='word_1_353' title='bbox 750 5546 860 5596; x_wconf 68' lang='lat' dir='ltr'><strong>qua:</strong></span> <span class='ocrx_word' id='word_1_354' title='bbox 881 5543 1042 5641; x_wconf 80' lang='lat' dir='ltr'><strong>autem</strong></span> <span class='ocrx_word' id='word_1_355' title='bbox 1067 5537 1089 5586; x_wconf 86' lang='grc'><strong>1</strong></span> <span class='ocrx_word' id='word_1_356' title='bbox 1125 5542 1247 5596; x_wconf 87' lang='lat' dir='ltr'><strong>erat,</strong></span> <span class='ocrx_word' id='word_1_357' title='bbox 1270 5548 1396 5585; x_wconf 88' lang='lat' dir='ltr'><strong>nunc</strong></span> <span class='ocrx_word' id='word_1_358' title='bbox 1420 5534 1521 5585; x_wconf 79' lang='grc'><strong>132.</strong></span> <span class='ocrx_word' id='word_1_359' title='bbox 1545 5534 1720 5596; x_wconf 80' lang='lat' dir='ltr'><strong>Scripta</strong></span> <span class='ocrx_word' id='word_1_360' title='bbox 1746 5533 1870 5584; x_wconf 85' lang='lat' dir='ltr'><strong>circa</strong></span> 
     </span>
    </p>
   </div>
   <div class='ocr_carea' id='block_1_55' title="bbox 362 5636 1037 5717">
    <p class='ocr_par' dir='ltr' id='par_1_55' title="bbox 362 5636 1037 5717">
     <span class='ocr_line' id='line_1_55' title="bbox 362 5636 1037 5717; baseline 0.004 -17"><span class='ocrx_word' id='word_1_361' title='bbox 362 5636 615 5717; x_wconf 54' lang='grc' dir='ltr'><strong>ᾗδῖἓᾶἡὶξ</strong></span> <span class='ocrx_word' id='word_1_362' title='bbox 644 5654 842 5717; x_wconf 76' lang='lat' dir='ltr'><strong>tegendi</strong></span> <span class='ocrx_word' id='word_1_363' title='bbox 865 5655 984 5706; x_wconf 85' lang='lat' dir='ltr'><strong>veri.</strong></span> <span class='ocrx_word' id='word_1_364' title='bbox 1030 5636 1037 5641; x_wconf 64' lang='grc'><em>’</em></span> 
     </span>
    </p>
   </div>
   <div class='ocr_carea' id='block_1_56' title="bbox 1980 2396 3540 2477">
    <p class='ocr_par' dir='ltr' id='par_1_56' title="bbox 1980 2396 3540 2477">
     <span class='ocr_line' id='line_1_56' title="bbox 1980 2396 3540 2477; baseline 0.01 -27"><span class='ocrx_word' id='word_1_365' title='bbox 1980 2396 2310 2452; x_wconf 85' lang='lat' dir='ltr'><strong>eradicandis</strong></span> <span class='ocrx_word' id='word_1_366' title='bbox 2337 2399 2606 2454; x_wconf 87' lang='lat' dir='ltr'><strong>altissimis</strong></span> <span class='ocrx_word' id='word_1_367' title='bbox 2631 2403 2896 2459; x_wconf 89' lang='lat' dir='ltr'><strong>erroribus</strong></span> <span class='ocrx_word' id='word_1_368' title='bbox 2924 2420 3020 2475; x_wconf 92' lang='lat' dir='ltr'><strong>pro</strong></span> <span class='ocrx_word' id='word_1_369' title='bbox 3059 2414 3295 2477; x_wconf 88' lang='lat' dir='ltr'><strong>tempore</strong></span> <span class='ocrx_word' id='word_1_370' title='bbox 3330 2423 3540 2465; x_wconf 82' lang='lat' dir='ltr'><strong>accom-</strong></span> 
     </span>
    </p>
   </div>
   <div class='ocr_carea' id='block_1_57' title="bbox 1979 2485 3542 2569">
    <p class='ocr_par' dir='ltr' id='par_1_57' title="bbox 1979 2485 3542 2569">
     <span class='ocr_line' id='line_1_57' title="bbox 1979 2485 3542 2569; baseline 0.012 -32"><span class='ocrx_word' id='word_1_371' title='bbox 1979 2485 2244 2539; x_wconf 89' lang='lat' dir='ltr'><strong>modatum</strong></span> <span class='ocrx_word' id='word_1_372' title='bbox 2266 2486 2362 2542; x_wconf 81' lang='lat' dir='ltr'><strong>fuit</strong></span> <span class='ocrx_word' id='word_1_373' title='bbox 2381 2529 2396 2553; x_wconf 91' lang='lat'><strong>,</strong></span> <span class='ocrx_word' id='word_1_374' title='bbox 2421 2486 2529 2557; x_wconf 85' lang='lat' dir='ltr'><strong>jam</strong></span> <span class='ocrx_word' id='word_1_375' title='bbox 2558 2489 2772 2561; x_wconf 82' lang='lat' dir='ltr'><strong>incipiat</strong></span> <span class='ocrx_word' id='word_1_376' title='bbox 2799 2493 3092 2551; x_wconf 55' lang='lat' dir='ltr'><strong>inserendas</strong></span> <span class='ocrx_word' id='word_1_377' title='bbox 3111 2497 3346 2553; x_wconf 64' lang='lat' dir='ltr'><strong>scientia:</strong></span> <span class='ocrx_word' id='word_1_378' title='bbox 3372 2498 3542 2569; x_wconf 88' lang='lat' dir='ltr'><strong>impe-</strong></span> 
     </span>
    </p>
   </div>
   <div class='ocr_carea' id='block_1_58' title="bbox 1977 2574 2847 2634">
    <p class='ocr_par' dir='ltr' id='par_1_58' title="bbox 1977 2574 2847 2634">
     <span class='ocr_line' id='line_1_58' title="bbox 1977 2574 2847 2634; baseline 0.003 0"><span class='ocrx_word' id='word_1_379' title='bbox 1977 2574 2212 2634; x_wconf 85' lang='lat' dir='ltr'><strong>dimento</strong></span> <span class='ocrx_word' id='word_1_380' title='bbox 2238 2592 2378 2633; x_wconf 91' lang='lat' dir='ltr'><strong>esse.</strong></span> <span class='ocrx_word' id='word_1_381' title='bbox 2838 2596 2847 2605; x_wconf 76' lang='lat'>‘</span> 
     </span>
    </p>
   </div>
   <div class='ocr_carea' id='block_1_59' title="bbox 2048 2668 3546 2737">
    <p class='ocr_par' dir='ltr' id='par_1_59' title="bbox 2048 2668 3546 2737">
     <span class='ocr_line' id='line_1_59' title="bbox 2048 2668 3546 2737; baseline 0.01 -16"><span class='ocrx_word' id='word_1_382' title='bbox 2048 2668 2103 2721; x_wconf 78' lang='lat'><strong>2.</strong></span> <span class='ocrx_word' id='word_1_383' title='bbox 2134 2668 2361 2724; x_wconf 84' lang='lat' dir='ltr'><strong>Tantum</strong></span> <span class='ocrx_word' id='word_1_384' title='bbox 2380 2671 2521 2726; x_wconf 89' lang='lat' dir='ltr'><strong>enim</strong></span> <span class='ocrx_word' id='word_1_385' title='bbox 2546 2681 2670 2727; x_wconf 87' lang='lat' dir='ltr'><strong>tunc</strong></span> <span class='ocrx_word' id='word_1_386' title='bbox 2691 2675 2951 2731; x_wconf 88' lang='lat' dir='ltr'><strong>variarum</strong></span> <span class='ocrx_word' id='word_1_387' title='bbox 2972 2686 3232 2733; x_wconf 87' lang='lat' dir='ltr'><strong>sectarum</strong></span> <span class='ocrx_word' id='word_1_388' title='bbox 3258 2678 3426 2735; x_wconf 89' lang='lat' dir='ltr'><strong>studia</strong></span> <span class='ocrx_word' id='word_1_389' title='bbox 3451 2681 3546 2737; x_wconf 84' lang='lat' dir='ltr'><strong>ila-</strong></span> 
     </span>
    </p>
   </div>
   <div class='ocr_carea' id='block_1_60' title="bbox 1976 2759 3545 2840">
    <p class='ocr_par' dir='ltr' id='par_1_60' title="bbox 1976 2759 3545 2840">
     <span class='ocr_line' id='line_1_60' title="bbox 1976 2759 3545 2840; baseline 0.01 -28"><span class='ocrx_word' id='word_1_390' title='bbox 1976 2759 2225 2828; x_wconf 85' lang='lat' dir='ltr'><strong>grabant,</strong></span> <span class='ocrx_word' id='word_1_391' title='bbox 2259 2770 2314 2815; x_wconf 91' lang='lat' dir='ltr'><strong>ut</strong></span> <span class='ocrx_word' id='word_1_392' title='bbox 2335 2761 2466 2816; x_wconf 58' lang='lat' dir='ltr'><strong>nihil</strong></span> <span class='ocrx_word' id='word_1_393' title='bbox 2494 2764 2831 2821; x_wconf 89' lang='lat' dir='ltr'><strong>metuendum</strong></span> <span class='ocrx_word' id='word_1_394' title='bbox 2856 2777 2996 2822; x_wconf 89' lang='lat' dir='ltr'><strong>esset</strong></span> <span class='ocrx_word' id='word_1_395' title='bbox 3021 2769 3121 2823; x_wconf 90' lang='lat' dir='ltr'><strong>nisi</strong></span> <span class='ocrx_word' id='word_1_396' title='bbox 3145 2770 3261 2824; x_wconf 75' lang='lat' dir='ltr'><strong>falsi</strong></span> <span class='ocrx_word' id='word_1_397' title='bbox 3287 2773 3545 2840; x_wconf 88' lang='lat' dir='ltr'><strong>approba-</strong></span> 
     </span>
    </p>
   </div>
   <div class='ocr_carea' id='block_1_61' title="bbox 1976 2848 3542 2930">
    <p class='ocr_par' dir='ltr' id='par_1_61' title="bbox 1976 2848 3542 2930">
     <span class='ocr_line' id='line_1_61' title="bbox 1976 2848 3542 2930; baseline 0.01 -29"><span class='ocrx_word' id='word_1_398' title='bbox 1976 2848 2069 2907; x_wconf 79' lang='lat' dir='ltr'><strong>tio.</strong></span> <span class='ocrx_word' id='word_1_399' title='bbox 2094 2848 2281 2903; x_wconf 88' lang='lat' dir='ltr'><strong>Pulsus</strong></span> <span class='ocrx_word' id='word_1_400' title='bbox 2303 2859 2475 2905; x_wconf 89' lang='lat' dir='ltr'><strong>autem</strong></span> <span class='ocrx_word' id='word_1_401' title='bbox 2503 2853 2723 2923; x_wconf 85' lang='lat' dir='ltr'><strong>quisque</strong></span> <span class='ocrx_word' id='word_1_402' title='bbox 2759 2853 2863 2909; x_wconf 89' lang='lat' dir='ltr'><strong>illis</strong></span> <span class='ocrx_word' id='word_1_403' title='bbox 2890 2858 3208 2927; x_wconf 66' lang='lat' dir='ltr'><strong>argumentis</strong></span> <span class='ocrx_word' id='word_1_404' title='bbox 3234 2860 3301 2915; x_wconf 88' lang='lat' dir='ltr'><strong>ab</strong></span> <span class='ocrx_word' id='word_1_405' title='bbox 3318 2875 3382 2915; x_wconf 91' lang='lat' dir='ltr'><strong>eo</strong></span> <span class='ocrx_word' id='word_1_406' title='bbox 3402 2861 3542 2930; x_wconf 86' lang='lat' dir='ltr'><strong>quod</strong></span> 
     </span>
    </p>
   </div>
   <div class='ocr_carea' id='block_1_62' title="bbox 1976 2936 3544 3014">
    <p class='ocr_par' dir='ltr' id='par_1_62' title="bbox 1976 2936 3544 3014">
     <span class='ocr_line' id='line_1_62' title="bbox 1976 2936 3544 3014; baseline 0.007 -22"><span class='ocrx_word' id='word_1_407' title='bbox 1976 2948 2036 2992; x_wconf 80' lang='lat' dir='ltr'><strong>se</strong></span> <span class='ocrx_word' id='word_1_408' title='bbox 2076 2936 2286 2991; x_wconf 78' lang='lat' dir='ltr'><strong>ﬁrmum</strong></span> <span class='ocrx_word' id='word_1_409' title='bbox 2331 2946 2386 2993; x_wconf 88' lang='lat' dir='ltr'><strong>et</strong></span> <span class='ocrx_word' id='word_1_410' title='bbox 2429 2940 2793 2996; x_wconf 89' lang='lat' dir='ltr'><strong>inconcussum</strong></span> <span class='ocrx_word' id='word_1_411' title='bbox 2823 2951 3004 2999; x_wconf 90' lang='lat' dir='ltr'><strong>tenere</strong></span> <span class='ocrx_word' id='word_1_412' title='bbox 3028 2946 3349 3014; x_wconf 88' lang='lat' dir='ltr'><strong>crediderat,</strong></span> <span class='ocrx_word' id='word_1_413' title='bbox 3397 2956 3544 3003; x_wconf 81' lang='lat' dir='ltr'><strong>tanto</strong></span> 
     </span>
    </p>
   </div>
   <div class='ocr_carea' id='block_1_63' title="bbox 1976 3029 3544 3105">
    <p class='ocr_par' dir='ltr' id='par_1_63' title="bbox 1976 3029 3544 3105">
     <span class='ocr_line' id='line_1_63' title="bbox 1976 3029 3544 3105; baseline 0.007 -26"><span class='ocrx_word' id='word_1_414' title='bbox 1976 3029 2302 3082; x_wconf 89' lang='lat' dir='ltr'><strong>constantius</strong></span> <span class='ocrx_word' id='word_1_415' title='bbox 2341 3036 2498 3098; x_wconf 86' lang='lat' dir='ltr'><strong>atque</strong></span> <span class='ocrx_word' id='word_1_416' title='bbox 2537 3031 2743 3086; x_wconf 82' lang='lat' dir='ltr'><strong>cautius</strong></span> <span class='ocrx_word' id='word_1_417' title='bbox 2768 3033 2907 3087; x_wconf 85' lang='lat' dir='ltr'><strong>aliud</strong></span> <span class='ocrx_word' id='word_1_418' title='bbox 2932 3035 3199 3103; x_wconf 60' lang='lat' dir='ltr'><strong>quierebat</strong></span> <span class='ocrx_word' id='word_1_419' title='bbox 3218 3076 3235 3101; x_wconf 87' lang='lat'><strong>,</strong></span> <span class='ocrx_word' id='word_1_420' title='bbox 3264 3044 3461 3105; x_wconf 86' lang='lat' dir='ltr'><strong>quanto</strong></span> <span class='ocrx_word' id='word_1_421' title='bbox 3488 3045 3544 3092; x_wconf 84' lang='lat' dir='ltr'><strong>et</strong></span> 
     </span>
    </p>
   </div>
   <div class='ocr_carea' id='block_1_64' title="bbox 1976 3115 3543 3187">
    <p class='ocr_par' dir='ltr' id='par_1_64' title="bbox 1976 3115 3543 3187">
     <span class='ocr_line' id='line_1_64' title="bbox 1976 3115 3543 3187; baseline 0.008 -18"><span class='ocrx_word' id='word_1_422' title='bbox 1976 3115 2030 3171; x_wconf 92' lang='lat' dir='ltr'><strong>in</strong></span> <span class='ocrx_word' id='word_1_423' title='bbox 2060 3117 2293 3171; x_wconf 88' lang='lat' dir='ltr'><strong>moribus</strong></span> <span class='ocrx_word' id='word_1_424' title='bbox 2320 3118 2488 3187; x_wconf 86' lang='lat' dir='ltr'><strong>major</strong></span> <span class='ocrx_word' id='word_1_425' title='bbox 2510 3130 2619 3174; x_wconf 88' lang='lat' dir='ltr'><strong>erat</strong></span> <span class='ocrx_word' id='word_1_426' title='bbox 2653 3120 2936 3187; x_wconf 88' lang='lat' dir='ltr'><strong>industria,</strong></span> <span class='ocrx_word' id='word_1_427' title='bbox 2968 3122 3099 3177; x_wconf 90' lang='lat' dir='ltr'><strong>etin</strong></span> <span class='ocrx_word' id='word_1_428' title='bbox 3140 3131 3327 3179; x_wconf 81' lang='lat' dir='ltr'><strong>natura</strong></span> <span class='ocrx_word' id='word_1_429' title='bbox 3365 3139 3543 3181; x_wconf 82' lang='lat' dir='ltr'><strong>rerum</strong></span> 
     </span>
    </p>
   </div>
   <div class='ocr_carea' id='block_1_65' title="bbox 1975 3207 3543 3281">
    <p class='ocr_par' dir='ltr' id='par_1_65' title="bbox 1975 3207 3543 3281">
     <span class='ocr_line' id='line_1_65' title="bbox 1975 3207 3543 3281; baseline 0.007 -22"><span class='ocrx_word' id='word_1_430' title='bbox 1975 3214 2131 3275; x_wconf 87' lang='lat' dir='ltr'><strong>atque</strong></span> <span class='ocrx_word' id='word_1_431' title='bbox 2155 3207 2449 3263; x_wconf 86' lang='lat' dir='ltr'><strong>animorum</strong></span> <span class='ocrx_word' id='word_1_432' title='bbox 2474 3208 2726 3265; x_wconf 87' lang='lat' dir='ltr'><strong>altissima</strong></span> <span class='ocrx_word' id='word_1_433' title='bbox 2756 3219 2809 3266; x_wconf 92' lang='lat' dir='ltr'><strong>et</strong></span> <span class='ocrx_word' id='word_1_434' title='bbox 2835 3212 3231 3281; x_wconf 88' lang='lat' dir='ltr'><strong>implicitissima</strong></span> <span class='ocrx_word' id='word_1_435' title='bbox 3258 3214 3422 3270; x_wconf 89' lang='lat' dir='ltr'><strong>latere</strong></span> <span class='ocrx_word' id='word_1_436' title='bbox 3450 3230 3543 3271; x_wconf 85' lang='lat' dir='ltr'><strong>ve-</strong></span> 
     </span>
    </p>
   </div>
   <div class='ocr_carea' id='block_1_66' title="bbox 1975 3298 3545 3376">
    <p class='ocr_par' dir='ltr' id='par_1_66' title="bbox 1975 3298 3545 3376">
     <span class='ocr_line' id='line_1_66' title="bbox 1975 3298 3545 3376; baseline 0.007 -25"><span class='ocrx_word' id='word_1_437' title='bbox 1975 3298 2103 3352; x_wconf 89' lang='lat' dir='ltr'><strong>ritas</strong></span> <span class='ocrx_word' id='word_1_438' title='bbox 2150 3299 2491 3354; x_wconf 88' lang='lat' dir='ltr'><strong>sentiebatur.</strong></span> <span class='ocrx_word' id='word_1_439' title='bbox 2521 3299 2686 3356; x_wconf 87' lang='lat' dir='ltr'><strong>Tanta</strong></span> <span class='ocrx_word' id='word_1_440' title='bbox 2736 3317 2894 3372; x_wconf 89' lang='lat' dir='ltr'><strong>porro</strong></span> <span class='ocrx_word' id='word_1_441' title='bbox 2940 3319 3077 3359; x_wconf 91' lang='lat' dir='ltr'><strong>nunc</strong></span> <span class='ocrx_word' id='word_1_442' title='bbox 3117 3303 3234 3376; x_wconf 79' lang='lat' dir='ltr'><strong>fuga</strong></span> <span class='ocrx_word' id='word_1_443' title='bbox 3266 3306 3466 3362; x_wconf 86' lang='lat' dir='ltr'><strong>laboris</strong></span> <span class='ocrx_word' id='word_1_444' title='bbox 3490 3317 3545 3362; x_wconf 90' lang='lat' dir='ltr'><strong>et</strong></span> 
     </span>
    </p>
   </div>
   <div class='ocr_carea' id='block_1_67' title="bbox 1975 3386 3541 3463">
    <p class='ocr_par' dir='ltr' id='par_1_67' title="bbox 1975 3386 3541 3463">
     <span class='ocr_line' id='line_1_67' title="bbox 1975 3386 3541 3463; baseline 0.006 -22"><span class='ocrx_word' id='word_1_445' title='bbox 1975 3386 2175 3442; x_wconf 90' lang='lat' dir='ltr'><strong>incuria</strong></span> <span class='ocrx_word' id='word_1_446' title='bbox 2214 3387 2467 3443; x_wconf 89' lang='lat' dir='ltr'><strong>bonarum</strong></span> <span class='ocrx_word' id='word_1_447' title='bbox 2510 3391 2732 3455; x_wconf 84' lang='lat' dir='ltr'><strong>artium,</strong></span> <span class='ocrx_word' id='word_1_448' title='bbox 2781 3400 2840 3446; x_wconf 90' lang='lat' dir='ltr'><strong>ut</strong></span> <span class='ocrx_word' id='word_1_449' title='bbox 2887 3392 3043 3448; x_wconf 80' lang='lat' dir='ltr'><strong>simul</strong></span> <span class='ocrx_word' id='word_1_450' title='bbox 3082 3404 3241 3463; x_wconf 85' lang='lat' dir='ltr'><strong>atque</strong></span> <span class='ocrx_word' id='word_1_451' title='bbox 3267 3398 3541 3463; x_wconf 82' lang='lat' dir='ltr'><strong>senuerit,</strong></span> 
     </span>
    </p>
   </div>
   <div class='ocr_carea' id='block_1_68' title="bbox 1974 3478 3544 3555">
    <p class='ocr_par' dir='ltr' id='par_1_68' title="bbox 1974 3478 3544 3555">
     <span class='ocr_line' id='line_1_68' title="bbox 1974 3478 3544 3555; baseline 0.008 -25"><span class='ocrx_word' id='word_1_452' title='bbox 1974 3478 2291 3534; x_wconf 88' lang='lat' dir='ltr'><strong>acutissimis</strong></span> <span class='ocrx_word' id='word_1_453' title='bbox 2330 3480 2655 3549; x_wconf 87' lang='lat' dir='ltr'><strong>philosophis</strong></span> <span class='ocrx_word' id='word_1_454' title='bbox 2682 3497 2800 3537; x_wconf 83' lang='lat' dir='ltr'><strong>esse</strong></span> <span class='ocrx_word' id='word_1_455' title='bbox 2822 3483 2991 3538; x_wconf 89' lang='lat' dir='ltr'><strong>visum</strong></span> <span class='ocrx_word' id='word_1_456' title='bbox 3039 3484 3168 3540; x_wconf 88' lang='lat' dir='ltr'><strong>nihil</strong></span> <span class='ocrx_word' id='word_1_457' title='bbox 3210 3500 3366 3555; x_wconf 88' lang='lat' dir='ltr'><strong>posse</strong></span> <span class='ocrx_word' id='word_1_458' title='bbox 3393 3501 3544 3542; x_wconf 88' lang='lat' dir='ltr'><strong>com-</strong></span> 
     </span>
    </p>
   </div>
   <div class='ocr_carea' id='block_1_69' title="bbox 1976 3566 3541 3636">
    <p class='ocr_par' dir='ltr' id='par_1_69' title="bbox 1976 3566 3541 3636">
     <span class='ocr_line' id='line_1_69' title="bbox 1976 3566 3541 3636; baseline 0.003 -11"><span class='ocrx_word' id='word_1_459' title='bbox 1976 3566 2232 3636; x_wconf 88' lang='lat' dir='ltr'><strong>prehendi</strong></span> <span class='ocrx_word' id='word_1_460' title='bbox 2256 3609 2270 3634; x_wconf 90' lang='lat'><strong>,</strong></span> <span class='ocrx_word' id='word_1_461' title='bbox 2297 3569 2561 3624; x_wconf 88' lang='lat' dir='ltr'><strong>dimittant</strong></span> <span class='ocrx_word' id='word_1_462' title='bbox 2586 3580 2788 3627; x_wconf 89' lang='lat' dir='ltr'><strong>mentes</strong></span> <span class='ocrx_word' id='word_1_463' title='bbox 2814 3582 2867 3627; x_wconf 92' lang='lat' dir='ltr'><strong>et</strong></span> <span class='ocrx_word' id='word_1_464' title='bbox 2896 3573 2946 3627; x_wconf 93' lang='lat' dir='ltr'><strong>in</strong></span> <span class='ocrx_word' id='word_1_465' title='bbox 2973 3582 3231 3629; x_wconf 81' lang='lat' dir='ltr'><strong>aeternum</strong></span> <span class='ocrx_word' id='word_1_466' title='bbox 3259 3575 3541 3631; x_wconf 89' lang='lat' dir='ltr'><strong>obducant.</strong></span> 
     </span>
    </p>
   </div>
   <div class='ocr_carea' id='block_1_70' title="bbox 1974 3656 3545 3733">
    <p class='ocr_par' dir='ltr' id='par_1_70' title="bbox 1974 3656 3545 3733">
     <span class='ocr_line' id='line_1_70' title="bbox 1974 3656 3545 3733; baseline 0.005 -21"><span class='ocrx_word' id='word_1_467' title='bbox 1974 3656 2089 3713; x_wconf 89' lang='lat' dir='ltr'><strong>Non</strong></span> <span class='ocrx_word' id='word_1_468' title='bbox 2116 3660 2258 3713; x_wconf 89' lang='lat' dir='ltr'><strong>enim</strong></span> <span class='ocrx_word' id='word_1_469' title='bbox 2298 3660 2492 3714; x_wconf 89' lang='lat' dir='ltr'><strong>audent</strong></span> <span class='ocrx_word' id='word_1_470' title='bbox 2527 3662 2813 3718; x_wconf 86' lang='lat' dir='ltr'><strong>vivaciores</strong></span> <span class='ocrx_word' id='word_1_471' title='bbox 2836 3678 2894 3718; x_wconf 90' lang='lat' dir='ltr'><strong>se</strong></span> <span class='ocrx_word' id='word_1_472' title='bbox 2920 3663 3021 3718; x_wconf 90' lang='lat' dir='ltr'><strong>illis</strong></span> <span class='ocrx_word' id='word_1_473' title='bbox 3062 3663 3314 3733; x_wconf 75' lang='lat' dir='ltr'><strong>credere,</strong></span> <span class='ocrx_word' id='word_1_474' title='bbox 3361 3674 3419 3720; x_wconf 91' lang='lat' dir='ltr'><strong>ut</strong></span> <span class='ocrx_word' id='word_1_475' title='bbox 3444 3665 3545 3720; x_wconf 89' lang='lat' dir='ltr'><strong>sibi</strong></span> 
     </span>
    </p>
   </div>
   <div class='ocr_carea' id='block_1_71' title="bbox 1974 3749 3542 3821">
    <p class='ocr_par' dir='ltr' id='par_1_71' title="bbox 1974 3749 3542 3821">
     <span class='ocr_line' id='line_1_71' title="bbox 1974 3749 3542 3821; baseline 0.005 -20"><span class='ocrx_word' id='word_1_476' title='bbox 1974 3756 2224 3817; x_wconf 86' lang='lat' dir='ltr'><strong>appareat</strong></span> <span class='ocrx_word' id='word_1_477' title='bbox 2249 3749 2389 3818; x_wconf 55' lang='lat' dir='ltr'><strong>qﬁd</strong></span> <span class='ocrx_word' id='word_1_478' title='bbox 2420 3758 2565 3805; x_wconf 88' lang='lat' dir='ltr'><strong>tanto</strong></span> <span class='ocrx_word' id='word_1_479' title='bbox 2590 3751 2761 3806; x_wconf 89' lang='lat' dir='ltr'><strong>studio</strong></span> <span class='ocrx_word' id='word_1_480' title='bbox 2780 3794 2795 3816; x_wconf 92' lang='lat'><strong>,</strong></span> <span class='ocrx_word' id='word_1_481' title='bbox 2830 3752 3036 3821; x_wconf 86' lang='lat' dir='ltr'><strong>ingenio</strong></span> <span class='ocrx_word' id='word_1_482' title='bbox 3054 3795 3069 3820; x_wconf 88' lang='lat'><strong>,</strong></span> <span class='ocrx_word' id='word_1_483' title='bbox 3097 3755 3232 3819; x_wconf 90' lang='lat' dir='ltr'><strong>otio,</strong></span> <span class='ocrx_word' id='word_1_484' title='bbox 3263 3764 3365 3809; x_wconf 90' lang='lat' dir='ltr'><strong>tam</strong></span> <span class='ocrx_word' id='word_1_485' title='bbox 3393 3755 3542 3809; x_wconf 91' lang='lat' dir='ltr'><strong>deni-</strong></span> 
     </span>
    </p>
   </div>
   <div class='ocr_carea' id='block_1_72' title="bbox 1974 3839 3541 3911">
    <p class='ocr_par' dir='ltr' id='par_1_72' title="bbox 1974 3839 3541 3911">
     <span class='ocr_line' id='line_1_72' title="bbox 1974 3839 3541 3911; baseline 0.004 -18"><span class='ocrx_word' id='word_1_486' title='bbox 1974 3852 2077 3908; x_wconf 85' lang='lat' dir='ltr'><strong>que</strong></span> <span class='ocrx_word' id='word_1_487' title='bbox 2104 3839 2268 3894; x_wconf 92' lang='lat' dir='ltr'><strong>multa</strong></span> <span class='ocrx_word' id='word_1_488' title='bbox 2293 3840 2669 3911; x_wconf 67' lang='lat' dir='ltr'><strong>multiplicique</strong></span> <span class='ocrx_word' id='word_1_489' title='bbox 2696 3841 2955 3904; x_wconf 85' lang='lat' dir='ltr'><strong>doctrina,</strong></span> <span class='ocrx_word' id='word_1_490' title='bbox 2979 3851 3248 3911; x_wconf 87' lang='lat' dir='ltr'><strong>postremo</strong></span> <span class='ocrx_word' id='word_1_491' title='bbox 3265 3844 3369 3897; x_wconf 87' lang='lat' dir='ltr'><strong>vita</strong></span> <span class='ocrx_word' id='word_1_492' title='bbox 3385 3845 3541 3899; x_wconf 91' lang='lat' dir='ltr'><strong>etiam</strong></span> 
     </span>
    </p>
   </div>
   <div class='ocr_carea' id='block_1_73' title="bbox 1976 3928 3544 4000">
    <p class='ocr_par' dir='ltr' id='par_1_73' title="bbox 1976 3928 3544 4000">
     <span class='ocr_line' id='line_1_73' title="bbox 1976 3928 3544 4000; baseline 0.004 -18"><span class='ocrx_word' id='word_1_493' title='bbox 1976 3928 2277 3998; x_wconf 85' lang='lat' dir='ltr'><strong>longissima</strong></span> <span class='ocrx_word' id='word_1_494' title='bbox 2325 3929 2623 3986; x_wconf 88' lang='lat' dir='ltr'><strong>Carneades</strong></span> <span class='ocrx_word' id='word_1_495' title='bbox 2663 3931 2897 3986; x_wconf 86' lang='lat' dir='ltr'><strong>invenire</strong></span> <span class='ocrx_word' id='word_1_496' title='bbox 2943 3946 3046 3985; x_wconf 88' lang='lat' dir='ltr'><strong>non</strong></span> <span class='ocrx_word' id='word_1_497' title='bbox 3084 3933 3272 4000; x_wconf 91' lang='lat' dir='ltr'><strong>potuit.</strong></span> <span class='ocrx_word' id='word_1_498' title='bbox 3322 3931 3378 3987; x_wconf 88' lang='lat' dir='ltr'><strong>Si</strong></span> <span class='ocrx_word' id='word_1_499' title='bbox 3418 3948 3544 3989; x_wconf 88' lang='lat' dir='ltr'><strong>vero</strong></span> 
     </span>
    </p>
   </div>
   <div class='ocr_carea' id='block_1_74' title="bbox 1975 4019 3544 4091">
    <p class='ocr_par' dir='ltr' id='par_1_74' title="bbox 1975 4019 3544 4091">
     <span class='ocr_line' id='line_1_74' title="bbox 1975 4019 3544 4091; baseline 0.003 -18"><span class='ocrx_word' id='word_1_500' title='bbox 1975 4019 2134 4073; x_wconf 90' lang='lat' dir='ltr'><strong>etiam</strong></span> <span class='ocrx_word' id='word_1_501' title='bbox 2174 4019 2497 4090; x_wconf 88' lang='lat' dir='ltr'><strong>aliquantum</strong></span> <span class='ocrx_word' id='word_1_502' title='bbox 2532 4021 2826 4076; x_wconf 90' lang='lat' dir='ltr'><strong>obnitentes</strong></span> <span class='ocrx_word' id='word_1_503' title='bbox 2850 4020 3101 4076; x_wconf 89' lang='lat' dir='ltr'><strong>adversus</strong></span> <span class='ocrx_word' id='word_1_504' title='bbox 3131 4021 3423 4091; x_wconf 88' lang='lat' dir='ltr'><strong>pigritiam,</strong></span> <span class='ocrx_word' id='word_1_505' title='bbox 3468 4023 3544 4078; x_wconf 89' lang='lat' dir='ltr'><strong>le-</strong></span> 
     </span>
    </p>
   </div>
   <div class='ocr_carea' id='block_1_75' title="bbox 1973 4110 3541 4181">
    <p class='ocr_par' dir='ltr' id='par_1_75' title="bbox 1973 4110 3541 4181">
     <span class='ocr_line' id='line_1_75' title="bbox 1973 4110 3541 4181; baseline 0.001 -16"><span class='ocrx_word' id='word_1_506' title='bbox 1973 4112 2145 4179; x_wconf 86' lang='lat' dir='ltr'><strong>gerint</strong></span> <span class='ocrx_word' id='word_1_507' title='bbox 2168 4112 2381 4167; x_wconf 90' lang='lat' dir='ltr'><strong>eosdem</strong></span> <span class='ocrx_word' id='word_1_508' title='bbox 2411 4112 2607 4176; x_wconf 87' lang='lat' dir='ltr'><strong>libros,</strong></span> <span class='ocrx_word' id='word_1_509' title='bbox 2633 4112 2820 4181; x_wconf 77' lang='lat' dir='ltr'><strong>quibus</strong></span> <span class='ocrx_word' id='word_1_510' title='bbox 2844 4112 2991 4181; x_wconf 80' lang='lat' dir='ltr'><strong>quasi</strong></span> <span class='ocrx_word' id='word_1_511' title='bbox 3018 4110 3312 4166; x_wconf 89' lang='lat' dir='ltr'><strong>ostenditur</strong></span> <span class='ocrx_word' id='word_1_512' title='bbox 3339 4122 3541 4167; x_wconf 73' lang='lat' dir='ltr'><strong>natura:</strong></span> 
     </span>
    </p>
   </div>
   <div class='ocr_carea' id='block_1_76' title="bbox 1975 4202 3539 4274">
    <p class='ocr_par' dir='ltr' id='par_1_76' title="bbox 1975 4202 3539 4274">
     <span class='ocr_line' id='line_1_76' title="bbox 1975 4202 3539 4274; baseline 0.002 -18"><span class='ocrx_word' id='word_1_513' title='bbox 1975 4202 2217 4257; x_wconf 72' lang='lat' dir='ltr'><strong>humanm</strong></span> <span class='ocrx_word' id='word_1_514' title='bbox 2244 4203 2496 4274; x_wconf 84' lang='lat' dir='ltr'><strong>denegata</strong></span> <span class='ocrx_word' id='word_1_515' title='bbox 2538 4204 2829 4273; x_wconf 82' lang='lat' dir='ltr'><strong>perceptio;</strong></span> <span class='ocrx_word' id='word_1_516' title='bbox 2859 4212 3004 4257; x_wconf 87' lang='lat' dir='ltr'><strong>tanto</strong></span> <span class='ocrx_word' id='word_1_517' title='bbox 3037 4212 3249 4273; x_wconf 89' lang='lat' dir='ltr'><strong>torpore</strong></span> <span class='ocrx_word' id='word_1_518' title='bbox 3286 4204 3539 4259; x_wconf 86' lang='lat' dir='ltr'><strong>indormi-</strong></span> 
     </span>
    </p>
   </div>
   <div class='ocr_carea' id='block_1_77' title="bbox 1975 4292 3051 4362">
    <p class='ocr_par' dir='ltr' id='par_1_77' title="bbox 1975 4292 3051 4362">
     <span class='ocr_line' id='line_1_77' title="bbox 1975 4292 3051 4362; baseline -0.003 -14"><span class='ocrx_word' id='word_1_519' title='bbox 1975 4301 2156 4359; x_wconf 87' lang='lat' dir='ltr'><strong>scunt,</strong></span> <span class='ocrx_word' id='word_1_520' title='bbox 2190 4301 2246 4347; x_wconf 92' lang='lat' dir='ltr'><strong>ut</strong></span> <span class='ocrx_word' id='word_1_521' title='bbox 2272 4308 2371 4347; x_wconf 88' lang='lat' dir='ltr'><strong>nec</strong></span> <span class='ocrx_word' id='word_1_522' title='bbox 2398 4293 2603 4348; x_wconf 66' lang='lat' dir='ltr'><strong>caelesti</strong></span> <span class='ocrx_word' id='word_1_523' title='bbox 2630 4293 2748 4349; x_wconf 85' lang='lat' dir='ltr'><strong>tuba</strong></span> <span class='ocrx_word' id='word_1_524' title='bbox 2784 4292 3051 4362; x_wconf 84' lang='lat' dir='ltr'><strong>evigilent.</strong></span> 
     </span>
    </p>
   </div>
   <div class='ocr_carea' id='block_1_78' title="bbox 2045 4380 3538 4451">
    <p class='ocr_par' dir='ltr' id='par_1_78' title="bbox 2045 4380 3538 4451">
     <span class='ocr_line' id='line_1_78' title="bbox 2045 4380 3538 4451; baseline 0.001 -15"><span class='ocrx_word' id='word_1_525' title='bbox 2045 4383 2096 4436; x_wconf 74' lang='lat'><strong>3.</strong></span> <span class='ocrx_word' id='word_1_526' title='bbox 2127 4380 2476 4448; x_wconf 84' lang='lat' dir='ltr'><strong>Quamobrem</strong></span> <span class='ocrx_word' id='word_1_527' title='bbox 2501 4396 2619 4435; x_wconf 91' lang='lat' dir='ltr'><strong>cum</strong></span> <span class='ocrx_word' id='word_1_528' title='bbox 2648 4381 2998 4451; x_wconf 87' lang='lat' dir='ltr'><strong>gratissimum</strong></span> <span class='ocrx_word' id='word_1_529' title='bbox 3027 4381 3249 4436; x_wconf 88' lang='lat' dir='ltr'><strong>habeam</strong></span> <span class='ocrx_word' id='word_1_530' title='bbox 3276 4380 3432 4437; x_wconf 82' lang='lat' dir='ltr'><strong>ﬁdele</strong></span> <span class='ocrx_word' id='word_1_531' title='bbox 3459 4381 3538 4451; x_wconf 83' lang='lat' dir='ltr'><strong>ju-</strong></span> 
     </span>
    </p>
   </div>
   <div class='ocr_carea' id='block_1_79' title="bbox 1974 4471 3561 4541">
    <p class='ocr_par' dir='ltr' id='par_1_79' title="bbox 1974 4471 3561 4541">
     <span class='ocr_line' id='line_1_79' title="bbox 1974 4471 3561 4541; baseline -0.003 -14"><span class='ocrx_word' id='word_1_532' title='bbox 1974 4472 2168 4527; x_wconf 90' lang='lat' dir='ltr'><strong>dicium</strong></span> <span class='ocrx_word' id='word_1_533' title='bbox 2204 4481 2348 4527; x_wconf 91' lang='lat' dir='ltr'><strong>tuum</strong></span> <span class='ocrx_word' id='word_1_534' title='bbox 2386 4472 2452 4528; x_wconf 89' lang='lat' dir='ltr'><strong>de</strong></span> <span class='ocrx_word' id='word_1_535' title='bbox 2478 4472 2664 4527; x_wconf 86' lang='lat' dir='ltr'><strong>libellis</strong></span> <span class='ocrx_word' id='word_1_536' title='bbox 2708 4471 2841 4528; x_wconf 88' lang='lat' dir='ltr'><strong>meis</strong></span> <span class='ocrx_word' id='word_1_537' title='bbox 2864 4512 2879 4537; x_wconf 90' lang='lat'><strong>,</strong></span> <span class='ocrx_word' id='word_1_538' title='bbox 2928 4480 3237 4541; x_wconf 85' lang='lat' dir='ltr'><strong>tantumque</strong></span> <span class='ocrx_word' id='word_1_539' title='bbox 3264 4473 3316 4527; x_wconf 91' lang='lat' dir='ltr'><strong>in</strong></span> <span class='ocrx_word' id='word_1_540' title='bbox 3346 4480 3398 4527; x_wconf 91' lang='lat' dir='ltr'><strong>te</strong></span> <span class='ocrx_word' id='word_1_541' title='bbox 3422 4488 3561 4528; x_wconf 38' lang='lat' dir='ltr'><strong>mor</strong></span> 
     </span>
    </p>
   </div>
   <div class='ocr_carea' id='block_1_80' title="bbox 1974 4564 3543 4634">
    <p class='ocr_par' dir='ltr' id='par_1_80' title="bbox 1974 4564 3543 4634">
     <span class='ocr_line' id='line_1_80' title="bbox 1974 4564 3543 4634; baseline -0.001 -13"><span class='ocrx_word' id='word_1_542' title='bbox 1974 4564 2136 4621; x_wconf 86' lang='lat' dir='ltr'><strong>menti</strong></span> <span class='ocrx_word' id='word_1_543' title='bbox 2166 4578 2355 4633; x_wconf 86' lang='lat' dir='ltr'><strong>ponam</strong></span> <span class='ocrx_word' id='word_1_544' title='bbox 2375 4605 2389 4628; x_wconf 92' lang='lat'><strong>,</strong></span> <span class='ocrx_word' id='word_1_545' title='bbox 2416 4572 2475 4618; x_wconf 90' lang='lat' dir='ltr'><strong>ut</strong></span> <span class='ocrx_word' id='word_1_546' title='bbox 2512 4578 2609 4618; x_wconf 89' lang='lat' dir='ltr'><strong>nec</strong></span> <span class='ocrx_word' id='word_1_547' title='bbox 2633 4579 2785 4618; x_wconf 90' lang='lat' dir='ltr'><strong>error</strong></span> <span class='ocrx_word' id='word_1_548' title='bbox 2810 4564 2862 4618; x_wconf 90' lang='lat' dir='ltr'><strong>in</strong></span> <span class='ocrx_word' id='word_1_549' title='bbox 2890 4573 3031 4619; x_wconf 87' lang='lat' dir='ltr'><strong>tuam</strong></span> <span class='ocrx_word' id='word_1_550' title='bbox 3058 4564 3383 4634; x_wconf 88' lang='lat' dir='ltr'><strong>prudentiam</strong></span> <span class='ocrx_word' id='word_1_551' title='bbox 3402 4605 3417 4630; x_wconf 89' lang='lat'><strong>,</strong></span> <span class='ocrx_word' id='word_1_552' title='bbox 3444 4579 3543 4620; x_wconf 85' lang='lat' dir='ltr'><strong>nec</strong></span> 
     </span>
    </p>
   </div>
   <div class='ocr_carea' id='block_1_81' title="bbox 1975 4653 3540 4724">
    <p class='ocr_par' dir='ltr' id='par_1_81' title="bbox 1975 4653 3540 4724">
     <span class='ocr_line' id='line_1_81' title="bbox 1975 4653 3540 4724; baseline 0.003 -19"><span class='ocrx_word' id='word_1_553' title='bbox 1975 4653 2026 4706; x_wconf 90' lang='lat' dir='ltr'><strong>in</strong></span> <span class='ocrx_word' id='word_1_554' title='bbox 2049 4654 2329 4708; x_wconf 89' lang='lat' dir='ltr'><strong>amicitiam</strong></span> <span class='ocrx_word' id='word_1_555' title='bbox 2354 4655 2619 4709; x_wconf 79' lang='lat' dir='ltr'><strong>simulatio</strong></span> <span class='ocrx_word' id='word_1_556' title='bbox 2640 4653 2831 4709; x_wconf 85' lang='lat' dir='ltr'><strong>cadere</strong></span> <span class='ocrx_word' id='word_1_557' title='bbox 2860 4655 3043 4723; x_wconf 90' lang='lat' dir='ltr'><strong>possit,</strong></span> <span class='ocrx_word' id='word_1_558' title='bbox 3074 4654 3202 4709; x_wconf 89' lang='lat' dir='ltr'><strong>illud</strong></span> <span class='ocrx_word' id='word_1_559' title='bbox 3229 4654 3394 4724; x_wconf 87' lang='lat' dir='ltr'><strong>magis</strong></span> <span class='ocrx_word' id='word_1_560' title='bbox 3416 4663 3540 4724; x_wconf 88' lang='lat' dir='ltr'><strong>peto</strong></span> 
     </span>
    </p>
   </div>
   <div class='ocr_carea' id='block_1_82' title="bbox 1974 4741 3539 4811">
    <p class='ocr_par' dir='ltr' id='par_1_82' title="bbox 1974 4741 3539 4811">
     <span class='ocr_line' id='line_1_82' title="bbox 1974 4741 3539 4811; baseline -0.001 -16"><span class='ocrx_word' id='word_1_561' title='bbox 1974 4741 2274 4811; x_wconf 81' lang='lat' dir='ltr'><strong>diligentius</strong></span> <span class='ocrx_word' id='word_1_562' title='bbox 2300 4742 2636 4808; x_wconf 87' lang='lat' dir='ltr'><strong>consideres,</strong></span> <span class='ocrx_word' id='word_1_563' title='bbox 2681 4743 2913 4811; x_wconf 85' lang='lat' dir='ltr'><strong>mihique</strong></span> <span class='ocrx_word' id='word_1_564' title='bbox 2955 4742 3212 4796; x_wconf 82' lang='lat' dir='ltr'><strong>rescribas</strong></span> <span class='ocrx_word' id='word_1_565' title='bbox 3241 4750 3414 4795; x_wconf 90' lang='lat' dir='ltr'><strong>utrum</strong></span> <span class='ocrx_word' id='word_1_566' title='bbox 3444 4758 3539 4811; x_wconf 88' lang='lat' dir='ltr'><strong>ap-</strong></span> 
     </span>
    </p>
   </div>
   <div class='ocr_carea' id='block_1_83' title="bbox 1974 4829 3540 4901">
    <p class='ocr_par' dir='ltr' id='par_1_83' title="bbox 1974 4829 3540 4901">
     <span class='ocr_line' id='line_1_83' title="bbox 1974 4829 3540 4901; baseline 0 -16"><span class='ocrx_word' id='word_1_567' title='bbox 1974 4832 2164 4901; x_wconf 91' lang='lat' dir='ltr'><strong>probes</strong></span> <span class='ocrx_word' id='word_1_568' title='bbox 2190 4831 2330 4901; x_wconf 90' lang='lat' dir='ltr'><strong>quod</strong></span> <span class='ocrx_word' id='word_1_569' title='bbox 2374 4832 2428 4886; x_wconf 86' lang='lat' dir='ltr'><strong>in</strong></span> <span class='ocrx_word' id='word_1_570' title='bbox 2466 4843 2703 4887; x_wconf 82' lang='lat' dir='ltr'><strong>extremo</strong></span> <span class='ocrx_word' id='word_1_571' title='bbox 2734 4832 2871 4886; x_wconf 89' lang='lat' dir='ltr'><strong>tertii</strong></span> <span class='ocrx_word' id='word_1_572' title='bbox 2910 4831 3026 4886; x_wconf 89' lang='lat' dir='ltr'><strong>libri</strong></span> <span class='ocrx_word' id='word_1_573' title='bbox 3068 4830 3407 4900; x_wconf 76' lang='lat' dir='ltr'><strong>saepiciosius</strong></span> <span class='ocrx_word' id='word_1_574' title='bbox 3433 4829 3540 4886; x_wconf 52' lang='lat' dir='ltr'><strong>fora</strong></span> 
     </span>
    </p>
   </div>
   <div class='ocr_carea' id='block_1_84' title="bbox 1974 4921 3540 4991">
    <p class='ocr_par' dir='ltr' id='par_1_84' title="bbox 1974 4921 3540 4991">
     <span class='ocr_line' id='line_1_84' title="bbox 1974 4921 3540 4991; baseline -0.001 -16"><span class='ocrx_word' id='word_1_575' title='bbox 1974 4928 2114 4975; x_wconf 86' lang='lat' dir='ltr'><strong>tasse</strong></span> <span class='ocrx_word' id='word_1_576' title='bbox 2134 4936 2292 4991; x_wconf 86' lang='lat' dir='ltr'><strong>quam</strong></span> <span class='ocrx_word' id='word_1_577' title='bbox 2313 4922 2506 4976; x_wconf 90' lang='lat' dir='ltr'><strong>certius</strong></span> <span class='ocrx_word' id='word_1_578' title='bbox 2528 4962 2543 4988; x_wconf 89' lang='lat'><strong>,</strong></span> <span class='ocrx_word' id='word_1_579' title='bbox 2571 4922 2751 4978; x_wconf 84' lang='lat' dir='ltr'><strong>utilius</strong></span> <span class='ocrx_word' id='word_1_580' title='bbox 2782 4931 2954 4976; x_wconf 87' lang='lat' dir='ltr'><strong>tamen</strong></span> <span class='ocrx_word' id='word_1_581' title='bbox 2973 4960 2989 4987; x_wconf 89' lang='lat'><strong>,</strong></span> <span class='ocrx_word' id='word_1_582' title='bbox 3018 4928 3076 4975; x_wconf 91' lang='lat' dir='ltr'><strong>ut</strong></span> <span class='ocrx_word' id='word_1_583' title='bbox 3102 4921 3354 4987; x_wconf 86' lang='lat' dir='ltr'><strong>arbitror,</strong></span> <span class='ocrx_word' id='word_1_584' title='bbox 3384 4935 3540 4990; x_wconf 89' lang='lat' dir='ltr'><strong>quam</strong></span> 
     </span>
    </p>
   </div>
   <div class='ocr_carea' id='block_1_85' title="bbox 1973 5012 3541 5083">
    <p class='ocr_par' dir='ltr' id='par_1_85' title="bbox 1973 5012 3541 5083">
     <span class='ocr_line' id='line_1_85' title="bbox 1973 5012 3541 5083; baseline -0.001 -17"><span class='ocrx_word' id='word_1_585' title='bbox 1973 5012 2330 5066; x_wconf 89' lang='lat' dir='ltr'><strong>incredibilius</strong></span> <span class='ocrx_word' id='word_1_586' title='bbox 2388 5013 2566 5082; x_wconf 87' lang='lat' dir='ltr'><strong>putavi</strong></span> <span class='ocrx_word' id='word_1_587' title='bbox 2622 5013 2965 5070; x_wconf 85' lang='lat' dir='ltr'><strong>credendum.</strong></span> <span class='ocrx_word' id='word_1_588' title='bbox 3020 5013 3274 5083; x_wconf 82' lang='lat' dir='ltr'><strong>Equidem</strong></span> <span class='ocrx_word' id='word_1_589' title='bbox 3331 5026 3541 5081; x_wconf 90' lang='lat' dir='ltr'><strong>quoquo</strong></span> 
     </span>
    </p>
   </div>
   <div class='ocr_carea' id='block_1_86' title="bbox 1975 5100 3541 5170">
    <p class='ocr_par' dir='ltr' id='par_1_86' title="bbox 1975 5100 3541 5170">
     <span class='ocr_line' id='line_1_86' title="bbox 1975 5100 3541 5170; baseline -0.001 -15"><span class='ocrx_word' id='word_1_590' title='bbox 1975 5100 2132 5155; x_wconf 91' lang='lat' dir='ltr'><strong>modo</strong></span> <span class='ocrx_word' id='word_1_591' title='bbox 2158 5116 2215 5155; x_wconf 90' lang='lat' dir='ltr'><strong>se</strong></span> <span class='ocrx_word' id='word_1_592' title='bbox 2241 5101 2469 5157; x_wconf 86' lang='lat' dir='ltr'><strong>habeant</strong></span> <span class='ocrx_word' id='word_1_593' title='bbox 2509 5102 2615 5157; x_wconf 65' lang='lat' dir='ltr'><strong>illae</strong></span> <span class='ocrx_word' id='word_1_594' title='bbox 2640 5102 2828 5158; x_wconf 75' lang='lat' dir='ltr'><strong>littera:</strong></span> <span class='ocrx_word' id='word_1_595' title='bbox 2851 5143 2866 5170; x_wconf 90' lang='lat'><strong>,</strong></span> <span class='ocrx_word' id='word_1_596' title='bbox 2912 5116 3016 5157; x_wconf 89' lang='lat' dir='ltr'><strong>non</strong></span> <span class='ocrx_word' id='word_1_597' title='bbox 3061 5111 3168 5156; x_wconf 88' lang='lat' dir='ltr'><strong>tam</strong></span> <span class='ocrx_word' id='word_1_598' title='bbox 3205 5117 3290 5157; x_wconf 89' lang='lat' dir='ltr'><strong>me</strong></span> <span class='ocrx_word' id='word_1_599' title='bbox 3316 5101 3541 5155; x_wconf 87' lang='lat' dir='ltr'><strong>delectat</strong></span> 
     </span>
    </p>
   </div>
   <div class='ocr_carea' id='block_1_87' title="bbox 1973 5189 3536 5263">
    <p class='ocr_par' dir='ltr' id='par_1_87' title="bbox 1973 5189 3536 5263">
     <span class='ocr_line' id='line_1_87' title="bbox 1973 5189 3536 5263; baseline -0.001 -20"><span class='ocrx_word' id='word_1_600' title='bbox 1973 5189 2116 5258; x_wconf 91' lang='lat' dir='ltr'><strong>quod</strong></span> <span class='ocrx_word' id='word_1_601' title='bbox 2146 5230 2160 5255; x_wconf 92' lang='lat'><strong>,</strong></span> <span class='ocrx_word' id='word_1_602' title='bbox 2191 5198 2247 5243; x_wconf 93' lang='lat' dir='ltr'><strong>ut</strong></span> <span class='ocrx_word' id='word_1_603' title='bbox 2275 5190 2462 5245; x_wconf 84' lang='lat' dir='ltr'><strong>scribis</strong></span> <span class='ocrx_word' id='word_1_604' title='bbox 2481 5232 2496 5257; x_wconf 94' lang='lat'><strong>,</strong></span> <span class='ocrx_word' id='word_1_605' title='bbox 2526 5190 2871 5247; x_wconf 85' lang='lat' dir='ltr'><strong>Academicos</strong></span> <span class='ocrx_word' id='word_1_606' title='bbox 2913 5192 3125 5247; x_wconf 88' lang='lat' dir='ltr'><strong>vicerim</strong></span> <span class='ocrx_word' id='word_1_607' title='bbox 3156 5191 3361 5263; x_wconf 85' lang='lat' dir='ltr'><strong>(scribis</strong></span> <span class='ocrx_word' id='word_1_608' title='bbox 3397 5190 3536 5243; x_wconf 90' lang='lat' dir='ltr'><strong>enim</strong></span> 
     </span>
    </p>
   </div>
   <div class='ocr_carea' id='block_1_88' title="bbox 1974 5278 3538 5354">
    <p class='ocr_par' dir='ltr' id='par_1_88' title="bbox 1974 5278 3538 5354">
     <span class='ocr_line' id='line_1_88' title="bbox 1974 5278 3538 5354; baseline 0.001 -22"><span class='ocrx_word' id='word_1_609' title='bbox 1974 5279 2076 5333; x_wconf 92' lang='lat' dir='ltr'><strong>hoc</strong></span> <span class='ocrx_word' id='word_1_610' title='bbox 2120 5281 2382 5335; x_wconf 90' lang='lat' dir='ltr'><strong>amantius</strong></span> <span class='ocrx_word' id='word_1_611' title='bbox 2417 5279 2551 5335; x_wconf 76' lang='lat' dir='ltr'><strong>forte</strong></span> <span class='ocrx_word' id='word_1_612' title='bbox 2576 5296 2732 5351; x_wconf 86' lang='lat' dir='ltr'><strong>quam</strong></span> <span class='ocrx_word' id='word_1_613' title='bbox 2762 5282 2994 5354; x_wconf 84' lang='lat' dir='ltr'><strong>verius),</strong></span> <span class='ocrx_word' id='word_1_614' title='bbox 3044 5297 3197 5352; x_wconf 86' lang='lat' dir='ltr'><strong>quam</strong></span> <span class='ocrx_word' id='word_1_615' title='bbox 3242 5278 3382 5350; x_wconf 89' lang='lat' dir='ltr'><strong>quod</strong></span> <span class='ocrx_word' id='word_1_616' title='bbox 3410 5280 3538 5333; x_wconf 85' lang='lat' dir='ltr'><strong>mihi</strong></span> 
     </span>
    </p>
   </div>
   <div class='ocr_carea' id='block_1_89' title="bbox 1976 5367 3538 5439">
    <p class='ocr_par' dir='ltr' id='par_1_89' title="bbox 1976 5367 3538 5439">
     <span class='ocr_line' id='line_1_89' title="bbox 1976 5367 3538 5439; baseline -0.001 -16"><span class='ocrx_word' id='word_1_617' title='bbox 1976 5369 2282 5439; x_wconf 89' lang='lat' dir='ltr'><strong>abruperim</strong></span> <span class='ocrx_word' id='word_1_618' title='bbox 2312 5370 2702 5426; x_wconf 83' lang='lat' dir='ltr'><strong>odiosissimum</strong></span> <span class='ocrx_word' id='word_1_619' title='bbox 2730 5370 3074 5426; x_wconf 86' lang='lat' dir='ltr'><strong>retinaculum</strong></span> <span class='ocrx_word' id='word_1_620' title='bbox 3095 5410 3111 5436; x_wconf 95' lang='lat'><strong>,</strong></span> <span class='ocrx_word' id='word_1_621' title='bbox 3150 5385 3255 5439; x_wconf 92' lang='lat' dir='ltr'><strong>quo</strong></span> <span class='ocrx_word' id='word_1_622' title='bbox 3276 5368 3343 5422; x_wconf 91' lang='lat' dir='ltr'><strong>ab</strong></span> <span class='ocrx_word' id='word_1_623' title='bbox 3368 5367 3538 5437; x_wconf 88' lang='lat' dir='ltr'><strong>philo-</strong></span> 
     </span>
    </p>
   </div>
   <div class='ocr_carea' id='block_1_90' title="bbox 1972 5509 3533 5578">
    <p class='ocr_par' dir='ltr' id='par_1_90' title="bbox 1972 5509 3533 5578">
     <span class='ocr_line' id='line_1_90' title="bbox 1972 5509 3533 5578; baseline -0.001 -18"><span class='ocrx_word' id='word_1_624' title='bbox 1972 5514 2129 5578; x_wconf 71' lang='lat' dir='ltr'><strong>vimus</strong></span> <span class='ocrx_word' id='word_1_625' title='bbox 2151 5512 2209 5578; x_wconf 78' lang='lat' dir='ltr'><strong>ad</strong></span> <span class='ocrx_word' id='word_1_626' title='bbox 2228 5513 2401 5578; x_wconf 85' lang='lat' dir='ltr'><strong>decem</strong></span> <span class='ocrx_word' id='word_1_627' title='bbox 2651 5514 2851 5578; x_wconf 84' lang='lat' dir='ltr'><strong>habent,</strong></span> <span class='ocrx_word' id='word_1_628' title='bbox 2874 5527 2959 5578; x_wconf 85' lang='lat' dir='ltr'><strong>per</strong></span> <span class='ocrx_word' id='word_1_629' title='bbox 2979 5512 3225 5578; x_wconf 68' lang='lat' dir='ltr'><strong>verborum</strong></span> 
     </span>
    </p>
   </div>
   <div class='ocr_carea' id='block_1_91' title="bbox 1971 5574 3539 5685">
    <p class='ocr_par' dir='ltr' id='par_1_91' title="bbox 1971 5574 3539 5685">
     <span class='ocr_line' id='line_1_91' title="bbox 1971 5574 3539 5644; baseline 0.001 -23"><span class='ocrx_word' id='word_1_630' title='bbox 1971 5574 2231 5632; x_wconf 89' lang='lat' dir='ltr'><strong>deterruit,</strong></span> <span class='ocrx_word' id='word_1_631' title='bbox 2245 5576 2366 5644; x_wconf 69' lang='lat' dir='ltr'><strong>sive,</strong></span> <span class='ocrx_word' id='word_1_632' title='bbox 2391 5574 2557 5626; x_wconf 82' lang='lat' dir='ltr'><strong>terruit</strong></span> <span class='ocrx_word' id='word_1_633' title='bbox 2570 5574 2589 5637; x_wconf 65' lang='grc' dir='ltr'><em>ξ</em></span> <span class='ocrx_word' id='word_1_634' title='bbox 2607 5589 2635 5625; x_wconf 92' lang='lat' dir='ltr'><strong>e</strong></span> <span class='ocrx_word' id='word_1_635' title='bbox 2649 5577 2824 5640; x_wconf 85' lang='lat' dir='ltr'><strong>quibus</strong></span> <span class='ocrx_word' id='word_1_636' title='bbox 2836 5574 2996 5626; x_wconf 80' lang='lat' dir='ltr'><strong>tamen</strong></span> <span class='ocrx_word' id='word_1_637' title='bbox 3017 5574 3203 5624; x_wconf 86' lang='lat' dir='ltr'><strong>nonnisi</strong></span> <span class='ocrx_word' id='word_1_638' title='bbox 3220 5574 3314 5623; x_wconf 88' lang='lat' dir='ltr'><strong>duo</strong></span> <span class='ocrx_word' id='word_1_639' title='bbox 3326 5574 3539 5625; x_wconf 82' lang='lat' dir='ltr'><strong>retinent</strong></span> 
     </span>
     <span class='ocr_line' id='line_1_92' title="bbox 1975 5640 2405 5685; baseline 0.002 -3"><span class='ocrx_word' id='word_1_640' title='bbox 1975 5647 2141 5684; x_wconf 82' lang='lat' dir='ltr'><strong>vocem</strong></span> <span class='ocrx_word' id='word_1_641' title='bbox 2162 5640 2405 5685; x_wconf 73' lang='lat' dir='ltr'><strong>sententia.</strong></span> 
     </span>
    </p>
   </div>
  </div>
