4044 6338
422 4639 426 4648 ’
653 4640 824 4696 θβίνγθί
846 4635 905 4683 ad

513 282 593 341 ὅτι
1737 288 1796 343 8.
1830 287 2075 344 Αυϐἰῖὃῗ

2181 287 2193 342 I
2234 288 2530 348 EPISCOPI
3693 305 3763 362 64

505 403 707 476 sophiae
736 402 895 459 ubere
921 401 1288 470 desperatione
1317 402 1460 472 veri,
1491 403 1630 473 quod
1658 411 1738 458 est
1781 404 1942 457 animi
1983 419 2080 474 pa-

511 492 692 550 bulum
713 536 728 562 ,
757 492 1082 554 refrenabar.

982 603 1332 659 EPISTOLA
1362 604 1406 658 Il
1443 608 1463 628 ⁸
1485 604 1582 675 (α).

505 692 726 750 Zenobio
752 693 1053 749 desiderium
1071 697 1272 767 exponit
1293 713 1458 762 suum,
1478 707 1532 750 ut
1552 697 1938 769 disputationem
1955 702 2083 756 inter

904 803 958 841 se
979 797 1190 858 coeptam
1205 829 1220 854 ,
1247 791 1375 842 inter
1401 805 1454 844 se
1476 790 1676 859 ﬁniant.

946 912 1165 954 ZENOBIO
1193 896 1266 971 (ὁ)
1293 913 1628 972 Αυουετιιςιυε.

577 1008 630 1062 1.
679 1008 820 1063 Bene
846 1007 984 1063 inter
1007 1007 1106 1063 nos
1129 1008 1410 1074 convenit,
1436 1018 1494 1064 ut
1511 1011 1702 1082 opinor
1719 1053 1734 1078 ,
1761 1013 1938 1067 omnia
1961 1029 2081 1084 qua:

502 1111 792 1166 corporeus
811 1110 999 1151 sensus
1022 1097 1248 1167 attingit,
1275 1113 1344 1152 ne
1364 1108 1560 1168 puncto
1583 1101 1796 1170 quidem
1825 1103 2079 1172 temporis

501 1187 690 1244 eodem
707 1187 866 1262 modo
890 1202 1108 1263 manere
1132 1204 1308 1258 posse,
1339 1191 1434 1246 sed
1461 1191 1598 1257 labi,
1625 1192 1843 1260 efﬂuere
1863 1202 1918 1248 et
1946 1210 2080 1264 prac-

502 1293 628 1334 sens
649 1279 776 1333 nihil
803 1279 1063 1346 obtinere,
1091 1280 1141 1334 id
1162 1290 1244 1336 est
1259 1322 1275 1346 ,
1302 1290 1361 1336 ut
1381 1281 1543 1338 latine
1569 1283 1781 1355 loquar,
1813 1301 1918 1341 non
1937 1301 2076 1342 esse.

501 1369 702 1424 Horum
737 1370 916 1440 itaque
941 1370 1446 1441 perniciosissimum
1470 1388 1706 1431 amorem
1723 1415 1739 1442 ,
1772 1391 2078 1446 poenarum.

499 1473 603 1530 que
630 1462 1024 1531 plenissimum,
1069 1480 1197 1520 vera
1233 1472 1287 1519 et
1313 1465 1490 1521 divina
1520 1467 1852 1539 philosophia
1900 1476 2082 1524 monet

499 1550 709 1608 frenare
747 1561 904 1624 atque
929 1555 1140 1624 sopire;
1169 1565 1228 1610 ut
1265 1571 1324 1612 se
1362 1565 1474 1611 toto
1501 1557 1737 1623 animus,
1765 1558 1924 1613 etiam
1954 1559 2078 1614 dum

499 1644 600 1699 hoc
620 1660 814 1716 corpus
837 1647 964 1717 agit,
992 1649 1045 1701 in
1067 1663 1128 1702 ea
1154 1665 1274 1718 qua:
1289 1664 1500 1721 semper
1514 1651 1752 1720 ejusdem
1772 1653 1914 1708 modi
1935 1662 2076 1721 sunt,

499 1749 598 1792 nec
620 1737 899 1807 peregrino
928 1737 1146 1806 pulchro
1186 1740 1431 1808 placent,
1463 1741 1666 1798 feratur
1684 1755 1844 1814 atque
1867 1755 2075 1803 azstuet.

497 1826 627 1892 Qua:
648 1842 768 1881 cum
799 1827 869 1882 ita
913 1828 1056 1894 sint,
1089 1837 1145 1884 et
1186 1845 1305 1884 cum
1337 1840 1388 1887 te
1417 1847 1602 1888 verum
1642 1849 1706 1890 ac
1750 1837 2076 1906 simplicem,

496 1919 670 1988 qualis
708 1919 824 1975 sine
867 1921 971 1976 ulla
1011 1922 1370 1982 sollicitudine
1391 1926 1558 1980 amari
1585 1936 1768 1996 potes,
1801 1928 1853 1981 in
1881 1937 2079 1984 semet-

497 2009 610 2080 ipsa
650 2025 802 2066 mens
825 2011 1029 2079 videat,
1077 2013 1304 2091 fatemur
1330 2025 1504 2072 tamen
1531 2031 1874 2088 congressum
1920 2019 2078 2076 istum

495 2110 654 2171 atque
673 2112 1016 2172 conspectum
1053 2113 1198 2160 tuum
1219 2146 1235 2173 ,
1262 2120 1382 2161 cum
1409 2122 1441 2161 a
1478 2108 1632 2163 nobis
1655 2109 2082 2188 corporediscc-

495 2192 612 2259 dis,
641 2193 876 2264 locisque
919 2194 1247 2265 seiungeris,
1290 2213 1530 2268 qutcrere
1559 2214 1696 2266 nos,
1740 2186 1909 2272 eoque
1951 2202 2077 2261 dum

494 2283 622 2340 licet
653 2300 868 2354 cupere.
900 2286 1052 2352 Quod
1085 2287 1322 2357 profecto
1355 2289 1572 2356 vitium,
1607 2291 1653 2346 si
1681 2301 1731 2348 te
1757 2292 1894 2349 bene
1919 2296 2075 2361 novi,

495 2390 645 2431 amas
665 2377 718 2430 in
755 2376 942 2442 nobis;
977 2385 1032 2434 et
1058 2394 1180 2434 cum
1210 2381 1384 2435 omnia
1415 2381 1553 2437 bona
1579 2392 1730 2454 optes
1749 2385 2079 2444 charissimis

497 2473 554 2519 et
596 2464 1020 2523 familiarissimis
1046 2469 1180 2537 tuis,
1221 2470 1288 2525 ab
1317 2471 1419 2526 hoc
1445 2487 1539 2528 eos
1575 2475 1749 2529 sanari
1779 2477 1988 2531 metuis.
2020 2477 2077 2534 Si

497 2565 677 2610 autem
717 2565 822 2611 tam
851 2559 1051 2627 potenti
1081 2560 1260 2615 animo
1302 2575 1390 2627 es,
1442 2571 1500 2616 ut
1541 2571 1595 2618 et
1621 2578 1908 2634 agnoscere
1937 2565 2079 2625 hunc

500 2645 771 2717 laqueum,
800 2657 855 2703 et
879 2664 945 2704 eo
973 2659 1157 2720 captos
1181 2651 1401 2707 irridere
1426 2653 1605 2709 valeas
1623 2697 1636 2720 ,
1671 2672 1753 2710 nae
1776 2667 1827 2712 tu
1855 2675 2076 2732 magnus

491 2746 649 2806 atque
669 2738 824 2792 alius.
851 2739 965 2810 Ego
989 2740 1202 2809 quidem
1225 2743 1474 2812 quamdiu
1499 2743 1748 2800 desidero
1773 2747 2070 2817 absentem,

492 2825 781 2882 desiderari
811 2843 896 2884 me
925 2829 1067 2883 volo.
1099 2831 1316 2902 Invigilo
1347 2841 1522 2888 tamen
1543 2876 1558 2901 ,
1601 2846 1852 2905 quantum
1901 2853 2037 2908 queo
2056 2883 2070 2908 ,

489 2923 548 2968 et
570 2917 744 2971 enitor
763 2957 778 2984 ,
801 2928 855 2972 ut
884 2918 1011 2972 nihil
1037 2934 1208 2975 amem
1239 2922 1380 2991 quod
1407 2922 1594 2979 abesse
1617 2941 1647 2979 a
1677 2941 1761 2981 me
1790 2927 1953 2983 invito
1980 2944 2075 2999 po-

491 3014 615 3060 test.
643 3005 884 3074 Quocum
926 3008 1103 3066 oﬂicio
1140 3026 1456 3068 commoneo
1486 3021 1538 3068 tc
1582 3015 1790 3071 interim
1813 3059 1827 3085 ,
1870 3020 2072 3088 qualis-

489 3111 716 3170 cumque
756 3099 865 3165 sis,
910 3100 1209 3157 inchoatam
1251 3113 1424 3159 tecum
1460 3099 1867 3177 di3pntationem
1915 3113 2073 3180 perﬁ-

489 3189 772 3256 ciendam,
819 3193 864 3246 si
912 3207 1054 3250 curae
1099 3195 1496 3266 nobismetipsis
1542 3214 1744 3254 sumus.
1793 3201 1922 3255 Nam
1955 3218 2071 3258 cam

489 3296 613 3336 cum
639 3283 831 3354 Alypio
854 3285 1035 3354 perﬁci
1066 3301 1394 3357 nequaquam
1420 3289 1648 3344 sinerem
1672 3333 1686 3356 ,
1728 3292 1936 3346 etiamsi
1956 3293 2072 3349 vcl-

492 3372 583 3428 let.
614 3371 729 3427 Non
760 3373 873 3428 vult
906 3383 1103 3430 autem.
1149 3376 1263 3431 Non
1292 3377 1432 3433 enim
1473 3388 1555 3434 est
1581 3379 1925 3442 humanitatis
1959 3384 2074 3453 ejus

491 3476 635 3517 nunc
659 3477 864 3517 mecum
892 3477 1108 3534 Operam
1135 3465 1263 3521 dare
1284 3508 1298 3533 ,
1330 3476 1387 3521 ut
1416 3469 1467 3522 in
1491 3484 1648 3538 quam
1681 3473 1861 3526 multis
1889 3489 2074 3543 possc-

493 3565 613 3606 mus
641 3551 829 3609 litteris
856 3562 908 3608 te
935 3553 1210 3610 nobiscum
1241 3565 1532 3625 teneamus,
1562 3561 1743 3616 nescio
1771 3578 1874 3633 qua
1897 3558 2074 3627 neccs¥

491 3642 651 3698 sitate
671 3641 979 3714 fugientem.

962 3714 1287 3772 EPISTOLA
1318 3717 1384 3772 nt
1433 3721 1474 3743 ο·
1505 3718 1602 3789 (ο).
1714 3715 1764 3766 ο

494 3802 740 3858 Nebridio
774 3805 1042 3874 respondet
1065 3806 1374 3879 Augustinus
1399 3809 1648 3864 immerito
1675 3828 1729 3866 se
1762 3813 1825 3868 ab
1850 3815 1960 3886 ipso
1985 3832 2074 3871 vo-

563 3893 670 3946 cari
693 3893 890 3950 beatum
913 3935 928 3958 ,
972 3895 1062 3966 qui
1095 3905 1196 3951 tam
1220 3899 1380 3953 multa
1404 3901 1616 3970 ignoret.
1652 3901 1766 3969 Qua
1803 3905 1856 3958 in
1895 3921 1953 3960 re
1976 3908 2075 3961 sita

561 3986 625 4039 sit
652 4000 767 4039 uera
794 3985 1066 4042 beatitudo.

821 4105 829 4109 -
915 4094 1161 4136 ιιιειιιιιιιιο
1187 4080 1265 4154 (d)
1295 4099 1638 4142 aucus'rtrms.

566 4168 618 4222 1.
660 4166 850 4223 Utrum
880 4171 1060 4234 nescio
1085 4187 1223 4242 quo,
1270 4182 1327 4227 ut
1373 4175 1444 4230 ita
1468 4175 1638 4231 dicam
1664 4217 1679 4244 ,
1716 4177 2075 4251 blandiloqniu

495 4267 585 4311 tuo
612 4259 805 4314 laetum
834 4269 1014 4330 putem
1033 4303 1047 4328 ,
1083 4276 1149 4316 an
1177 4279 1299 4317 vere
1326 4265 1398 4319 ita
1439 4280 1498 4321 se
1521 4282 1610 4321 res
1642 4268 1864 4337 habeat;
1898 4271 2074 4328 inccr-

494 4358 605 4402 tum
628 4348 769 4418 apud
803 4365 888 4404 me
911 4358 1009 4405 est.
1043 4351 1171 4405 Nam
1199 4363 1418 4422 repente
1445 4358 1669 4425 accidit,
1699 4375 1796 4416 nec
1825 4364 1952 4417 satis
1978 4365 2073 4418 de-

493 4438 774 4493 liberatum
789 4449 890 4504 est,
922 4448 1178 4509 quatenus
1202 4441 1394 4497 debeat
1412 4445 1667 4500 committi
1693 4448 1835 4502 lidei.
1865 4449 2074 4520 Exspe-

558 4573 576 4644 ζ
603 4571 665 4620 Ad
687 4578 796 4621 Mss.
820 4573 898 4622 ob.
924 4586 1007 4683 ἐξ.
1032 4586 1114 4636 gv.
1132 4587 1180 4623 ιι.
1215 4575 1391 4625 r.duos
1404 4576 1478 4625 sb.
1501 4575 1623 4628 duos
1643 4583 1681 4628 t.
1718 4578 1840 4630 duos
1863 4596 1910 4631 γ.
1933 4595 2074 4634 reco-

558 4639 628 4682 ita
653 4641 747 4685 est.
772 4640 824 4682 et
846 4635 905 4683 ad
996 4643 1048 4685 tt.
1071 4642 1183 4685 Lov.

558 4694 598 4713 “
616 4701 667 4743 tu
689 4694 834 4766 hujus
845 4699 1132 4766 recensione
1147 4697 1346 4766 adhibiti
1367 4706 1481 4750 sunt
1500 4712 1548 4749 a.
1570 4701 1662 4766 bu.
1676 4701 1761 4766 bg.
1777 4715 1896 4753 c.oc.
1921 4704 1972 4754 ll‘.
1989 4720 2073 4766 gr.

494 4770 561 4868 Illi)
583 4769 627 4805 r.
657 4768 699 4806 s.
737 4764 776 4806 t.
805 4758 901 4806 duo
922 4771 967 4807 a.
990 4759 1086 4809 duo
1121 4760 1197 4808 sb.
1229 4767 1434 4823 quatuor
1457 4776 1504 4811 v.
1531 4769 1583 4812 et
1604 4758 1835 4814 Eddfam.
1860 4766 1970 4816 Bad.
1989 4758 2072 4821 ir.

561 4832 611 4867 γ.

561 4832 611 4867 γ.

511 4901 630 5011 ἁᾯ
647 4898 886 5012 ἓξῗὲἐ4
909 4914 921 4950 :
946 4914 1056 4964 qua:
1082 4908 1245 4952 autem
1266 4901 1297 4952 2
1320 4909 1440 4964 erat,
1467 4917 1594 4955 nunc
1623 4907 1726 4956 153.
1751 4909 1926 4972 Scripta
1949 4911 2073 4962 circa

511 5004 512 5009 η
546 4977 574 5012 e
764 4976 776 5007 ξ
845 4998 854 5009 .

559 4976 624 5011 Ἲῐι
647 4974 854 5011 tempus.

491 4972 628 5103 una;
647 4972 1109 5103 ξῗέῧὲἓὶϋῖεξι
1130 5024 1207 5097 sui
1221 5025 1380 5103 libros
1399 5024 1462 5103 d9
1476 5027 1650 5103 (item?
1673 5034 1963 5103 ῐιιιτξειιιτεινίι
1986 5041 2072 5103 Au:

493 5085 742 5180 gttsgtiuus,
767 5097 846 5135 an.
869 5085 979 5135 586.
1007 5086 1189 5136 videsis
1220 5088 1270 5136 in
1291 5094 1407 5137 tom.
1433 5093 1476 5148 l,
1501 5085 1585 5138 lib.
1612 5091 1633 5139 1
1659 5092 1724 5142 de
1745 5085 1917 5143 Ordine
1934 5129 1949 5154 ,
1973 5109 2017 5146 c.
2046 5099 2068 5146 1

495 5159 526 5180 ο

495 5153 547 5196 et
569 5153 614 5195 2.

554 5207 624 5330 Ξῖ)
643 5206 761 5258 Alias
780 5209 860 5280 151
881 5221 894 5256 :
913 5221 1024 5270 qua:
1046 5216 1207 5280 autem
1220 5211 1252 5259 5
1266 5217 1388 5270 erat,
1404 5212 1657 5284 nuncd'57.
1675 5215 1851 5288 Scripta
1865 5229 1943 5265 an.
1959 5217 2070 5268 587.

614 5271 632 5330 )
655 5270 908 5319 Nebridius
929 5268 1084 5320 dulcis
1105 5284 1285 5322 amens
1307 5281 1552 5330 Augustini
1575 5272 1792 5325 laudatur
1815 5291 1862 5325 tn
1882 5279 2070 5329 Confes-

614 5271 632 5331 )
655 5270 908 5336 Nebridius
929 5268 1084 5336 dulcis
1105 5270 1285 5336 amicus
1307 5268 1552 5336 Augustini
1575 5268 1792 5336 laudatur
1815 5278 1862 5325 in
1882 5279 2074 5329 Confes-

492 5331 680 5404 sionum
705 5331 857 5404 libris,
873 5333 1184 5404 maximeque
1201 5333 1356 5404 in'lib.
1378 5331 1429 5391 9,
1444 5347 1488 5382 c.
1513 5336 1561 5394 5,
1577 5335 1797 5404 (ιιιοροοο
1812 5351 1905 5388 non
1927 5339 2074 5404 ntho

491 5399 594 5452 post
623 5394 840 5457 ejusdem
876 5393 1124 5455 Augustini
1148 5393 1432 5457 baptismum
1453 5393 1796 5448 carne'solutus
1819 5413 1931 5449 esse
1951 5401 2072 5451 dici-

493 5409 594 5452 post
623 5409 651 5439 e
671 5409 840 5442 “suem
876 5409 1124 5455 augusunt
1148 5409 1432 5457 oapttsmum
1453 5409 1598 5446 carne
1617 5409 1796 5448 solutus
1819 5413 1931 5449 esse
1951 5409 2072 5451 dici-

493 5460 598 5524 tur;
624 5409 669 5524 id
703 5462 781 5524 est
797 5487 812 5513 ,
845 5463 1104 5517 antequam
1136 5457 1425 5524 Augustinus
1433 5460 1840 5524 presbyteratum
1869 5463 2074 5524 adeptus

493 5513 696 5584 fuisset,
721 5515 943 5584 adeoque
977 5513 1092 5566 aute
1123 5513 1402 5584 aufcbristi
1433 5513 1542 5584 5t”.
1573 5513 1712 5584 Porro
1744 5522 1832 5584 ipsi
1855 5513 2072 5574 scribere

491 5575 637 5636 cmpit
660 5575 952 5646 Augustinus
974 5591 1037 5626 ex
1061 5592 1177 5641 agro
1199 5580 1455 5646 Cassiciaoo
1465 5580 1602 5646 juxta
1626 5581 1711 5646 lib.
1735 5575 1936 5646 9'Conl'.,
1953 5597 1998 5637 ε.
2019 5585 2071 5646 4,

491 5648 640 5706 quem
654 5647 827 5706 agrum
840 5637 1021 5702 aliquot
1036 5637 1233 5691 menses
1247 5642 1358 5690 anni
1383 5637 1613 5694 exeuntis
1625 5644 1717 5694 ’586
1732 5652 1783 5696 ct
1795 5645 1884 5696 387
1903 5637 2071 5698 ιιιειιιιί

491 5706 554 5747 ιιδ
578 5705 786 5746 1110011111..

2189 422 2302 468 ctas
2338 416 2463 484 quid
2501 417 2635 471 istuc
2681 418 2767 472 sit.
2812 417 2946 486 Quid
2985 419 3216 475 censesti.
3244 419 3414 492 Prope
3455 427 3760 494 persuasisti

2189 503 2318 558 mihi
2337 545 2352 570 ,
2375 521 2479 561 non
2502 505 2712 576 quidem
2735 508 2946 564 beatum
2968 524 3086 566 esse
3110 525 3228 576 me;
3260 526 3378 567 nam
3408 511 3461 568 id
3487 512 3650 569 solius
3673 529 3761 572 sa-

2188 593 2382 664 pientis
2406 597 2660 666 przedium
2701 607 2819 664 est;
2851 599 2943 654 sed
2973 611 3118 655 certe
3142 601 3292 670 quasi
3317 602 3525 657 beatum
3551 621 3565 658 :
3598 613 3656 658 ut
3681 605 3760 659 di-

2189 685 2360 740 cimus
2405 687 2708 755 hominem,
2758 690 2906 760 quasi
2955 690 3223 746 hominem
3271 692 3323 747 in
3366 695 3764 762 comparatione

2192 773 2420 848 hominis
2445 778 2582 844 illius
2609 793 2764 848 quem
2794 778 2942 833 Plato
2965 791 3215 845 noverat;
3244 791 3333 836 aut
3356 784 3504 852 quasi
3535 783 3759 840 rotunda

2189 875 2244 924 ct
2267 867 2414 937 quasi
2457 867 2656 937 quadra
2679 883 2739 924 ea
2780 886 2897 940 qua:
2926 871 3198 938 videmus,
3242 887 3362 928 cum
3403 874 3554 944 longe
3592 875 3658 929 ab
3681 867 3764 930 eis

2186 959 2362 1014 absint
2382 977 2497 1032 qua:
2522 977 2810 1030 paucorum
2828 965 3033 1020 animus
3061 964 3219 1020 videt.
3246 965 3372 1036 Legi
3388 966 3528 1022 enim
3554 967 3762 1022 litteras

2189 1059 2304 1106 tuas
2329 1051 2394 1106 ad
2421 1053 2689 1108 lucernam
2711 1054 2817 1125 jam
2839 1064 3110 1121 coenatus;
3143 1056 3386 1125 proxime
3405 1066 3519 1112 erat
3539 1058 3760 1125 cubitio,

2185 1140 2278 1195 sed
2319 1158 2423 1196 non
2457 1144 2526 1198 ita
2572 1145 2730 1199 etiam
2769 1144 3016 1200 dormitio
3048 1163 3062 1199 :
3094 1145 3287 1215 quippe
3313 1146 3404 1200 diu
3451 1162 3656 1203 mecum
3704 1148 3761 1202 in

2185 1229 2324 1286 lecto
2343 1232 2720 1304 situsgcogitavi
2739 1276 2756 1302 ,
2795 1242 2955 1305 atque
2974 1234 3337 1304 hasloquclas
3363 1235 3556 1302 habui,
3579 1238 3761 1306 Augu-

2185 1322 2355 1376 stinus
2385 1323 2498 1398 ipse
2525 1339 2645 1379 cum
2689 1326 2982 1395 Augustino
3015 1343 3028 1380 :
3060 1325 3242 1380 Nonne
3281 1341 3463 1382 verum
3500 1335 3584 1383 est
3617 1328 3764 1398 quod

2185 1397 2436 1468 Nebridio
2459 1414 2656 1484 placet,
2688 1402 2872 1470 beatos
2915 1430 3011 1469 nos
3033 1416 3190 1470 esse?
3228 1414 3341 1470 Non
3389 1417 3604 1486 utique;
3637 1397 3763 1471 nam

2183 1503 2372 1558 stultos
2408 1503 2581 1559 adhuc
2603 1519 2721 1560 esse
2742 1547 2758 1570 ,
2803 1521 2902 1561 nec
2941 1506 3052 1575 ipse
3089 1505 3246 1560 audet
3275 1521 3488 1575 negare.
3517 1505 3650 1574 Quid
3671 1548 3686 1570 ,
3715 1506 3763 1560 si

2183 1595 2344 1650 etiam
2366 1595 2537 1652 stultis
2569 1595 2721 1652 beata
2751 1597 2852 1651 vita
2879 1598 3179 1667 contingit?
3223 1598 3419 1652 Durum
3445 1597 3596 1667 quasi
3634 1611 3766 1651 vero

2185 1703 2376 1757 parva,
2419 1688 2500 1742 vel
2541 1689 2643 1744 alia
2674 1689 2777 1742 ulla
2805 1688 3015 1744 miseria
3054 1690 3124 1743 sit
3163 1705 3320 1759 quam
3363 1689 3474 1758 ipsa
3515 1687 3761 1742 stultitia.

2188 1779 2339 1837 Unde
2360 1763 2486 1852 ergo
2512 1782 2586 1836 illi
2623 1781 2792 1840 visum
2819 1782 2937 1836 est?
2965 1797 3030 1835 an
3065 1782 3215 1836 lectis
3255 1781 3355 1835 illis
3383 1780 3574 1840 libellis
3598 1780 3763 1834 etiam

2183 1871 2473 1940 sapientem
2517 1887 2603 1927 me
2631 1886 2791 1925 ausus
2824 1878 2913 1926 est
2948 1870 3206 1942 credere?
3251 1869 3365 1924 Non
3414 1884 3579 1938 usque
3623 1867 3765 1924 adeo

2183 1961 2463 2016 temeraria
2488 1971 2569 2017 est
2597 1962 2780 2016 laetitia
2807 1963 3064 2032 gestiens,
3089 1959 3380 2030 praesertim
3410 1959 3639 2013 hominis
3665 1974 3764 2014 cu-

2181 2051 2270 2122 jus
2299 2052 2482 2123 quanti
2529 2053 2784 2122 ponderis
2812 2051 3166 2108 consideratio
3190 2051 3292 2114 sit,
3320 2049 3455 2104 bene
3493 2049 3756 2103 novimus.

2180 2141 2313 2198 Illud
2342 2145 2500 2216 igitur
2522 2153 2605 2207 est
2634 2163 2646 2198 :
2678 2145 2889 2213 scripsit
2929 2143 3068 2213 quod
3099 2142 3249 2197 nobis
3288 2141 3487 2212 putavit
3511 2139 3759 2196 dulcissi-

2181 2249 2326 2288 mum
2353 2234 2500 2301 fore;
2527 2237 2647 2305 quia
2678 2245 2731 2289 et
2760 2235 2835 2289 illi
2859 2235 3013 2290 dulce
3037 2233 3232 2288 factum
3263 2240 3345 2287 est
3369 2230 3622 2302 quidquid
3663 2245 3760 2300 po-

2179 2326 2384 2382 suimus
2410 2329 2460 2381 in
2489 2328 2592 2382 illis
2617 2327 2840 2398 litteris,
2867 2336 2921 2382 et
2940 2324 3153 2394 scripsit
3178 2323 3415 2394 gaudens
3434 2365 3449 2389 ,
3475 2337 3575 2376 nec
3598 2335 3757 2375 cura-

2179 2417 2254 2471 vit
2279 2417 2404 2487 qnid
2433 2417 2867 2472 committendum
2892 2415 3143 2487 gaudenti
3169 2415 3374 2470 calamo
3397 2423 3557 2468 esset.
3585 2411 3718 2480 Quid
3735 2453 3750 2476 ,

2179 2508 2223 2563 si
2248 2508 2533 2578 Soliloqula
2563 2508 2813 2578 legisset?
2845 2507 3139 2562 Laetaretur
3178 2506 3343 2560 multo
3369 2503 3754 2566 exundantius,

2180 2615 2278 2656 nec
2301 2608 2472 2653 tamen
2497 2601 2758 2670 reperiret
2785 2600 2903 2670 plus
2928 2598 3142 2669 aliquid,
3174 2598 3315 2668 quod
3341 2612 3424 2653 me
3446 2596 3752 2668 appellaret,

2179 2704 2334 2758 quam
2373 2689 2606 2745 beatum.
2649 2691 2764 2746 Cito
2798 2706 2926 2762 ergo
2959 2705 3226 2744 summum
3263 2705 3457 2744 nomen
3493 2688 3674 2744 ell'udit
3703 2689 3754 2742 in

2179 2796 2284 2846 mc,
2317 2796 2415 2835 nec
2439 2783 2537 2836 sibi
2573 2782 2770 2852 aliquid
2798 2781 3093 2837 reservavit
3116 2782 3256 2852 quod
3279 2781 3345 2837 de
3368 2797 3452 2836 me
3477 2781 3648 2836 lmtior
3665 2795 3755 2835 as-

2178 2883 2406 2928 sereret.
2437 2874 2568 2928 Vide
2595 2875 2773 2928 laetitia
2802 2875 2924 2944 quid
2957 2873 3140 2930 faciat!

2245 2964 2301 3019 2.
2338 2964 2442 3020 Sed
2490 2965 2575 3018 ubi
2604 2974 2685 3019 cst
2710 2965 2808 3018 ista
2840 2967 2987 3020 beata
3017 2964 3152 3018 vita?
3178 2963 3308 3017 ubi?
3332 2963 3616 3018 ubinam?‘
3640 2961 3685 3020 0
3710 2963 3754 3018 si

2178 3056 2288 3124 ipsa
2319 3065 2495 3118 esset,
2519 3056 2797 3125 repelleret
2831 3067 3038 3111 atomos
3059 3055 3290 3125 Epicuri.
3321 3055 3366 3109 0
3389 3055 3434 3108 si
3459 3055 3569 3124 ipsa
3591 3063 3753 3118 esset,

2176 3149 2337 3202 sciret
2367 3147 2496 3202 nihil
2524 3147 2771 3202 deorsum
2801 3162 2922 3202 esse
2959 3157 3150 3218 prteter
3175 3146 3450 3202 mundum.
3499 3147 3542 3200 0
3569 3146 3611 3200 si
3641 3145 3756 3216 ipsa

2175 3249 2348 3306 essm,
2381 3249 2561 3294 nosset
2606 3249 2856 3294 extrema.
2881 3239 3105 3309 sphzrraa
3147 3239 3346 3294 tardius
3387 3238 3548 3294 rotari
3595 3251 3756 3308 quam

2176 3330 2441 3395 medium,
2470 3339 2522 3384 et
2549 3330 2652 3384 alia
2681 3330 2870 3384 similia
2893 3345 3012 3399 qua:
3045 3329 3289 3384 similiter
3315 3328 3578 3383 novimus.
3605 3327 3759 3384 Nune

2177 3437 2304 3475 vero
2331 3422 2597 3490 quomodo
2629 3422 2709 3475 vel
2731 3421 3126 3492 qualiscumque
3151 3422 3332 3476 beatus
3360 3436 3476 3475 sum
3495 3463 3508 3485 ,
3543 3421 3630 3490 qui
3662 3436 3761 3476 ne-

2176 3512 2291 3566 scio
2317 3527 2413 3565 cur
2456 3520 2635 3565 tantus
2661 3512 2889 3566 mundus
2914 3513 3013 3580 sit,
3052 3527 3171 3567 cum
3197 3512 3430 3566 rationes
3468 3512 3756 3582 ﬁgurarum

2177 3617 2277 3673 per
2300 3619 2430 3673 quas
2459 3613 2574 3669 est,
2607 3603 2739 3657 nihil
2767 3603 3080 3673 prohibeant
3107 3619 3225 3658 csse
3243 3646 3257 3670 ,
3289 3612 3486 3672 quanto
3514 3603 3632 3673 quis
3663 3618 3760 3658 voc

2176 3696 2362 3762 luerit,
2385 3696 2736 3766 ampliorem?
2760 3697 2866 3751 Aut
2889 3696 3154 3766 quomodo
3174 3710 3277 3750 non
3306 3695 3434 3750 mihi
3463 3695 3755 3763 diceretur,

2179 3788 2287 3842 imo
2308 3803 2410 3842 non
2439 3802 2751 3858 cogeremur
2780 3787 3022 3842 confiteri
3048 3801 3270 3857 corpora
3309 3787 3361 3841 in
3384 3785 3641 3841 in'linitum
3663 3799 3756 3840 se-

2175 3880 2306 3944 cari,
2331 3888 2432 3933 uta
2455 3891 2600 3934 certa
2614 3879 2760 3934 velut
2778 3879 2892 3933 basi
2918 3879 2969 3933 in
2990 3879 3336 3949 quantitatem
3363 3888 3560 3933 certam
3577 3885 3760 3932 certus

2177 3971 2612 4040 corpusculorum
2639 3984 2890 4025 numerus
2918 3969 3196 4041 surgeret?
3221 3969 3395 4036 Quare
3419 3985 3538 4024 cum
3561 3984 3760 4037 corpus

2178 4061 2378 4116 nullum
2401 4075 2522 4116 esse
2549 4061 2824 4115 minimum
2846 4061 3056 4128 sinitur,
3080 4075 3185 4130 quo
3202 4070 3356 4129 pacto
3377 4061 3611 4114 sinamus
3631 4073 3762 4114 esse

2179 4151 2590 4221 amplissimum,
2614 4166 2718 4221 quo
2746 4151 2970 4222 amplius
2989 4166 3108 4206 esse
3132 4167 3235 4206 non
3265 4152 3462 4222 possit;
3492 4151 3588 4205 nisi
3618 4149 3764 4207 forte

2179 4241 2306 4297 illud
2334 4241 2472 4312 quod
2503 4241 2693 4312 Alypio
2717 4242 2996 4312 aliquando
3019 4242 3125 4296 dixi
3162 4243 3548 4306 occultissime,
3595 4241 3764 4299 habet

2179 4349 2422 4403 magnam
2451 4333 2554 4387 vim
2589 4352 2601 4387 :
2635 4343 2692 4388 ut
2731 4333 2980 4404 quoniam
3011 4347 3264 4388 numerus
3297 4334 3384 4388 ille
3413 4332 3764 4402 intelligibilis

2178 4426 2381 4480 inﬁnite
2425 4427 2645 4492 crescit,
2695 4441 2800 4481 non
2848 4434 3026 4482 tamen
3056 4426 3259 4482 inﬁnite
3304 4426 3586 4486 minuitur,
3633 4441 3760 4482 nam

2181 4532 2287 4570 non
2318 4531 2439 4570 eum
2470 4516 2596 4571 licet
2621 4517 2762 4571 ultra
2786 4517 3064 4572 monadem
3095 4519 3394 4582 resolvere;
3422 4526 3604 4571 contra
3635 4531 3765 4572 sen-

2181 4606 2350 4661 sibilis
2377 4607 2534 4677 (nam
2572 4607 2697 4678 quid
2737 4615 2820 4663 est
2859 4607 3002 4663 aliud
3037 4607 3301 4663 sensibilis
3335 4623 3620 4672 numerus,
3653 4608 3761 4662 nisi

2178 4710 2564 4766 corporeorum
2586 4698 2668 4752 vel
2691 4713 2971 4769 corporum
2988 4698 3314 4770 quantitas?)
3350 4699 3512 4754 minui
3541 4699 3762 4769 quidem

2177 4786 2411 4852 inﬁnite,
2456 4788 2550 4844 sed
2587 4789 2790 4845 inlinite
2832 4803 3074 4846 crescere
3099 4791 3361 4860 Lnequeat.
3390 4790 3458 4844 Et
3497 4789 3613 4844 ideo
3643 4790 3760 4842 for-

2178 4885 2322 4933 tasse
2349 4879 2540 4934 merito
2566 4878 2868 4951 pliilowphi
2904 4880 2954 4934 in
2987 4878 3145 4940 rebus
3177 4879 3591 4952 intelligibilibus
3611 4878 3761 4934 divi-

2179 4971 2279 5025 tias
2323 4979 2560 5040 ponunt,
2612 4971 2665 5026 in
2705 4971 3043 5027 sensibilibus
3085 4980 3390 5042 egestatem.
3432 4970 3566 5038 Quid
3609 4970 3761 5028 enim

2177 5063 2531 5117 aerumnosius
2577 5076 2734 5132 quam
2764 5061 2941 5116 minus
2969 5069 3127 5132 atque
3165 5061 3340 5115 minus
3363 5075 3575 5131 semper
3598 5073 3763 5130 posse

2178 5151 2331 5206 ﬁeri?
2359 5151 2497 5218 Quid
2537 5152 2726 5218 ditius,
2757 5167 2914 5222 quam
2944 5167 3184 5208 crescere
3209 5163 3459 5222 quantum
3480 5151 3612 5206 velis
3631 5193 3645 5216 ,
3679 5151 3764 5208 ire

2177 5257 2284 5311 quo
2316 5244 2478 5307 velis,
2523 5243 2697 5299 redire
2725 5259 2844 5298 cum
2874 5241 3039 5310 velis,
3079 5260 3350 5316 quousque
3377 5245 3535 5312 velis,
3564 5253 3618 5298 et
3655 5243 3763 5300 hoc

2181 5335 2403 5389 multum
2423 5351 2600 5390 amare
2624 5336 2764 5406 quod
2793 5337 2956 5392 minui
2984 5353 3085 5393 non
3106 5338 3313 5406 potest?
3338 5335 3590 5407 Quisquis
3607 5351 3764 5390 nam-

2182 5437 2286 5493 que
2312 5424 2554 5495 iutelligit
2578 5425 2708 5481 istos
2748 5442 3030 5494 numeros,
3061 5428 3188 5482 nihil
3215 5429 3288 5482 sic
3307 5437 3449 5482 amat
3473 5437 3529 5482 ut
3566 5442 3758 5482 mona-

2210 5588 2409 5670 $.99“?
2423 5589 2680 5670 Ρζιιὶςερυε
2699 5593 2870 5670 φίιςιι
2891 5592 3030 5670 bees.
3047 5593 3166 5670 ιίιςις
3188 5593 3286 5670 sibi
3427 5595 3478 5647 in
3499 5595 3660 5670 ωμίμια
3675 5594 3701 5648 7
3717 5605 3764 5670 ρ

2175 5655 2220 5760 3'
2365 5656 2723 5764 essetgaticani
2747 5655 2825 5705 alii
2840 5655 2935 5707 duo
2955 5656 3152 5717 habent,
3184 5655 3318 5707 beata
3346 5657 3467 5721 vita,
3501 5658 3582 5710 ubi
3601 5672 3714 5710 twn
3735 5657 3764 5711 .’

2339 5727 2408 5776 sn,
2435 5727 2463 5763 e
