4044 6338
488 376 559 440 ετ
1727 356 1784 414 s.
1826 337 2188 411 AUGUSTlNl
2229 340 2533 405 EPISCOPI
3637 332 3650 341 ‘
3691 338 3760 405 es

489 505 596 548 tam
625 490 912 546 multorum
932 496 1178 548 onerum,
1202 493 1320 550 qum
1345 472 1626 546 aliquando
1648 481 2072 531 numeraveram,

490 596 597 638 tam
626 579 903 651 repentina
932 573 1194 644 depositio
1229 588 1241 624 :
1271 567 1513 640 quamvis
1549 573 1598 618 te
1639 561 1910 629 accepisse
1937 558 2078 651 litte-

492 690 580 730 ras
603 650 750 730 meas
779 686 884 726 non
914 669 1149 724 dubitem
1168 707 1181 727 ,
1209 675 1433 732 quarum
1466 655 1723 725 rescripta
1752 663 1859 707 non
1887 650 2074 704 habeo.

1005 753 1329 814 EPISTOLA
1357 754 1395 806 V
1419 757 1436 775 '
1462 748 1561 821 (a).

491 855 830 928 Augustinum
859 850 1130 906 Nebridius
1168 845 1417 916 deplorat,
1457 839 1592 911 quod
1845 834 2081 928 interpel-

635 946 765 1002 letur
792 945 973 998 civium
1013 939 1220 1010 negotiis
1251 929 1312 989 ab
1345 934 1448 988 otio
1488 927 1939 999 contemplationis.

987 1044 1278 1087 AUGUSTINO
1300 1038 1591 1080 NEIRIDIUS.

567 1129 717 1182 Itane
738 1137 829 1190 est,
853 1127 922 1179 nti
951 1123 1245 1194 Augustine,
1275 1116 1619 1190 fortitudinem
1660 1129 1720 1166 ac
1768 1109 2086 1164 tolerantiam

494 1221 705 1291 negotiis
751 1220 929 1272 civium
985 1224 1216 1286 priestas,
1270 1207 1602 1291 necdum‘tibi
1634 1203 1863 1260 redditur
1882 1204 1971 1256 illa
1997 1217 2087 1255 eo:-

495 1289 665 1381 Optata
681 1308 924 1362 cessatio?
951 1305 1154 1370 Qtueso,
1182 1301 1268 1371 qui
1289 1311 1336 1354 te
1364 1310 1465 1352 tam
1485 1289 1670 1350 bonum
1692 1295 1915 1347 homines
1933 1293 2087 1346 inter-

495 1400 720 1469 pellant?
740 1396 903 1452 Credo
921 1397 1006 1467 qui
1033 1395 1256 1448 nesciunt
1281 1392 1402 1462 quid
1427 1407 1580 1450 ames,
1599 1389 1720 1460 quid
1743 1385 2086 1455 cancupiscas,

496 1488 754 1542 Nullusne
781 1487 868 1539 tibi
894 1496 965 1539 est
989 1485 1284 1546 amicorum,
1307 1483 1392 1552 qui
1422 1484 1492 1537 eis
1517 1499 1711 1537 autores
1735 1485 1918 1550 referat
1943 1474 2094 1530 tuos.’

495 1595 584 1633 nec
624 1578 993 1643 Romanianus,
1026 1593 1114 1630 nec
1151 1574 1462 1628 Lucinianus
1495 1575 1548 1628 ‘?
1584 1574 1667 1627 Me
1699 1582 1830 1626 certe
1860 1569 2088 1623 audiant.

498 1670 609 1741 Ego
638 1667 887 1732 clamabo,
912 1681 1001 1737 ego
1029 1666 1243 1721 testabor
1263 1675 1310 1718 te
1339 1664 1501 1718 Deum
1545 1679 1736 1726 amare,
1786 1659 1863 1714 illi
1911 1659 2096 1712 servire

497 1769 648 1830 atque
674 1761 918 1812 inluerere
942 1766 1143 1828 cupere.
1191 1755 1380 1810 Vellem
1405 1771 1496 1828 ego
1523 1764 1572 1809 te
1595 1754 1648 1808 in
1683 1769 1768 1807 rus
1815 1767 1979 1804 meum
2002 1765 2093 1803 vo-

498 1866 634 1913 care,
668 1849 830 1914 ibique
857 1849 1186 1917 acquiescere.
1231 1845 1352 1900 Non
1377 1846 1510 1900 enim
1549 1844 1730 1898 timebo
1756 1859 1834 1896 me
1858 1841 2093 1896 seducto-

499 1957 603 1994 rem
631 1942 702 1993 tui
732 1941 833 1992 dici
861 1957 891 1992 a
923 1940 1110 1993 civibus
1133 1938 1250 2005 tuis,
1279 1952 1404 2008 quos
1429 1936 1639 1990 nintium
1664 1950 1826 1998 antas,
1860 1941 1905 1986 et
1929 1948 1960 1985 a
1983 1932 2096 2002 qui-

512 2032 602 2084 bus
641 2032 850 2084 nimium
901 2031 1107 2083 amaris.

959 2118 1281 2174 EPISTOLA
1332 2117 1399 2171 v1
1439 2121 1477 2140 ο·
1520 2117 1616 2187 (b).

503 2212 691 2266 Scribit
734 2211 1001 2266 Nebridius
1034 2210 1193 2263 videri
1229 2209 1322 2262 sibi
1367 2209 1658 2262 memoriam
1695 2205 1803 2260 sine
1832 2204 2098 2274 phantasia

573 2319 679 2357 esse
703 2317 803 2356 non
830 2317 1008 2372 posse;
1037 2311 1142 2353 tum
1161 2301 1310 2353 etiam
1343 2298 1621 2369 phantasite
1636 2297 1734 2350 vim
1757 2313 1854 2351 non
1875 2307 1907 2348 a
1926 2311 2094 2360 sensu,

575 2398 663 2450 sed
681 2412 712 2448 a
736 2411 788 2449 se
805 2396 970 2466 potius
991 2394 1233 2464 imagines
1261 2409 1427 2446 rerum
1449 2391 1647 2444 habere.

991 2499 1282 2539 Αυουετικο
1312 2495 1605 2537 NEBRIDIUS.

480 2587 501 2607 °
579 2581 630 2634 i.
661 2579 916 2649 Epistolas
939 2587 1050 2630 tuas
1074 2578 1324 2646 perplacet
1353 2576 1422 2628 ita
1452 2590 1648 2628 servare
1670 2582 1722 2626 ut
1743 2570 1916 2626 oculos
1941 2585 2094 2624 meos.

509 2673 642 2727 Sunt
671 2671 801 2725 enint
823 2685 1036 2740 magiae,
1067 2683 1166 2722 non
1195 2667 1487 2737 quantitate,
1516 2665 1604 2719 sed
1632 2664 1798 2728 rebus,
1827 2673 1874 2716 et
1892 2677 2101 2732 magnas

508 2772 622 2817 ru'n
664 2778 832 2815 rerum
881 2777 1088 2830 magnas
1130 2759 1382 2813 continent
1433 2757 1770 2826 probationes.
1814 2752 1933 2808 Illa:
1979 2753 2102 2808 mihi

510 2853 784 2917 Christum,
805 2853 908 2906 illa:
939 2849 1224 2914 Platonem,
1247 2849 1352 2902 illa:
1372 2847 1630 2902 Plotinum
1651 2845 1916 2900 sonabunt.
1940 2844 2103 2898 Erunt

510 2946 666 3014 igitur
694 2945 837 3009 mihi,
869 2952 913 2996 et
943 2942 1009 2994 ad
1032 2941 1340 2994 audiendum
1370 2948 1574 3009 propter
1611 2937 1942 3008 eloquentiam
1983 2934 2101 2988 dul-

512 3052 614 3099 ces,
639 3045 686 3089 et
710 3035 777 3088 ad
803 3034 1066 3105 legendum
1096 3040 1300 3103 propter
1324 3032 1608 3084 brevitatem
1637 3029 1832 3098 faciles,-
1865 3035 1910 3081 et
1934 3027 2002 3080 ad
2027 3027 2106 3079 in:-

514 3124 836 3196 telligendum
861 3133 1062 3193 propter
1099 3111 1408 3192 sapientiori;
1447 3119 1695 3176 salubres.
1741 3116 1950 3173 Carebis
1989 3133 2105 3188 ergo

512 3217 647 3286 quod
672 3229 771 3270 tua:
795 3217 946 3269 menti
983 3225 1212 3269 sanctum
1238 3214 1482 3266 bonumve
1521 3213 1669 3283 fuerit
1695 3212 1874 3276 visum,
1903 3227 1982 3264 me
2010 3209 2106 3263 do-

514 3324 644 3362 cere.
676 3307 768 3360 "is
815 3317 980 3360 autent
1015 3307 1194 3360 litteris
1242 3303 1581 3373 respondebis,
1607 3319 1720 3356 cum
1750 3302 1811 3355 de
1841 3301 2109 3372 phantasia

516 3411 563 3454 et
597 3401 836 3452 memoria
861 3397 1089 3452 subtilius
1113 3396 1306 3464 aliquid
1344 3393 1638 3463 disputaris.
1689 3392 1822 3446 Mihi
1864 3393 1993 3446 euint
2039 3392 2111 3444 ita

520 3491 735 3553 videtur,
764 3488 898 3556 quod
925 3488 1150 3554 quamvis
1180 3502 1280 3538 non
1305 3485 1466 3538 onmis
1490 3484 1757 3553 phantasia
1785 3499 1897 3536 cum
1925 3497 2113 3534 mento-

519 3583 596 3634 ria
623 3582 707 3645 sit,
749 3580 910 3632 omnis
936 3588 1101 3630 tamen
1133 3575 1372 3636 memoria
1415 3575 1523 3628 sine
1564 3574 1833 3644 phantasia
1870 3589 1974 3626 esse
2013 3589 2113 3627 non

522 3673 694 3742 possit.
722 3669 826 3724 Sed
863 3668 990 3721 dicis
1015 3683 1032 3720 :
1061 3667 1216 3731 Quid,
1237 3681 1350 3718 cum
1371 3665 1698 3717 recordamur
1725 3679 1817 3716 nos
1837 3661 2113 3716 intellexis-

521 3780 594 3827 se,
624 3773 710 3816 aut
736 3761 978 3832 cogitasse
1007 3757 1243 3829 aliquid?
1282 3755 1468 3810 Contra
1501 3756 1607 3808 ha'c
1633 3771 1723 3824 ego
1743 3754 2039 3823 respondeo,
2070 3761 2118 3806 et

525 3857 637 3909 dico
666 3864 925 3923 prOpterea
955 3852 1048 3904 hoc
1095 3848 1332 3912 evenisse,
1363 3848 1484 3918 quia
1519 3863 1631 3900 cum
1662 3847 1998 3900 intelleximus
2041 3844 2118 3898 vel

525 3945 850 4016 cogitavimus
892 3955 1187 4010 corporeum
1219 3954 1278 3991 ac
1305 3936 1583 4006 temporale
1616 3935 1828 4004 aliquid,
1859 3935 2118 4005 genuimus

526 4034 662 4102 quod
687 4033 756 4086 ad
781 4032 1098 4103 phantasiam
1123 4028 1337 4100 pertinet
1367 4043 1385 4080 .'
1415 4043 1534 4080 nam
1558 4035 1643 4080 aut
1679 4027 1824 4080 verba
1851 4026 2120 4079 intellectui

531 4125 1006 4198 cogitationibusque
1055 4121 1238 4175 nostris
1284 4118 1633 4188 a'djuuximus,
1685 4133 1793 4187 quo:
1841 4120 1982 4170 verba
2015 4119 2120 4171 sitae

533 4229 755 4286 tempore
776 4232 875 4270 non
905 4224 1044 4278 sunt,
1090 4222 1135 4266 et
1169 4210 1238 4264 ad
1269 4226 1474 4266 sensum
1507 4210 1582 4264 vel
1622 4209 1937 4279 phantasiam
1967 4210 2120 4278 perti-

535 4319 650 4362 nent
675 4324 692 4362 :
720 4318 806 4361 aut
837 4307 936 4361 tale
961 4305 1156 4374 aliquid
1191 4303 1474 4357 intellectus
1498 4310 1662 4355 noster
1691 4301 1986 4371 cogitatione
2006 4317 2124 4370 pas-

536 4417 622 4454 sus
643 4409 735 4462 est,
782 4398 914 4467 quod
950 4397 1001 4450 in
1033 4396 1201 4448 animo
1241 4394 1554 4464 phantastico
1580 4395 1600 4424 ²
1633 4393 1920 4445 memoriam
1965 4393 2126 4459 facere

469 4507 476 4565 ξ
539 4488 798 4558 potuisset.
831 4485 954 4541 Ilwc
985 4501 1073 4554 ego
1097 4481 1466 4537 inconsiderate
1489 4498 1549 4535 ac
1570 4480 1870 4552 perturbate,
1893 4490 1945 4533 ut
1965 4481 2123 4545 soleo,

497 4563 503 4574 ’
538 4580 646 4632 dixi
677 4595 690 4630 :
724 4588 774 4630 tu
805 4574 1107 4646 explorabis,
1134 4583 1182 4627 et
1223 4571 1355 4644 [also
1394 4572 1596 4654 rejecto,
1632 4571 1884 4625 veritatem
1914 4571 1965 4622 in
1995 4570 2128 4624 litte-'

537 4669 610 4722 ris
630 4671 875 4738 conferes.

609 4761 662 4814 9..
693 4759 826 4812 Audi
845 4757 985 4811 aliud
1016 4770 1166 4820 :cur,
1197 4770 1367 4826 quiusa
1398 4763 1464 4819 te,
1495 4769 1593 4806 non
1617 4769 1717 4806 ase
1741 4753 1906 4822 potius
1922 4769 2071 4818 quam
2098 4769 2130 4807 a

540 4866 684 4904 sensu
704 4847 1020 4919 phantasiam
1035 4845 1214 4898 habere
1231 4861 1402 4898 onmes
1415 4843 1655 4914 imagines
1675 4842 1925 4897 dicimus?
1954 4843 2130 4898 Potest

603 4985 619 5016 ¹
645 4989 694 5032 ιη
730 4987 838 5030 Mss.
863 4978 1042 5042 aliquot
1063 4979 1286 5042 scribitur
1308 4977 1404 5042 hic,
1433 4974 1690 5042 (ut-ianus;
1715 4983 1768 5042 et
1801 4978 1851 5026 in
1873 4977 2127 5042 E[;ist.r_10,

541 5042 809 5095 Lucilianus
828 5054 846 5091 :
862 5037 970 5091 moi
987 5041 1036 5089 in
1062 5041 1296 5090 victu-ine
1309 5039 1416 5088 cod.
1435 5038 1632 5103 legitur,
1647 5037 1740 5088 mei
1755 5037 2131 5089 certeiaudiant

540 5120 632 5165 me,
657 5114 753 5154 etc.

574 5121 826 5215 κί’δῗιξο
851 5171 972 5226 tres.
1013 5170 1067 5211 Αι
1089 5161 1201 5211 Edd.
1227 5161 1409 5212 habent
1431 5199 1447 5225 ,
1475 5160 1601 5225 quod
1626 5159 1676 5212 in
1695 5160 1854 5212 animo
1875 5159 2132 5226 phantasti-

543 5242 645 5277 eam
669 5225 869 5277 memori
885 5239 966 5284 an,
990 5227 1086 5274 etc.

605 5295 618 5306 '
639 5290 896 5352 necoguita
912 5283 1059 5352 eStad
1080 5300 1130 5335 a.
1145 5283 1214 5334 bl.
1237 5285 1320 5347 bg.
1337 5287 1414 5335 cb.
1431 5299 1484 5349 ε.
1509 5299 1596 5349 gg.
1619 5299 1704 5349 εν.
1719 5298 1770 5334 ιι.
1792 5298 1836 5333 r.
1861 5285 1937 5334 sb.
1955 5284 2078 5335 duos
2090 5291 2126 5335 t.

543 5351 661 5399 duos
685 5366 730 5400 v.
755 5348 812 5400 5:1
832 5359 931 5398 Am.
951 5348 1057 5396 Bad.
1076 5354 1151 5396 Er.
1172 5354 1224 5396 et
1245 5354 1354 5397 ων.

606 5414 642 5428 ’⁸
668 5409 860 5462 Ειρίδιωι.
888 5418 938 5458 Vl
963 5417 1011 5458 et
1031 5417 1097 5459 \tt
1120 5410 1178 5458 ad
1215 5409 1489 5459 Nebridium
1504 5408 1818 5458 emendandis
1831 5407 2133 5459 adhibuimus

541 5487 589 5522 a.
613 5473 682 5536 bl.
702 5469 789 5536 bg.
813 5477 890 5522 ch.
917 5473 967 5521 ll.
985 5485 1068 5535 ες.
1093 5485 1176 5536 gv.
1201 5485 1250 5520 ιι.
1275 5485 1319 5520 r.
1336 5473 1412 5522 sb.
1438 5484 1512 5520 vc.
1541 5472 1664 5520 duos
1685 5478 1723 5518 t.
1745 5469 1926 5518 duosv.
1955 5479 2005 5518 et
2027 5479 2128 5518 Am.

545 5535 656 5584 uad.
681 5535 757 5583 Er.
780 5542 889 5584 Iov.

541 5598 677 5708 Ιίη(α)
701 5595 867 5704 μὲῗῖ
882 5597 935 5646 Η
950 5610 962 5645 :
980 5608 1091 5660 qua:
1113 5603 1278 5646 autem
1298 5596 1330 5644 5
1352 5601 1485 5653 erat,
1510 5607 1638 5642 nunc
1663 5591 1771 5642 158.
1800 5591 1981 5654 scripta
2005 5593 2132 5642 circa

611 5694 623 5706 .
647 5672 725 5706 an.
847 5694 857 5704 .

611 5694 623 5706 .
647 5672 725 5706 an.
750 5672 857 5704 οδδ.

543 5717 902 5834 mt‘bmliggt
933 5733 944 5769 :
971 5731 1082 5784 quae
1117 5723 1282 5770 autem
1302 5717 1335 5767 ϐ
1358 5723 1494 5778 erat,
1528 5728 1654 5767 nunc
1687 5715 1768 5766 9‘2.
1800 5716 1983 5778 Scripta
2006 5717 2132 5768 circa

599 5799 608 5826 l
637 5815 649 5829 .
741 5815 752 5826 ο
870 5813 886 5830 ο
1789 5821 1792 5823 λ

599 5799 649 5830 ιι.
675 5799 752 5830 au.
777 5799 886 5830 00v.
1789 5821 1792 5823 λ

2186 464 2337 529 enim,
2365 460 2786 532 quemadmodum
2807 459 3008 516 animus
3028 459 3376 517 intellectualis
3389 461 3458 517 ad
3473 462 3765 536 intelligibi-

2185 555 2254 609 lia
2276 571 2368 608 sua
2393 553 2605 608 videnda
2632 569 2664 607 a
2692 569 2840 607 sensu
2881 552 3179 606 admonetur
3202 555 3366 623 potius
3391 570 3542 623 quam
3575 555 3771 625 aliquid

2184 646 2387 714 accipit,
2429 647 2500 698 ita
2543 653 2591 698 et
2633 644 2976 714 phantasticus
3007 643 3204 697 animus
3249 644 3318 697 ad
3366 645 3607 715 imagines
3651 663 3772 701 suas

2185 731 2618 804 contetnplandas,
2657 751 2690 788 a
2728 751 2876 789 sensu
2895 736 3154 788 admoneri
3186 736 3350 805 potius
3389 747 3542 807 quant
3577 738 3773 809 aliquid

2187 843 2458 881 assumere.
2490 825 2629 879 Nam
2657 829 2786 896 forte
2823 825 2940 880 inde
2979 825 3240 897 contingit,
3276 835 3413 881 utea
3445 843 3559 896 qua
3597 845 3775 882 sensus

2189 935 2288 972 non
2313 918 2464 983 videt,
2491 916 2578 970 ille
2597 926 2762 969 tamen
2783 916 3007 985 aspicere
3035 917 3188 985 possit
3228 932 3249 970 :
3284 917 3420 986 quod
3453 917 3651 988 signant
3677 930 3772 985 est,

2189 1009 2243 1062 in
2269 1027 2322 1063 se
2346 1019 2391 1062 et
2419 1026 2451 1060 a
2472 1025 2528 1061 se
2564 1008 2744 1061 habere
2766 1023 2937 1061 onmes
2958 1008 3218 1078 imagines.
3260 1007 3338 1061 De
3367 1009 3462 1062 hac
3489 1026 3545 1064 re
3580 1026 3778 1081 quoque

2190 1099 2313 1172 quid
2332 1100 2535 1165 sentias,
2563 1099 2902 1168 respondebis.

2687 1211 3015 1269 EPISTOLA
3062 1211 3143 1266 vn
3182 1211 3277 1285 (τι).
3705 1291 3708 1294 ρ

2196 1305 2504 1377 Augustinus
2527 1305 2848 1375 quastionem
2868 1313 3124 1373 utramque
3142 1319 3173 1355 a
3194 1297 3438 1356 Nebridio
3464 1311 3647 1356 motam
3675 1299 3784 1355 dis-

2267 1398 2409 1450 cutit.
2442 1396 2738 1450 Memoriam
2774 1397 2882 1450 sine
2932 1395 3198 1466 phantasia
3227 1412 3331 1450 esse
3358 1412 3519 1466 posse.
3551 1395 3784 1448 Animam

2267 1492 2490 1546 sensibus
2510 1507 2610 1546 non
2640 1507 2782 1544 usam
2816 1507 2986 1544 carere
3015 1491 3311 1560 pltautasiis.
3363 1489 3586 1562 Objectio
3623 1489 3778 1544 resol‘

2269 1583 2418 1636 ritur.

2685 1665 2926 1706 NEDBIDIO
2961 1666 3298 1708 ACGUSTINUS.

2199 1740 2282 1796 CA
2292 1742 2421 1799 PUT
2435 1742 2520 1796 PR
2528 1740 2641 1798 [MU
2649 1741 2694 1796 Μ
2701 1741 2847 1797 .--Μ
2853 1743 3092 1796 emoriam
3102 1745 3208 1797 sine
3220 1743 3484 1812 phantasia
3501 1744 3607 1797 esse
3618 1751 3783 1812 posse.

2271 1837 2322 1888 1.
2353 1833 2618 1889 Premmio
2644 1832 2992 1903 supersidam,
3025 1842 3080 1888 et
3101 1834 3208 1888 cito
3250 1833 3495 1904 incipiam
3538 1833 3678 1902 quod
3702 1843 3791 1888 me
3839 1879 3844 1892 .

2196 1926 2520 1996 iamiamque
2546 1927 2624 1980 vis
2652 1925 2850 1989 dicere,
2889 1927 3183 1994 praesertim
3222 1933 3327 1981 nan
3353 1927 3458 1980 cito
3497 1924 3786 1980 desituros.
3835 1909 3842 1940 ³

2201 2017 2450 2071 llemoria
2484 2017 2573 2071 tibi
2604 2017 2743 2070 nulla
2774 2016 2981 2071 videtur
3011 2032 3130 2072 esse
3160 2032 3318 2087 posse
3339 2018 3453 2071 sine
3469 2017 3789 2086 imaginibus

2201 2110 2280 2162 vel
2317 2109 2638 2179 imaginariis
2685 2110 2833 2175 visis,
2885 2126 3004 2180 qua:
3035 2109 3428 2179 phantasiarum
3457 2112 3793 2179 nomine-ap-

2203 2200 2401 2269 pellare
2423 2200 2632 2255 voluisti
2663 2219 2675 2253 :
2704 2211 2802 2270 ego
2822 2200 2960 2254 aliud
2982 2201 3248 2255 existimo.
3289 2201 3522 2256 Primum
3557 2216 3682 2272 ergo
3715 2201 3794 2255 tia

2203 2291 2434 2346 dendum
2483 2301 2566 2346 est
2616 2309 2721 2346 non
2770 2307 2868 2347 nos
2898 2307 3110 2363 semper
3148 2308 3324 2348 rerum
3361 2293 3793 2362 prmtereuntium

2204 2383 2530 2445 meminisse,
2573 2384 2666 2438 sed
2708 2383 3018 2452 plerumque
3059 2384 3402 2439 manentium.
3452 2384 3646 2451 Quare,
3668 2398 3795 2438 cum

2203 2476 2301 2531 sibi
2331 2476 2582 2530 memoria
2602 2476 2856 2546 praeteriti
2885 2477 3137 2546 temporis
3162 2476 3392 2531 vindicet
3415 2474 3749 2530 tenacitatem
3773 2491 3790 2538 ι

2203 2580 2411 2626 constat
2434 2583 2553 2625 eam
2575 2579 2748 2625 tamen
2777 2571 2968 2640 partim
2999 2585 3181 2626 eorum
3212 2587 3333 2626 esse
3361 2587 3478 2642 quae
3502 2585 3599 2626 nos
3635 2569 3797 2625 desc-

2205 2671 2344 2726 runt,
2377 2662 2568 2731 partim
2591 2676 2776 2717 eorum
2806 2677 2924 2732 qua:
2939 2661 3257 2717 deseruntur
3272 2677 3300 2716 a
3320 2663 3490 2717 nobis.
3517 2661 3649 2716 Nam
3669 2676 3795 2717 cum

2205 2753 2460 2809 recordor
2504 2763 2706 2823 patrem
2744 2768 2941 2821 meum,
2970 2754 3020 2809 id
3049 2756 3227 2826 utique
3251 2755 3504 2811 recordor
3525 2754 3666 2826 quod
3707 2769 3798 2810 me

2206 2843 2458 2911 deseruit,
2486 2853 2541 2899 et
2569 2851 2711 2899 nunc
2733 2859 2836 2898 non
2871 2854 2952 2898 est
2979 2863 2990 2898 :
3019 2859 3139 2900 cum
3179 2856 3354 2900 autem
3396 2845 3794 2916 Carthaginem,

2208 2935 2260 2990 id
2290 2934 2428 3005 quod
2465 2943 2568 3002 est,
2613 2943 2668 2990 et
2691 2935 2831 3006 quod
2857 2936 2968 3005 ipse
2987 2935 3218 2991 deserui.
3268 2936 3324 2991 In
3355 2945 3578 3008 utroque
3617 2946 3796 2992 tamen

2207 3038 2462 3096 generum
2494 3025 2704 3094 horum,
2739 3027 3064 3096 prarteritum
3102 3037 3309 3097 tempus
3336 3029 3588 3084 memoria
3629 3036 3795 3081 tenet.

2209 3114 2341 3174 Nam
2377 3129 2427 3174 et
2464 3119 2610 3174 illum
2643 3115 2931 3183 hominem,
2967 3128 3020 3175 et
3054 3121 3205 3174 istam
3229 3119 3435 3188 urbem,
3480 3135 3546 3175 ex
3567 3135 3632 3174 eo
3655 3105 3810 3189 quod

2211 3211 2338 3276 vidi,
2361 3226 2465 3264 non
2495 3225 2558 3264 ex
2591 3225 2656 3265 eo
2679 3210 2819 3280 quod
2848 3210 3021 3275 video,
3057 3211 3292 3265 memini.

2281 3302 2336 3356 2.
2365 3301 2460 3356 ilic
2490 3310 2544 3356 tu
2583 3301 2808 3357 fortasse
2847 3301 3040 3372 quaeris
3075 3320 3087 3356 :
3119 3302 3379 3368 Quorsum
3411 3302 3541 3356 ista?
3569 3316 3800 3371 praescr-

2218 3392 2308 3446 tim
2331 3407 2451 3447 cum
2481 3391 2873 3446 animadvertas
2903 3393 3210 3448 utrumlibet
3252 3393 3440 3447 borum
3487 3408 3591 3447 non
3645 3403 3802 3463 posse

2217 3482 2270 3537 in
2311 3483 2621 3537 memoriam
2666 3483 2870 3549 venire,
2903 3483 3003 3538 nisi
3047 3483 3194 3537 viso'
3224 3483 3316 3537 illo
3357 3482 3685 3552 imaginario.
3733 3486 3804 3538 At

2219 3576 2345 3630 mihi
2375 3577 2502 3632 satis
2530 3585 2612 3632 est
2631 3577 2705 3631 sic
2723 3577 2932 3631 interim
2961 3572 3276 3639 ostendisse,
3302 3590 3454 3645 posse
3477 3576 3580 3630 dici
3615 3591 3800 3631 earum

2220 3673 2379 3725 etiam
2425 3685 2628 3737 rerum,
2666 3679 2785 3742 quas
2831 3669 3066 3724 nondum
3093 3669 3424 3735 interierunt,
3465 3669 3801 3723 memoriam.

2225 3765 2418 3819 Verum
2444 3764 2568 3833 quid
2588 3778 2674 3818 me
2699 3762 2928 3832 adjuvet,
2962 3762 3363 3816 facitointentus
3383 3759 3628 3828 accipias.
3656 3758 3808 3814 Non-

2225 3855 2351 3908 nulli
2382 3854 2770 3908 calumniantur
2797 3851 3050 3907 adversus
3075 3849 3404 3907 Socraticum
3426 3849 3552 3903 illud
3580 3850 3804 3905 nobilis-

2223 3945 2415 3999 simum
2445 3945 2735 4008 inventum,
2780 3958 2886 4013 quo
2928 3942 3203 4006 asseritur,
3243 3955 3347 3994 non
3391 3941 3540 3996 nobis
3581 3955 3641 3995 ea
3687 3954 3810 4010 qua:

2225 4037 2498 4101 discimus,
2527 4036 2691 4091 veluti
2714 4049 2849 4090 nova
2891 4034 3071 4096 inseri,
3101 4033 3192 4088 sed
3216 4033 3269 4086 in
3299 4033 3605 4087 memoriam
3628 4044 3813 4086 recor-

2225 4129 2438 4184 datione
2481 4127 2752 4191 revocari;
2795 4125 3032 4180 dicentes
3071 4123 3376 4177 memoriam
3422 4123 3812 4194 prteteritarum

2227 4234 2407 4274 rerum
2449 4232 2587 4283 esse,
2631 4217 2746 4271 haec
2781 4225 2957 4270 autem
2998 4217 3116 4285 quae
3155 4213 3496 4283 intellio-emlo
3533 4213 3816 4282 discimus,

2230 4311 2448 4364 Platone
2480 4309 2592 4380 ipso
2617 4317 2852 4372 auctore,-
2898 4321 3116 4360 mancre
3145 4319 3375 4374 semper,
3405 4320 3503 4360 nec
3531 4319 3687 4375 posse
3732 4306 3817 4359 in-

2230 4403 2410 4465 terire,
2443 4416 2504 4454 ac
2535 4416 2628 4469 per
2659 4399 2756 4453 hoc
2783 4413 2887 4452 nun
2910 4411 3028 4452 esse
3057 4397 3318 4466 praeterita
3349 4415 3361 4449 :
3393 4397 3480 4468 qui
3510 4411 3615 4451 non
3640 4407 3819 4452 atten-

2230 4494 2361 4546 dunt
2391 4491 2532 4544 illam
2563 4491 2816 4544 visionem
2857 4504 2976 4543 esse
3025 4489 3366 4558 pneteritam,
3400 4503 3502 4559 qua
3549 4487 3665 4544 hmo
3717 4489 3826 4543 ali-

2231 4582 2443 4653 quando
2473 4581 2699 4636 vidimus
2743 4589 2952 4645 mente;
2980 4594 3011 4634 a
3042 4579 3229 4649 quibus
3250 4580 3370 4650 quia
3398 4579 3732 4646 deﬂuximus,
3764 4591 3827 4639 ct

2231 4675 2386 4730 aliter
2411 4674 2514 4728 alia
2539 4674 2717 4728 videre
2742 4673 3020 4743 carpimus,
3051 4686 3112 4726 ea
3144 4684 3239 4724 nos
3268 4671 3653 4728 reminiscendo
3679 4675 3828 4728 resti-

2234 4781 2372 4830 sere,
2406 4765 2455 4819 id
2480 4775 2578 4827 est,
2607 4780 2704 4834 per
2741 4765 3073 4819 memoriam.
3128 4761 3481 4829 Quamobrem
3521 4765 3586 4830 si,
3625 4773 3684 4819 ut
3716 4766 3825 4822 alia

2234 4860 2494 4918 omittam.
2539 4859 2648 4926 ipsa
2691 4856 2962 4911 mtcrnitas
2999 4870 3209 4925 semper
3255 4865 3454 4923 manet,
3500 4871 3598 4911 nec
3644 4857 3827 4927 aliqua

2216 4950 2542 5020 imaginaria
2570 4948 2814 5019 ﬁgmenta
2841 4947 3119 5017 conquirit,
3148 4947 3408 5016 quibusin
3427 4958 3655 5003 mentem
3669 4949 3828 5018 quasi
3887 4997 3891 5001 .

2235 5041 2492 5096 vehiculis
2522 5042 2720 5105 veniat,
2755 5055 2854 5095 nec
2899 5049 3074 5094 tamen
3125 5041 3308 5095 venire
3339 5051 3532 5110 posset,
3567 5042 3666 5096 nisi
3704 5042 3832 5111 ejus

2236 5133 2680 5194 meminissemus,
2727 5140 2898 5200 potest
2937 5146 3056 5188 esse
3095 5132 3443 5203 quarumdam
3485 5149 3661 5188 rerum
3705 5135 3830 5191 sine

2237 5223 2343 5276 ulla
2366 5221 2739 5292 imaginatione
2767 5223 3039 5278 memoria.

2235 5333 2461 5391 CAPUT
2491 5333 2554 5389 11.
2576 5363 2649 5376 --
2677 5333 2909 5388 Animam
2937 5336 3160 5409 sensibus
3189 5351 3287 5390 non
3316 5353 3457 5392 usam
3473 5353 3643 5393 carere
3657 5338 3798 5409 phan

2947 5408 3105 5460 tasiis.

2309 5519 2362 5574 5.
2391 5518 2638 5573 Junivero
2664 5516 2804 5590 quod
2829 5519 2916 5574 tibi
2951 5519 3156 5574 videtur
3177 5520 3353 5575 anima
3379 5521 3682 5591 etianknon
3731 5540 3834 5581 usa

2302 5656 2317 5686 ¹
2344 5661 2426 5705 Ms.
2452 5667 2520 5711 a.,
2536 5651 2633 5704 nisi
2651 5650 2754 5703 visu
2776 5651 2856 5702 illo
2876 5649 3180 5714 imaginario.
3201 5652 3287 5701 Alii
3308 5650 3441 5709 Odd.,-
3465 5650 3580 5702 viso.

2231 5716 2372 5826 -.d(a)
2398 5715 2520 5764 Alias
2541 5716 2604 5765 τι).
2627 5730 2638 5764 :
2667 5727 2777 5777 qua:
2801 5723 2962 5764 autem
2988 5715 3016 5764 7
3043 5721 3178 5774 erat,
3203 5727 3330 5764 nunc
3363 5715 3466 5766 HS.
3493 5716 3672 5777 scripta
3706 5715 3836 5768 circa

2241 5793 2257 5828 ι
2293 5791 2371 5826 cm
2395 5788 2602 5829 leuibus.

2498 5814 2602 5842 ru...
