4080 6346
279 387 357 444 ω
1512 379 1988 437 EPISTOLARUM
2027 380 2300 437 CLASSIS
2330 379 2370 435 I.
3494 399 3569 459 το

278 505 532 560 serisibus
559 501 797 574 corporis
826 499 1121 572 corporalia
1152 513 1312 567 posse
1342 497 1637 569 imaginari,
1682 497 1869 551 falsum

278 612 407 652 esse
427 593 767 651 convincitur
805 592 905 646 isto
940 591 1118 646 modo.
1147 589 1203 646 Si
1223 590 1396 644 anima
1427 589 1728 659 priusquam
1758 602 1878 642 cor-

279 703 417 757 pore
447 696 625 740 utatur
643 684 708 738 ad
734 697 955 753 corpora
975 682 1271 748 sentienda,
1290 681 1476 737 eadem
1499 675 1720 750 corpora
1743 679 1878 734 ima-

278 777 458 847 girari
508 784 700 846 potest,
743 786 793 830 et
828 775 1038 838 melius,
1079 773 1219 843 quod
1251 788 1408 827 nemo
1434 787 1595 827 sanus
1635 771 1873 840 ambigit,

278 869 474 924 atiecta
515 878 630 923 erat
653 878 936 936 antequam
965 864 1049 920 bis
1074 865 1341 922 fallacibus
1363 863 1608 919 sensibus
1635 862 1876 933 implica-

279 970 456 1024 retur,
493 959 685 1013 melius
723 957 1025 1013 afficiuntur
1066 958 1258 1011 anima:
1296 956 1672 1011 darmientium
1717 964 1876 1026 quam

279 1049 635 1120 vigilantium,
688 1049 877 1102 melius
925 1046 1352 1117 phreneticorum
1402 1061 1559 1117 quam
1607 1045 1692 1100 tali
1731 1053 1877 1114 peste

279 1140 614 1204 carentium;
646 1138 728 1192 his
771 1139 912 1193 enim
962 1137 1263 1192 afﬁciuntur
1310 1137 1644 1208 imaginibus,
1685 1135 1875 1207 quibus

275 1241 408 1286 ante
429 1229 560 1285 istos
588 1245 775 1284 sensus
798 1228 1111 1283 vanissimos
1142 1229 1355 1283 nuntios
1383 1227 1750 1283 afficiebantur
1779 1245 1790 1280 :
1824 1221 1878 1283 et

275 1333 374 1376 aut
407 1323 587 1377 verior
609 1323 710 1378 erit
734 1323 812 1377 sol
843 1337 999 1393 quem
1023 1321 1202 1376 vident
1233 1321 1349 1398 illi,l
1377 1337 1532 1392 quam
1581 1320 1672 1376 ille
1716 1336 1873 1391 quem

277 1414 575 1484 saniatquc
596 1409 898 1484 vigilantes;
928 1422 1018 1467 aut
1063 1422 1222 1468 erunt
1267 1413 1408 1467 veris
1458 1411 1583 1466 falsa
1629 1413 1871 1466 meliora.

277 1504 410 1570 Qua:
438 1506 484 1558 si
509 1503 736 1558 absurda
760 1512 901 1569 sunt,
934 1504 1084 1559 sicuti
1126 1512 1269 1568 sunt,
1316 1503 1446 1556 nihil
1482 1507 1564 1557 est
1604 1502 1743 1556 aliud
1785 1503 1872 1556 illa

277 1596 608 1666 imaginatio,
646 1597 716 1652 mi
743 1596 978 1660 Nebridi,
1024 1603 1179 1666 quam
1225 1595 1372 1666 plaga
1402 1596 1597 1650 inflicta
1630 1605 1723 1665 per
1748 1608 1874 1651 scus

278 1700 392 1752 sus,
419 1687 613 1756 quibus
643 1703 770 1753 non,
815 1695 872 1741 ut
912 1690 965 1740 ια
1007 1688 1220 1753 "scribis,
1265 1688 1700 1742 commemoratio
1725 1703 1874 1757 qna:-

276 1777 400 1830 dam
432 1777 490 1831 ﬁt
517 1787 576 1834 ut
605 1778 724 1833 talia
770 1775 1063 1833 formentur
1110 1781 1162 1832 in
1193 1779 1389 1838 anima.
1421 1777 1514 1832 sed
1559 1777 1670 1847 ipsa
1718 1776 1875 1847 hujus

276 1866 534 1926 falsitatis
561 1872 743 1939 illatio,
776 1872 888 1926 siVe
915 1913 928 1937 ,
961 1882 1020 1926 ut
1046 1862 1346 1941 expressius
1375 1870 1602 1936 dicatur,
1645 1871 1870 1940 impres—

275 1965 378 2018 sio.
411 1964 564 2031 Quod
586 1980 715 2019 sane
739 1969 791 2019 te.
817 1971 1012 2031 movet,
1041 1964 1131 2034 qui
1163 1963 1250 2018 fiat
1277 1972 1334 2017 nt
1361 1978 1450 2018 eas
1473 1962 1633 2017 facies
1650 1961 1873 2016 formas-

274 2073 382 2126 que
424 2057 722 2127 cogitemus
751 2072 882 2128 quas
907 2071 1174 2126 nunquam
1201 2055 1450 2118 vidimus,
1484 2062 1636 2109 acute
1674 2057 1869 2108 movi-t;

276 2148 461 2218 itaque
489 2147 675 2203 fat-iam
703 2147 842 2220 quod
874 2150 1010 2204 ultra
1039 2149 1252 2204 solitum
1271 2146 1485 2202 modum
1518 2146 1652 2200 hanc
1677 2147 1874 2216 episto-

274 2240 382 2294 lam
435 2241 700 2312 porrigat;
731 2239 823 2296 sed
857 2257 958 2295 non
997 2240 1134 2311 apud
1164 2248 1235 2308 te,
1264 2241 1349 2294 cui
1377 2232 1516 2293 nulla
1559 2248 1640 2294 est
1685 2239 1870 2309 pagina

272 2333 499 2403 gratior,
531 2350 688 2405 quam
716 2349 834 2405 qua:
862 2349 947 2389 me
977 2332 1331 2403 loquaciorem
1372 2339 1614 2402 apportat
1641 2329 1756 2384 tibi.

347 2425 400 2478 4.
426 2422 626 2479 Omnes
648 2424 743 2479 has
770 2423 1045 2494 imagines,
1064 2437 1196 2493 quas
1221 2421 1525 2492 phantasias
1555 2437 1672 2475 cum
1693 2420 1870 2475 multis

280 2527 468 2584 vocas,
499 2517 552 2570 in
593 2517 689 2570 tria
716 2531 911 2587 genera
940 2514 1369 2570 commodissime
1394 2529 1456 2566 ac
1484 2512 1758 2566 verissime
1784 2511 1867 2566 di:-

271 2609 467 2664 stribui
495 2609 652 2665 video
684 2626 698 2662 :
729 2624 953 2681 quorum
983 2617 1064 2663 est
1086 2623 1247 2661 unum
1277 2607 1445 2661 sensis
1467 2607 1624 2660 rebus
1643 2607 1869 2675 impres-

273 2716 418 2767 sum,
453 2702 681 2757 alterum
723 2701 948 2772 putatis,
989 2701 1199 2755 tertium
1249 2697 1396 2752 ratis.
1453 2697 1611 2751 Primi
1658 2696 1870 2767 generis

272 2795 520 2865 exempla
567 2803 709 2860 sunt,
740 2809 861 2848 cum
890 2790 1018 2847 mihi
1041 2802 1181 2846 tuam
1213 2789 1422 2854 faciem,
1467 2789 1550 2842 vel
1597 2787 1870 2857 Carthagi-

275 2902 440 2951 nem,
496 2886 581 2940 vel
629 2885 937 2940 familiarem
977 2883 1242 2954 quondam
1298 2889 1536 2935 nostrum
1596 2879 1867 2934 Verecun-

273 2979 400 3032 dum
430 2979 529 3051 (a),
561 2987 614 3034 et
641 2978 684 3034 si
716 2966 1019 3049 quid-aliud
1059 2974 1384 3031 manentium
1429 2967 1510 3028 vel
1541 2981 1868 3028 mortuarum

274 3083 478 3134 rerum,
502 3085 636 3139 quas
667 3078 840 3125 tamen
866 3069 969 3123 vidi
997 3077 1154 3138 atque
1183 3069 1346 3132 sensi,
1377 3066 1428 3120 in
1455 3059 1736 3120 sc'animns
1759 3066 1866 3119 for-

272 3172 402 3217 mat.
433 3162 604 3217 Alteri
629 3163 812 3232 generi
852 3161 1204 3230 subjiciuntur
1237 3158 1324 3212 illa
1359 3173 1476 3228 quae
1505 3165 1751 3226 putamus
1795 3157 1865 3210 ita

273 3272 332 3310 se
357 3255 613 3315 habuisse
641 3255 723 3310 vel
749 3255 820 3310 ita
865 3269 923 3309 se
957 3253 1182 3318 habere,
1237 3251 1381 3306 velut
1409 3266 1527 3304 cum
1572 3248 1866 3304 disserendi

273 3348 439 3416 gratia
466 3346 708 3417 qumdam
752 3345 850 3416 ipsi
881 3344 1128 3415 ﬁngimus
1170 3356 1500 3412 nequaquam
1527 3339 1864 3408 impedientia

274 3439 572 3499 veritatem,
598 3437 679 3492 vel
697 3436 873 3508 qualia
903 3437 1188 3506 figuramus
1207 3449 1325 3488 cum
1354 3432 1576 3503 legimus
1595 3430 1863 3498 historias,

270 3540 326 3583 et
349 3544 470 3584 eum
491 3529 727 3583 fabulosa
759 3524 839 3581 vel
869 3527 1112 3580 audimus
1142 3522 1222 3580 vel
1261 3524 1628 3594 componimus
1668 3522 1749 3576 vel
1777 3535 1867 3576 sui

273 3622 562 3692 spicamur.
589 3620 702 3690 Ego
721 3619 861 3674 enim
885 3618 1011 3672 mihi
1029 3629 1085 3670 ut
1101 3613 1399 3686 libetatque
1421 3623 1477 3668 ut
1493 3615 1723 3669 occurrit
1752 3613 1866 3668 ani-

269 3728 379 3775 mo,
407 3709 592 3765 dinem
622 3709 809 3765 faciem
842 3710 1001 3779 fingo,
1031 3722 1128 3777 ego
1153 3704 1350 3760 Medeae
1375 3715 1494 3758 enm
1527 3704 1637 3758 suis
1676 3704 1864 3774 angnia

268 3803 368 3856 bus
406 3803 620 3856 alitibus
662 3800 860 3872 junctis
898 3800 1046 3872 jngo,
1087 3807 1185 3868 ego
1210 3793 1509 3852 Chremetis
1557 3805 1608 3849 et
1643 3795 1864 3864 alicujus

270 3893 637 3948 Parmenonis.
668 3893 724 3947 ιιι
756 3893 855 3946 hoc
883 3907 1079 3964 genere
1117 3897 1240 3943 sunt
1269 3889 1425 3944 etiam
1458 3889 1566 3952 illa,
1607 3903 1725 3958 qua:
1751 3887 1864 3941 sive

270 3986 562 4055 sapientes,
592 3984 785 4056 aliquid
809 3983 918 4038 veri
951 3983 1144 4038 talibus
1173 3981 1502 4036 involventes
1525 3980 1723 4051 figuris,
1753 3979 1863 4035 sive

269 4079 439 4143 stulti,
476 4077 743 4131 variarum
773 4075 1205 4146 superstitionum
1233 4073 1558 4136 conditores,
1613 4085 1709 4142 pro
1735 4085 1864 4125 vero

272 4171 589 4234 attulerunt;
639 4177 696 4223 ut
742 4177 824 4224 est
854 4178 1112 4222 tartareus
1157 4166 1507 4236 Phlegethon,
1539 4173 1593 4220 et
1631 4164 1863 4234 quinque

273 4274 422 4316 antra
474 4261 649 4332 gentis
702 4261 1076 4322 tenebrarum,
1126 4267 1179 4312 et
1219 4257 1384 4329 stylus
1433 4253 1863 4325 septentrionalis

273 4355 554 4407 continens
583 4353 796 4417 malum,
830 4359 878 4406 et
919 4351 1018 4406 alia
1057 4359 1335 4420 poetarum
1375 4357 1536 4418 atque
1583 4346 1862 4400 lncretico.

272 4460 387 4497 rum
420 4443 569 4497 mille
598 4451 859 4513 portenta.
885 4441 1116 4496 Dicimus
1144 4449 1321 4494 tamen.
1348 4448 1401 4494 et
1431 4439 1568 4493 inter
1587 4438 1860 4508 disputan-

269 4535 416 4599 dum,
443 4541 568 4604 puta
588 4548 708 4588 esse
738 4541 844 4588 tres
864 4548 1023 4602 super
1047 4533 1270 4587 invicem
1296 4519 1542 4592 mundos,
1585 4529 1754 4599 qualis
1778 4527 1863 4584 hic

273 4642 408 4680 unus
436 4637 554 4692 est;
586 4634 661 4691 et,
695 4634 821 4696 puta
849 4624 1099 4696 quadrata
1134 4624 1294 4694 ﬁgura
1331 4632 1522 4676 terram
1566 4621 1860 4685 contineri;

274 4729 326 4772 et
350 4718 564 4772 similia.
597 4718 724 4772 llme
748 4717 889 4772 enim
917 4716 1094 4772 omnia
1121 4724 1177 4770 ut
1207 4729 1264 4769 se
1297 4713 1628 4785 cogitationis
1657 4722 1862 4781 tempe-

273 4819 380 4862 SlilS
427 4809 694 4875 habuerit,
745 4807 989 4878 fingimus
1027 4816 1080 4862 et
1123 4816 1384 4877 putamus.
1427 4803 1557 4858 Nam
1600 4803 1668 4858 de
1701 4802 1861 4858 rebus

274 4901 413 4968 quod
440 4900 506 4953 ad
541 4900 752 4953 tertium
775 4914 940 4969 genus
957 4898 1143 4961 attinet
1164 4898 1470 4966 imaginum,
1497 4895 1730 4948 nmneris
1752 4908 1864 4946 ma-

273 4995 416 5048 xime
443 5002 604 5063 atque
633 4991 1051 5046 dimensionibus
1078 4991 1248 5061 agitur
1279 5007 1292 5042 :
1321 4987 1458 5058 quod
1490 4986 1676 5056 partim
1707 4985 1862 5040 estin

275 5099 450 5136 rerum
480 5093 691 5147 natura,
726 5081 867 5137 velut
895 5096 1014 5136 cum
1044 5081 1200 5135 totius
1229 5077 1407 5151 mundi
1454 5077 1616 5148 figura
1662 5077 1863 5130 inveni-

277 5151 396 5235 tur:
425 5183 478 5227 et
521 5172 660 5228 hanc
709 5173 1064 5227 inventionem
1093 5171 1144 5224 in
1179 5168 1355 5224 animo
1382 5168 1663 5238 cogitantis
1691 5167 1864 5237 imago

273 5265 545 5334 sequitur;
573 5261 764 5334 partim
796 5264 846 5317 in
874 5262 1163 5334 disciplinis
1183 5270 1427 5332 tanquam
1460 5261 1510 5314 in
1539 5260 1718 5330 ﬁguris
1735 5275 1864 5330 geo-

274 5356 510 5410 metricis
551 5365 606 5411 et
645 5354 958 5427 rhythmicis
995 5353 1232 5419 musicis,
1283 5361 1336 5408 et
1378 5351 1579 5406 inﬁnita
1612 5351 1866 5406 varietate

273 5461 621 5501 numerorum
655 5464 667 5500 :
700 5461 818 5516 qua:
844 5444 1084 5516 quamvis
1129 5458 1274 5508 vera,
1315 5443 1390 5497 sic
1419 5451 1478 5497 ut
1501 5457 1599 5512 ego
1625 5451 1862 5508 autumo,

273 5538 816 5608 eomprehgndantur,
839 5539 1058 5610 gignunt
1088 5546 1262 5592 tamen
1291 5534 1452 5592 falsas
1467 5535 1866 5605 imaginationes

272 5631 466 5700 quibus
482 5631 595 5703 ipsa
621 5631 761 5686 ratio
785 5631 870 5686 vix
902 5629 1127 5694 resistit;
1159 5627 1367 5683 tametsi
1394 5642 1490 5682 nee
1513 5627 1680 5697 ipsam
1708 5626 1867 5681 disci—

336 5763 409 5823 (a)
429 5764 774 5814 (h‘amntaticns
797 5769 848 5812 et
881 5764 1002 5812 civis
1026 5759 1422 5818 Mediolanensis,
1449 5758 1497 5806 in
1534 5759 1690 5823 cujus
1707 5757 1866 5823 villam

416 5824 630 5878 nondum
654 5827 916 5888 baptizatus
937 5837 1048 5875 cum
1069 5824 1172 5874 suis
1192 5833 1248 5872 se
1271 5829 1544 5884 receperat.
1570 5820 1651 5868 Lib
1667 5819 1698 5870 9
1719 5821 1865 5881 uouit,

1988 497 2184 566 plinam
2222 499 2514 555 disserendi
2546 514 2728 556 carere
2757 502 2864 558 hoc"
2885 506 3026 562 male
3055 507 3208 564 facile
3234 519 3335 578 est,
3363 527 3482 568 enm
3513 515 3569 572 in

1982 588 2328 646 divisionibus
2358 600 2414 646 et
2429 593 2856 649 conclusionibus
2881 597 3136 666 quosdam
3158 603 3306 670 quasi
3338 604 3569 662 calculos

1983 681 2348 752 imaginamur.

2054 769 2107 827 5.
2149 773 2205 827 In
2239 773 2338 828 hac
2366 784 2473 830 tota
2505 777 2791 846 imaginum
2818 780 2948 833 silva
2974 822 2988 842 ,
3019 781 3184 839 credo
3223 785 3314 840 tibi
3357 803 3460 842 nou
3489 788 3566 842 vi-

1980 861 2096 918 'dcri
2146 866 2372 935 primum
2424 867 2550 922 illud
2597 886 2764 939 genus
2811 872 2878 926 ad
2925 874 3194 941 animam,
3260 878 3564 948 priusquam

1983 953 2243 1011 inlunrcat
2269 959 2532 1022 sensibus,
2559 961 2844 1030 pertinere;
2875 979 3050 1034 neque
3080 965 3202 1021 hinc
3228 967 3428 1023 diutius
3448 970 3562 1024 dis-

1985 1049 2270 1118 putandmn
2315 1068 2327 1104 :
2373 1052 2441 1106 de
2482 1053 2690 1108 duobus
2745 1057 2968 1127 reliquis
3011 1057 3131 1128 jure
3175 1059 3350 1115 adhuc
3397 1065 3562 1133 quiri

1981 1145 2194 1210 posset,
2229 1143 2326 1198 nisi
2371 1145 2705 1201 manifestum
2749 1159 2890 1202 esset
2939 1151 3168 1205 animam
3221 1153 3400 1208 minus
3445 1170 3566 1212 esse

1981 1233 2263 1288 obnoxiam
2313 1219 2661 1301 falsi-tatibus,
2695 1238 2931 1293 nondum
2976 1255 3184 1310 passam
3228 1244 3564 1300 sensibilium

1981 1339 2337 1396 sensuumque
2358 1329 2644 1383 vanitatem
2669 1346 2681 1381 :
2707 1339 2762 1383 at
2789 1329 2918 1385 istas
2949 1333 3202 1403 imagines
3217 1336 3335 1404 quis
3355 1335 3564 1392 dubita-

1981 1415 2115 1470 Verlt
2137 1416 2252 1470 istis
2281 1417 2621 1472 sensibilibns
2649 1419 2816 1474 multo
2841 1433 2964 1476 esse
2991 1423 3268 1484 falsiores?
3293 1425 3421 1480 Nam
3471 1427 3561 1480 illa

1979 1521 2096 1576 qua:
2124 1515 2368 1576 putamus
2392 1518 2445 1563 et
2473 1511 2740 1566 credimus
2762 1553 2777 1576 ,
2805 1510 2918 1567 sive
2943 1513 3206 1583 fingimus,
3244 1526 3297 1571 et
3324 1533 3388 1572 ex
3415 1519 3560 1574 onmi

1981 1598 2128 1668 parte
2151 1600 2370 1655 omnino
2396 1595 2526 1656 falsa
2554 1613 2696 1668 sunt,
2724 1613 2778 1658 et
2796 1613 2940 1659 certe
2963 1605 3136 1676 longe,
3163 1615 3218 1662 ut
3241 1611 3436 1677 cernis,
3466 1627 3560 1666 ve-

1978 1690 2118 1744 riora
2146 1700 2269 1746 sunt
2309 1708 2426 1762 qua:
2457 1693 2697 1748 videmus
2736 1698 2897 1766 atque
2923 1698 3216 1752 sentimus.
3243 1699 3358 1754 Jam
3391 1701 3441 1754 in
3469 1702 3561 1772 illo

1983 1781 2140 1834 tertio
2169 1786 2365 1852 genere
2401 1783 2677 1853 quodlibet
2703 1787 2933 1855 spatium
2962 1786 3240 1856 corporale
3269 1790 3448 1844 animo
3497 1793 3558 1844 fi-

1978 1884 2257 1940 guravero,
2299 1883 2598 1942 quanquam
2627 1873 2678 1928 id
2710 1875 3002 1930 rationibus
3032 1878 3430 1946 disciplinarum
3456 1881 3558 1934 mi-

1978 1965 2122 2018 nime
2170 1963 2469 2020 fallentibus
2511 1968 2761 2036 cogitatio
2799 1969 3071 2038 peperisse
3107 1971 3381 2038 videatur,
3430 1972 3562 2041 ipsis

1978 2066 2187 2107 rursum
2216 2055 2508 2110 rationibus
2527 2059 2888 2127 arguentibus,
2921 2060 3107 2115 falsum
3134 2075 3253 2117 esse
3273 2063 3558 2120 convinco.

1976 2145 2092 2212 Quo
2117 2144 2172 2200 fit
2199 2155 2255 2200 ut
2278 2149 2424 2202 nullo
2450 2159 2604 2217 pacto
2643 2150 2876 2205 animam
2921 2152 3133 2207 credam
3177 2154 3410 2209 nondum
3440 2169 3559 2210 cor-

1978 2251 2107 2305 pore
2155 2239 2513 2305 sentientem,
2571 2241 2805 2295 nondum
2859 2258 2954 2311 per
3003 2258 3192 2298 sensus
3240 2245 3558 2302 vanissimas

1975 2329 2185 2383 mortali
2215 2339 2268 2384 et
2294 2331 2462 2400 fugaci
2487 2332 2786 2388 substantia
2809 2333 3162 2400 verberatum,
3195 2335 3246 2389 in
3279 2343 3423 2391 tanta
3455 2336 3556 2392 fal-

1974 2425 2145 2479 sitatis
2167 2426 2450 2496 ignominia
2468 2427 2719 2496 jacnisse.

2170 2616 2172 2618 _
2257 2539 2482 2595 CAPUT
2514 2539 2595 2594 Ill.
2631 2571 2698 2580 —
2722 2537 2948 2613 Objectio
2987 2540 3270 2597 resolvitur.

2046 2676 2099 2730 6.
2142 2672 2296 2730 Unde
2331 2687 2459 2746 ergo
2493 2676 2668 2731 evenit
2696 2685 2752 2730 ut
2779 2691 2897 2746 quae
2945 2692 3052 2730 non
3088 2675 3317 2731 vidimus
3352 2677 3555 2747 cogite—

1973 2766 2130 2820 mus?
2157 2765 2290 2834 Quid
2315 2776 2489 2836 putas,
2518 2768 2618 2823 nisi
2643 2784 2763 2823 esse
2783 2769 2886 2824 vim
2908 2768 3189 2838 quamdam
3212 2769 3480 2826 minuendi
3501 2780 3558 2825 et

1971 2858 2197 2929 augendi
2222 2859 2414 2913 animae
2436 2859 2669 2924 insitam,
2694 2875 2852 2930 quam
2879 2875 3214 2930 quocumque
3235 2861 3434 2916 venerit
3464 2877 3557 2916 ne—

1971 2965 2123 3005 cesse
2141 2958 2224 3005 est
2247 2950 2432 3005 afferat
2457 2951 2678 3006 secum?
2703 2968 2821 3020 qna-
2842 2952 2920 3006 vis
2942 2951 2993 3006 in
3029 2952 3264 3007 numeris
3291 2952 3556 3023 przecipue

1974 3040 2320 3096 animadverti
2355 3051 2553 3112 potest.
2598 3043 2708 3096 llac
2745 3043 2835 3108 ﬁt,
2869 3043 3020 3098 verbi
3060 3044 3260 3113 gratia,
3306 3052 3363 3099 ut
3407 3044 3558 3102 corvi

1971 3134 2124 3203 quasi
2145 3134 2213 3190 ob
2245 3134 2430 3190 oculos
2448 3134 2622 3204 imago
2654 3135 2958 3200 constituta,
2994 3150 3113 3205 qua:
3133 3134 3378 3190 videlicet
3395 3149 3554 3206 aspe-

1969 3225 2143 3281 etibus
2180 3237 2302 3280 nota
2344 3235 2458 3292 est,
2499 3225 2763 3282 demendo
2802 3235 2856 3281 et
2893 3227 3135 3282 addendo
3169 3228 3442 3298 qumdam,
3485 3229 3556 3285 ad

1972 3319 2261 3387 quamlibet
2286 3320 2505 3375 omnino
2534 3335 2801 3390 nunquam
2834 3320 2998 3374 visam
3034 3321 3316 3391 imaginem
3358 3321 3554 3392 perdue-

1978 3419 2146 3465 t'atur.
2182 3411 2289 3465 llac
2319 3413 2496 3466 evenit
2525 3421 2580 3466 ut
2623 3427 2716 3481 per
2736 3412 3172 3466 consuetudinem
3223 3413 3554 3469 volventibus

1972 3516 2091 3564 sese
2120 3502 2173 3556 in
2208 3502 2403 3558 talibus
2430 3503 2640 3569 animis,
2679 3504 2859 3573 figura:
2891 3503 3254 3572 hujuscemodi
3284 3503 3429 3558 velut
3457 3521 3553 3559 sua

1970 3601 2161 3662 sponte
2181 3594 2587 3664 cogitationibus
2612 3596 2832 3648 irrnaut.
2861 3594 3012 3650 Licet
3028 3595 3186 3664 igitur
3211 3595 3400 3650 animae
3422 3595 3554 3650 ima.

1969 3687 2190 3756 ginanti,
2221 3702 2286 3741 ex
2314 3686 2396 3741 bis
2427 3702 2546 3756 qua:
2589 3687 2663 3740 illi
2689 3701 2876 3741 sensus
2910 3686 3136 3751 invexit,
3168 3685 3463 3752 demendo,
3493 3697 3552 3741 ut

1969 3780 2166 3834 dictum
2198 3788 2298 3838 est.
2330 3789 2385 3834 et
2413 3779 2690 3847 addendo,
2723 3795 2784 3834 ea
2821 3781 3035 3850 gignere
3061 3795 3178 3850 qua:
3216 3780 3361 3834 nullo
3387 3768 3550 3835 sensu

1971 3875 2182 3944 attingit
2211 3883 2353 3938 tota;
2394 3882 2573 3943 partes
2600 3887 2725 3928 vero
2752 3887 2936 3927 eorum
2979 3887 3097 3941 qua:
3138 3875 3188 3926 in
3229 3873 3347 3926 aliis
3391 3880 3552 3942 atque

1971 3969 2088 4023 aliis
2118 3969 2276 4022 rebus
2314 3959 2578 4038 attigerat.
2625 3967 2696 4020 Ita
2743 3981 2839 4020 nos
2879 3965 3026 4034 pueri
3059 3964 3195 4030 apud
3237 3964 3552 4020 mediterra-

1970 4076 2100 4116 neos
2127 4063 2231 4115 nati
2259 4069 2418 4130 atque
2445 4060 2626 4114 nutriti
2649 4102 2662 4123 ,
2698 4059 2780 4113 vel
2811 4059 2862 4112 in
2887 4073 3046 4126 parvo
3075 4057 3240 4111 calice
3259 4072 3392 4126 aqua
3416 4057 3552 4125 visa,

1963 4153 2072 4222 jam
2095 4153 2374 4223 imagiuari
2397 4153 2558 4206 maria
2583 4161 2920 4219 poteramus;
2953 4163 3071 4201 cum
3102 4161 3260 4216 sapor
3285 4146 3553 4216 fragormn

1968 4256 2022 4302 ct
2047 4261 2349 4307 cornorum,
2392 4253 2672 4310 antequam
2725 4242 2774 4295 in
2826 4241 2969 4294 Italia
3011 4246 3375 4309 gustaremus,
3410 4239 3553 4292 nullo

1970 4337 2129 4393 modo
2155 4337 2358 4392 veniret
2387 4337 2437 4389 iu
2465 4344 2718 4389 mentem.
2748 4333 2879 4387 Hinc
2898 4341 2978 4386 est
2997 4331 3136 4400 quod
3159 4347 3188 4384 a
3207 4331 3376 4400 prima
3397 4335 3556 4384 aetate

1970 4430 2096 4484 caeci
2118 4474 2132 4495 ,
2166 4444 2286 4483 cum
2328 4428 2396 4483 de
2427 4428 2544 4482 luce
2577 4417 2948 4494 coloribusque
2988 4424 3396 4493 interrogantur.
3428 4422 3554 4492 quid

1970 4520 2330 4591 respondeant
2359 4533 2462 4572 non
2502 4516 2793 4571 inveniunt.
2824 4514 2940 4568 Non
2966 4514 3106 4569 enim
3131 4514 3394 4569 coloratas
3421 4514 3558 4568 ullas

1971 4613 2241 4683 patiuntur
2268 4610 2544 4678 imagines,
2573 4608 2660 4678 qui
2699 4614 2980 4660 senserunt
3007 4605 3196 4658 nullas.

2045 4707 2103 4759 7..
2139 4705 2248 4760 Nec
2278 4703 2472 4758 mirere
2498 4717 2602 4771 quo
2632 4709 2786 4770 pacto
2832 4715 2894 4753 ea
2922 4714 3038 4769 quae
3068 4699 3121 4753 in
3166 4714 3340 4754 rerum
3371 4709 3556 4756 natura

1973 4781 2271 4868 ﬁgurantur
2295 4804 2349 4850 et
2375 4793 2497 4864 fingi
2531 4800 2788 4862 possunt,
2821 4805 2926 4844 non
2957 4791 3127 4860 primo
3151 4792 3200 4844 in
3228 4791 3401 4846 animo
3440 4807 3558 4860 quae

1975 4889 2235 4944 omnibus
2253 4887 2392 4942 inest
2421 4885 2698 4940 commista
2728 4883 3026 4949 volvantur,
3054 4898 3172 4937 cuin
3201 4899 3263 4938 ea
3290 4899 3557 4954 nunquam

1973 4982 2307 5037 extrinsecus
2340 4977 2589 5034 senserit.
2617 4976 2748 5030 Nam
2780 4976 2939 5031 etiam
2963 4989 3061 5029 nos
3089 4989 3208 5030 cum
3240 4975 3560 5046 indignando

1974 5082 2070 5128 aut
2096 5071 2348 5138 lmtando,
2380 5067 2695 5138 exterisque
2725 5065 3090 5137 hujuscemodi
3118 5066 3280 5121 animi
3307 5065 3560 5128 melibns.

1975 5164 2171 5220 multos
2219 5164 2273 5216 in
2319 5169 2504 5216 nostro
2541 5173 2766 5228 corpore
2804 5158 2980 5213 vultus
3007 5158 3318 5226 coloresque
3366 5155 3564 5210 forma—

1977 5272 2116 5322 mus,
2148 5255 2292 5326 prius
2317 5261 2498 5308 nostra
2526 5250 2776 5322 cogitatio
2819 5249 2959 5319 quod
2989 5247 3160 5303 facere
3190 5248 3449 5318 possimus
3477 5254 3562 5302 ta-

1980 5350 2059 5405 les
2091 5347 2344 5418 imagines
2385 5344 2638 5415 concipit.
2679 5343 3090 5413 Consequuntur
3127 5343 3224 5395 ista
3264 5341 3414 5395 miris
3460 5341 3565 5396 illis

1979 5441 2175 5506 modis,
2204 5450 2257 5494 et
2281 5435 2676 5494 committendis
2693 5434 2996 5506 cogitationi
3024 5445 3144 5498 tuae,
3167 5447 3286 5487 cum
3313 5432 3367 5486 in
3388 5431 3565 5488 animo

1977 5534 2094 5588 sine
2120 5533 2226 5587 ulla
2251 5529 2608 5602 corporalium
2637 5529 2655 5560 ί
2690 5527 2856 5598 ﬁgura
2893 5526 3175 5582 falsitatum
3203 5525 3409 5580 numeri
3437 5526 3566 5580 acti-

1978 5636 2158 5683 tantur
2184 5625 2401 5682 occulti.
2427 5621 2504 5676 Ex
2527 5637 2632 5693 quo
2658 5621 2923 5690 intelliges
2948 5619 3126 5684 velim,
3153 5633 3272 5673 cum
3298 5628 3404 5673 tam
3431 5618 3562 5673 mni”-

1981 5729 2064 5776 tos
2107 5719 2271 5775 animi
2313 5725 2490 5772 motus
2533 5730 2652 5771 esse
2678 5713 2877 5769 sentias
2913 5721 3160 5780 expertes
3200 5711 3468 5776 omnium,
3501 5710 3567 5764 de

2045 5879 2058 5909 ³
2086 5877 2157 5926 sic
2181 5873 2508 5938 elegantioraa
2519 5877 2626 5922 Mss.
2652 5875 2706 5919 At
2730 5867 2898 5918 excusi
2913 5865 3113 5928 habent,
3131 5860 3370 5927 corporei:
3391 5859 3549 5927 ﬁgura
