4044 6338
506 367 568 424 η
1737 342 1792 397 S.
1835 334 2194 396 AUGUSTI.“
2233 331 2533 389 EPISCOPI
3709 317 3778 378 72

505 481 697 551 quibus
740 489 880 532 nunc
926 469 1154 543 qumris,
1186 465 1504 538 imaginum,
1532 458 1767 532 quolibet
1804 455 1911 510 alio
1939 460 2086 508 motu

507 545 740 626 animam
771 564 951 622 sortiri
980 575 1175 630 corpus
1201 572 1359 628 quam
1401 551 1730 610 sensibilium
1768 545 2088 616 cogitatione

508 662 819 724 turmarum,
844 671 978 728 quas
1001 668 1141 720 eam,
1166 651 1470 720 priusquam
1495 655 1719 713 corpore
1742 639 2092 706 sensibusque

508 765 707 818 utatur,
739 750 884 807 nullo
911 747 1071 803 modo
1113 744 1344 800 arbitror
1381 739 1488 810 pati
1528 751 1706 808 posse.
1733 731 2089 801 Quamobrem

509 862 607 917 pro
637 853 817 900 nostra
848 838 1222 902 familiaritate,
1253 841 1305 889 et
1330 847 1428 903 pro
1452 829 1616 900 ipsius
1642 825 1805 881 divini
1827 822 1963 892 juris
1991 819 2094 876 lido

508 936 696 993 sedulo
733 931 1030 989 monuerim
1053 969 1068 993 ,
1101 924 1413 982 charissima
1439 919 1567 975 mihi
1591 932 1654 973 ac
1679 911 2090 985 jucundissime,

511 1029 713 1084 nullam
750 1039 871 1082 cum
900 1023 1016 1077 istis
1045 1017 1264 1074 infernis
1290 1012 1494 1069 umbris
1521 1008 1738 1079 cepules
1761 1003 2049 1060 amicitiam
2075 1040 2093 1065 ,

511 1134 645 1174 neve
671 1118 810 1172 illam
836 1129 954 1186 quae
975 1109 1222 1180 copulata
1247 1115 1348 1172 est,
1372 1108 1622 1159 cunctere
1642 1096 1914 1152 divellere.
1937 1091 2095 1147 Nullo

510 1211 652 1266 enim
685 1183 1146 1261 modo'resistitur
1174 1195 1417 1266 corporis
1455 1190 1737 1254 sensibus,
1781 1200 1900 1256 quae
1943 1183 2096 1237 nobis

509 1298 862 1356 sacratissima
891 1293 1165 1363 disciplina
1207 1296 1291 1346 est
1309 1329 1326 1357 ,
1354 1287 1400 1342 si
1428 1300 1523 1357 per
1541 1297 1638 1341 eos
1658 1284 1673 1314 ¹
1693 1278 1906 1337 inﬂictis
1925 1277 2096 1348 plagis

519 1389 931 1458 vulneribusque
957 1383 1276 1441 blandimur.

970 1479 1302 1540 EPISTOLA
1340 1473 1458 1531 VIII
1493 1477 1513 1497 ⁴
1533 1471 1630 1546 (a).

513 1587 747 1652 Quanam
781 1579 1054 1635 caelesti-um
1095 1580 1398 1648 potestatum
1435 1569 1491 1622 in
1517 1566 1739 1619 animam
1763 1559 1957 1615 actione
1982 1557 2093 1627 fiat,

691 1683 744 1728 ut
765 1673 1008 1742 imagines
1036 1684 1096 1722 ac
1122 1665 1319 1720 somnia
1339 1657 1608 1714 dormienti
1628 1655 1918 1723 subrepant.

990 1767 1284 1814 AUGUSTINO
1312 1761 1606 1806 NEBRIDIUS.

586 1857 636 1910 1.
679 1851 961 1908 Festinanti
986 1849 1109 1902 mihi
1135 1846 1203 1899 ad
1229 1860 1333 1898 rem
1372 1840 1656 1913 pervenire,
1707 1834 1902 1890 nullum
1928 1846 2098 1904 prom-

513 1948 670 2001 mium
694 1987 710 2011 ,
741 1943 938 1996 nullum
987 1939 1147 2009 placet
1173 1935 1457 1991 exordium.
1492 1930 1594 1998 Qui
1619 1931 1708 1998 ﬁt,
1749 1927 1818 1981 mi
1859 1925 2101 1996 Augusti-

520 2053 615 2102 ne,
650 2034 727 2090 vel
761 2034 847 2100 qui
877 2031 1054 2085 modus
1081 2037 1154 2082 est
1177 2028 1283 2092 ille,
1314 2040 1413 2096 quo
1438 2031 1651 2078 utuntur
1680 2019 1962 2090 superiores
2005 2032 2099 2087 po-

512 2135 734 2188 testates,
757 2139 882 2193 quas
908 2120 1126 2174 caelestes
1153 2115 1365 2187 intelligi
1389 2114 1522 2178 volo,
1544 2128 1659 2166 cum
1678 2110 1750 2164 eis
1775 2106 1936 2178 placet
1959 2106 2101 2163 nobis

512 2215 873 2272 dormientibus
892 2213 1063 2282 aliqua
1091 2208 1286 2264 somnia
1313 2204 1700 2261 demonstrare?
1728 2201 1846 2268 Qui,
1870 2200 2098 2270 inquam,

515 2309 697 2364 modus
737 2316 839 2369 est;
864 2305 917 2359 id
944 2311 1036 2368 est,
1064 2299 1314 2371 quomodo
1333 2298 1386 2352 id
1410 2297 1622 2368 faciunt,
1643 2309 1742 2364 qua
1766 2300 1893 2356 arte,
1921 2289 2103 2360 quibus

520 2399 789 2470 mangonis
813 2399 854 2462 ³,
886 2394 1147 2468 quisbusve
1181 2387 1525 2445 instrumentis
1565 2395 1652 2438 aut
1691 2380 2104 2437 medicamentis?

518 2492 807 2546 animunme
831 2488 852 2518 ³
871 2496 1098 2541 nostrunt
1125 2500 1218 2555 per
1241 2480 1565 2552 cogitationes
1591 2492 1708 2530 suas
1737 2472 2020 2550 intpellnnt,
2049 2479 2102 2525 ut

515 2598 610 2635 nos
631 2581 779 2634 etiam
807 2595 865 2631 ea
885 2575 1152 2646 cogitando
1179 2569 1549 2642 imaginentur?
1576 2584 1643 2621 an
1664 2567 1775 2636 ipsa
1802 2564 1854 2618 in
1875 2579 1966 2616 suo
1986 2579 2100 2616 cor-

516 2689 656 2744 pore,
684 2672 758 2725 vel
778 2671 829 2723 in
850 2685 941 2722 sua
965 2665 1250 2737 phantasia,
1284 2667 1419 2734 facta
1443 2659 1584 2714 nobis
1611 2656 1829 2724 oﬂ'erunt
1859 2663 1902 2708 et
1931 2663 2098 2707 osten-

522 2763 688 2817 dunt?
718 2761 824 2815 Sed
849 2761 892 2813 si
917 2760 968 2812 in
995 2774 1088 2811 suo
1117 2769 1324 2825 corpore
1350 2767 1408 2807 ea
1437 2750 1631 2822 faciunt
1653 2788 1667 2811 ,
1719 2745 1941 2814 sequitur
1966 2751 2020 2795 ut
2057 2751 2104 2796 et

515 2868 607 2909 nos
639 2855 764 2907 alios
782 2852 956 2905 oculos
972 2863 1238 2918 corporeas
1253 2843 1551 2898 intrinsecus
1567 2838 1840 2892 habeamus
1855 2850 1969 2888 cum
1985 2832 2104 2886 dor-

519 2949 722 3013 mimus,
755 2946 932 3015 quibus
953 2943 1044 2997 illa
1069 2941 1325 2995 videamus
1350 2951 1462 3006 qua:
1479 2936 1556 2990 illi
1580 2935 1630 2986 in
1659 2947 1749 2986 suo
1765 2944 1974 2999 corpore
1997 2929 2105 2998 [or-

521 3043 786 3096 moverint.
817 3039 876 3093 Si
907 3053 1018 3092 vero
1044 3034 1111 3088 ad
1147 3034 1271 3087 istas
1304 3048 1383 3085 res
1427 3045 1527 3083 non
1563 3040 1771 3094 corpore
1798 3023 2107 3093 adjuvantur

519 3151 645 3202 suo,
675 3133 761 3187 sed
787 3133 837 3184 in
868 3127 1180 3200 pltantastico
1225 3139 1317 3178 suo
1356 3122 1454 3175 ista
1496 3118 1802 3188 disponunt,
1848 3122 1997 3182 atque
2035 3111 2107 3164 ita

518 3228 835 3301 phantastira
879 3234 1050 3278 nostra
1093 3221 1423 3290 contingunt,
1471 3224 1517 3269 et
1562 3215 1618 3284 ﬁt
1655 3213 1815 3268 risum
1857 3209 1993 3281 quod
2035 3217 2108 3262 est

517 3319 802 3379 somnium;
830 3332 941 3378 cur,
968 3327 1135 3384 qnteso
1159 3319 1222 3374 te,
1248 3325 1349 3362 non
1370 3323 1460 3377 ego
1487 3303 1803 3375 pltantastieo
1826 3317 1933 3355 meo
1965 3311 2107 3354 tuum

521 3410 890 3480 phantasticum
915 3423 973 3458 ea
1001 3403 1197 3459 somnia
1239 3414 1477 3471 generare
1506 3397 1783 3467 compello,
1825 3410 1937 3467 qua:
1981 3392 2108 3446 mihi

520 3500 683 3572 primo
707 3499 758 3552 in
790 3515 846 3552 eo
871 3499 979 3566 ipse
1008 3494 1260 3566 formavi?
1288 3491 1430 3545 Certe
1462 3498 1506 3542 et
1547 3487 1666 3540 mihi
1695 3495 1769 3540 est
1801 3485 2068 3553 phantasia
2088 3523 2104 3547 ,

519 3602 569 3649 et
589 3592 724 3663 quod
752 3591 864 3644 colo
891 3599 1064 3660 potens
1098 3593 1168 3639 est
1196 3585 1402 3654 fingere,
1430 3595 1544 3633 cum
1569 3578 1772 3632 omnino
1795 3576 1992 3629 nullnnt
2021 3574 2108 3627 tibi

525 3687 658 3759 facio
685 3682 956 3746 somnium,
985 3679 1073 3732 sed
1089 3676 1254 3747 ipsum
1275 3689 1456 3742 corpus
1478 3679 1701 3724 nostrum
1721 3666 1863 3721 video
1887 3668 1938 3719 in
1968 3665 2108 3720 nobis

521 3776 716 3833 somnia
737 3788 991 3844 generare.
1027 3768 1163 3823 Nam
1189 3782 1302 3822 cum
1323 3764 1472 3819 semel
1501 3762 1727 3815 habuerit
1760 3776 1847 3829 per
1873 3757 2110 3824 aﬂ‘ectum

522 3884 623 3940 qna
653 3866 836 3918 anima:
875 3862 1160 3932 reputatur,
1202 3857 1333 3927 cogit
1373 3871 1464 3908 nos
1505 3853 1724 3922 idipsum
1771 3851 1912 3903 miris
1950 3848 2110 3902 modis

523 3975 613 4029 per
639 3955 960 4026 phantasiam
987 3951 1244 4006 simulare.
1272 3947 1422 4016 Swpe
1438 3945 1736 3998 dormientes
1760 3957 1874 3994 cum
1892 3940 2107 4006 titinius,

523 4051 685 4105 bibere
711 4048 1018 4102 samniamus
1037 4085 1052 4108 ,
1084 4053 1130 4097 et
1160 4041 1434 4096 esurientes
1459 4036 1601 4107 quasi
1631 4031 1940 4086 comedentes
1977 4029 2112 4083 vided

522 4159 670 4206 mur;
700 4151 746 4194 et
773 4139 933 4193 multa
981 4135 1102 4189 talia
1122 4177 1137 4202 ,
1177 4148 1289 4204 qua:
1315 4130 1456 4200 quasi
1497 4125 1792 4180 commercio
1838 4122 2055 4193 quodam
2080 4138 2113 4177 α

523 4249 733 4303 corpore
765 4233 819 4284 in
853 4230 1071 4282 animant
1100 4223 1417 4295 pltantastire
1447 4218 1837 4287 transferuntur.
1868 4213 1994 4267 "(ea
2020 4229 2112 4284 pro

524 4324 605 4375 sui
639 4321 969 4380 obscuritate,
1003 4333 1093 4386 pro
1121 4324 1389 4379 nostraque
1413 4311 1700 4379 imperitia,
1733 4323 1794 4359 ne
1832 4305 2026 4358 mireris
2068 4303 2114 4356 si

527 4415 691 4466 minus
719 4412 968 4480 eleganter
985 4407 1245 4474 minusque
1267 4402 1515 4455 subtiliter
1535 4397 1785 4468 explicata
1808 4405 1921 4449 sunt
1947 4411 1964 4450 :
1992 4405 2043 4448 tu
2060 4394 2114 4447 id

529 4508 692 4576 facere
721 4510 964 4571 quantum
995 4497 1181 4568 poteris
1210 4493 1477 4548 laborabis.

626 4636 860 4699 Fdd.,per
876 4646 973 4684 eas.
992 4639 1045 4699 at
1060 4637 1168 4679 Mss.
1193 4639 1367 4699 magno
1383 4635 1622 4699 consensu
1638 4620 1900 4699 praefluunt
1914 4632 2109 4699 pergas,

527 4679 1312 4762 quodni],sensus—referturquam
1341 4687 1482 4749 paulo
1503 4679 1654 4762 supra
1669 4684 1842 4732 dicitur
1867 4695 1878 4730 :
1904 4679 2025 4730 nihil
2045 4687 2114 4731 est

527 4746 662 4810 tiliud
701 4746 978 4820 itrtaginatio
1011 4752 1312 4820 sensibilium
1330 4746 1502 4820 rerum
1520 4746 1940 4820 bocju'coripre,
1971 4756 2116 4806 quant

692 4806 874 4883 ὗῆῖἰὲίά
889 4832 978 4929 per
1001 4829 1180 4887 sensus.
1206 4815 1320 4862 Hinc
1351 4809 1600 4880 intelliges
1621 4808 1670 4856 in
1694 4806 1777 4854 lib.
1798 4806 1864 4853 de
1887 4815 2007 4854 Vera
2032 4813 2116 4876 ne-

552 4895 746 4931 mone.
770 4895 813 4931 c.
847 4881 879 4930 5
923 4915 937 4931 .
977 4894 1028 4928 n.
1053 4877 1142 4931 ϐε,
1167 4876 1213 4925 id
1251 4874 1378 4931 quod
1404 4877 1697 4931 Augustinus
1716 4869 2115 4931 adversus_tuani_-

551 4869 752 4946 igi'one
847 4869 937 4941 δί,
977 4894 1028 4928 n.
1053 4877 1142 4946 8},
1167 4876 1213 4945 id
1239 4874 1378 4946 quod
1404 4869 1697 4946 Augustinus
1716 4869 2115 4946 adversustuani-

527 4926 822 5004 elices—dicit
839 4926 1094 5004 :vin'zteiqui
1113 4926 1299 5004 resistat
1320 4926 1533 5004 sensibus
1551 4928 1713 4981 carnis
1729 4967 1743 4989 ,
1769 4936 1814 5000 et
1837 4926 1991 5004 plagis
2013 4927 2116 4992 qui-

531 4990 631 5057 iii;
639 4990 850 5069 par—illos
866 4990 1116 5069 inaudita
1135 4995 1389 5069 vapulavit.
1414 5005 1580 5069 Neque
1611 5006 1763 5069 quier
1780 4990 1992 5069 infernus
2012 4990 2116 5062 nnt-

531 5051 1011 5130 brasratquibushic
1036 5051 1314 5130 nebridium
1351 5051 1572 5130 revocat,
1600 5051 1890 5130 intelligere
1913 5051 2031 5100 alias
2051 5053 2119 5130 Ivi-

528 5113 1290 5200 deturﬁpirwetleripbantasiasseq
1306 5113 1647 5200 phantasmata
1805 5127 1915 5200 qam
1939 5113 2119 5200 ample-

530 5174 1052 5246 Ediluini—uiuimus,
1071 5199 1135 5234 ex
1160 5184 1243 5246 lib.
1261 5174 1515 5246 3dml’ess.
1533 5192 1576 5246 e.
1597 5179 1644 5237 6,
1672 5183 1723 5225 et
1737 5174 1896 5234 lib.‘9,
1910 5188 1954 5245 ρ.

594 5236 769 5311 ﬁbri,
782 5236 1200 5311 uinci—tinis,icujus
1221 5244 1327 5294 loco
1339 5249 1446 5311 Mss.
1473 5242 1672 5311 habent,
1697 5236 1961 5311 nummatis.
1988 5236 2119 5311 Idem

529 5299 810 5377 signiﬁcatis
829 5299 940 5377 hinc
977 5299 1464 5369 enim'magganella,
1488 5301 1672 5377 bellica,
1703 5299 2120 5377 instru-

531 5360 906 5440 iii‘en—taisdidas
923 5384 1083 5436 porro,
1105 5360 1373 5440 magg'a'iwn
1393 5360 1676 5440 paradoxon
1700 5360 1752 5420 ti,
1787 5362 1961 5409 mirum
1982 5360 2120 5420 quid-

533 5449 661 5498 piam
684 5427 1043 5498 interpretatur
1055 5427 1079 5478 :'
1095 5427 1241 5493 aliq'ui
1257 5465 1270 5498 ε
1297 5427 1582 5497 praestigias.

599 5483 776 5555 iter;
809 5483 893 5547 iiut
908 5483 1537 5546 ‘medtcantentis'animum
1573 5489 1804 5537 nostrum.
1842 5483 2122 5531 Mutavimus

534 5558 747 5609 nonnihil
770 5559 829 5607 ad
851 5565 958 5607 Mss.
985 5559 1145 5606 tidem.

597 5605 613 5637 ‘
632 5605 796 5668 iuliae
807 5605 1112 5668 emendanda
1133 5617 1209 5667 usi
1251 5626 1418 5665 sumus
1449 5615 1528 5666 el).
1552 5626 1636 5678 ες.
1666 5621 1748 5672 gv.
1774 5623 1823 5657 ιι.
1861 5619 1904 5654 ι·.
1943 5605 2018 5653 sb.
2045 5618 2116 5654 ve.

534 5680 722 5730 duobus
736 5689 770 5729 t.
791 5681 978 5729 duobus
1001 5695 1045 5730 γ.
1072 5689 1124 5730 et
1138 5689 1243 5727 Iov.

597 5726 974 5804 (6)".Ktiasé'tl-‘IE
992 5726 1288 5801 (magna...
1309 5740 1340 5787 8
1363 5745 1496 5797 erat,
1521 5748 1648 5787 nunc
1678 5737 1752 5786 27.
1778 5729 1956 5779 scribta
1981 5726 2120 5788 paulo

2733 443 3060 503 EPISTOLA
3085 442 3191 498 ιχο
3220 439 3306 514 (α).

2199 596 2476 665 Ωηιεειὶοιιε
2495 596 2557 652 de
2584 595 2790 650 somniis
2819 606 2906 666 per
2927 592 3206 663 superiores
3235 595 3499 660 potestates
3532 581 3771 639 immissis

2847 683 3130 756 respondet.

2682 854 2925 900 NEBRIDIO
2951 853 3292 897 AUGUSTINUS.

2270 983 2321 1037 l.
2362 980 2672 1050 Quanquam
2711 978 2817 1033 mei
2849 974 3007 1030 animi
3031 971 3276 1044 cognitor
3299 965 3406 1036 sis,
3449 969 3673 1024 fortasse
3698 973 3779 1022 ω-

2201 1090 2322 1129 men
2377 1074 2593 1145 ignoras
2641 1079 2895 1142 quantum
2951 1067 3106 1122 velim
3159 1063 3439 1136 pnesentia
3495 1069 3585 1116 tua
3651 1058 3778 1115 l'rui.

2201 1165 2400 1221 Verum
2453 1164 2556 1218 hoe
2601 1170 2708 1217 tam
2760 1174 3004 1230 magnum
3059 1153 3371 1212 beneﬁcium
3427 1153 3568 1208 Deus
3611 1148 3781 1223 quan-

2201 1257 2377 1328 doque
2398 1255 2690 1326 praestabit.
2717 1253 2842 1324 Legi
2865 1251 3210 1307 rectissimam
3233 1248 3510 1318 epistolam
3531 1242 3694 1310 tuam,
3725 1245 3782 1299 in

2199 1364 2303 1430 qua
2323 1347 2390 1402 de
2415 1335 2696 1402 solitudine
2719 1336 2936 1415 questus
2955 1358 3016 1420 es
3032 1383 3047 1408 ,
3074 1351 3127 1398 et
3155 1339 3380 1410 quadam
3405 1337 3711 1394 desertione
3751 1352 3784 1390 a

2201 1417 2550 1494 familiaribus
2581 1436 2682 1492 tuis
2699 1478 2715 1504 ,
2742 1451 2860 1491 cum
2879 1417 3069 1506 quibus
3091 1432 3194 1486 vita
3214 1430 3518 1485 dulcissima
3545 1435 3645 1504 est.
3674 1417 3786 1483 Sed

2201 1531 2328 1602 quid
2349 1529 2493 1585 aliud
2520 1529 2605 1583 hie
2625 1529 2716 1583 tibi
2734 1527 2905 1582 dicam
2923 1567 2938 1593 ,
2980 1525 3082 1580 nisi
3112 1522 3254 1594 quod
3280 1529 3330 1577 te
3354 1535 3460 1575 non
3482 1517 3667 1574 dubito
3701 1519 3786 1571 la-

2201 1623 2364 1680 cere?
2405 1621 2601 1678 Conl‘er
2624 1630 2676 1677 te
2698 1620 2764 1675 ad
2789 1623 2936 1675 tuum
2970 1617 3204 1672 animum
3227 1656 3242 1681 ,
3277 1624 3331 1669 et
3358 1605 3504 1668 illum
3531 1611 3582 1666 in
3615 1611 3788 1666 Deum

2202 1714 2338 1779 leva,
2367 1721 2620 1783 quantum
2645 1721 2817 1781 potes.
2854 1702 2930 1786 lbi
2968 1708 3111 1763 enim
3152 1703 3352 1760 certiu‘s
3382 1702 3548 1758 babes
3575 1709 3630 1756 et
3660 1715 3786 1762 nos,

2202 1820 2308 1860 non
2342 1820 2438 1875 per
2464 1818 2751 1874 corporeas
2773 1789 3059 1871 imagines,
3096 1797 3290 1868 quibus
3317 1810 3459 1850 nunc
3504 1795 3556 1848 in
3603 1798 3790 1847 nostra

2191 1896 2572 1952 recordatione
2597 1895 2671 1949 uti
2698 1907 2918 1948 necesse
2947 1899 3064 1956 est;
3095 1888 3188 1944 sed
3219 1903 3314 1958 per
3339 1887 3482 1941 illam
3507 1883 3790 1955 cogitatio-

2203 2003 2350 2056 nem,
2377 2002 2479 2058 qua
2509 1975 2762 2056 intelligis
2787 1999 2892 2039 non
2919 1983 3036 2038 loco
3061 1997 3180 2036 esse
3205 1995 3302 2036 nos
3322 1979 3502 2034 simul.

2273 2063 2328 2134 Ξ.
2371 2070 2636 2150 Epistolas
2682 2088 2799 2134 tuas
2836 2091 2957 2131 cum
2987 2073 3414 2134 eonsiderarem,
3459 2068 3650 2139 quibus
3679 2076 3793 2121 non

2204 2169 2424 2224 dubidm
2448 2169 2539 2224 tibi
2559 2167 2814 2239 qumrenli
2834 2180 3020 2235 magna
3043 2161 3313 2232 respondi,
3340 2158 3684 2215 vehementer
3700 2164 3794 2212 me

2206 2253 2293 2317 illa
2323 2261 2543 2327 terruit,
2575 2275 2676 2330 qua
2716 2256 3040 2328 percentaris
3069 2247 3334 2324 quomodo
3362 2252 3450 2304 liat
3477 2258 3535 2304 ut
3574 2248 3727 2302 nobis
3757 2261 3792 2301 a

2206 2349 2570 2424 superioribus
2594 2349 2940 2420 potestatibus
2966 2348 3045 2402 rel
3074 2361 3101 2398 a
3123 2342 3476 2410 daemonibus,
3507 2349 3560 2396 et
3583 2340 3792 2410 cogita-

2208 2435 2380 2505 tiones
2407 2446 2648 2518 quaedam
2676 2445 2976 2500 inserantur
2996 2450 3052 2497 et
3075 2441 3300 2494 somnia.
3323 2437 3508 2507 Magna
3530 2435 3670 2489 enim
3695 2431 3794 2488 res

2207 2551 2322 2608 est,
2370 2541 2455 2596 cui
2486 2548 2539 2595 tu
2570 2553 2780 2608 quoque
2810 2553 2906 2607 pro
2936 2547 3019 2590 tua
3053 2533 3332 2606 prudentia
3359 2528 3611 2600 perspicis
3631 2569 3647 2593 ,
3680 2541 3794 2581 non

2208 2635 2466 2704 epistola,
2520 2630 2616 2687 sed
2659 2638 2751 2685 aut
2795 2627 3041 2699 prtesenti
3071 2622 3456 2686 collocatione,
3496 2627 3586 2673 aut
3611 2617 3796 2686 aliquo

2209 2725 2386 2779 libello
2425 2720 2852 2792 respondendum
2881 2733 3019 2774 esse.
3065 2714 3305 2770 Tentabo
3333 2722 3539 2777 tamen,
3587 2708 3798 2764 callens

2211 2815 2476 2886 ingenium
2501 2823 2646 2869 tuum
2669 2855 2684 2879 ,
2709 2811 2950 2883 quaedam
2991 2805 3302 2878 qurestionis
3346 2803 3502 2873 hujus
3544 2799 3740 2855 lumina
3774 2801 3793 2831 ⁸

2212 2907 2610 2979 prmscminare,
2641 2914 2699 2960 ut
2722 2912 2812 2959 aut
2835 2911 3025 2967 eadem
3059 2909 3230 2954 tecum
3256 2897 3369 2968 ipse
3400 2903 3669 2958 contexas,
3699 2901 3799 2948 aut

2211 3013 2368 3068 posse
2397 2997 2461 3052 ad
2493 2997 2570 3052 rei
2593 3004 2750 3050 tantae
2776 2991 3099 3064 probabilem
3121 2986 3577 3058 investigationem
3605 2991 3800 3054 perve-

2210 3090 2312 3144 niri
2336 3089 2550 3143 minime
2576 3085 2846 3156 deSperes.

2283 3175 2336 3236 3.
2381 3179 2627 3234 Arbitror
2669 3177 2812 3231 enim
2833 3189 3045 3228 omnem
3078 3179 3276 3226 motum
3305 3168 3464 3224 animi
3489 3166 3690 3238 aliquid
3716 3165 3801 3223 lii-

2211 3286 2334 3326 eere
2378 3271 2432 3324 in
2475 3283 2720 3339 corpore.
2771 3260 2827 3321 ld
2855 3269 3030 3320 autem
3077 3278 3244 3333 usque
3287 3261 3353 3316 ad
3402 3269 3611 3315 nostros
3639 3261 3798 3315 exire

2213 3377 2423 3426 sensus,
2457 3367 2566 3414 tam
2589 3359 2828 3423 hebetes,
2860 3365 3072 3426 tamque
3098 3353 3299 3415 tardos,
3328 3368 3448 3408 cum
3469 3361 3591 3406 sunt
3621 3351 3798 3420 majo-

2213 3454 2303 3508 res
2340 3453 2502 3508 animi
2545 3459 2756 3516 motus;
2790 3449 2935 3503 velut
2975 3463 3094 3503 cum
3127 3445 3428 3511 irascimur,
3459 3451 3549 3497 aut
3572 3444 3749 3497 tristes
3771 3483 3794 3510 ,

2213 3553 2305 3598 aut
2349 3542 2642 3614 gaudentes
2686 3553 2890 3596 sumus.
2936 3539 3012 3593 Ex
3038 3553 3144 3608 quo
3174 3537 3297 3590 licet
3320 3535 3583 3614 conjicere
3609 3576 3623 3596 ,
3666 3542 3797 3587 cunt

2213 3613 2372 3690 etiam
2425 3634 2720 3703 cogitamus
2761 3628 2993 3701 aliquid,
3039 3643 3214 3698 neque
3255 3627 3306 3680 id
3347 3626 3498 3680 nobis
3529 3613 3579 3678 in
3610 3632 3800 3679 uOstr'o‘

2214 3742 2439 3796 corpore
2467 3733 2682 3796 apparet
2705 3760 2721 3788 ,
2763 3731 3025 3792 apparere
3051 3729 3225 3774 tamen
3256 3733 3412 3788 posse
3439 3717 3596 3772 aeriis
3621 3719 3796 3770 mtue-

2215 3819 2386 3874 reisve
2402 3816 2760 3871 animantibus
2778 3814 2872 3886 (b),
2897 3824 3120 3883 quorum
3139 3821 3192 3865 et
3207 3824 3396 3866 sensus
3416 3807 3722 3872 acerrimus,
3741 3813 3807 3862 et

2217 3912 2269 3966 in
2320 3911 2472 3980 cujus
2514 3907 2908 3977 comparatione
2935 3912 3114 3958 noster
3153 3919 3218 3956 ue
3248 3916 3434 3956 sensus
3460 3898 3668 3971 quidem
3699 3912 3808 3968 pit-

2218 4005 2407 4061 tandus
2438 4012 2540 4058 est.
2575 4002 2736 4072 Igitur
2764 4014 2827 4054 ea
2857 4013 2996 4069 qum,
3034 4001 3090 4051 ut
3130 3996 3198 4049 ita
3243 3995 3436 4057 dicam,
3470 3991 3683 4062 vestigia
3710 3986 3804 4044 sui

2217 4107 2393 4151 motus
2422 4095 2631 4150 animus
2661 4092 2772 4160 ligit
2797 4092 2846 4146 in
2875 4103 3118 4158 corpore,
3156 4095 3375 4156 possunt
3404 4088 3456 4138 et
3482 4090 3714 4149 manere,
3743 4090 3809 4136 et

2219 4189 2500 4260 quemdam
2527 4186 2677 4256 quasi
2709 4184 2944 4238 habitum
2997 4177 3204 4242 facere:
3245 4193 3362 4248 quae
3411 4176 3632 4230 latenter
3673 4190 3810 4231 cum

2222 4282 2417 4351 agitata
2450 4273 2642 4333 iuerint
2668 4286 2721 4330 et
2746 4283 3071 4329 etmtrectala
3095 4314 3109 4337 ,
3145 4270 3434 4326 secundum
3474 4269 3718 4338 agitantis
3745 4279 3812 4324 et

2219 4371 2603 4428 contrectantis
2633 4369 2978 4431 voluntatem,
3013 4365 3258 4434 ingerunt
3279 4361 3429 4416 nobis
3456 4360 3814 4430 Cogitationes

2219 4476 2274 4522 et
2321 4465 2562 4526 somnia;
2609 4471 2766 4530 atque
2797 4460 2847 4514 id
2880 4459 2933 4512 lit
2977 4459 3108 4511 mira
3147 4456 3410 4511 facilitate.
3444 4452 3498 4509 Si
3530 4454 3668 4508 enim
3702 4467 3810 4505 no-

2221 4567 2454 4612 strorum
2515 4568 2794 4622 corporum
2869 4560 3198 4604 terrenarum
3262 4557 3318 4601 et
3378 4544 3810 4599 tardissimorum

2221 4648 2664 4713 exercitationes,
2715 4643 2932 4714 agendis
2976 4642 3186 4714 organis
3228 4639 3478 4703 musicis,
3517 4653 3611 4692 seu
3638 4637 3690 4690 in
3717 4635 3812 4690 fu-

2222 4743 2474 4798 nambulo
2499 4783 2512 4804 ,
2555 4740 2870 4808 ueterisque
2910 4733 3271 4806 hujuscemodi
3303 4730 3612 4802 Spectaculis
3643 4730 3814 4782 innu-

2223 4835 2609 4900 merabilibus,
2663 4832 2731 4891 ad
2789 4830 3029 4900 qua'dam
3099 4825 3429 4916 incredibilia
3499 4823 3814 4892 pervenisse

2225 4928 2563 4983 manifestum
2593 4933 2711 4989 est;
2757 4935 3084 4991 nequaquam
3115 4928 3195 4972 est
3223 4907 3509 4970 absurdum
3528 4959 3542 4978 ,
3595 4928 3687 4968 eos
3713 4915 3814 4983 qui

2221 5019 2365 5076 aerio
2388 5018 2467 5073 vel
2489 5015 2722 5072 tellicreo
2744 5026 2966 5082 corpore
2991 5002 3188 5079 aliquid
3217 5008 3266 5062 in
3289 5008 3598 5076 corporibus
3617 5014 3806 5074 agtnit,

2222 5127 2340 5183 quae
2366 5108 2596 5166 naturali
2644 5104 2831 5160 ordine
2862 5107 3167 5174 penetrant,
3200 5099 3354 5167 longe
3382 5098 3582 5168 majore
3627 5097 3698 5149 uti
3729 5093 3820 5150 la-

2223 5206 2422 5261 cilitate
2448 5201 2514 5257 ad
2543 5197 2865 5255 movendum
2890 5187 3142 5265 quidquid
3170 5193 3368 5256 volunt,
3397 5205 3501 5245 non
3526 5187 3814 5243 sentienti-

2227 5299 2328 5355 bus
2353 5296 2505 5351 nobis
2529 5336 2544 5361 ,
2576 5302 2631 5348 et
2660 5302 2833 5345 tamen
2856 5288 2980 5344 inde
3002 5280 3200 5358 aliquid
3230 5283 3666 5357 perpetientibus.
3706 5277 3818 5336 Ne-

2292 5477 2306 5507 ¹
2333 5480 2462 5531 L0v.,
2487 5466 2668 5520 limina.
2695 5473 2750 5516 At
2766 5471 2946 5531 sisset
2967 5457 3262 5531 antiquiores
3284 5461 3417 5519 Edd.,
3437 5457 3632 5531 (mnino.

2289 5538 2307 5555 '
2325 5516 2468 5596 Epist:
2489 5516 2641 5580 illa
2663 5536 2700 5577 x
2724 5529 2783 5596 ad
2807 5516 3344 5596 nebridiuui'eastigatze
3361 5516 3471 5571 sunt
3479 5516 3706 5596 ad.a._lil.
3725 5519 3814 5582 bg.

2225 5598 2304 5666 ab:
2321 5582 2373 5666 εἴ
2396 5609 2479 5666 ες·
2496 5607 2642 5666 sua
2665 5604 2708 5663 r:
2815 5582 3328 5666 d99§3«_9'3€e.v;ei_a£
3353 5582 3593 5666 Αξιξ.-..¹1άε¹,;
3611 5587 3814 5666 5:133.-

2288 5644 2358 5722 (ὦ
2385 5644 2619 5722 ᾔίἶξλεν-Ηὸ
2642 5655 2790 5714 prima
2815 5665 2826 5698 :
2853 5663 2962 5713 quae
2985 5658 3147 5697 autem
3169 5647 3200 5696 9
3225 5654 3355 5704 erat,
3385 5659 3511 5695 nunc
3532 5645 3609 5693 40.
3633 5644 3817 5705 Scripta

2226 5720 2351 5774 circa
2377 5720 2506 5768 idem
2529 5725 2736 5775 tenqus.

2291 5764 2703 5843 (lijvtiaiitmiiilius.
2725 5773 2838 5823 Vide
2863 5772 2947 5821 lib.
2980 5773 2998 5820 l
3025 5777 3148 5820 cont.
3178 5767 3422 5821 Academu
3445 5780 3486 5817 c.
3511 5769 3563 5818 7.
3591 5779 3621 5815 ιι
3665 5764 3744 5815 Ὧς
