4080 6346
250 367 317 425 73
1446 360 1920 418 EPISTULARUH
1959 361 2230 418 CLASSIS
2269 363 2306 416 Ι.
3435 367 3501 419 "inl-

251 498 347 552 que
390 479 532 536 enim
575 480 738 535 etiam
767 470 1209 549 quomodofellis
1253 476 1571 532 abundantia
1618 492 1715 532 nos
1759 475 1824 529 ad

252 575 378 626 itam
406 571 732 626 crebriorem
751 578 903 640 cogat
927 571 1212 634 sentimus;
1242 578 1294 623 et
1323 578 1497 623 tamen
1524 568 1683 637 cogit,
1706 582 1826 621 cum

251 664 359 717 inec
378 665 510 732 ipsa,
535 664 694 734 quam
723 657 849 726 dixi,
875 659 1196 715 abundantia
1228 658 1360 717 facta
1384 662 1451 714 sit
1481 659 1827 715 irascentibus

250 755 416 809 nobis.
1457 751 1460 754 λ
1820 823 1822 826 ι

313 848 366 901 4.
414 844 519 901 Sed
549 845 652 899 hoc
681 854 860 899 tamen
893 844 936 899 si
969 859 1073 898 non
1103 844 1183 898 vis
1213 842 1382 897 simile
1408 857 1437 896 a
1460 832 1612 897 nobis
1634 850 1829 912 pancr-

249 948 430 993 euutcr
476 938 758 1006 accipere,
801 948 951 990 versa
996 931 1045 989 id
1096 928 1414 1005 cogitatione
1443 943 1692 1004 quantum
1739 937 1831 1000 po-

249 1039 343 1084 tes.
391 1028 523 1083 Nam
560 1027 605 1081 si
647 1026 826 1080 animo
862 1022 1059 1080 e‘xista't
1101 1025 1310 1079 assidue
1349 1025 1522 1094 aliqua
1550 1023 1832 1077 difficultas

247 1120 432 1190 agendi
461 1115 625 1188 atque
656 1117 908 1187 implendi
948 1117 1086 1187 quod
1117 1117 1259 1185 cupit
1286 1159 1298 1180 ,
1328 1116 1537 1170 assidue
1565 1109 1828 1168 irascitur.

207 1264 210 1282 ι
249 1211 325 1264 Ira
355 1217 436 1264 est
461 1218 660 1273 autem,
684 1202 938 1278 quantum
989 1207 1103 1261 'r'nea
1149 1199 1251 1260 fert
1292 1206 1509 1276 Opinio,
1559 1204 1831 1258 turbulen-

248 1312 330 1356 tus
376 1300 645 1371 appetitus
689 1299 963 1354 auferendi
1001 1312 1062 1353 ea
1104 1313 1220 1368 qua:
1263 1297 1561 1352 facilitatem
1611 1295 1834 1350 actionis

248 1393 561 1463 impediunt.
611 1393 794 1462 Itaque
836 1393 1148 1462 plerumque
1200 1406 1307 1445 non
1369 1390 1674 1443 hominibus
1720 1397 1836 1441 tan-

249 1493 377 1546 tum,
421 1483 516 1537 sed
549 1483 755 1536 calamo
791 1483 1069 1537 irascimur
1124 1482 1176 1536 in
1233 1480 1555 1547 scribendo,
1609 1495 1835 1550 eumque

249 1575 548 1629 collidimus
617 1583 773 1645 alQue
831 1574 1161 1643 frangimus;
1236 1582 1290 1629 et
1343 1573 1606 1627 aleatores
1665 1582 1835 1627 tesse-

247 1667 354 1726 ris.
411 1674 470 1719 et
526 1665 754 1732 pictores
803 1662 1082 1734 penicillo,
1136 1673 1189 1718 et
1240 1663 1430 1733 'cuiqne
1486 1664 1836 1716 instrumento

247 1759 500 1827 quilibet,
569 1771 630 1812 ex
687 1769 793 1827 quo
851 1755 1213 1812 difficultatem
1259 1771 1317 1812 se
1373 1757 1478 1825 pati
1526 1755 1832 1809 arbitratur.

251 1850 359 1905 llac
402 1858 583 1903 autem
629 1847 939 1902 assiduitate
984 1847 1244 1902 irascendi
1286 1843 1354 1901 l‘el
1399 1853 1638 1900 crescere
1677 1847 1835 1900 etiam

245 1941 439 1996 medici
463 1940 749 1994 aflirmant.
779 1938 1067 1994 Cremento
1092 1947 1267 1992 autem
1298 1937 1436 1992 fellis
1460 1953 1644 1992 rursus
1673 1946 1726 1990 et
1756 1937 1835 1991 fa-

245 2034 346 2088 cile
375 2047 440 2086 ac
472 2037 638 2102 prope
661 2031 818 2084 nullis
848 2031 1024 2085 causis
1059 2021 1408 2085 existentibus
1434 2027 1728 2082 irascimur.
1763 2028 1836 2081 lla

247 2125 388 2194 quod
417 2139 518 2178 suo
547 2135 691 2178 motu
719 2124 930 2178 animus
956 2121 1078 2176 fecit
1109 2121 1158 2175 in
1184 2132 1427 2191 corpore,
1461 2119 1527 2174 ad
1557 2128 1679 2176 eutn
1720 2129 1836 2174 rur-

246 2231 335 2270 sus
361 2214 814 2270 commovendum
845 2213 1058 2266 valebit.

315 2308 367 2360 5.
398 2290 632 2360 Possunt
655 2306 911 2360 latissima
938 2303 1034 2357 ista
1068 2301 1322 2366 tractari,
1365 2310 1415 2356 et
1447 2297 1626 2355 multis
1658 2316 1836 2356 rerum

249 2397 574 2451 testimoniis
607 2395 673 2450 ad
707 2395 994 2450 certiorem
1021 2394 1421 2463 plenibremque
1452 2392 1666 2463 perditci
1700 2393 1836 2445 noti-

249 2491 394 2542 tiam.
419 2487 530 2541 Sed
555 2487 677 2540 huic
695 2487 932 2556 epistulae
959 2485 1183 2556 adjnnge
1206 2485 1348 2540 illam
1377 2497 1532 2553 quam
1561 2484 1652 2537 tibi
1675 2497 1842 2552 nuper

250 2580 319 2634 de
348 2578 673 2649 imaginibus
699 2588 751 2632 et
776 2577 842 2632 de
871 2577 1124 2631 memoria
1155 2576 1296 2641 misi,
1323 2585 1375 2630 et
1402 2590 1516 2629 eam
1539 2573 1840 2642 diligentius

254 2679 525 2739 pcrtracta
560 2684 574 2722 :
600 2683 723 2723 nam
750 2667 925 2721 ‘minus
953 2667 1104 2736 plene
1129 2683 1156 2719 a
1184 2673 1233 2720 te
1255 2666 1515 2720 intellecta
1536 2705 1550 2729 ,
1585 2664 1842 2734 rescripto

254 2769 347 2812 tuo
375 2759 509 2812 mihi
537 2757 800 2828 apparuit.
851 2757 982 2811 lluic
1007 2773 1132 2826 ergo
1173 2771 1328 2826 quam
1360 2771 1500 2810 nunc
1525 2756 1686 2826 legis,
1721 2770 1840 2809 cum

249 2853 562 2920 adiunxeris
588 2852 654 2905 de
700 2852 785 2906 illa
827 2851 964 2919 quod
1005 2851 1202 2903 dictum
1230 2850 1298 2903 ibi
1345 2856 1457 2914 est,
1507 2848 1572 2902 de
1615 2849 1842 2903 naturali

251 2944 478 3014 quadam
509 2943 762 2997 facultate
789 2941 951 2995 animi
989 2941 1272 2994 minuentis
1298 2948 1350 2994 et
1379 2939 1617 3009 augentis
1641 2940 1843 3009 cogita-

255 3038 395 3091 tione
418 3035 697 3106 quodlibet
721 3051 735 3096 ;
761 3033 981 3089 fortasse
1006 3035 1162 3088 etiam
1188 3034 1367 3086 f'ortnze
1389 3045 1694 3102 corporum,
1714 3025 1850 3100 quas

260 3145 532 3199 nunquam
568 3129 827 3193 vidimus,
876 3127 958 3180 vel
998 3125 1278 3196 cogitando
1314 3123 1479 3195 apud.
1495 3138 1591 3178 nos
1632 3124 1716 3178 vel
1753 3138 1843 3178 so-

255 3222 514 3278 mniando
547 3221 840 3292 figurentur
869 3220 909 3274 ί.

779 3371 1106 3429 EPISTOLA
1148 3372 1194 3428 x
1225 3372 1324 3446 (α).

262 3504 345 3562 De
368 3508 602 3562 convictu
633 3523 747 3560 cum
781 3506 1023 3560 Nebridio
1049 3517 1093 3560 et
1118 3507 1388 3561 secessione
1415 3525 1446 3561 a
1473 3508 1842 3562 mundanorum

840 3616 1004 3652 rerum
1029 3601 1262 3653 tumultu.
1447 3584 1449 3587 l

754 3768 996 3809 NEBRIDIO
1024 3769 1362 3810 AUGUSTINUS.

327 3876 382 3942 l.
412 3889 697 3960 Nunquam
727 3905 878 3960 mque
901 3889 1185 3960 quidquam
1215 3900 1420 3945 tuarum
1443 3885 1840 3961 inquisitionttm

257 3996 346 4034 me
373 3980 426 4033 in
469 3979 750 4049 cogitando
779 3981 944 4033 tenuit
971 3989 1281 4051 aestuantem
1301 4018 1315 4046 ,
1360 3990 1517 4051 atque
1553 3981 1680 4035 illud
1706 3983 1846 4052 quod

259 4069 652 4124 recentissimis
691 4070 882 4124 litteris
919 4069 1022 4123 tuis
1052 4069 1190 4140 legi,
1242 4063 1332 4125 ubi
1374 4086 1472 4125 nos
1509 4072 1683 4142 arguis
1708 4073 1848 4141 quod

258 4161 549 4214 consulere
579 4160 906 4230 negligaunts
933 4168 988 4212 ut
1016 4176 1118 4214 una
1145 4160 1298 4214 nobis
1323 4160 1500 4216 vivere
1525 4162 1699 4216 liceat.
1741 4163 1850 4218 Ma-

253 4266 418 4321 gnum
441 4253 672 4315 crimen,
698 4260 772 4316 et,
791 4251 888 4304 nisi
913 4246 1100 4304 falsum
1130 4260 1292 4317 esset,
1325 4251 1844 4319 periculosissimum.

256 4341 365 4396 Sed
393 4357 515 4396 cmn
560 4341 848 4411 probabilis
880 4343 1014 4395 ratio
1053 4337 1421 4396 demonstrare
1448 4339 1720 4410 videatur,
1765 4345 1848 4399 hic

257 4447 362 4486 nos
389 4435 566 4502 potius
605 4443 764 4503 Quam
792 4433 1090 4502 Carthagini
1112 4471 1128 4499 ,
1158 4433 1242 4487 vel
1272 4431 1429 4487 etiam
1458 4434 1597 4500 ruri,
1635 4450 1697 4488 ex
1722 4426 1854 4490 seu--

260 4527 427 4580 tentia
456 4538 618 4596 posse
644 4525 871 4596 degere,
912 4525 1034 4596 quid
1079 4533 1249 4580 tecum
1279 4542 1429 4596 agam
1455 4570 1468 4592 ,
1508 4529 1580 4582 nti
1608 4529 1844 4596 Nebridi,

259 4631 483 4684 prorsus
509 4615 744 4671 incertus
771 4633 909 4671 sum.
961 4609 1260 4672 Mittaturne
1288 4618 1351 4671 ad
1394 4627 1443 4671 te
1469 4622 1850 4676 accommodis-

258 4709 462 4761 simum
487 4709 580 4762 tibi
603 4709 934 4763 vehiculnm?
961 4725 1080 4763 nam
1107 4709 1350 4764 basterna
1372 4711 1391 4738 ‘
1415 4709 1628 4764 intmxie
1659 4720 1708 4766 te
1730 4713 1848 4766 vehi

258 4815 425 4869 posse
452 4810 634 4854 noster
650 4800 970 4856 Lucinianus
991 4813 1174 4857 auctor
1189 4814 1288 4858 est.
1315 4805 1382 4858 At
1407 4814 1628 4860 matrem
1652 4807 1848 4876 cogito,

262 4899 326 4944 ut
354 4907 472 4960 qua}
498 4890 791 4945 absentiam
823 4895 937 4946 sani
980 4908 1083 4948 non
1123 4893 1359 4956 ferebat,
1405 4895 1652 4950 imbecilli
1687 4899 1852 4952 multo

324 5077 338 5091 '
373 5074 459 5138 ttic
496 5072 706 5138 ﬁpistola
743 5077 1027 5138 terminatur
1059 5077 1183 5138 apud
1228 5083 1334 5125 Lov.
1372 5084 1424 5127 et
1447 5085 1647 5138 veteres
1667 5086 1773 5129 Mss.
1802 5087 1856 5131 Αι

255 5135 393 5211 apud
545 5144 644 5211 itm.
663 5143 714 5211 et
727 5136 1080 5211 lit._§d'\'09611t
1091 5135 1381 5211 ﬁgurentur,
1415 5137 1618 5211 epistola
1659 5141 1856 5211 l_4_,_de-

257 5197 649 5267 tractoexotvlio,
663 5197 1000 5267 recentissimis
1010 5197 1316 5262 subiungitur
1330 5197 1635 5251 cbntinenter
1644 5205 1706 5252 ab
1724 5197 1857 5254 hisee

259 5258 436 5306 verbis
459 5292 475 5316 ,
499 5258 688 5307 ωηιεεδὶ
710 5264 860 5318 actus,
886 5267 980 5308 etc.

331 5323 355 5350 ³
392 5325 442 5366 tn
459 5318 594 5377 me,
635 5318 874 5385 hastarum
902 5322 1025 5385 Atia
1060 5324 1311 5385 veteribus
1332 5324 1468 5374 libris
1497 5325 1740 5385 scribitur,
1781 5324 1861 5375 bn-

254 5389 591 5451 sterna.‘9uaa
609 5395 704 5451 vox
744 5382 873 5451 apud
917 5383 1144 5451 Isidorum
1170 5384 1217 5432 in
1253 5385 1402 5436 Gloss.
1428 5382 1863 5451 exponitur,'te_cta

259 5442 513 5513 mittatis
542 5455 559 5491 :
583 5443 712 5492 unde
736 5442 1020 5513 quitlusdam
1054 5446 1397 5513 videturhesse
1419 5442 1684 5513 gestatoria
1701 5442 1827 5513 sella
1844 5483 1858 5510 ,

259 5512 357 5554 aut
401 5503 606 5577 lectica,
655 5503 768 5577 quoi
818 5503 1103 5577 famulorum
1143 5510 1365 5577 manibus
1408 5503 1713 5577 portabatur;
1758 5503 1865 5577 aliis

263 5579 441 5632 porro,
465 5563 640 5632 lectica
653 5563 986 5632 jumentgrum
1018 5568 1360 5632 dorsoimponi
1382 5563 1551 5632 solita,
1588 5585 1652 5622 ex
1689 5563 1866 5622 eodem

267 5626 458 5677 lsidoro
501 5628 552 5675 in
588 5626 717 5692 orig.
744 5626 828 5676 lib.
853 5627 931 5692 ΞΟ,
969 5642 1011 5677 c.
1040 5629 1123 5690 l2;
1161 5626 1492 5692 hujuscemodi
1530 5626 1634 5683 erat
1676 5634 1759 5685 illa
1801 5636 1866 5685 de

269 5702 381 5753 qua
402 5691 669 5753 Gregorius
683 5689 860 5737 ‘turort.
887 5691 932 5737 in
956 5689 1116 5753 t'rane.
1143 5689 1258 5741 Hist.
1287 5693 1369 5742 lib.
1395 5689 1442 5753 '5,
1470 5707 1517 5741 n.
1543 5694 1620 5743 26.

293 5751 298 5752 ⁷
333 5751 413 5813 (η)
437 5751 564 5799 Alias
587 5751 677 5799 116
693 5764 704 5798 :
723 5764 834 5813 quae
853 5758 1017 5800 autem
1042 5752 1100 5802 l0
1123 5761 1228 5805 erat
1245 5791 1258 5816 ,
1285 5767 1411 5805 nunc
1429 5751 1520 5806 ⁷71.
1544 5756 1722 5819 scripta
1744 5757 1870 5808 circa

265 5803 411 5862 idem
432 5819 554 5862 tetnt
570 5825 645 5860 us.

326 5826 411 5861 em
432 5819 554 5874 tem]
570 5825 645 5860 us.

595 5893 817 5955 Sacr.
851 5894 1122 5955 Ausus'r.
1163 5898 1240 5958 II.

1931 476 2104 531 minus
2144 492 2260 531 esse
2292 478 2534 532 laturam.
2586 477 2872 533 Veniamne
2911 479 3021 548 ipse
3059 478 3125 532 ad
3158 480 3284 534 vos?
3325 483 3390 535 At
3421 484 3508 537 nte

1931 576 2052 619 sunt
2079 567 2167 637 qui
2199 582 2294 622 nec
2324 568 2506 622 venire
2534 583 2737 623 mecum
2768 578 2996 638 queant,
3025 578 3078 624 et
3102 585 3234 640 quos
3259 570 3509 626 desetere

1931 654 2079 711 nefas
2114 669 2310 727 putem.
2352 658 2428 712 Tu
2458 660 2598 712 enim
2628 669 2779 729 potes
2818 668 2871 713 et
2909 659 3046 730 apud
3089 668 3232 714 tuam
3267 670 3502 716 mentem

1932 749 2162 802 suaviter
2187 748 2456 811 habitare;
2498 751 2530 802 ii
2559 765 2684 804 vero
2714 760 2769 803 ιιι
2806 749 2944 804 idem
2975 751 3211 819 possint,
3234 752 3510 822 satagitur.

1937 839 2135 893 Eamne
2159 839 2347 894 crebro
2380 849 2433 894 et
2453 840 2665 895 redeam
2691 881 2706 905 ,
2736 848 2790 895 et
2815 856 2954 894 nunc
2979 850 3150 895 tecum
3174 883 3189 907 ,
3219 857 3357 896 nunc
3387 857 3508 897 cum

1934 927 2064 998 ipsis
2089 930 2230 984 sim?
2270 930 2339 984 At
2364 929 2463 984 hoc
2486 946 2656 1000 neque
2683 931 2863 994 simul,
2896 946 3064 1001 neque
3097 933 3114 963 ί
3146 947 3209 986 ex
3248 933 3514 988 sententia

1935 1022 2115 1076 vivere
2139 1032 2239 1078 est.
2266 1023 2381 1078 Non
2404 1026 2543 1078 enim
2561 1025 2737 1080 brevis
2754 1035 2837 1080 est
2860 1025 2967 1091 via,
2996 1025 3092 1080 sed
3115 1033 3258 1080 tanta
3275 1027 3513 1094 omnino,

1935 1113 2085 1182 cujus
2116 1114 2428 1183 peragenda:
2456 1115 2722 1184 negotium
2750 1130 2888 1184 srepe
2910 1116 3201 1184 suscipere,
3225 1132 3328 1172 non
3360 1117 3428 1170 sit
3449 1117 3517 1172 ad

1935 1211 2172 1272 Optatum
2201 1205 2366 1257 otium
2393 1204 2716 1273 pervenisse.
2748 1204 2860 1260 lluc
2881 1206 3083 1261 accedit
3106 1206 3379 1263 iutirmitas
3400 1224 3514 1263 cor-

1938 1295 2100 1363 poris,
2129 1311 2229 1364 qua
2262 1310 2360 1364 ego
2389 1310 2620 1364 quoque,
2650 1305 2708 1348 ut
2728 1296 2885 1360 nosti,
2915 1313 3018 1351 non
3037 1298 3190 1353 valeo
3216 1299 3354 1368 quod
3375 1300 3515 1367 volo,

1939 1385 2037 1439 nisi
2065 1386 2280 1440 omnino
2309 1385 2546 1440 desinam
2573 1386 2856 1456 quidquam
2883 1387 2997 1456 plus
3019 1389 3153 1442 velle
3170 1405 3327 1458 quam
3345 1385 3516 1444 valeo.

2015 1476 2071 1530 2.
2105 1465 2468 1532 Profectiones
2490 1493 2616 1547 ergo
2640 1494 2771 1547 quas
2800 1479 3004 1549 quietas
3033 1487 3089 1534 et
3114 1479 3290 1535 faciles
3323 1481 3519 1537 habere

1937 1584 2204 1638 nequeas,
2249 1585 2344 1640 per
2375 1577 2536 1623 totam
2563 1570 2795 1640 cogitare
2825 1571 2981 1624 vitam
3006 1609 3021 1636 ,
3057 1587 3159 1626 non
3185 1583 3266 1628 est
3293 1573 3521 1629 hominis

1937 1661 2003 1714 de
2027 1655 2110 1715 illa
2144 1676 2245 1715 una
2279 1662 2461 1715 ultima
2486 1704 2499 1726 ,
2535 1678 2650 1731 quae
2680 1678 2824 1718 mors
2854 1675 3092 1729 vocatur,
3120 1667 3426 1734 eugitantis;
3456 1667 3522 1721 de

1938 1769 2040 1822 qua
2080 1743 2160 1807 vel
2208 1754 2318 1807 sola
2358 1755 2602 1826 iutelligs
2648 1771 2772 1810 vere
2810 1771 2927 1811 esse
2971 1757 3328 1827 cogitandum.
3371 1759 3525 1813 Dedit

1939 1843 2152 1912 quidem
2189 1845 2324 1898 Deus
2367 1846 2547 1915 paucis
2576 1847 2924 1916 quibusdam,
2972 1862 3104 1917 quos
3141 1848 3524 1918 gubernatores

1939 1936 2284 1990 ecclesiarum
2314 1953 2431 1992 esse
2457 1938 2642 2004 voluit,
2672 1947 2730 1991 ut
2756 1948 2810 1994 et
2835 1939 2976 1992 illam
3009 1954 3113 1994 nou
3139 1941 3308 1995 Solum
3337 1957 3525 2012 exspe~

1939 2035 2142 2082 ctarent
2169 2028 2404 2092 fortiter,
2451 2029 2544 2082 sed
2572 2028 2820 2084 alacriter
2846 2031 3004 2084 etiam
3034 2031 3439 2098 desiderarent,
3469 2042 3526 2087 et

1941 2132 2122 2174 earum
2159 2119 2522 2174 obeundarum
2553 2120 2762 2175 labores
2792 2122 2906 2175 sine
2936 2121 3041 2174 ullo
3066 2137 3262 2192 angore
3285 2125 3526 2192 suscipe-

1940 2217 2060 2264 rent
2088 2227 2100 2262 :
2132 2209 2224 2264 sed
2253 2221 2422 2280 neque
2443 2211 2507 2265 iis
2527 2212 2614 2280 qui
2632 2210 2696 2264 ad
2722 2211 3020 2281 lmjusmodi
3040 2205 3526 2269 administrationes

1941 2289 2248 2372 temporalis
2279 2301 2495 2356 honoris
2535 2317 2719 2357 amore
2743 2309 3056 2372 raptantur,
3101 2319 3273 2373 neque
3316 2321 3528 2360 rursum

1945 2392 2008 2446 iis
2027 2433 2042 2458 ,
2069 2393 2154 2463 qui
2185 2409 2305 2446 cum
2349 2393 2454 2447 sint
2477 2393 2683 2463 privati,
2717 2394 3041 2460 negotiosam
3066 2393 3226 2447 vitam
3252 2403 3526 2466 appetunt,

1945 2485 2046 2539 hoc
2078 2494 2278 2538 tantum
2301 2484 2497 2538 bunum
2514 2483 2732 2539 concedi
2756 2484 3003 2548 arbitror,
3034 2495 3089 2538 ut
3115 2484 3255 2540 inter
3278 2486 3530 2554 strepitus

1945 2577 2312 2648 inquietdsque
2339 2585 2632 2632 conventus
2673 2585 2829 2646 atque
2859 2576 3130 2630 discursus
3154 2618 3166 2642 ,
3199 2593 3320 2631 cum
3353 2586 3530 2634 morte

1947 2672 2392 2735 familiaritatem,
2439 2687 2597 2741 quam
2639 2670 2959 2740 quaerimus,
3010 2669 3242 2733 faciant;
3291 2669 3530 2727 deificari

1947 2763 2088 2818 enim
2114 2764 2351 2833 'utrisque
2382 2763 2432 2816 in
2462 2763 2571 2816 otio
2596 2761 2810 2816 licebat.
2858 2762 2963 2815 Aut
3002 2762 3044 2815 si
3079 2761 3182 2816 hoc
3207 2761 3394 2816 falsum
3425 2769 3529 2828 est,

1950 2838 2048 2927 ego
2073 2872 2187 2910 sum
2213 2857 2468 2920 otnnium,
2503 2872 2570 2910 ne
2595 2856 2764 2910 dicam
2793 2855 3138 2910 stultissimus
3159 2893 3174 2922 ,
3205 2863 3352 2910 certe
3379 2855 3529 2926 igua—

1948 2947 2196 3002 vissimus
2215 2990 2227 3012 ,
2267 2949 2352 3003 cui
2384 2948 2481 3002 nisi
2509 2948 2781 3017 proveniat
2806 2947 3047 3016 qumdam
3071 2962 3252 3002 secura
3279 2946 3528 3012 cessatio,

1950 3041 2214 3095 sincerum
2246 3040 2371 3095 illud
2406 3040 2597 3093 bonum
2626 3051 2840 3110 gustare
2883 3049 3038 3109 atque
3069 3055 3248 3092 amare
3281 3055 3384 3092 non
3412 3046 3560 3108 pos-'

1949 3148 2088 3187 sum.
2130 3133 2314 3201 Magna
2344 3133 2646 3188 secessione
2673 3149 2703 3187 a
2735 3133 2957 3186 tumultu
2993 3140 3172 3186 rerum
3215 3131 3529 3198 labentium,

1949 3222 2075 3277 mihi
2102 3222 2263 3278 crede
2284 3265 2298 3290 ,
2332 3237 2464 3292 Opus
2494 3231 2576 3276 est
2599 3265 2613 3289 ,
2644 3232 2699 3276 ut
2737 3237 2842 3276 non
2882 3222 3074 3276 duritia
3094 3265 3108 3289 ,
3140 3239 3242 3276 non
3288 3224 3526 3288 audacia.

1951 3329 2058 3367 non
2085 3312 2371 3382 cupiditate
2415 3312 2585 3367 inanis
2628 3307 2808 3382 gloriaa
2829 3352 2844 3378 ,
2893 3327 2998 3367 non
3027 3315 3389 3382 superstitiosa
3417 3330 3536 3369 cre-

1949 3405 2167 3459 dulitate
2201 3405 2287 3457 fiat
2315 3403 2365 3456 in
2395 3398 2609 3457 homine
2631 3443 2646 3468 ,
2702 3403 2829 3456 nihil
2871 3403 3079 3456 timere.
3128 3403 3261 3460 llinc
3293 3405 3434 3458 en‘m
3476 3400 3536 3460 fit

1953 3492 2083 3548 illud
2114 3493 2272 3547 etiam
2314 3492 2541 3546 solidum
2569 3491 2816 3561 gaudium
2841 3533 2857 3559 ,
2904 3491 3066 3547 nullis
3093 3493 3307 3547 omnino
3337 3494 3534 3549 lwtitiis

1951 3575 2058 3639 ulla
2085 3600 2148 3638 ex
2176 3583 2436 3653 particula
2460 3579 2859 3637 conferendum.

2023 3670 2074 3732 3.
2101 3675 2250 3744 Quod
2273 3675 2316 3730 si
2337 3676 2390 3729 in
2411 3684 2652 3728 naturam
2679 3674 2960 3728 humanam
2984 3671 3102 3730 talis
3117 3676 3220 3730 vita
3244 3692 3346 3730 non
3373 3678 3531 3745 cadit,

1985 3787 2046 3824 ur
2070 3768 2350 3839 aliquando
2373 3769 2392 3798 ²
2418 3769 2594 3822 evenit
2625 3769 2721 3822 ista
2747 3769 3042 3822 securitas?
3070 3784 3165 3822 cur
3187 3778 3330 3823 tanto
3359 3773 3537 3826 evenit

1953 3860 2213 3924 crebrius,
2238 3867 2434 3928 quanto
2452 3859 2672 3928 quisque
2697 3859 2746 3912 in
2770 3860 2960 3912 mentis
2978 3861 3331 3929 penetralibus
3351 3862 3548 3930 adorat

1958 3947 2158 4004 Deum?
2198 3964 2292 4004 cur
2334 3951 2387 4003 in
2429 3958 2547 4003 actu
2599 3951 2757 4004 etiam
2805 3949 3037 4004 immane
3087 3952 3396 4021 plerumque
3434 3954 3543 4008 ista

1956 4041 2309 4110 tranquillitas
2337 4048 2532 4103 manet,
2569 4041 2611 4093 si
2635 4056 2699 4094 ex
2724 4040 2812 4092 illo
2841 4041 2999 4109 adyto
3028 4041 3092 4094 ad
3111 4042 3371 4110 agendum
3397 4044 3547 4112 quisr

1954 4148 2054 4201 que
2083 4131 2366 4201 procedat?
2388 4147 2480 4185 cur
2500 4130 2763 4184 interdum
2787 4140 2980 4185 etcum
3004 4128 3289 4200 loquimur,
3308 4142 3535 4189 mortem

1957 4238 2060 4277 non
2105 4222 2448 4275 lortnidamus
2473 4263 2487 4286 ,
2522 4233 2642 4274 cum
2668 4229 2842 4272 autem
2886 4236 2991 4273 non
3034 4221 3327 4290 loquimur,
3373 4223 3535 4278 etiam

1958 4314 2240 4383 cupimus?
2267 4312 2380 4366 Tibi
2412 4310 2532 4364 dico
2555 4353 2570 4376 ,
2604 4327 2709 4364 non
2749 4310 2890 4364 enim
2922 4311 3022 4364 hoc
3043 4311 3531 4381 cuilibetdicerem,

1961 4406 2074 4473 tibi,
2108 4405 2342 4475 inquam,
2365 4403 2505 4469 dico,
2533 4402 2682 4470 cujus
2704 4400 2890 4456 itinera
2915 4405 2966 4455 in
2989 4418 3214 4471 superna
3235 4403 3366 4457 bene
3390 4406 3532 4467 novi,

1959 4503 2106 4562 tunc,
2136 4513 2254 4550 cum
2283 4504 2532 4564 expertus
2561 4509 2701 4562 saepe
2732 4495 2804 4547 sis
2833 4509 2988 4572 quam
3027 4495 3181 4549 dulce
3211 4495 3381 4562 vivat,
3414 4513 3534 4552 cum

1959 4590 2125 4644 amori
2158 4602 2414 4656 corporeo
2442 4586 2649 4640 animus
2693 4586 2915 4639 moritur
2935 4628 2948 4649 ,
2978 4587 3192 4655 negabis
3215 4587 3424 4642 tandem
3457 4599 3551 4660 to».

1960 4690 2066 4736 tam
2111 4671 2341 4734 hominis
2383 4678 2543 4730 vitam
2596 4691 2748 4744 posse
2789 4675 3102 4744 intrepidam
3149 4678 3261 4732 fieri
3277 4720 3293 4745 ,
3343 4687 3397 4732 ut
3435 4679 3554 4734 rite.

1957 4773 2168 4844 sapiens
2201 4768 2545 4824 nominetur?
2582 4777 2674 4820 aut
2709 4767 2842 4820 hanc
2873 4767 3237 4832 affectionem,
3275 4784 3375 4838 qua
3400 4772 3556 4834 ratio.

1960 4866 2144 4920 nititur
2167 4905 2181 4931 ,
2224 4862 2315 4917 tibi
2361 4860 2618 4914 accidisse
2659 4874 2924 4927 unquam,
2973 4859 3071 4913 nisi
3104 4876 3223 4934 cum
3255 4861 3305 4915 in
3337 4861 3538 4917 intimis

1961 4957 2064 5013 tuis
2095 4955 2303 5024 anget-is
2331 4946 2350 4984 ³
2371 4995 2384 5015 ,
2417 4967 2655 5006 asserere
2694 4951 2951 5006 audebis?
2997 4952 3123 5019 Qua:
3163 4967 3284 5008 cum
3315 4956 3385 5008 ita
3410 4955 3535 5022 sint,

1964 5059 2166 5105 restare
2198 5061 2357 5099 unum
2388 5037 2532 5099 vides
2557 5087 2570 5107 ,
2611 5053 2668 5098 ut
2699 5055 2752 5097 tu
2779 5059 2988 5113 quoque
3020 5044 3069 5096 iu
3099 5059 3380 5100 commune
3407 5059 3538 5099 eon-
3558 5048 3586 5082 η’

1965 5141 2126 5205 sulas,
2158 5153 2262 5208 quo
2286 5136 2522 5190 vivamus
2543 5135 2716 5189 simul.
2745 5133 2878 5200 Quid
2903 5135 3042 5188 enim
3068 5151 3186 5189 cum
3208 5144 3375 5190 matre
3390 5150 3541 5205 agen-

1969 5227 2094 5285 dum
2127 5229 2232 5293 sit,
2282 5243 2437 5296 quam
2474 5237 2616 5280 certe
2659 5226 2821 5278 frater
2863 5224 3044 5278 Victor
3080 5240 3184 5279 non
3223 5225 3446 5292 deserit,
3487 5235 3544 5281 tu

1971 5319 2138 5373 multo
2167 5317 2355 5372 melius
2385 5315 2544 5371 calles
2570 5331 2726 5385 quam
2755 5330 2871 5384 ego.
2907 5315 3022 5369 Alia
3046 5315 3298 5383 scribere,
3320 5329 3388 5370 ne
3409 5323 3459 5371 te
3479 5317 3546 5370 ab

1973 5410 2071 5466 ista
2097 5400 2414 5480 cogitatione
2443 5413 2736 5460 averterent
2757 5446 2770 5469 ,
2800 5405 2963 5459 nolui.

2033 5573 2051 5601 ⁸
2079 5575 2127 5617 tn
2149 5573 2258 5616 Mss.
2282 5563 2520 5627 omittitur
2540 5563 2827 5627 coniunctio,
2850 5575 3016 5627 neque.

2035 5633 2056 5696 ξ
2079 5639 2127 5680 1n
2152 5630 2285 5691 prius
2305 5626 2416 5696 Edd.
2440 5623 2520 5674 cui
2543 5623 2819 5696 aliquando.
2844 5623 3190 5696 Substituitnus
3203 5639 3309 5686 cur,
3335 5637 3397 5678 ex
3421 5634 3530 5677 Mss.

2036 5694 2055 5724 ³
2079 5689 2265 5742 Italov.
2292 5694 2347 5736 At
2369 5695 2465 5746 Er.,
2488 5699 2599 5749 cum
2616 5689 3078 5749 iruitnt'sangereris.
3102 5689 3208 5736 Bad.
3237 5698 3336 5737 Am.
3353 5696 3555 5740 etGem-

1975 5755 2254 5819 metieensis
2275 5749 2401 5819 cod,
2416 5745 2535 5819 eum
2555 5746 2733 5819 intimis
2747 5746 2842 5819 tuis
2858 5745 3032 5809 riqeris.
3059 5754 3107 5798 In
3121 5752 3315 5801 caeteris
3329 5750 3432 5800 fere
3446 5757 3554 5803 usi.

1976 5828 2083 5867 cum
2104 5813 2154 5866 in
2171 5813 2343 5866 intimis
2359 5813 2450 5865 tuis
2475 5809 2664 5874 egeris;
2688 5809 2810 5859 forte
2833 5822 2920 5870 pro
2941 5821 3124 5871 ageres.

2905 5889 3189 5971 {rt-oe.)
