4044 6338
539 425 609 484 15
1778 415 1836 471 S.
1877 407 2246 470 AUGUSTINI
2282 408 2582 464 El’lSCOf’l
2997 472 3006 476 _
3758 411 3820 469 70

1043 559 1367 617 EPISTOLA
1397 557 1467 614 ιιι
1492 567 1506 579 ·
1530 555 1630 629 (τι).

546 681 649 735 Cur
685 678 900 733 hominis
925 675 1172 747 susceptio
1198 673 1335 728 Filia
1364 672 1459 727 soli
1498 667 1731 723 tribuitur
1753 705 1768 732 ,
1807 681 1918 718 cum
1947 660 2130 716 divina

971 784 1202 840 persona
1221 767 1322 822 sint
1341 759 1718 833 inseparabifra.

1029 887 1276 931 lEBRlDlO
1300 881 1641 926 Αυουδτιιιιςε.

618 995 673 1048 1.
698 991 833 1047 Cum
873 1006 960 1045 me
987 989 1330 1045 vehementer
1362 984 1588 1054 agitaret
1630 979 1873 1050 qumstio,
1904 991 1934 1030 a
1962 984 2012 1030 te
2037 973 2134 1029 du-

548 1083 675 1138 dum
703 1096 825 1137 cum
854 1080 1079 1150 quadam
1116 1079 1275 1132 etiam
1307 1073 1559 1130 familiari
1603 1067 1971 1141 objurgatione
2010 1080 2133 1136 pro-

547 1174 742 1246 posita,
765 1187 992 1242 quonam
1015 1179 1170 1241 pacto
1197 1183 1298 1223 una
1331 1167 1512 1220 vivere
1542 1176 1838 1235 possemus,
1861 1167 1915 1213 et
1938 1157 2006 1212 de
2033 1156 2133 1210 hoc

548 1268 667 1322 solo
697 1264 1003 1321 statuissem
1031 1261 1325 1318 rescribere
1348 1258 1438 1313 tibi
1459 1299 1475 1324 ,
1503 1265 1558 1312 et
1589 1255 1840 1324 rescripta
1872 1251 2130 1322 flagitare,

548 1375 721 1430 neque
746 1358 811 1413 ad
830 1356 972 1412 aliud
991 1353 1209 1427 aliquid»,
1233 1353 1371 1424 quod
1393 1352 1458 1406 ad
1482 1349 1662 1404 nostra
1688 1348 1856 1403 studia
1881 1346 2130 1416 pertinet,

548 1451 733 1507 stilum
758 1459 1023 1511 avertere,
1055 1457 1110 1500 ut
1135 1446 1273 1500 inter
1310 1458 1408 1498 nos
1439 1439 1578 1495 istud
1611 1440 1779 1510 ipsum
1812 1435 2133 1491 terminare-

555 1554 662 1612 tur,
691 1543 797 1598 cito
823 1557 907 1596 me
927 1554 1175 1595 securum
1208 1536 1329 1592 fecit
1355 1534 1587 1590 recentis
1615 1529 1854 1601 cpistolzr
1885 1536 1987 1582 tuae
2017 1529 2136 1580 hrc-

550 1635 766 1689 vissima
789 1643 844 1688 et
864 1632 1138 1688 verissima
1164 1628 1298 1685 ratio
1326 1644 1339 1680 :
1363 1632 1643 1697 propterea
1665 1623 1866 1677 scilicet
1886 1619 2008 1674 hinc
2028 1635 2130 1673 nou

549 1739 670 1778 esse
699 1721 1060 1794 cogitandum,
1092 1720 1214 1790 quia
1241 1718 1322 1773 vel
1347 1729 1444 1772 nos
1471 1730 1592 1770 cum
1620 1713 1946 1783 potuerimus
1967 1710 2033 1764 ad
2060 1721 2130 1776 te,

548 1815 634 1870 vel
653 1824 706 1869 tu
723 1829 843 1870 cum
863 1811 1096 1884 potueris
1109 1810 1175 1865 ad
1193 1824 1290 1864 nos
1305 1807 1606 1863 necessario
1624 1812 1875 1860 venturus
1888 1803 1978 1857 sis.
2002 1802 2134 1855 llinc

550 1925 719 1979 ergo,
768 1917 823 1961 ut
862 1907 1007 1973 dixi,
1056 1918 1278 1959 securus
1314 1900 1534 1956 effectus
1578 1896 1908 1954 consideravi
1950 1909 2136 1949 omnes

550 2000 801 2070 epistolas
829 2008 944 2053 tuas
963 2039 978 2064 ,
1008 2007 1064 2051 ut
1092 1997 1326 2051 viderem
1354 2007 1576 2063 quarum
1601 1989 2011 2060 reSponsionum
2037 1986 2133 2040 de-

550 2093 690 2148 bitor
710 2095 833 2148 sim.
863 2091 917 2145 ln
949 2091 1138 2160 quibus
1156 2098 1262 2142 tam
1285 2087 1478 2142 multas
1505 2084 1826 2154 qumstiones
1854 2080 2049 2150 reperi,
2081 2088 2136 2133 ut

550 2187 756 2242 etiamsi
797 2185 948 2240 facile
983 2182 1201 2238 dissolvi
1246 2187 1495 2250 possent,
1536 2177 1652 2242 ipso
1681 2188 1872 2229 acervo
1904 2171 2136 2241 cujusvis

552 2281 822 2350 ingenium
865 2277 1135 2346 otiumque
1172 2280 1507 2342 superarent.
1559 2267 1689 2322 'l‘am
1728 2280 1855 2320 vero
1896 2262 2136 2319 difﬁciles

550 2382 694 2439 sunt,
726 2381 784 2426 ut
806 2371 906 2426 etsi
940 2385 1038 2422 una
1071 2383 1250 2422 earum
1283 2363 1410 2418 mihi
1437 2370 1580 2417 essu
1604 2359 1870 2428 imposita,
1906 2371 2010 2410 non
2033 2353 2136 2409 du-

551 2465 774 2518 bitarem
793 2477 881 2518 me
909 2460 1309 2515 onustissimum
1335 2454 1594 2511 confiteri.
1628 2451 1739 2506 Hoc
1759 2459 1934 2505 autem
1962 2463 2137 2518 prom-

551 2557 716 2610 )uium
747 2555 812 2609 ad
839 2554 889 2609 id
917 2553 1075 2614 valet,
1107 2560 1163 2604 ut
1184 2549 1442 2617 tantisper
1462 2545 1676 2600 desinas
1706 2557 1839 2597 nova
1869 2555 2133 2611 quaerere,

550 2648 723 2703 donec
760 2654 870 2700 toto
896 2659 1004 2699 tere
1031 2642 1204 2696 alieno
1253 2640 1567 2701 liberemur,
1615 2644 1668 2689 et
1693 2633 1760 2688 dc
1792 2633 1903 2686 solo
1935 2630 2136 2700 judicio

556 2749 647 2794 tuo
674 2737 803 2793 mihi
841 2735 1124 2792 rescribas.
1171 2733 1482 2801 Quanquam
1519 2727 1630 2782 scio
1660 2740 1816 2795 quam
1847 2724 1915 2778 sit
1941 2723 2136 2776 adver-

555 2847 674 2885 sum
699 2845 804 2896 me,
829 2829 919 2898 qui
948 2838 1154 2882 tuarum
1183 2825 1481 2879 divinarum
1513 2820 1889 2890 cogitationum
1919 2816 2000 2870 vel
2023 2825 2138 2869 tan-

555 2925 722 2992 tisper
745 2922 1008 2991 particeps
1034 2933 1154 2974 esse
1180 2916 1388 2972 differo.

623 3014 680 3068 2.
715 3013 908 3082 Accipe
932 3011 1089 3080 igitur
1117 3007 1239 3079 quid
1273 3005 1402 3060 mihi
1430 3003 1668 3060 videatur
1708 3001 1774 3056 de
1801 3000 2136 3070 susceptione

554 3107 787 3161 hominis
815 3105 1036 3177 mystica
1074 3119 1230 3174 quam
1274 3109 1489 3171 propter
1525 3097 1744 3153 salutem
1780 3104 2013 3150 nostram
2053 3092 2134 3148 fa-

555 3208 695 3252 ctam
740 3210 858 3252 esse
905 3194 1125 3264 religio,
1173 3207 1274 3261 qua
1321 3189 1505 3244 imbuti
1548 3203 1767 3254 sumus,
1813 3185 2134 3241 credendum

551 3287 1084 3358 cognoscendumque
1099 3282 1432 3338 commendat
1455 3299 1469 3336 :
1492 3295 1648 3351 quam
1669 3279 2012 3348 quaestionem
2031 3292 2134 3330 non

555 3378 858 3432 facillimam
885 3376 1121 3430 onmium
1150 3373 1321 3443 elegi,
1358 3372 1442 3427 cui
1484 3370 1815 3441 potissimum
1847 3367 2136 3438 rCSpondeo

557 3483 692 3524 rem.
720 3467 810 3520 illa
840 3480 1069 3535 namque
1093 3480 1208 3534 qum.
1235 3463 1300 3517 de
1330 3462 1430 3516 hoc
1454 3461 1652 3515 mundo
1679 3469 2006 3529 qumruutur,
2036 3472 2136 3512 nec

552 3559 686 3615 satis
711 3557 776 3613 ad
799 3557 1007 3611 beatam
1033 3555 1194 3609 vitam
1227 3552 1565 3606 obtinendam
1592 3551 1717 3603 mihi
1745 3550 1989 3602 videntur
2017 3564 2136 3618 per-

553 3650 758 3711 tinere;
790 3655 842 3700 et
868 3647 911 3699 si
938 3644 1133 3716 aliquid
1158 3642 1713 3711 all'ernntvoluptatis,
1756 3655 1876 3694 cum
1917 3639 2135 3694 investi-

553 3748 778 3810 gautur,
822 3735 1162 3791 metuendum
1193 3743 1274 3789 est
1310 3741 1484 3786 tamen
1525 3747 1590 3785 ne
1628 3740 1885 3798 occupent
1924 3737 2135 3800 tempus

553 3829 715 3884 rebus
754 3825 1166 3894 impendentium
1206 3823 1534 3879 melioribus.
1592 3822 1945 3889 Quamobrem
1993 3820 2136 3891 quod

554 3919 620 3973 ad
652 3921 749 3973 hoc
779 3918 1006 3988 pertinet
1035 3923 1338 3984 susceptum
1365 3915 1416 3968 in
1448 3912 1725 3983 priesentia
1750 3942 1766 3977 -,
1796 3911 1940 3980 prius
1967 3912 2135 3966 miror

555 4020 610 4065 te
634 4024 754 4065 esse
794 4017 1119 4063 commotum
1160 4021 1256 4062 cur
1285 4021 1388 4060 non
1417 4005 1574 4059 Pater
1616 4003 1710 4058 sed
1739 4003 1904 4058 Filius
1929 4003 2136 4058 dicatur

555 4100 824 4156 hominem
852 4100 1168 4168 suscepisse,
1198 4097 1289 4152 Sed
1318 4097 1476 4152 etiam
1493 4095 1717 4166 Spiritus
1746 4105 1978 4148 sanctus.
1999 4093 2131 4148 Nam

556 4193 658 4246 ista
682 4190 910 4246 Trinitas
935 4189 1192 4244 catholica
1225 4187 1328 4242 ﬁde
1355 4187 1424 4242 ita
1468 4185 1836 4254 inseparabilis
1864 4199 2136 4238 «enimen-

556 4284 715 4338 datur
746 4292 798 4337 et
821 4283 1074 4347 creditur,
1107 4283 1174 4336 ita
1202 4280 1359 4336 etiam
1382 4296 1410 4332 a
1434 4281 1612 4349 paucis
1641 4280 1835 4332 sam-tis
1864 4279 2134 4347 beatisque

562 4372 890 4442 intelligitur,
919 4383 973 4425 ut
995 4371 1244 4440 quidquid
1267 4371 1334 4424 ab
1353 4385 1413 4424 ea
1447 4370 1523 4426 fit.
1555 4369 1709 4421 simul
1742 4369 1850 4422 fieri
1879 4366 2135 4421 sitexi~tio

566 4461 840 4527 mandem,
877 4471 929 4515 et
952 4477 982 4514 a
1010 4462 1197 4524 Patre,
1228 4468 1282 4513 et
1306 4476 1332 4511 a
1360 4459 1530 4524 Filio,
1554 4467 1607 4511 et
1629 4475 1654 4508 a
1688 4458 1882 4527 Spiritu
1909 4466 2091 4511 sancw
2115 4476 2129 4511 :

559 4568 660 4608 nec
687 4553 970 4622 quidquam
1001 4552 1209 4606 Patrem
1255 4549 1462 4610 facere,
1510 4547 1650 4618 quod
1680 4565 1782 4601 non
1817 4558 1871 4603 et
1896 4548 2060 4602 Filius
2079 4556 2134 4604 et

561 4645 792 4714 Spiritus
834 4651 1046 4698 sanctus
1070 4684 1084 4708 ,
1129 4657 1227 4696 nec
1262 4641 1544 4712 quidquam
1574 4641 1824 4710 Spiritum
1865 4651 2129 4707 sanctum,

559 4733 698 4804 quod
740 4751 843 4787 non
880 4741 934 4788 ct
965 4735 1118 4788 l’ater
1145 4745 1199 4788 et
1227 4732 1388 4786 Filius
1409 4773 1425 4797 ,
1466 4746 1563 4786 nec
1605 4731 1887 4802 quidquam
1919 4731 2128 4799 Filium,

559 4823 698 4894 quod
727 4839 833 4878 non
859 4832 912 4878 ct
937 4823 1098 4878 Pater
1133 4832 1186 4876 et
1211 4823 1434 4892 Spiritus
1464 4831 1677 4884 sanctus
1705 4822 1874 4875 faciat.
1922 4823 2000 4877 Ex
2026 4839 2131 4893 quo

560 4915 769 4970 videtur
805 4929 924 4969 esse
961 4929 1326 4984 consequens,
1369 4923 1424 4968 ut
1461 4914 1724 4969 hominem
1764 4916 1993 4972 Trinitas
2025 4926 2129 4972 tota

557 5006 897 5075 susceperit:
927 5021 1049 5060 nam
1089 5007 1132 5059 si
1165 5004 1330 5060 Filius
1364 5007 1624 5075 suscepit,
1676 5006 1828 5062 Pater
1862 4993 2036 5064 autem
2078 5019 2133 5065 et

558 5097 786 5168 Spiritus
811 5108 1024 5151 sanctus
1055 5112 1156 5152 non
1187 5108 1560 5167 susceperunt,
1603 5099 1800 5170 aliquid
1833 5113 2024 5171 printer
2053 5103 2131 5156 in-

559 5189 726 5244 vicem
753 5186 970 5243 faciunt.
997 5187 1103 5242 Cur
1130 5203 1256 5258 ergo
1278 5189 1328 5242 in
1361 5191 1624 5261 mysteriis
1663 5199 1718 5244 et
1742 5193 1904 5246 sacris
1936 5195 2131 5248 nostris

469 5355 477 5361 _
558 5278 785 5335 hominis
825 5281 1091 5350 susceptio
1117 5279 1252 5335 Filio
1294 5283 1486 5337 tributa
1515 5284 1852 5339 celebratur?
1898 5286 2022 5342 ll.ec
2049 5297 2130 5342 est

557 5371 864 5439 plenissima
889 5372 1112 5442 quwslio
1141 5373 1210 5427 ita
1239 5374 1470 5431 difﬁcilis
1490 5419 1503 5442 ,
1534 5385 1586 5430 el
1605 5376 1672 5431 de
1696 5393 1754 5431 re
1781 5387 1884 5431 tam
1917 5395 2126 5448 magna,

557 5468 615 5514 ut
642 5476 741 5516 nec
769 5464 1031 5517 sententia
1055 5462 1138 5518 hic
1157 5465 1285 5518 satis
1311 5467 1553 5536 expedita
1579 5510 1593 5534 ,
1628 5483 1725 5523 nec
1753 5469 1864 5537 ejus
1888 5470 2129 5540 probatio

560 5548 685 5604 satis
725 5565 913 5606 secum
943 5568 1062 5609 esse
1099 5556 1284 5625 possit.
1329 5558 1516 5613 Audeo
1546 5567 1744 5624 tamen,
1781 5560 2042 5630 siquidem
2062 5562 2128 5616 ad

587 5745 590 5748 .
613 5703 634 5777 ς
809 5711 998 5777 xgpon
1015 5711 1339 5777 reperiuntur
1349 5712 1440 5777 nisi
1459 5713 1508 5761 in
1523 5714 1743 5763 Vatiatno
1765 5716 2052 5777 exemplari.

554 5819 597 5843 ,Δ
606 5763 685 5843 με)
703 5758 944 5843 ιι-ιιεξεϐθ
965 5781 979 5819 :
1002 5758 1543 5838 quiciiiiéiﬁ'tﬁiﬁ,
1557 5758 2129 5840 suac—isisass'c‘tm

703 5835 912 5890 tempus.

1531 5966 1552 5972 ο.
1578 5960 1704 5972 μ-αοοδ

2237 530 2290 577 te
2317 523 2514 590 scribo,
2541 523 2839 594 significare
2861 524 3035 594 potius
3061 522 3187 595 quid
3213 538 3362 578 meus
3381 523 3590 577 animus
3611 522 3815 590 habeat,

2235 632 2393 686 quam
2417 618 2717 687 explicare;
2745 628 2804 672 ιιι
2829 627 3023 672 extera
3050 633 3146 688 pro
3175 617 3385 686 ingenio
3407 627 3497 670 tuo
3517 624 3572 670 et
3597 614 3791 672 familia

2235 709 2390 764 ritate
2411 720 2612 778 nostra,
2637 727 2737 781 qua
2763 710 2821 764 ﬁt
2843 720 2898 764 ut
2919 726 3003 765 me
3027 710 3228 780 optime
3253 709 3483 776 noveris,
3506 724 3601 779 per
3625 719 3675 764 te
3704 709 3820 780 ipse

2235 804 2525 871 eunjectes.

2307 895 2364 950 5.
2394 895 2544 950 Nulla
2575 906 2757 949 mtura
2781 905 2883 960 est,
2919 894 3168 960 Nebridi,
3209 892 3260 949 et
3288 895 3504 949 omnino
3531 895 3673 950 nulla
3695 895 3817 950 sub-

2237 989 2430 1042 stantia
2447 1005 2567 1059 qurc
2587 1006 2688 1042 aen
2713 990 2764 1042 ir.
2790 1004 2846 1043 sc
2865 988 3049 1042 habeat
3076 987 3187 1041 haec
3207 989 3322 1049 tria,
3353 998 3406 1041 et
3431 1005 3537 1057 pra:
3557 1004 3616 1044 se
3639 999 3824 1058 gerat:

2239 1079 2411 1148 primo
2446 1089 2503 1133 ut
2526 1081 2624 1147 sit,
2661 1081 2857 1135 deinde
2894 1091 2949 1134 ut
2975 1082 3075 1134 hoc
3093 1081 3180 1132 Vel
3211 1080 3338 1132 illud
3371 1081 3466 1142 sit.
3501 1082 3656 1137 tertio
3685 1092 3741 1136 ut
3769 1083 3826 1137 in

2237 1187 2303 1225 eo
2329 1172 2470 1242 quod
2509 1184 2590 1228 cst
2627 1182 2838 1228 maneat
2878 1184 3130 1242 quantum
3180 1181 3370 1242 potest.
3412 1173 3648 1227 Primum
3693 1173 3829 1228 illud

2237 1279 2452 1318 causam
2481 1265 2646 1334 ipsam
2689 1271 2893 1319 natu’rte
2919 1274 3184 1329 ostentat,
3229 1281 3293 1320 ex
3329 1276 3431 1336 qua
3457 1277 3585 1321 sunt
3609 1267 3826 1332 omnia;

2237 1354 2464 1408 alterum
2485 1397 2501 1421 ,
2531 1354 2764 1424 speciem
2795 1371 2888 1425 per
2913 1370 3070 1426 quam
3103 1356 3457 1422 fabricantur,
3489 1366 3537 1411 et
3568 1356 3828 1426 quodam-

2239 1443 2398 1498 modo
2428 1444 2724 1500 formantur
2753 1447 2929 1500 omnia
2953 1463 2970 1512 ;
3009 1448 3219 1501 tertium
3245 1489 3260 1513 ,
3287 1448 3606 1502 manentium
3635 1463 3825 1517 quam-

2237 1534 2358 1590 dam
2379 1576 2392 1599 ,
2429 1545 2486 1588 ut
2512 1535 2581 1589 ita
2611 1535 2784 1590 dicam
2807 1578 2820 1602 ,
2857 1537 2907 1590 in
2936 1553 3038 1606 qua
3069 1546 3191 1591 sunt
3220 1538 3420 1591 omnia.
3461 1537 3610 1605 Quod
3637 1539 3680 1593 ri
3709 1540 3821 1595 fieri

2239 1634 2415 1694 potest
2443 1635 2498 1679 ut
2522 1626 2718 1695 aliquid
2746 1627 2836 1693 sit,
2868 1627 3010 1697 quod
3038 1643 3142 1682 non
3167 1627 3266 1682 hoc
3287 1628 3370 1682 vel
3394 1628 3522 1681 illud
3540 1630 3628 1694 sit,
3653 1644 3815 1699 neqnt

2229 1721 2290 1776 in
2322 1733 2521 1792 genere
2547 1738 2644 1777 suo
2669 1732 2912 1788 maneat;
2940 1731 3034 1777 aut
3058 1722 3160 1777 hoc
3191 1721 3408 1792 quidem
3446 1733 3536 1775 aut
3577 1722 3703 1777 illud
3729 1724 3827 1791 sit,

2237 1813 2332 1868 sed
2367 1829 2470 1868 non
2517 1815 2613 1879 sit,
2661 1829 2833 1884 neque
2872 1815 2925 1869 in
2961 1831 3156 1884 genere
3181 1829 3280 1869 suo
3316 1823 3528 1870 martem
3569 1827 3828 1885 quantum

2237 1915 2444 1974 potest;
2467 1915 2556 1959 aut
2578 1908 2628 1959 in
2651 1923 2746 1961 suo
2765 1923 2965 1977 genere
2986 1907 3196 1977 quidem
3222 1924 3315 1977 pro
3336 1907 3500 1978 ipsius
3516 1909 3596 1962 sui
3613 1911 3831 1979 generis

2240 1997 2438 2050 viribus
2485 2008 2727 2063 maneat,
2770 1999 2865 2054 sed
2911 2010 3082 2054 tamen
3117 2015 3216 2054 nec
3256 2001 3364 2064 sit,
3414 2016 3586 2069 neque
3618 2001 3716 2056 hoc
3741 2004 3830 2056 vel

2239 2090 2369 2145 illud
2402 2092 2470 2145 sit
2497 2107 2515 2143 τ
2548 2092 2659 2146 fieri
2684 2093 2840 2147 etiam
2862 2101 3054 2163 potest,
3084 2102 3141 2146 ut
3168 2093 3220 2146 in
3252 2093 3338 2146 ιιι-,ι
3367 2092 3408 2146 Τ
3414 2093 3624 2148 rinita‘te
3644 2094 3828 2164 aliqua

2235 2193 2462 2254 persona
2499 2184 2690 2254 prw‘ter
2721 2185 2853 2239 alias
2895 2186 3090 2255 aliquid
3130 2185 3306 2240 faciat.
3354 2187 3422 2240 At
3450 2187 3495 2240 si
3521 2189 3695 2242 cernis
3723 2203 3829 2244 ne—

2238 2291 2390 2330 cesse
2415 2291 2534 2331 esse
2575 2288 2630 2330 ut
2653 2276 2906 2347 quidquid
2930 2278 3036 2343 sit,
3086 2277 3340 2332 continuo
3367 2277 3547 2332 ethoc
3572 2289 3660 2332 aut
3693 2281 3830 2334 illud

2238 2369 2344 2434 sit,
2371 2379 2425 2422 et
2454 2369 2504 2422 iu
2544 2385 2641 2422 suo
2679 2385 2876 2440 genere
2912 2379 3123 2425 maneat
3162 2381 3416 2440 quantum
3449 2381 3656 2440 potest,
3691 2372 3830 2428 nihil

2233 2462 2337 2515 tria
2370 2463 2457 2517 illa
2479 2473 2677 2533 praeter
2715 2464 2937 2518 invicem
2971 2463 3186 2517 faciunt.
3231 2463 3396 2518 Video
3421 2464 3594 2518 adhuc
3617 2474 3829 2534 partem

2238 2565 2326 2607 me
2359 2554 2530 2623 egis~e
2555 2554 2710 2622 hujus
2732 2554 3042 2624 qtucstiOuis
3064 2595 3078 2617 ,
3112 2570 3215 2622 qua
3246 2554 3302 2607 ﬁt
3342 2554 3570 2610 difficilis
3606 2556 3827 2612 solutio.

2238 2643 2345 2699 Sed
2375 2645 2606 2700 breviter
2633 2646 2724 2698 tibi
2755 2647 2961 2714 aperire
2992 2647 3155 2709 volui,
3179 2647 3222 2699 si
3255 2655 3429 2701 tamen
3455 2647 3537 2716 egi
3561 2648 3703 2718 quod
3733 2659 3832 2704 τοι

2235 2734 2342 2801 lui,
2373 2751 2529 2804 quam
2560 2736 2827 2790 subtiliter
2843 2766 2865 2803 -,
2913 2745 2968 2791 et
2995 2747 3193 2806 quanta
3225 2739 3446 2791 veritate
3473 2741 3523 2792 in
3552 2739 3832 2798 Catholiéa

2238 2828 2564 2898 intelligatur
2595 2829 2817 2899 hujusce
2841 2829 3258 2898 inseparabilitas
3284 2829 3574 2884 Trinitatis.

2307 2921 2358 2975 4.
2400 2919 2552 2975 Nunc
2579 2923 2760 2990 accipe
2797 2921 3064 2991 quomodo
3108 2922 3273 2990 possit
3313 2936 3416 2975 non
3460 2937 3676 2978 movere
3703 2925 3830 2979 ani-

2235 3028 2384 3067 mum
2433 3013 2556 3067 illud
2593 3013 2733 3082 quod
2776 3022 2971 3068 movet.
3013 3013 3229 3083 Species
3273 3029 3391 3083 qua:
3432 3016 3646 3084 proprie
3686 3016 3832 3071 Filio

2240 3105 2502 3167 tribuitur,
2521 3121 2581 3159 ea
2605 3105 2832 3194 pertinet
2851 3105 3010 3159 etiam
3031 3103 3096 3158 ad
3115 3104 3470 3173 disciplinam,
3493 3116 3548 3160 et
3564 3107 3630 3160 ad
3647 3115 3825 3163 artem

2237 3197 2553 3266 quamdam,
2593 3195 2637 3250 si
2681 3197 2814 3250 bene
2859 3195 2962 3250 hoc
2997 3196 3255 3250 vocabulo
3297 3197 3350 3249 in
3393 3196 3477 3250 his
3518 3199 3680 3251 rebus
3721 3200 3830 3253 uti-

2238 3301 2375 3349 mur.
2400 3299 2452 3342 et
2473 3288 2538 3342 ad
2561 3288 2960 3357 intelligentiam
2986 3301 3087 3357 qua
3113 3286 3226 3356 ipse
3249 3287 3459 3341 animus
3480 3304 3654 3340 rerum
3678 3289 3830 3358 cogi-

2239 3380 2436 3434 tatione
2466 3379 2740 3432 formatur.
2769 3378 2952 3448 Itaque
2971 3377 3222 3447 quoniam
3244 3392 3338 3446 per
3363 3377 3503 3431 illam
3531 3381 3832 3448 susceptio-

2238 3485 2358 3523 nem
2385 3470 2616 3523 hominis
2644 3467 2694 3524 id
2715 3475 2890 3523 actum
2911 3477 3012 3533 est,
3043 3474 3100 3522 ut
3120 3467 3362 3539 qutedam
3376 3467 3532 3532 nobis
3547 3469 3828 3539 disciplina

2236 3560 2469 3627 vivendi,
2498 3568 2553 3616 et
2571 3562 2872 3629 exemplum
2901 3561 3174 3630 prmcepti,
3203 3561 3302 3614 sub
3327 3559 3673 3630 quarumdam
3701 3575 3830 3614 sen-

2240 3655 2518 3709 tentiarum
2568 3655 2846 3723 majestate
2891 3669 2954 3708 ac
3007 3653 3382 3723 perSpicuitate
3431 3653 3822 3717 insinuaretnr,

2235 3759 2344 3799 non
2372 3747 2488 3800 sine
2515 3746 2718 3799 ratione
2742 3743 2848 3799 hoc
2889 3753 3055 3798 totum
3095 3743 3232 3797 Filio
3257 3742 3519 3797 tribuitur.
3559 3741 3614 3797 in
3643 3743 3828 3798 multis

2238 3835 2379 3890 enim
2423 3835 2583 3889 rebus
2625 3850 2757 3905 quas
2794 3835 3098 3904 cogitationi
3127 3843 3180 3888 et
3219 3833 3510 3903 prudentiae
3548 3834 3828 3889 committo

2238 3933 2362 3990 tusc,
2393 3925 2638 3995 quamvis
2663 3925 2826 3979 multa
2859 3927 3047 3990 insint,
3092 3925 3287 3995 aliquid
3317 3934 3490 3980 tamen
3517 3925 3736 3991 eminet,
3767 3932 3830 3980 et

2238 4012 2358 4073 ideo
2399 4018 2497 4072 sibi
2541 4018 2919 4089 proprietatem
2966 4017 3250 4088 quamdam
3297 4033 3402 4072 non
3441 4017 3669 4071 absurde
3697 4018 3825 4071 vina-

2237 4109 2414 4175 dicat;
2457 4110 2600 4164 velut
2646 4109 2698 4163 in
2749 4109 2854 4164 illis
2895 4109 3061 4163 tribus
3109 4108 3389 4179 generibus
3431 4109 3823 4178 qumstionum,

2236 4203 2442 4257 etiamsi
2463 4207 2730 4272 quaeratur
2755 4216 2820 4254 an
2851 4201 2939 4268 sit,
2969 4201 3038 4254 ibi
3069 4209 3151 4254 est
3181 4210 3234 4254 et
3263 4199 3387 4270 quid
3415 4199 3503 4264 sit,
3531 4215 3649 4254 esse
3675 4201 3823 4256 enim

2238 4309 2344 4348 non
2376 4302 2548 4362 potest
2577 4291 2843 4362 profecto,
2873 4291 2975 4346 nisi
3003 4290 3200 4362 aliquid
3236 4292 3332 4351 sit;
3376 4291 3443 4344 ibi
3471 4292 3662 4358 etiam,
3689 4305 3820 4362 pro-

2239 4383 2466 4438 bandum
2495 4383 2967 4452 improbandunn'e
2996 4381 3097 4447 sit;
3126 4381 3376 4452 quidquid
3398 4383 3537 4437 enim
3557 4393 3659 4450 est,
3685 4399 3823 4438 non-

2239 4477 2380 4530 nulla
2411 4476 2761 4529 :estimatione
2787 4475 3003 4544 dignum
3031 4485 3113 4528 est
3139 4493 3151 4527 :
3181 4475 3250 4526 ita
3280 4489 3398 4527 cum
3422 4474 3673 4543 quarritur
3692 4474 3822 4544 quid

2237 4570 2325 4632 sit,
2360 4583 2579 4623 necesse
2609 4576 2691 4622 est
2719 4573 2776 4620 ut
2817 4575 2869 4620 et
2895 4567 2992 4632 sit,
3023 4574 3077 4620 et
3105 4567 3277 4636 aliqua
3309 4566 3657 4620 arsumatione
3687 4582 3821 4634 pen-

2237 4660 2412 4714 datur.
2450 4660 2559 4714 Hoc
2589 4659 2749 4714 modo
2789 4665 2944 4713 etiam
2986 4673 3105 4712 cum
3145 4658 3398 4726 quzcritur
3439 4657 3596 4727 quale
3624 4656 3724 4724 sit,
3764 4667 3823 4713 et

2235 4752 2431 4822 aliquid
2459 4762 2539 4807 est
2565 4753 2744 4822 utique
2776 4752 2843 4805 ita
2868 4788 2883 4816 ,
2913 4765 3030 4804 cum
3062 4750 3161 4803 sibi
3193 4750 3611 4819 inseparabiliter
3632 4749 3819 4820 juncta

2237 4852 2362 4898 sunt
2386 4844 2590 4909 omnia;
2625 4858 2814 4897 nomen
2853 4851 3026 4896 tamen
3065 4840 3286 4910 qumstio
3327 4855 3431 4894 non
3469 4855 3534 4895 ex
3569 4839 3821 4895 omnibus

2236 4933 2451 5002 accipit,
2479 4933 2570 4986 sed
2599 4941 2654 4985 ut
2680 4946 2800 4985 sese
2827 4930 3068 4984 habuerit
3093 4930 3378 4998 qumreutis
3407 4929 3646 4984 intentio.
3676 4929 3820 5001 Ergo

2236 5023 2510 5092 disciplina
2536 5023 2836 5076 hominibus
2857 5030 2936 5075 est
2963 5021 3283 5087 necessaria,
3303 5037 3403 5092 qua
3427 5022 3815 5087 imbuerentur,

2236 5123 2290 5168 et
2327 5128 2425 5183 qua
2465 5112 2528 5164 ad
2571 5112 2786 5166 modum
2819 5111 3188 5166 formarentur.
3233 5110 3347 5167 Non
3380 5120 3556 5167 tamen
3587 5111 3819 5182 idipsum

2235 5204 2373 5274 quod
2406 5219 2501 5272 per
2524 5202 2660 5256 hanc
2685 5202 3015 5270 disciplinam
3049 5204 3105 5256 lit
3149 5204 3199 5257 in
3230 5204 3561 5268 hominibus,
3589 5213 3679 5258 aut
3709 5219 3819 5259 non

2235 5309 2353 5348 esse
2378 5307 2657 5362 possumus
2681 5291 2878 5355 dicere,
2901 5302 2990 5345 aut
3012 5309 3116 5346 non
3143 5293 3496 5362 appetendum
3523 5309 3538 5358 ;
3569 5293 3660 5348 sed
3680 5294 3820 5348 scire

2237 5384 2378 5452 prius
2410 5382 2732 5435 intendimus
2753 5421 2768 5446 ,
2800 5391 2854 5436 ct
2896 5397 2990 5450 per
3026 5383 3165 5452 quod
3207 5383 3550 5453 conjiciamus
3578 5383 3776 5453 aliquid
3797 5426 3812 5450 ,

2235 5481 2288 5526 et
2314 5473 2363 5525 in
2395 5487 2502 5541 quo
2532 5487 2858 5526 maneamus.
2893 5473 3310 5529 Dcmonstranda
3341 5475 3498 5546 igitur
3526 5476 3672 5544 prius
3697 5488 3816 5530 erat

2234 5562 2477 5621 quaedam
2507 5578 2687 5616 norma
2714 5573 2766 5617 ct
2800 5564 2975 5632 regula
3003 5563 3326 5632 disciplima;
3352 5567 3491 5636 quod
3517 5567 3711 5621 factum
3731 5577 3818 5623 est

2234 5669 2330 5722 per
2347 5654 2486 5707 illam
2508 5655 2738 5723 suscepti
2758 5655 2983 5708 hominis
3002 5653 3446 5725 dispensationem
3468 5674 3584 5728 qua:
3599 5659 3817 5728 proprie

2233 5744 2372 5800 Filio
2410 5745 2685 5800 tribuenda
2727 5753 2841 5810 est,
2886 5753 2945 5798 ut
2986 5755 3128 5800 esset
3174 5760 3504 5817 consequens
3545 5759 3600 5803 et
3645 5750 3816 5819 ipsius

2234 5836 2407 5892 Patris
2427 5878 2444 5906 ,
2478 5837 2528 5891 id
2555 5845 2636 5890 est
2663 5837 2815 5890 unius
2836 5836 3080 5907 principii
3110 5852 3175 5893 ex
3203 5852 3308 5908 quo
3337 5847 3459 5892 sunt
3486 5840 3684 5908 omnia,
3718 5855 3815 5896 co-
