4080 6346
269 346 338 412 π
1458 335 1875 393 El’lSTOLAftL‘

1984 338 2245 394 CLASSIS
2283 336 2323 391 Ι.
3457 336 3523 396 78

268 463 437 537 gnitio
466 479 561 537 per
590 463 810 528 Filium,
857 468 911 515 et
952 460 1194 530 quasdam
1238 456 1455 512 interior
1483 468 1537 511 et
1569 455 1847 511 incli‘abilis

271 556 511 610 suavitas
528 564 687 624 atque
708 550 955 617 dulcedo,
983 552 1033 605 in
1062 550 1159 605 ista
1186 547 1485 618 cognitione
1507 545 1849 617 permanendi

272 645 749 715 cuntemnendiquc
800 642 975 698 omnia
1026 640 1305 706 mortalia,
1358 637 1498 708 quod
1555 637 1751 691 donum
1798 645 1852 691 et

272 746 466 792 manus
494 734 705 805 proprie
746 734 961 803 Spiritui
1011 740 1196 786 sancto
1240 730 1507 785 tribuitur.
1555 728 1693 797 Ergo
1731 742 1850 781 cum

269 826 682 897 aganturomnia
702 840 906 878 summa
926 822 1297 877 emnmnnione
1312 830 1365 875 et
1383 818 1849 889 inseparabilitatc,

271 928 451 973 tamen
484 918 731 973 distincte
754 912 1166 970 demonstranda
1196 920 1347 967 erant
1372 920 1590 981 propter
1614 910 1854 963 imbecil-

274 1009 474 1064 litatem
508 1018 780 1074 nostram,
822 1004 911 1077 qui
955 1006 1022 1059 ab
1070 1005 1267 1058 unitate
1313 1004 1364 1057 in
1394 1003 1695 1056 varietatem
1724 998 1854 1069 lapsi

272 1115 477 1154 sumus.
510 1098 679 1154 Nemo
724 1098 864 1153 enim
909 1111 1227 1166 quemquam
1271 1094 1426 1164 erigit
1468 1092 1531 1147 ad
1578 1092 1627 1146 id
1673 1092 1857 1161 inquo

275 1192 386 1261 ipse
413 1200 525 1254 est,
561 1189 659 1243 nisi
702 1176 1028 1258 aliquantum
1069 1185 1135 1239 ad
1179 1184 1259 1251 id,
1290 1185 1341 1238 in
1383 1199 1488 1253 quo
1527 1192 1607 1236 est
1635 1182 1742 1247 ille,
1767 1182 1860 1235 dc-

273 1280 513 1334 scendat.
546 1280 719 1333 [labes
757 1268 1069 1347 epistolam,
1104 1292 1207 1329 non
1252 1291 1369 1344 qua:
1409 1282 1552 1327 tuam
1593 1287 1770 1326 curam
1792 1271 1859 1325 de

277 1373 374 1426 hac
392 1388 453 1426 re
478 1371 691 1435 ﬁnierit,
716 1370 808 1425 sed
830 1386 945 1440 qtae
966 1368 1318 1439 cogitationes
1340 1377 1454 1421 tuas
1475 1372 1619 1421 certo
1641 1364 1862 1419 fortasse

276 1450 456 1533 aliquo
504 1462 850 1517 fundamento
904 1460 1267 1523 inchoaverit;
1321 1468 1377 1513 ut
1419 1466 1609 1513 cretera
1655 1456 1863 1525 ingenio

275 1556 416 1624 quod
443 1556 572 1607 mihi
597 1553 930 1607 notissimum
961 1561 1062 1616 est,
1098 1549 1454 1620 persequaris,
1482 1558 1536 1603 et
1563 1547 1755 1617 pietate
1780 1546 1863 1601 cui

278 1649 509 1703 maxime
538 1646 787 1701 standum
816 1655 929 1711 est,
964 1643 1328 1714 consequaris.

784 1752 1115 1810 EPISTOLA
1156 1751 1249 1807 XII
1277 1750 1377 1821 (α).

279 1844 629 1914 Qucstionem
671 1847 723 1900 in
766 1847 1022 1916 superiore
1062 1842 1271 1916 epistole
1310 1840 1632 1916 perstrictum
1666 1838 1844 1891 iterum

783 1913 1099 1969 tractandam
1134 1913 1360 1981 suscipit.

776 2020 1018 2062 NEBRIDIO
1046 2016 1385 2059 AUGUSTINUS.

318 2096 342 2157 i
358 2144 373 2156 .
390 2102 580 2155 Plures
599 2099 852 2169 epistolas
869 2107 921 2151 te
937 2096 1123 2151 scribis
1138 2094 1346 2149 misisse
1359 2105 1518 2163 quam
1534 2087 1835 2157 accepimus
1852 2104 1867 2154 ;

280 2194 375 2248 sed
398 2207 577 2262 neque
607 2191 697 2245 tibi
728 2203 946 2260 possum
971 2202 1075 2241 non
1119 2184 1339 2240 credere
1358 2225 1373 2249 ,
1411 2190 1582 2252 neque
1623 2180 1755 2235 mihi
1786 2188 1862 2233 tu.

284 2287 394 2341 Etsi
418 2285 562 2339 enim
586 2280 927 2339 rescribendo
951 2295 1048 2350 par
1073 2292 1194 2333 esse
1220 2291 1326 2335 non
1358 2274 1539 2337 valeo;
1568 2281 1742 2326 tamen
1770 2286 1873 2325 non

282 2380 495 2433 minore
522 2393 553 2430 a
587 2389 673 2431 me
709 2373 980 2445 diligentia
1022 2379 1300 2426 servantur
1329 2368 1519 2422 littera:
1551 2375 1688 2431 tute,
1716 2378 1874 2434 quam

284 2473 694 2538 hequentantur
722 2465 819 2519 abs
850 2473 918 2517 te.
950 2461 1270 2517 Prolixiores
1299 2468 1475 2513 autem
1506 2464 1738 2520 nostras,
1769 2468 1877 2509 non

284 2568 338 2612 te
365 2559 597 2627 amplius
624 2571 781 2626 quam
823 2553 974 2608 binas
1002 2552 1273 2621 accepisse
1300 2547 1549 2604 convenit
1578 2546 1717 2599 inter
1746 2558 1873 2607 nos;

287 2669 393 2705 non
422 2652 569 2705 enim
599 2649 837 2703 misimus
867 2645 1071 2701 tertias.
1113 2643 1253 2697 Sane
1289 2639 1573 2710 recognitis
1610 2630 1879 2705 exempla-

286 2745 439 2799 ribus
502 2739 851 2795 animadverti
919 2737 1152 2807 quinque
1203 2732 1313 2788 fere
1366 2732 1470 2786 tuis
1521 2727 1879 2800 rogationibus

285 2850 407 2887 μεμε
448 2844 801 2897 responsum;
849 2829 948 2881 nisi
1001 2825 1140 2897 qu==d
1193 2840 1295 2878 una
1348 2823 1417 2877 ibi
1463 2821 1691 2892 qurestio
1728 2818 1878 2889 quasi

287 2928 633 2978 transeunter
659 2918 957 2990 perstricta,
981 2930 1280 2987 quanquam
1312 2928 1417 2968 non
1445 2918 1643 2967 temere
1670 2910 1881 2980 ingenio

288 3029 381 3071 tuo
412 3016 703 3070 commissa
738 3014 836 3077 sit,
861 3027 965 3065 non
1008 3006 1439 3087 tamenﬁfortasse
1474 3002 1729 3059 satisfecit
1754 3016 1880 3055 ava-

291 3110 427 3164 ritis:
443 3117 579 3171 ture;
602 3121 757 3176 quam
772 3104 1007 3158 refrenes
1021 3086 1401 3170 aliquantulum
1418 3111 1551 3168 opus
1574 3103 1674 3158 est,
1693 3102 1745 3148 et
1760 3108 1887 3147 nor.-

291 3200 437 3253 nulla
475 3196 790 3267 compendia
824 3196 1049 3249 libenter
1078 3192 1234 3246 feras.
1268 3190 1343 3244 Ita
1374 3189 1528 3258 plane
1564 3197 1623 3242 ut
1652 3187 1695 3239 si
1725 3183 1882 3255 quid-

289 3306 452 3361 quam
479 3288 663 3343 fraudo
681 3285 1099 3356 intelligentiam,
1121 3282 1246 3337 dum
1270 3295 1386 3335 sum
1408 3288 1597 3349 parcus
1612 3276 1664 3330 in
1683 3275 1879 3341 verbis,

293 3383 425 3451 nihil
455 3395 645 3452 parcas
691 3378 853 3444 mihi;
894 3376 987 3431 sed
1030 3385 1084 3430 tu
1124 3375 1275 3444 jure,
1316 3386 1421 3442 quo
1464 3369 1592 3424 mihi
1623 3367 1883 3422 valentius

293 3482 441 3528 esset
456 3472 595 3526 forte
619 3468 837 3540 aliquid,
861 3469 906 3523 si
930 3467 1216 3538 quidquam
1245 3471 1422 3534 posset
1441 3475 1559 3516 esse
1576 3458 1880 3530 jucundius,

296 3577 467 3622 totum
495 3564 637 3636 quod
663 3563 907 3629 debetur,
944 3558 1219 3630 cl'flzigites.
1252 3558 1398 3611 lianc
1428 3555 1585 3625 igitur
1607 3551 1884 3629 epistolam

294 3657 606 3715 numerabis
640 3657 780 3711 inter
813 3654 1048 3708 minores
1078 3649 1329 3720 epistolas
1354 3659 1501 3701 meas
1521 3687 1535 3707 ,
1567 3658 1723 3713 quam
1753 3640 1885 3704 tibi.

295 3766 405 3806 non
432 3750 531 3804 sibi
562 3748 691 3802 nihil
719 3745 850 3800 mihi
890 3744 955 3799 de
996 3756 1189 3796 acervo
1218 3739 1481 3793 minuere.
1512 3734 1627 3790 Non
1669 3732 1810 3812 enim
1835 3737 1890 3786 et

295 3850 354 3895 tu
377 3841 545 3894 mittis
567 3839 821 3903 minores,
839 3850 956 3904 quae
978 3846 1083 3887 non
1105 3830 1349 3885 eumdem
1369 3840 1616 3881 acervum
1634 3829 1879 3894 augeant.

297 3930 479 3996 Quare
509 3926 638 3981 illud
668 3924 808 3995 quod
832 3924 899 3977 de
924 3922 1061 3977 Filio
1088 3918 1181 3975 Del
1207 3917 1421 3989 qumris,
1451 3930 1545 3971 cur
1574 3914 1685 3982 ipse
1715 3910 1890 3980 potius

298 4025 515 4077 dicatur
544 4019 815 4073 hominem
841 4014 1159 4084 suscepisse,
1192 4026 1349 4081 quam
1378 4009 1553 4072 Pater,
1586 4020 1704 4059 cutn
1732 4000 1892 4057 simul

297 4125 526 4182 uterque
541 4112 631 4176 sit,
653 4110 934 4179 dignosces
956 4104 1201 4159 facillime
1215 4102 1258 4156 si
1280 4096 1778 4155 sermocinationum
1797 4099 1894 4146 no-

299 4216 533 4259 strarum
563 4201 776 4270 quibus,
805 4206 862 4252 ut
888 4196 1156 4267 potuimus
1180 4194 1326 4263 (nam
1356 4187 1622 4244 inelfabile
1641 4183 1893 4256 quiddam

299 4298 430 4363 est),
447 4292 575 4363 quid
594 4293 663 4345 sit
678 4290 767 4345 Dei
782 4289 946 4343 Filius
962 4301 1068 4356 quo
1088 4282 1355 4353 conjuncti
1372 4279 1557 4344 sinms,
1576 4274 1889 4330 recorderis.

299 4384 455 4452 Quod
480 4392 535 4436 ut
557 4382 643 4436 hic
663 4380 894 4435 breviter
919 4378 1194 4447 attingam,
1221 4370 1499 4441 disciplina
1525 4368 1637 4437 ipsa
1653 4372 1708 4419 et
1727 4364 1894 4419 forma

304 4476 417 4534 Dei.
445 4490 543 4544 per
566 4488 725 4543 qttam
750 4470 884 4525 facta
911 4478 1033 4524 sunt
1062 4465 1239 4521 omnia
1266 4478 1385 4533 qua:
1405 4460 1539 4514 facta
1567 4467 1708 4523 sunt,
1729 4452 1896 4511 Filius

277 4576 666 4635 ,nuncupatur.
720 4558 988 4631 Quidquid
1037 4565 1215 4612 autem
1263 4568 1360 4623 per
1407 4558 1707 4619 susceptum
1748 4547 1894 4600 illuni

307 4657 584 4711 hominem
608 4661 816 4725 gestum
844 4661 945 4718 est,
977 4650 1040 4704 ad
1067 4647 1416 4704 eruditionem
1444 4639 1897 4695 informationem-

308 4764 414 4819 que
441 4757 679 4801 nostram
711 4752 916 4815 gestum
943 4751 1043 4798 εει.

374 4841 553 4911 (vagat
582 4839 646 4911 61
667 4837 905 4911 linearum
926 4833 1132 4897 spatium
1154 4830 1204 4879 in
1240 4836 1318 4878 Ms.
1344 4825 1509 4876 codice
1533 4823 1752 4872 Vaticano
1771 4819 1900 4869 unde

306 4898 521 4965 Ep’swia
542 4906 683 4950 eruta
698 4899 824 4960 est.)

782 4998 1112 5056 EPISTOLA
1150 4988 1265 5051 XIII
1290 4997 1309 5017 ⁴
1341 4993 1436 5065 (b).

313 5096 662 5162 Questionem
704 5094 766 5147 de
803 5092 987 5145 anima:
1028 5086 1247 5159 quodam
1274 5099 1533 5162 eor-pore,
1576 5079 1645 5134 tu!
1688 5096 1741 5133 se
1775 5076 1905 5131 nihil

710 5156 1054 5233 pertinentem,
1080 5166 1221 5229 rogat
1249 5156 1519 5208 dimittunt.

803 5272 1049 5319 NEBRIDIO
1088 5270 1426 5314 AUGUSTINUS.

399 5361 449 5415 ί.
485 5359 687 5416 Usitnta
706 5358 800 5413 tibi
817 5356 1050 5413 scribere
1067 5366 1173 5407 non
1197 5352 1341 5415 libet,
1366 5363 1501 5405 nova
1517 5362 1621 5402 non
1644 5346 1785 5401 licet.
1813 5344 1904 5398 Al—

385 5492 404 5509 ‘
430 5488 949 5561 ueqmgnovimushane
970 5487 1021 5535 in
1041 5484 1111 5534 bl.
1127 5484 1206 5535 ει).
1227 5496 1312 5547 gg.
1335 5496 1417 5546 gv.
1445 5495 1494 5529 n.
1510 5493 1552 5529 r.
1569 5481 1641 5530 sb.
1687 5491 1760 5528 vc.
1786 5477 1883 5526 dtio

310 5553 415 5606 bus
435 5562 473 5603 ι.
497 5553 687 5601 duobus
708 5565 754 5599 v.
782 5558 833 5601 et
855 5553 903 5599 in
925 5556 1034 5598 ιον.

316 5678 330 5689 .
352 5676 369 5689 _
387 5617 460 5677 (α)
477 5613 610 5689 ΔΛιίειει
745 5627 758 5662 :
785 5624 894 5676 qua“:
913 5618 1079 5661 autem
1106 5607 1163 5658 l2
1187 5614 1310 5667 erat,
1334 5617 1463 5655 nunc
1481 5604 1559 5652 67.
1582 5602 1762 5665 Scripta
1782 5602 1909 5651 circa

758 5749 770 5784 :
796 5745 906 5797 qua:
928 5738 1093 5783 autem
1125 5730 1186 5781 i3
1208 5736 1331 5790 erat,
1359 5739 1487 5778 nunc
1516 5724 1593 5776 68.
1618 5725 1799 5787 Scripta
1828 5737 1903 5773 an.

314 5796 450 5849 Ibi-te
471 5797 583 5849 389.
606 5805 741 5847 certe
770 5804 881 5845 ante
904 5796 1012 5844 591.

568 5825 583 5859 θ
606 5825 680 5847 un
692 5825 741 5847 sc
770 5825 881 5845 unc
905 5825 1012 5844 wn

1957 465 2126 514 terum
2155 459 2296 514 enim
2335 457 2490 515 video
2533 458 2625 513 tibi
2675 474 2779 515 non
2823 460 3136 529 convenire,
3169 462 3389 516 alterum
3417 478 3525 516 non

1954 549 2084 603 mihi
2108 565 2313 606 vacare.
2339 548 2472 604 Nam
2513 565 2579 605 ex
2603 566 2707 620 quo
2737 550 2841 606 abii
2882 552 2976 607 abs
3003 560 3073 619 te,
3103 553 3245 607 nulla
3274 552 3403 608 mihi
3427 568 3528 623 0p-

1957 639 2250 708 portunitas
2275 680 2290 705 ,
2318 640 2519 695 nullum
2544 640 2710 695 otium
2738 641 2917 695 datum
2946 652 3027 697 est
3050 658 3111 699 ea
3132 659 3249 713 quae
3272 644 3409 698 inter
3432 656 3529 696 nos

1956 746 2194 800 quazrere
2209 732 2458 799 solemus,
2473 733 2702 802 agitandi
2720 742 2877 803 atque
2890 734 3153 789 versandi.
3172 734 3529 805 Suntquidem

1959 819 2215 877 hiemales
2237 823 2393 877 nimis
2410 823 2579 894 longae
2598 833 2800 889 noctes,
2828 841 2927 881 nec
2950 842 2977 879 a
3001 843 3088 882 me
3114 836 3235 882 tota:
3260 826 3533 882 dormiun-

1960 920 2078 976 tur;
2112 913 2205 968 sed
2231 930 2290 970 se
2312 915 2569 985 objiciunt
2594 918 2761 986 magis
2786 918 3062 988 engitanda
3092 934 3211 973 eum
3236 919 3399 973 otium
3428 927 3530 984 est,

1961 1010 2079 1090 qna:
2118 1005 2454 1060 difﬁrmamlo
2493 1008 2509 1038 ¹
2553 1016 2674 1061 sunt
2717 1009 2825 1061 otio
2869 1010 3187 1064 necessaria.
3235 1009 3369 1078 Quid
3407 1025 3536 1080 ergo

1963 1095 2185 1152 faciam?
2224 1104 2471 1153 mutusne
2510 1099 2647 1167 apud
2680 1109 2748 1166 te,
2778 1116 2845 1154 an
2875 1101 3061 1155 tacitus
3089 1101 3227 1155 sim?
3280 1101 3535 1156 Neutrum

1964 1188 2062 1254 vis,
2090 1199 2335 1243 neutrum
2362 1189 2499 1243 volo.
2533 1188 2709 1257 Quare
2733 1206 2830 1260 age
2849 1232 2862 1255 ,
2898 1198 3055 1261 atqtte
3096 1193 3276 1262 accipe
3301 1191 3441 1262 quod
3472 1190 3539 1246 de

1967 1293 2052 1334 me
2071 1280 2330 1335 excudere
2351 1282 2519 1350 potuit
2535 1281 2773 1335 ultimum
2799 1283 2988 1348 noctis,
3013 1282 3263 1352 quamdiu
3283 1297 3544 1353 exseque-

1967 1369 2140 1437 batur,
2166 1386 2270 1437 quo
2296 1372 2405 1425 haec
2426 1372 2647 1440 cpistola
2672 1372 2863 1441 scripta
2893 1381 2992 1427 est.

2036 1458 2091 1512 2.
2128 1457 2359 1515 Necesse
2384 1468 2466 1516 est
2496 1469 2545 1515 te
2574 1461 2879 1516 meminisse
2902 1462 3042 1532 quod
3068 1463 3255 1518 crebro
3282 1464 3419 1518 inter
3444 1476 3545 1518 nos

1968 1566 2212 1606 sermone
2236 1555 2491 1622 jactatum
2539 1561 2649 1617 est,
2694 1556 2898 1623 nosque
2940 1554 3157 1623 jactaVit
3197 1556 3543 1620 anhelantes,

1969 1652 2127 1715 atque
2168 1649 2487 1711 mstuantes,
2527 1643 2595 1700 de
2638 1646 2829 1700 anima:
2876 1647 3081 1702 scilicet
3117 1647 3197 1701 vel
3232 1650 3253 1679 ³
3289 1657 3550 1718 perpetuo

1970 1736 2199 1804 quodam
2226 1752 2469 1807 corpore,
2502 1737 2584 1791 vel
2605 1738 2753 1807 quasi
2783 1752 3027 1809 corpore,
3057 1740 3197 1809 quod
3225 1755 3252 1792 a
3282 1739 3551 1792 nonnullis

1972 1827 2131 1880 etiam
2169 1826 2273 1881 dici
2316 1828 2614 1882 vehiculum
2660 1829 2976 1883 recordaris.
3015 1830 3183 1897 Quam
3225 1847 3339 1885 rem
3369 1838 3548 1895 certe,

1973 1916 2233 1986 siquidem
2257 1917 2373 1972 loco
2395 1923 2656 1985 movetur,
2679 1934 2783 1973 non
2799 1929 2915 1974 esse
2936 1916 3336 1990 intelligibilem,
3351 1921 3554 1974 clarum

1974 2014 2073 2061 est.
2102 2006 2366 2076 Quidquid
2393 2017 2566 2062 autem
2595 2009 2922 2077 intelligibile
2948 2025 3054 2064 non
3078 2020 3177 2075 est,
3206 2011 3422 2081 intelligi
3449 2025 3555 2064 non

1976 2104 2167 2166 potest.
2198 2098 2266 2150 At
2294 2097 2434 2167 quod
2484 2098 2808 2153 intellectum
2859 2098 3014 2169 fugit,
3046 2101 3090 2155 si
3122 2100 3308 2155 saltem
3339 2114 3556 2155 sensum

1977 2196 2081 2243 non
2107 2187 2316 2259 refugit,
2344 2185 2607 2243 :rslimare
2638 2190 2759 2245 inde
2785 2191 2981 2260 aliquid
3015 2192 3372 2248 verisimiliter
3401 2191 3421 2223 ³
3449 2207 3557 2246 non

1978 2295 2353 2350 usquequaque
2394 2280 2701 2350 denegatur.
2755 2283 2905 2350 Quod
2952 2298 3076 2336 vero
3118 2299 3291 2353 neque
3332 2284 3552 2355 intelligi

1981 2386 2151 2441 neque
2174 2373 2363 2426 Bentiri
2400 2382 2609 2442 potest,
2641 2375 2976 2429 temerariam
3024 2377 3179 2429 nimis
3204 2386 3362 2446 atque
3390 2392 3560 2447 nuga-

1980 2462 2167 2516 toriam
2195 2463 2361 2533 gignit
2383 2463 2726 2533 opinionem;
2767 2473 2821 2520 et
2849 2464 2951 2519 hoc
2979 2465 3046 2520 de
3083 2482 3188 2536 quo
3222 2468 3425 2537 agimus
3458 2467 3562 2523 tale

1979 2562 2093 2621 est,
2126 2553 2169 2606 si
2201 2563 2373 2608 tamen
2400 2563 2501 2608 est.
2532 2551 2641 2609 Cur
2663 2570 2822 2627 ergo,
2851 2572 3031 2626 (μείρεο
3058 2566 3143 2623 ιε,
3178 2572 3280 2611 non
3322 2557 3473 2612 nobis
3496 2559 3565 2613 ad

1982 2640 2117 2697 hanc
2156 2643 2589 2713 qua-stiunculam
2637 2645 2918 2701 indicimus
2966 2646 3157 2713 ferias,
3188 2654 3244 2700 et
3288 2662 3386 2700 nos
3427 2656 3566 2701 totos

1983 2734 2271 2805 imprecato
2291 2736 2397 2789 Deo
2415 2735 2466 2788 in
2485 2752 2745 2790 summam
2768 2738 3107 2792 serenitatem
3127 2750 3327 2793 natura:
3343 2753 3566 2793 summa:

1982 2826 2207 2880 viventis
2231 2826 2556 2881 attollimus?

2054 2920 2106 2974 5.
2152 2919 2246 2973 llic
2273 2919 2491 2973 forsitan
2534 2919 2718 2983 dicas,
2750 2922 3052 2990 quanquam
3101 2928 3321 2990 corpora
3366 2921 3569 2992 percipi

1984 3016 2270 3078 nequeant,
2287 3010 2450 3062 multa
2474 3025 2572 3061 nos
2595 3016 2769 3063 tamen
2790 3009 2856 3062 ad
2875 3025 3066 3078 corpus
3087 3011 3398 3079 pertinentia
3417 3012 3571 3065 intelo

1987 3098 2253 3168 ligibiliter
2292 3113 2448 3165 posse
2474 3098 2776 3167 percipere,
2813 3106 2868 3152 ut
2893 3106 2975 3153 est
3011 3099 3153 3168 quod
3181 3101 3422 3154 novimus
3450 3115 3571 3155 esse

1985 3201 2196 3257 corpus.
2221 3187 2350 3252 Quis
2368 3188 2508 3242 enim
2531 3198 2705 3257 neget,
2724 3198 2817 3241 aut
2837 3189 2957 3258 quis
2978 3188 3079 3243 ltoc
3097 3190 3379 3245 verisimile
3396 3193 3572 3261 potius

1987 3290 2144 3348 quam
2162 3284 2341 3334 verum
2368 3293 2487 3335 esse
2514 3279 2771 3335 fateatur?
2788 3278 2860 3334 ita
2888 3296 3006 3335 cum
3030 3281 3199 3351 ipsum
3221 3298 3415 3353 corpus
3436 3286 3576 3338 veri-

1987 3370 2159 3425 simile
2188 3371 2276 3433 sit,
2304 3384 2423 3424 esse
2453 3381 2626 3425 tamen
2658 3371 2709 3423 in
2734 3380 2917 3424 natura
2948 3371 3050 3426 tale
3071 3372 3318 3442 quiddam
3350 3375 3570 3429 verissi-

1990 3476 2131 3514 mum
2162 3470 2244 3515 est
2275 3478 2289 3515 :
2320 3476 2445 3529 ergo
2474 3476 2667 3531 corpus
2708 3461 2960 3516 sensibile
2979 3502 2995 3529 ,
3025 3477 3146 3517 esse
3173 3473 3348 3519 autem
3379 3480 3574 3535 corpus

1991 3551 2319 3635 intclligibilc
2336 3551 2631 3620 judicatur;
2662 3566 2763 3606 non
2795 3552 2936 3606 cnim
2969 3560 3148 3621 pesset
3173 3554 3326 3608 aliter
3352 3556 3571 3625 percipi.

1993 3642 2065 3696 Ita
2094 3643 2274 3696 nescio
2301 3641 2427 3712 quid
2459 3641 2582 3695 illud
2605 3683 2620 3707 ,
2650 3642 2715 3697 dc
2750 3659 2852 3712 quo
2873 3643 3162 3712 quatrimus
3183 3685 3196 3709 ,
3227 3659 3440 3714 corpus,
3470 3661 3574 3717 quo

1992 3733 2144 3789 inniti
2172 3734 2342 3788 anima
2364 3775 2377 3797 ,
2410 3742 2467 3787 ιιι
2496 3733 2563 3789 de
2587 3735 2704 3788 loco
2733 3733 2797 3788 ad
2829 3735 3002 3788 locum
3037 3744 3298 3796 transeat,
3330 3745 3573 3806 putatur,

1993 3836 2292 3894 quanquam
2316 3822 2520 3877 etiamsi
2540 3839 2643 3877 non
2665 3823 2909 3878 sensibus
2930 3825 3145 3886 nostris,
3172 3835 3345 3879 tamen
3362 3827 3578 3895 quibus-

1996 3915 2117 3970 dam
2140 3918 2296 3985 longe
2323 3914 2675 3985 vegetioribus
2700 3916 2949 3970 sensibile
2972 3916 3058 3983 sit,
3089 3924 3262 3970 utrum
3290 3927 3461 3977 tamen
3484 3919 3574 3985 sit,

1998 4006 2398 4075 intelligibiliter
2424 4007 2669 4075 cognosci
2707 4014 2899 4074 potest.

2068 4098 2122 4152 4.
2158 4088 2269 4151 Hoc
2297 4086 2341 4150 si
2373 4097 2539 4162 dices,
2567 4096 2743 4150 veniat
2766 4096 2816 4149 in
2845 4106 3079 4151 mentem
3104 4097 3228 4151 illud
3257 4099 3394 4167 quod
3427 4099 3581 4153 intel-

2001 4189 2161 4258 ligere
2189 4188 2513 4256 appellamus
2533 4227 2546 4251 ,
2580 4186 2784 4241 duobus
2821 4188 2991 4241 modis
3022 4189 3073 4241 in
3117 4189 3266 4243 nobis
3295 4188 3408 4243 fieri
3449 4209 3461 4244 :
3491 4201 3585 4246 aut

2001 4281 2114 4348 ipsi
2145 4284 2238 4348 per
2264 4294 2322 4332 se
2349 4287 2525 4332 mente
2553 4288 2712 4347 atqttc
2751 4279 2954 4333 ratione
2998 4281 3312 4336 intrinsecus
3332 4323 3346 4348 ,
3380 4294 3436 4336 ut
3459 4300 3582 4338 eum

2001 4369 2342 4441 intelligimus
2367 4384 2484 4422 esse
2514 4368 2684 4437 ipsmn
2716 4368 3071 4437 intellectum;
3102 4381 3192 4426 aut
3218 4372 3582 4430 admonitione

2003 4476 2031 4514 a
2054 4448 2316 4524 sensibus,
2342 4463 2399 4512 ut
2418 4458 2466 4511 id
2489 4459 2628 4527 quod
2646 4460 2752 4527 jam
2769 4460 2968 4514 dictum
2986 4470 3084 4526 est,
3106 4478 3225 4516 cum
3245 4463 3583 4535 intelligimus

2003 4566 2121 4604 esse
2141 4564 2351 4618 corpus.
2377 4548 2431 4602 ln
2454 4549 2644 4620 quibus
2669 4550 2874 4629 duobus
2897 4552 3184 4621 generibus
3202 4554 3330 4609 illud
3355 4556 3580 4626 primum

2004 4658 2097 4712 per
2126 4658 2243 4710 nos,
2278 4641 2330 4695 id
2360 4650 2477 4707 est,
2506 4642 2573 4697 de
2597 4657 2662 4697 eo
2685 4642 2827 4713 quod
2860 4644 2996 4713 apud
3029 4660 3125 4700 nos
3153 4656 3236 4701 est
3266 4648 3430 4703 Deum
3454 4665 3585 4704 con-

2005 4732 2258 4797 sulendo;
2288 4732 2388 4786 hoc
2420 4739 2594 4786 autem
2622 4733 2912 4788 secundmn
2943 4735 3009 4790 de
3033 4751 3098 4791 eo
3125 4737 3264 4807 quod
3295 4753 3325 4792 a
3363 4754 3587 4810 corpore

2007 4840 2272 4895 sensuque
2314 4826 2620 4890 nuntiatur,
2667 4826 3010 4883 nihilominus
3051 4829 3217 4885 Deum
3261 4834 3589 4888 consulendo

2008 4918 2364 4988 intelligimus.
2392 4917 2521 4985 Qua:
2552 4920 2594 4971 si
2625 4927 2737 4971 rata
2766 4927 2922 4985 sunt,
2965 4929 3123 4974 nemo
3148 4921 3215 4976 de
3243 4922 3334 4977 illo
3363 4938 3590 4992 corpore

2010 5022 2183 5066 utrum
2211 5010 2280 5065 sit
2307 5009 2599 5080 intelligere
2625 5019 2823 5080 potest,
2851 5012 2950 5066 nisi
2977 5011 3060 5089 cui
3089 5028 3276 5068 sensus
3303 5014 3588 5084 quidquam

2010 5102 2077 5158 de
2107 5103 2195 5157 illo
2218 5101 2492 5157 nuntiarit.
2525 5101 2582 5157 In
2612 5116 2718 5172 quo
2745 5102 3091 5157 animantimn
3124 5120 3345 5159 numero
3372 5104 3417 5158 si
3452 5105 3591 5160 ullus

2011 5203 2126 5261 est,
2156 5209 2253 5249 nos
2290 5194 2537 5265 quoniam
2567 5208 2673 5249 non
2704 5209 2822 5248 esse
2849 5196 3234 5265 perspicimus,
3264 5196 3391 5250 illud
3427 5197 3588 5251 etiam

2014 5285 2302 5356 perfectum
2332 5293 2463 5356 puto
2484 5328 2501 5353 ,
2532 5285 2673 5356 quod
2715 5299 2873 5355 supra
2920 5286 3098 5341 dicere
3141 5301 3403 5356 emperam
3425 5330 3439 5354 ,
3483 5303 3593 5344 non

2012 5379 2080 5435 ad
2105 5394 2202 5436 nos
2231 5379 2386 5434 istam
2414 5379 2681 5449 pertinere
2705 5379 3073 5449 quaestionem.
3100 5379 3221 5433 [huc
3248 5380 3405 5434 etiam
3436 5391 3596 5451 atque

2078 5599 2096 5633 ί
2122 5606 2251 5659 μοι,
2276 5593 2565 5661 deﬁniendo,
2590 5608 2793 5661 pro‘guo
2807 5604 2910 5645 Mss.
2929 5606 3104 5661 omnes
3126 5605 3153 5642 a
3170 5596 3306 5645 nobis
3330 5596 3531 5661 inSpectt
3546 5601 3601 5649 et

2015 5675 2142 5712 unus
2163 5656 2412 5709 \‘aticarius
2435 5656 2636 5722 habent,
2660 5656 2982 5722 dilﬁrntando.

2079 5726 2099 5754 ⁹
2122 5724 2194 5771 sic
2216 5730 2318 5770 uss.
2342 5727 2396 5783 A_t
2410 5726 2539 5783 hev”
2563 5720 2687 5769 velut
2710 5720 2953 5783 perpetuo.

2083 5784 2103 5816 ³
2125 5790 2255 5841 Low
2280 5777 2550 5832 verisimile.
2564 5789 2670 5830 Mss.
2689 5777 2847 5843 porro,
2865 5777 3199 5831 cernimiiiter.
