4080 6346
503 363 570 419 79
1737 355 1789 409 S.
1831 350 2196 408 AUGUSTINI
2242 351 2535 408 EPISCOPI
3711 355 3780 410 80

507 478 664 532 etiam
691 477 892 547 cogites
920 476 1073 531 velim
1098 517 1112 540 ,
1143 484 1197 530 et
1225 474 1364 544 quod
1405 469 1684 542 cogitando
1710 467 1956 539 genueris
1978 508 1992 534 ,
2025 473 2083 520 ιιι

503 584 739 624 ιιοιὊιΊιιι
766 583 939 622 ευνεε.
995 586 997 589 ’

965 679 1295 735 EPISTOLA
1332 677 1451 732 xw
1481 681 1494 700 ο
1528 674 1625 747 (α).

508 795 674 862 Quare
697 793 774 846 sol
793 810 890 845 non
920 789 1050 844 idem
1083 800 1282 861 pm'stut
1308 787 1443 859 quod
1469 796 1647 841 ca‘lera
1667 785 1851 841 sidera.
1886 783 2082 840 Veritas

611 901 806 939 summa
836 901 899 936 an
928 883 1142 936 hominis
1171 881 1411 951 cujusque
1436 887 1678 931 rationem
1704 873 1972 929 contineat.

979 1008 1224 1050 NEBRIDIO
1263 1005 1601 1046 AUGUSTINUS.

577 1112 601 1164 1
648 1106 1046 1164 Recentissimis
1069 1104 1261 1159 litteris
1289 1103 1388 1156 tuis
1414 1096 1738 1170 respondere
1761 1099 1952 1162 malui;
1977 1111 2080 1151 non

501 1202 642 1270 quod
695 1198 1103 1267 contempserim
1159 1193 1506 1266 prin-cedentia
1552 1191 1770 1262 quatsita
1814 1201 1934 1255 tua,
1983 1188 2084 1242 mi.

499 1312 663 1349 nusve
703 1310 789 1348 me
830 1291 1244 1352 delectaverint,
1287 1288 1380 1343 sed
1427 1287 1566 1358 quod
1614 1288 1664 1340 in
1714 1285 2082 1354 restiondendo

501 1387 702 1452 majora
729 1401 882 1453 quam
925 1383 1158 1451 opinaris
1201 1381 1410 1435 molior.
1439 1380 1748 1446 Quanquam
1789 1377 1929 1431 enim
1961 1377 2080 1429 lon-

498 1479 721 1544 giorem,
741 1489 898 1544 quam
919 1473 1223 1543 longissima
1242 1480 1343 1536 est,
1363 1469 1639 1539 epistolam
1660 1467 1752 1520 tibi
1771 1465 2079 1524 mittendam

498 1585 615 1625 esse
644 1566 1056 1638 pra-scripseris,
1088 1580 1191 1619 non
1223 1571 1396 1617 tamen
1431 1569 1630 1614 tantum
1663 1559 1918 1612 habemus
1945 1558 2076 1622 otii,

495 1668 749 1728 quantum
781 1657 1086 1715 existimas,
1116 1663 1170 1709 et
1197 1663 1450 1723 quantum
1494 1665 1592 1705 nos
1628 1664 1840 1717 semper
1868 1657 2081 1717 optasse

498 1752 635 1806 nosti
661 1759 716 1805 et
739 1760 1001 1818 Optamus.
1034 1747 1141 1801 Nec
1179 1761 1386 1815 quieras
1429 1759 1526 1797 cur
1566 1743 1634 1795 ita
1673 1742 1741 1795 sit
1770 1759 1782 1794 :
1814 1742 1898 1794 illa
1933 1741 2078 1794 enim

495 1843 700 1896 facilius
725 1842 914 1910 quibus
958 1837 1250 1908 impediar,
1292 1851 1450 1905 quam
1493 1850 1590 1888 cur
1629 1833 1884 1902 impediar
1911 1847 2078 1900 expo-

495 1935 713 1988 sucrhn.

567 2027 620 2080 2.
654 2025 854 2081 Scribis
893 2040 987 2078 cur
1017 2039 1114 2092 ego
1143 2031 1196 2076 et
1226 2022 1277 2075 tu
1315 2025 1436 2075 eum
1466 2020 1630 2073 simus
1672 2017 1860 2085 singuli
1891 2016 2076 2071 eadem

495 2117 656 2172 multa
682 2114 958 2178 faciamus,
989 2114 1069 2166 sol
1097 2121 1272 2166 autem
1303 2125 1407 2164 non
1435 2109 1574 2163 idem
1613 2107 1765 2162 faciat
1791 2107 1930 2177 quod
1973 2121 2076 2160 cm-

495 2221 607 2264 tera
634 2209 828 2264 sidera.
859 2207 1025 2275 Cujus
1054 2206 1128 2260 rei
1159 2219 1372 2258 causam
1394 2218 1638 2256 conarer.
1667 2202 1796 2254 Nam
1819 2202 1861 2254 si
1889 2199 2074 2254 eadem

494 2315 592 2355 nos
617 2299 836 2370 agimus,
858 2299 1018 2352 multa
1041 2305 1094 2350 ct
1123 2297 1208 2350 ille
1233 2305 1354 2350 cuin
1379 2294 1590 2349 caeteris
1608 2294 1714 2363 agit
1739 2311 1750 2346 :
1776 2293 1817 2345 si
1842 2307 1945 2345 non
1967 2291 2072 2356 ille,

493 2407 594 2446 nec
623 2405 740 2444 nos.
775 2388 1001 2443 Ambqu
1029 2397 1084 2442 et
1109 2387 1368 2448 ambulas,
1395 2395 1636 2439 movetur
1664 2393 1716 2438 et
1761 2391 2071 2444 moventur:

493 2485 656 2554 vigilo
681 2491 734 2537 et
759 2483 969 2552 vigilas;
995 2481 1135 2535 lucet
1163 2488 1217 2534 et
1244 2480 1422 2533 lucent
1446 2495 1459 2542 ;
1491 2479 1702 2547 disputo
1727 2489 1780 2530 et
1803 2475 2072 2545 disputas;

494 2576 685 2631 circuit
707 2583 758 2628 et
779 2574 1111 2628 circumeunt
1139 2573 1153 2603 ¹
1179 2591 1190 2626 :
1217 2572 1421 2625 tametsi
1450 2577 1596 2623 actus
1617 2568 1780 2621 animi
1799 2567 1942 2620 nullo
1965 2578 2077 2619 mo-

493 2667 563 2720 do
591 2675 674 2721 est
699 2667 782 2728 iis,
815 2681 931 2735 qua:
958 2664 1216 2725 videmus,
1245 2661 1649 2729 comparamlns.
1676 2659 1731 2714 Si
1760 2668 1932 2712 autem
1960 2658 2076 2712 aui-

494 2775 662 2822 mum,
695 2759 762 2811 ita
791 2769 844 2811 ut
875 2773 1081 2826 aequum
1110 2767 1211 2819 est,
1243 2756 1420 2808 animo
1449 2754 1711 2816 conferas,
1745 2754 1909 2823 magis
1937 2753 2073 2807 idem

493 2850 575 2903 vel
602 2849 834 2919 cogitare
855 2849 936 2902 vel
965 2845 1432 2915 contemplari,vel
1453 2846 1494 2897 si
1520 2845 1644 2913 quid
1674 2845 1812 2898 aliud
1841 2858 2077 2926 commo-

492 2939 611 2996 dius
635 2940 860 3002 dicitur,
889 2939 932 2992 si
974 2939 1112 2992 ullus
1146 2937 1225 2990 eis
1268 2935 1406 2989 inest
1445 2936 1653 2988 animus
1673 2975 1685 2998 ,
1717 2935 1888 2989 sidera
1917 2950 2074 3004 quam

493 3031 737 3086 homines
779 3028 1160 3084 consideranda
1205 3036 1347 3082 sunt.
1390 3027 1652 3080 Cancrum
1695 3029 1746 3080 in
1791 3042 2073 3096 corporum

493 3122 744 3187 motibus,
769 3121 834 3184 si,
856 3130 911 3173 ut
936 3120 1077 3174 soles
1108 3118 1389 3187 diligenter
1416 3117 1677 3178 attendas,
1698 3118 1826 3171 nihil
1857 3119 2075 3174 omnin

493 3230 522 3268 a
551 3215 757 3270 duobus
785 3213 923 3268 idem
957 3212 1068 3267 fieri
1098 3219 1288 3281 potest.
1335 3212 1415 3265 An
1445 3221 1498 3265 tu
1530 3226 1650 3266 cum
1677 3211 2076 3266 deambulamus

493 3305 670 3368 simul,
701 3304 876 3358 statim
904 3304 1045 3357 idem
1075 3319 1173 3357 nos
1200 3317 1355 3372 agere
1381 3303 1692 3357 existimas?
1723 3304 1872 3357 Absit
1896 3319 1925 3357 a
1953 3319 2076 3372 pru-

493 3396 672 3450 dentia
697 3403 803 3448 tua.
833 3393 1191 3462 Septentrioni
1223 3409 1451 3460 namque
1481 3394 1700 3447 vicinior
1725 3403 1961 3448 nostrum
1985 3395 2080 3465 qui

494 3487 832 3550 deambulat,
872 3494 962 3540 aut
1012 3487 1234 3539 alterunt
1279 3485 1388 3553 pari
1433 3495 1575 3540 motu
1626 3486 1936 3552 antecedat,
1987 3488 2077 3541 aut

494 3579 697 3635 tardius
728 3578 1051 3647 ingrediatur
1083 3591 1300 3630 necesse
1325 3585 1438 3640 est;
1467 3586 1708 3629 neutrum
1738 3588 1908 3630 tamen
1949 3593 2074 3631 sen-

495 3673 582 3726 tiri
615 3678 805 3740 potest.
850 3669 954 3725 Sed
995 3678 1071 3734 tu,
1102 3669 1154 3722 ni
1191 3668 1374 3732 fallor,
1405 3668 1528 3737 quid
1560 3669 1939 3738 intelligamus,
1970 3681 2073 3742 non

495 3761 621 3832 quid
646 3761 936 3815 sentiamus
955 3770 1251 3828 exspeCIas.
1277 3759 1426 3826 Quod
1451 3759 1494 3812 si
1515 3759 1582 3813 ab
1601 3775 1699 3814 axe
1722 3761 1772 3813 in
1800 3760 2074 3814 meridiem

497 3851 794 3916 tendamus,
820 3851 1086 3920 conjuncti
1115 3851 1266 3905 nobis
1292 3862 1450 3920 atque
1476 3851 1793 3906 inhaerentes
1821 3862 2073 3922 quantum

494 3945 734 4000 valemus
757 3985 772 4010 ,
807 3944 1194 4011 innitamurque
1232 3942 1483 3996 marmori
1529 3943 1644 3996 laevi
1673 3951 1726 3996 et
1754 3945 1938 4012 :cqnali
1956 3985 1969 4007 ,
1993 3945 2075 3999 vel

497 4037 659 4090 etiam
689 4034 857 4100 ebori,
891 4043 996 4087 tam
1024 4049 1128 4087 non
1157 4041 1326 4102 potest
1351 4047 1470 4087 esse
1499 4033 1774 4107 amborum
1799 4035 1935 4088 idem
1963 4051 2077 4090 mo-

493 4134 610 4192 tus,
640 4140 798 4196 quam
839 4139 988 4180 vena:
1021 4124 1237 4194 pulsus,
1273 4139 1428 4192 quam
1462 4123 1656 4187 forma,
1699 4141 1854 4194 quam
1895 4127 2071 4182 facies.

499 4218 737 4273 Remove
764 4232 859 4272 nos
885 4225 938 4272 et
964 4231 1100 4286 pone
1129 4215 1394 4271 Glauciam
1422 4217 1442 4247 ²
1472 4217 1694 4286 prolem,
1723 4219 1849 4272 nihil
1875 4222 2071 4290 egeris.

498 4310 704 4379 Quippe
730 4310 811 4363 his
837 4308 995 4363 etiam
1024 4307 1308 4360 simillimis
1345 4308 1568 4375 geminis
1611 4317 1747 4362 tanta
1779 4320 1860 4365 est
1889 4289 2076 4366 me-

497 4403 629 4456 sitas
659 4410 716 4454 ut
743 4401 954 4471 prOprie
980 4408 1310 4466 moveantur,
1345 4407 1537 4468 quanta
1566 4401 1659 4454 fuit
1688 4412 1744 4456 tit
1769 4403 1956 4474 singuli
1981 4421 2074 4458 na-

495 4501 789 4547 scerentur.

565 4586 619 4640 ’5.
659 4584 728 4639 At
753 4584 893 4638 enim
925 4583 1043 4648 hoc,
1072 4584 1294 4653 inquies,
1323 4584 1514 4639 rationi
1547 4595 1743 4641 tantum
1771 4607 1783 4642 :
1807 4590 1945 4660 quod
1978 4607 2074 4646 au-

498 4684 606 4730 tem
638 4675 718 4729 sol
741 4675 810 4727 ab
837 4676 993 4728 astris
1023 4673 1216 4740 differt,
1245 4674 1488 4729 sensibus
1512 4678 1668 4730 etiam
1697 4680 1893 4734 clarum
1921 4691 2076 4752 atque

501 4764 838 4818 manifestum
864 4770 964 4818 est.
994 4763 1048 4818 Sl
1081 4764 1492 4833 magnitudinem
1523 4780 1606 4821 me
1627 4770 1770 4839 cogis
1792 4773 2072 4840 respicere,

499 4856 637 4910 nosti
665 4855 731 4909 de
758 4855 1046 4909 intervallis
1071 4869 1226 4923 quam
1257 4855 1418 4909 multa
1445 4856 1686 4912 dicantur
1704 4901 1716 4922 ,
1740 4870 1793 4913 et
1821 4860 1884 4914 ad
1906 4878 2074 4932 quan-

499 4956 609 4998 tum
645 4945 902 4999 incertum
926 4945 1270 5013 perspicuitas
1296 4945 1393 5001 ista
1415 4953 1709 5003 revocetur.
1751 4949 1852 5006 Sed
1877 4962 1929 5006 ut
1949 4969 2076 5008 con-

499 5037 685 5092 cedam
714 5037 782 5090 ita
809 5051 927 5091 esse
952 5045 1009 5090 ut
1029 5043 1246 5106 apparet
1269 5078 1282 5104 ,
1315 5038 1392 5092 sic
1425 5039 1566 5094 enim
1603 5049 1656 5096 et
1689 5044 1850 5098 Credo
1870 5087 1882 5110 ,
1923 5047 2075 5115 cujus

562 5170 576 5198 ¹
598 5169 734 5236 apud
760 5168 866 5217 Bad.
893 5176 992 5236 Ant.
1021 5176 1070 5236 e_t
1104 5175 1177 5236 Er.
1207 5169 1395 5236 reliqua
1423 5185 1533 5236 pars
1551 5172 1697 5236 hujus
1722 5175 1939 5236 Epistolaz
1960 5192 2075 5229 con-

495 5226 710 5279 funditur
731 5231 1006 5304 ctun'Epist.
1031 5226 1351 5304 9,‘d‘etractis
1373 5226 1598 5304 videlicet
1617 5226 1931 5304 'verbi'squre
1962 5226 2075 5304 ξιιιᾶ-

494 5303 652 5361 usque
679 5297 1058 5361 ἰιιτβιιιιιιιιιιιιιιιτ
1091 5299 1310 5361 attamen
1337 5297 1520 5361 antiqui
1561 5303 1678 5361 Mss;
1713 5297 1918 5348 Vaticani
1947 5301 2073 5361 duo,

496 5351 769 5415 pervasjani
791 5351 1006 5415 collegii
1041 5354 1321 5404 Parisiensis
1353 5351 1470 5404 ood.’
1503 5356 1809 5408 Corbeiensis
1845 5351 2076 5412 annorum

497 5412 602 5461 fere
628 5413 739 5483 900,
762 5412 1155 5483 aliique'Optimje
1179 5423 1334 5483 notze,_
1350 5429 1536 5483 necnon
1565 5425 1671 5466 Lov:
1692 5420 1812 5469 hanc
1827 5423 2074 5483 Epistola‘m

494 5475 700 5523 seet-sim
723 5475 966 5537 totamque
991 5475 1226 5537 exhibent
1246 5485 1301 5525 ut
1323 5478 1400 5526 hic
1428 5479 1555 5527 edita
1580 5489 1671 5530 est.

560 5538 580 5601 ξ
603 5542 710 5585 Mss.
733 5536 1089 5601 prope’onmes,
1115 5536 1358 5601 (‘lguc-iqm
1381 5539 1580 5601 prolem.

505 5629 528 5667 -_
559 5599 576 5613 '
600 5605 728 5667 Hane
748 5597 1109 5667 emendavimus
1130 5598 1186 5646 ad
1205 5598 1336 5667 u._bl.
1367 5597 1450 5663 δεῖ.
1479 5603 1557 5650 cb.
1576 5616 1626 5665 g.
1643 5615 1725 5665 gg.
1744 5618 1823 5667 gv.
1851 5620 1898 5655 ιι.
1931 5619 1970 5654 r.
1998 5609 2072 5656 sb.

496 5656 618 5710 duos
640 5667 675 5708 t.
700 5660 821 5710 duos
843 5675 890 5706 ν.
910 5667 961 5708 et
982 5660 1038 5708 ad
1064 5670 1162 5714 ani.
1187 5661 1293 5710 Bad.
1312 5668 1382 5709 Er.
1405 5656 1516 5711 Lov.

557 5721 640 5790 (a)_
653 5719 887 5790 Alia_s_115
907 5722 1115 5770 secunda
1135 5734 1272 5784 aquae
1294 5732 1456 5774 autem
1481 5724 1539 5774 14
1553 5733 1683 5790 erat,
1707 5740 1833 5777 nunc
1852 5727 1915 5778 7?.
1954 5736 2072 5780 Scri-

498 5791 580 5843 με
601 5784 726 5833 circa
749 5783 878 5832 idem
902 5790 1105 5843 tempus.

2192 466 2404 520 tandem
2447 476 2501 520 et
2542 482 2756 520 sensum
2802 467 2986 522 fefellit
3013 468 3100 522 illa
3127 469 3422 538 proceritas
3453 467 3614 524 Νωνίί
3647 472 3780 540 pede

2188 554 2439 625 longioris
2463 569 2618 626 quam
2640 559 2725 627 qui
2753 567 2833 612 est
2855 575 2947 613 sex
2975 559 3313 630 longissimus
3343 561 3400 614 ‘?
3427 562 3510 615 cui
3543 563 3780 618 te'credo

2188 647 2406 700 nimiunn
2433 649 2685 717 q‘uwsisSe
2713 648 2979 703 hominem
3006 650 3283 719 aequalem,
3316 657 3370 705 et
3395 667 3516 705 cum
3553 653 3775 710 minime

2188 738 2478 804 reperisses
2497 778 2512 803 ,
2551 753 2716 807 usque
2736 739 2796 791 in
2827 739 2941 808 ejus
2969 738 3192 794 fo’rntam
3223 741 3460 795 nbstram
3499 743 3776 812 epistolam

2191 829 2405 884 tendere
2435 830 2680 885 voluisse.
2715 832 2892 899 Quare
2921 847 3040 886 cum
3078 833 3128 886 in
3160 834 3315 887 terris
3342 841 3551 903 queque
3579 824 3770 905 aliqtfhl

2188 920 2291 974 tale
2329 921 2553 988 existat,
2584 923 2712 977 nihil
2759 923 2825 976 de
2855 923 2992 977 cmlo
3036 932 3160 992 puto
3195 938 3314 978 esse
3357 924 3679 980 mirandum.
3721 925 3778 982 Si

2188 1021 2366 1066 autem
2389 1019 2448 1065 te
2489 1020 2695 1077 movet,
2726 1015 2866 1084 (ιιιὸιί
2899 1025 3089 1083 pra-ter
3135 1015 3302 1069 solem
3348 1017 3543 1070 nullius
3590 1019 3780 1074 sideris

2189 1102 2368 1157 lumen
2397 1105 2577 1173 implet
2603 1105 2773 1168 diem;
2804 1108 2920 1175 quis
2949 1149 2964 1172 ,
2997 1121 3178 1175 quaeso
3210 1117 3292 1173 te,
3329 1108 3629 1164 hominibus
3659 1120 3776 1164 tan-

2189 1204 2273 1249 tus
2302 1197 2543 1266 apparuit
2579 1199 2804 1268 quantus
2832 1200 2918 1253 ille
2962 1199 3120 1254 homo
3159 1216 3314 1269 quem
3345 1201 3483 1255 Deus
3523 1204 3776 1272 suscepit,

2190 1284 2343 1355 longe
2382 1287 2534 1340 aliter
2562 1303 2719 1357 quam
2751 1298 2972 1343 eieteros
3013 1299 3225 1345 sanctos
3275 1300 3432 1360 atque
3470 1293 3776 1362 sapientes?

2186 1373 2352 1441 Quem
2384 1378 2425 1429 si
2455 1393 2574 1430 cum
2613 1379 2729 1432 aliis
2769 1380 3092 1447 sapientibus
3121 1383 3140 1411 ²
3170 1379 3444 1447 conferas,
3481 1383 3666 1450 majOri
3697 1383 3777 1438 di-

2189 1467 2379 1519 stantia
2404 1469 2720 1532 continetur,
2741 1486 2895 1538 quain
2919 1471 3200 1526 collatione
3220 1472 3347 1526 solis
3367 1473 3558 1527 cetera
3578 1475 3773 1529 sidera.

2191 1556 2359 1622 Quam
2407 1575 2535 1613 sane
2581 1559 2976 1617 similitudinem
3023 1563 3303 1632 diligenter
3349 1564 3572 1619 intuere.
3634 1566 3775 1622 Fieri

2186 1648 2325 1701 enim
2356 1658 2527 1717 potest
2554 1660 2857 1721 mentequa
2882 1653 3116 1714 excellis,
3141 1661 3196 1706 ut
3222 1654 3502 1723 quamdam
3529 1658 3778 1725 quiestioé

2186 1753 2307 1793 nem
2338 1739 2404 1793 de
2440 1739 2653 1795 homine
2678 1740 2889 1798 Christo
2914 1759 2944 1796 a
2982 1753 3032 1798 te
3073 1745 3396 1814 propositam
3443 1753 3776 1804 transeuntes

2188 1828 2611 1886 dissolverimus.

2254 1919 2308 1974 4.
2354 1919 2483 1973 ltem
2512 1923 2703 1988 qtta‘ris
2725 1932 2898 1977 utrum
2926 1939 3130 1978 summa
3155 1925 3238 1978 illa
3270 1927 3464 1980 veritas
3491 1935 3546 1982 et
3569 1935 3775 1983 summa

2183 2009 2437 2076 sapientia
2473 2021 2525 2063 et
2552 2011 2715 2064 ferina
2743 2017 2939 2079 rerum,
2968 2030 3062 2081 per
3081 2030 3236 2083 quem
3268 2015 3400 2069 facta
3428 2026 3551 2069 sunt
3574 2016 3772 2082 omnia,

2183 2107 2337 2168 quem
2384 2101 2572 2155 Filium
2618 2103 2708 2157 Dei
2757 2106 2970 2159 unicum
3011 2121 3158 2160 sacra
3207 2115 3388 2162 nostra
3435 2105 3769 2178 profitentur,

2185 2193 2502 2260 generaliter
2530 2193 2778 2262 hominis,
2801 2213 2866 2250 an
2894 2199 3052 2252 etiam
3086 2199 3497 2270 uniuscujusque
3535 2201 3775 2256 nostrum

2184 2284 2442 2337 rationem
2475 2287 2759 2340 contineat.
2806 2287 2989 2358 Magna
3030 2289 3271 2360 qurestio.
3315 2291 3418 2346 Sed
3465 2293 3593 2346 mihi
3623 2293 3774 2348 vide-

2184 2385 2302 2436 tur,
2334 2376 2474 2445 quod
2522 2377 2586 2431 ad
2633 2377 2901 2433 hominem
2951 2381 3250 2435 faciendum
3295 2383 3516 2449 attinet,
3547 2383 3776 2439 lnnninis

2182 2466 2391 2534 quidem
2416 2477 2616 2521 tantum
2644 2486 2747 2522 non
2771 2471 2939 2524 meam
2965 2472 3046 2526 vel
3074 2481 3213 2525 tuam
3238 2473 3307 2527 ibi
3335 2489 3454 2528 esse
3476 2475 3770 2540 rationem;

2181 2557 2320 2626 quod
2347 2567 2520 2612 autem
2548 2558 2613 2613 ad
2643 2563 2828 2617 orbem
2863 2565 3115 2633 temporis
3144 2607 3158 2631 ,
3187 2566 3359 2619 varias
3386 2566 3655 2620 hominum
3687 2580 3776 2621 ra:-

2186 2649 2357 2701 tiones
2389 2648 2438 2702 in
2482 2650 2568 2703 illa
2604 2653 2908 2706 sinceritate
2939 2654 3135 2708 vivere.
3167 2655 3362 2708 Verum
3396 2655 3496 2711 hoc
3524 2673 3642 2712 cum
3673 2658 3774 2712 ob-

2181 2741 2543 2795 scurissimum
2565 2742 2650 2808 sit,
2671 2759 2770 2812 qua
2789 2745 3136 2801 Similitudine
3157 2748 3406 2801 illustrari
3429 2750 3594 2817 possit
3618 2750 3768 2820 igian

2185 2844 2246 2883 ro
2271 2847 2284 2883 :
2309 2831 2408 2884 nisi
2443 2831 2581 2886 forte
2609 2833 2674 2886 ad
2711 2841 2853 2888 artes
2882 2834 2995 2890 illas
3023 2851 3139 2905 quin
3168 2837 3347 2890 insunt
3375 2838 3554 2891 animo
3591 2850 3775 2894 nostro

2183 2921 2591 2992 confugiendum
2615 2935 2716 2978 est.
2749 2925 2877 2979 Nam
2904 2927 2954 2979 in
2981 2927 3262 2997 disciplina
3287 2929 3536 2983 metiendi
3563 2946 3665 2983 una
3689 2925 3775 2985 est

2181 3014 2356 3083 anguli
2383 3015 2536 3077 ratio,
2558 3023 2658 3068 una
2681 3016 2944 3084 quadrati.
2971 3017 3150 3086 Itaque
3174 3019 3382 3087 quaties
3401 3019 3772 3076 demonstrare

2180 3106 2432 3174 angulum
2463 3107 2612 3170 volo,
2641 3122 2745 3160 non
2774 3106 2871 3161 nisi
2901 3123 3000 3162 una
3030 3109 3164 3163 ratio
3192 3111 3366 3178 anguli
3409 3111 3538 3164 mihi
3576 3117 3766 3166 occur-

2181 3196 2268 3250 rit.
2297 3196 2398 3252 Sed
2441 3197 2752 3265 quadratum
2783 3214 3114 3269 nequaquam
3161 3202 3479 3268 scriberem,
3510 3203 3607 3256 nisi
3636 3212 3772 3272 qud-

2185 3299 2303 3342 tuor
2331 3291 2484 3343 simul
2517 3291 2831 3360 angulorum
2859 3293 3120 3347 rationein
3153 3293 3420 3347 intuerer:
3454 3295 3520 3347 ita
3547 3295 3773 3363 quilibet

2182 3374 2342 3432 homo
2373 3395 2473 3432 una
2507 3381 2709 3433 ratione
2731 3423 2743 3442 ,
2769 3397 2871 3451 qua
2901 3381 3060 3436 homo
3093 3383 3400 3451 intelligitur
3422 3425 3436 3448 ,
3470 3385 3636 3438 factus
3665 3396 3767 3440 eSt.

2181 3469 2248 3521 At
2276 3479 2330 3521 nt
2357 3471 2582 3536 pupillus
2615 3470 2723 3534 fiat,
2754 3473 2995 3540 quamvis
3023 3484 3077 3527 et
3108 3473 3216 3541 ipsa
3246 3489 3347 3527 una
3375 3477 3528 3540 ratio,
3555 3491 3656 3528 non
3685 3485 3769 3529 ta-

2180 3572 2300 3612 men
2331 3559 2557 3614 heminis
2585 3562 2734 3625 ratio,
2757 3563 2849 3616 sed
2879 3564 3171 3618 hominum.
3203 3564 3258 3620 Si
3284 3567 3442 3635 igitur
3467 3581 3588 3636 pars
3614 3568 3769 3636 hujus

2182 3652 2412 3705 universi
2441 3663 2521 3705 est
2549 3653 2830 3708 Nebridius
2853 3698 2866 3719 ,
2894 3655 3032 3710 sicut
3057 3666 3139 3711 est
3158 3699 3172 3722 ,
3201 3666 3254 3712 et
3279 3667 3435 3712 omne
3465 3659 3768 3714 universum

2181 3744 2416 3812 partibus
2445 3744 2640 3808 confit;
2675 3761 2777 3798 non
2808 3748 2976 3814 potuit
3000 3749 3233 3803 universi
3256 3750 3500 3804 conditor
3522 3751 3658 3804 Dens
3683 3766 3769 3804 ττι-ε

2185 3837 2384 3891 tionem
2415 3840 2639 3906 partium
2667 3854 2768 3892 non
2797 3839 3013 3896 habere.
3043 3842 3393 3908 Quamobrem
3429 3843 3567 3911 quod
3601 3841 3768 3911 pluri-

2183 3943 2389 3982 morum
2415 3930 2684 3983 hominum
2709 3931 2776 3983 ibi
2801 3932 2937 3984 ratio
2960 3941 3060 3995 est,
3088 3939 3190 3985 nOn
3213 3932 3278 3986 ad
3304 3933 3473 4000 ipsum
3497 3933 3766 3988 hominem

2183 4024 2442 4091 pertinet,
2485 4039 2782 4092 quanquam
2831 4024 2979 4077 miris
3020 4024 3231 4078 rursum
3281 4023 3451 4077 modis
3495 4025 3559 4077 ad
3603 4032 3767 4079 ‘unum’

2181 4116 2353 4169 omnia
2378 4115 2699 4184 redigantur.
2729 4115 2835 4170 Sed
2860 4128 2910 4170 tu
2941 4117 2988 4169 id
3012 4117 3341 4172 commodius
3359 4117 3614 4186 cogitabis
3640 4121 3654 4172 ξ
3683 4117 3767 4174 his

2181 4215 2461 4260 contentus
2491 4207 2564 4261 sis
2585 4207 2793 4262 interim
2819 4217 2963 4278 peto,
2987 4224 3284 4278 quanquam
3305 4209 3412 4277 jam
3443 4209 3764 4264 excesserim

2181 4296 2435 4351 Nimium.

2670 4368 3000 4425 EPISTOLA
3039 4370 3192 4424 xv.‘
3225 4370 3303 4441 (η)

2183 4479 2450 4550 Signiﬁcat
2476 4482 2712 4550 scriptum
2743 4498 2774 4532 α
2800 4498 2852 4534 se
2881 4483 3178 4550 opusculum
3209 4483 3270 4534 dc
3299 4482 3553 4554 religione,
3593 4492 3755 4537 (rans-

2252 4571 2546 4623 miucndum
2569 4572 2897 4636 Romanique,
2913 4589 3056 4643 quem
3087 4573 3313 4626 hortatur
3337 4586 3390 4627 ut
3418 4576 3572 4628 otium
3589 4573 3764 4628 datum

2204 4670 2206 4672 ’
2252 4663 2374 4716 bene
2397 4662 2622 4716 collucet.

2624 4789 2924 4833 ROMANIANO
2963 4794 3300 4834 AllGUSTlNl'S.

2254 4890 2306 4943 l.
2346 4887 2459 4944 Non
2487 4888 2600 4944 haec
2625 4890 2844 4959 epistola
2876 4891 2952 4946 sic
2981 4891 3208 4960 inopiam
3237 4889 3434 4944 charta:
3462 4890 3672 4952 indicat,
3703 4900 3763 4946 ut

2243 5041 2259 5070 ί
2282 5039 2389 5088 Bad.
2409 5047 2504 5105 Am.
2531 5047 2582 5105 et
2601 5046 2675 5105 Er.
2691 5041 2901 5089 habent:
2922 5049 2986 5090 Ne
3008 5047 3184 5104 septem
3200 5041 3345 5105 pedes
3367 5040 3599 5105 longiores
3613 5054 3756 5104 qua»-

2180 5114 2325 5163 quam
2343 5113 2433 5168 smn
2453 5100 2738 5168 longissima.
2759 5109 2866 5168 Lo_v_.
2883 5116 2894 5149 :
2913 5111 2974 5150 ,γρ
2990 5100 3165 5168 septeni
3185 5100 3217 5165 ῤ
3244 5103 3357 5168 dum
3375 5100 3602 5168 longioris
3618 5100 3762 5164 qutun

2179 5155 2287 5224 qua:
2309 5175 2395 5211 seat
2417 5155 2717 5226 longissimis.
2732 5163 2823 5212 sed
2847 5155 3108 5226 legendum
3131 5155 3254 5213 ha'ud
3272 5165 3418 5213 dubie
3442 5155 3514 5226 iiii
3538 5155 3641 5213 \issf
3665 5179 3762 5226 ope

2179 5225 2510 5288 eiirreuimus;
2539 5238 2812 5288 quanquam
2846 5225 2916 5275 sic
2945 5227 2993 5274 in
3023 5225 3116 5274 illis
3136 5228 3369 5275 scribatur
3392 5239 3449 5275 ne
3472 5225 3536 5288 τε]
3566 5225 3762 5288 nomen,

2181 5285 2332 5333 videri
2357 5293 2410 5333 ut
2424 5287 2586 5358 possit
2607 5285 2864 5358 significari
2881 5322 2894 5345 ,
2919 5292 2977 5358 ire
2998 5295 3172 5358 septena
3248 5289 3334 5336 sed
3360 5285 3566 5358 nostram
3597 5285 3764 5337 lectio-

2179 5359 2294 5410 nem
2330 5347 2575 5410 confirmat
2609 5347 2821 5410 id'rquod
2853 5351 2900 5398 in
2924 5352 3019 5398 line
3050 5347 3274 5409 'rlpistolie
3302 5352 3563 5410 prieteruut
3586 5360 3763 5398 exces-

2178 5408 2304 5476 sisse
2333 5406 2543 5476 n‘wrjmn
2563 5420 2579 5468 ;
2602 5409 2686 5457 ubi
2710 5406 2880 5458 rursus
2903 5413 2950 5459 in
2980 5406 3100 5458 ttdd.
3122 5406 3347 5472 mrrtqzt'e
3373 5409 3570 5474 legitur,
3594 5423 3762 5460 c.rccs~

2177 5480 2324 5517 δένηη
2345 5481 2544 5517 vernum.

2243 5531 2263 5592 ξ
2287 5530 2358 5577 sic
2382 5537 2483 5577 Mss.
2509 5530 2605 5579 duo
2629 5534 2834 5581 Vaticani
2861 5531 3207 5592 [hominibus].

2244 5591 2261 5606 '
2288 5594 2544 5655 Reoognita
2569 5601 2642 5642 est
2668 5595 2727 5642 ad
2755 5609 2802 5642 (ι.
2828 5591 2894 5644 bl.
2921 5597 2996 5643 cb.
3027 5608 3078 5655 g.
3104 5591 3187 5654 gg.
3210 5607 3291 5654 gv.
3318 5606 3366 5640 ιι.
3391 5607 3432 5642 r.
3464 5595 3539 5643 sb.
3574 5593 3696 5644 duos
3725 5604 3762 5644 t.

2179 5649 2300 5700 duos
2323 5666 2366 5699 v.
2402 5649 2452 5702 et
2473 5653 2532 5701 ad
2561 5661 2665 5703 Iov.

2181 5734 2316 5843 59θα)
2343 5734 2463 5786 Alias
2491 5737 2576 5785 115
2599 5751 2610 5785 :
2637 5749 2746 5799 qua:
2769 5746 2933 5787 autem
2966 5737 3025 5786 l5
3047 5742 3180 5796 erat,
3217 5747 3344 5785 nunc
3372 5735 3449 5785 75.
3474 5737 3652 5799 Scripta
3683 5748 3761 5785 an.
