4080 6346
235 397 296 452 ει
1408 378 1845 437 Εῐδιδτυίιλῐὶυῖ

1951 378 2200 435 ILASSIS
2239 380 2278 434 1.
3440 387 3512 444 8?.

237 508 575 568 membranas
605 507 795 563 saltem
828 501 1095 560 abundare
1124 505 1363 554 testatur.
1393 498 1637 554 Tabellas
1664 495 1821 552 ebur.-

238 617 364 658 neas
393 615 529 670 quas
557 599 727 652 habeo
751 639 765 663 ,
794 594 1054 650 avunculo
1085 603 1176 646 tuo
1201 605 1320 644 cum
1352 588 1539 642 litteris
1567 587 1706 640 misi.
1749 585 1824 638 'l'u

239 693 379 749 enim
409 691 535 744 huic
558 689 815 759 pellicula:
841 685 1043 740 facilius
1063 683 1324 753 ignosces,
1350 681 1469 750 quia
1499 679 1698 732 dill‘crri
1722 693 1824 730 non

241 785 411 856 potuit
440 782 584 853 quod
614 781 662 834 ei
693 779 904 848 scripsi,
935 787 988 832 et
1018 777 1110 830 tibi
1150 791 1254 829 non
1283 773 1516 827 scribere
1552 772 1710 825 etiam
1753 770 1830 822 in.-

241 878 579 950 eptissimum
603 874 922 927 existimari.
945 870 1051 925 Sed
1075 869 1314 930 tabellas,
1340 868 1382 920 si
1405 883 1522 936 qua:
1549 866 1615 919 ibi
1641 876 1833 918 nostra:

243 979 408 1027 sunt.
439 976 660 1039 propter
706 963 1004 1033 huiusmodi
1053 960 1396 1014 necessitates
1419 999 1433 1024 ,
1471 957 1646 1010 mittas
1691 964 1831 1024 peto.

244 1060 444 1129 Scripsi
463 1057 712 1129 quiddam
731 1055 797 1109 de
815 1053 1072 1108 catholica
1097 1050 1370 1120 religione,
1391 1058 1644 1118 quantmn
1667 1046 1834 1099 Domi-

246 1166 348 1206 nus
380 1149 511 1204 dare
545 1148 792 1218 dignatus
817 1154 931 1209 est,
953 1143 1096 1213 quod
1125 1142 1215 1196 tibi
1254 1142 1373 1194 rolo
1402 1147 1524 1193 ante
1553 1138 1834 1192 adventum

246 1257 422 1296 meum
455 1240 688 1302 mittere,
717 1238 760 1290 si
788 1238 971 1290 charta
1000 1234 1214 1288 interim
1245 1249 1348 1285 non
1375 1231 1530 1284 desit.
1563 1229 1837 1283 Tolerabis

245 1333 388 1388 enim
433 1332 876 1400 qualemcumque
938 1326 1251 1394 scripturam
1299 1339 1362 1376 ex
1412 1321 1620 1375 ofﬁcina
1675 1319 1840 1388 majo-

247 1442 366 1479 rum
398 1427 437 1476 ¹.
483 1424 556 1477 De
585 1421 856 1476 codicibus
877 1461 890 1481 ,
917 1426 1108 1487 praeter
1139 1416 1299 1469 libros
1323 1415 1389 1468 de
1410 1413 1650 1478 Oratore,
1672 1419 1836 1465 totum

250 1518 379 1573 mihi
403 1516 621 1571 excidit.
653 1513 758 1568 Sed
780 1513 910 1566 nihil
933 1511 1157 1580 amplius
1180 1508 1472 1576 rescribere
1495 1506 1657 1576 potui,
1683 1522 1837 1574 quam

252 1618 306 1661 ut
335 1609 447 1676 ipse
464 1620 704 1660 sumeres
732 1619 866 1674 quos
894 1603 1104 1666 liberet,
1125 1608 1182 1656 et
1203 1616 1340 1654 nunc
1369 1599 1418 1652 in
1446 1599 1628 1653 eadem
1654 1612 1840 1650 maneo

252 1701 534 1756 sententia.
564 1699 770 1752 Absens
800 1697 938 1751 enim
971 1695 1094 1766 quid
1123 1696 1238 1764 plus
1265 1694 1449 1748 faciam
1481 1710 1584 1746 nun
1610 1692 1836 1746 invenio.

321 1792 378 1844 ἓ.
412 1789 790 1855 Gratissimum
830 1787 956 1840 mihi
991 1794 1105 1848 est,
1135 1773 1273 1855 quod
1320 1786 1370 1837 in
1410 1785 1586 1852 ultima
1619 1783 1839 1858 epistola

252 1901 336 1937 me
360 1881 674 1952 participem
695 1877 967 1934 domestici
991 1877 1063 1931 tui
1081 1876 1253 1948 gaudii
1273 1873 1448 1929 facere
1464 1856 1694 1928 voluisti.
1712 1872 1838 1939 Sed,

375 2022 516 2062 Mene
538 2012 654 2084 salis
677 2010 847 2122 placidi
868 2009 1056 2061 vultum
1078 2009 1351 2072 fluctusque
1374 2008 1566 2071 quietos

378 2083 611 2122 leuorare
636 2088 686 2122 tu
723 2074 815 2122 es?

378 2083 611 2139 Iguorare
629 2074 815 2141 iubes»?

1191 2130 1350 2196 (Virg.
1384 2139 1424 2180 V
1440 2128 1658 2192 Aineid.)

253 2277 554 2331 quanquam
590 2276 684 2315 nec
711 2275 796 2322 me
820 2259 1006 2328 jubeas
1026 2301 1040 2325 ,
1070 2273 1168 2312 nec
1195 2258 1307 2326 ipse
1336 2258 1563 2327 ignores.
1597 2256 1770 2321 Quare
1800 2255 1841 2309 si

254 2355 316 2406 ad
359 2355 551 2407 "melius
595 2351 931 2420 cogitandum
975 2351 1126 2420 quies
1163 2349 1336 2419 aliqua
1382 2348 1502 2402 data
1551 2357 1661 2412 est,
1695 2358 1846 2404 utere

254 2447 440 2508 divino,
471 2445 749 2510 beneficio.
785 2443 892 2498 Nec
928 2443 1068 2496 enim
1099 2441 1353 2496 debemus
1390 2440 1564 2508 nobis,
1594 2456 1712 2495 eum
1749 2440 1844 2493 ista

254 2537 706 2608 proveniunt,sed
751 2536 853 2588 illis
886 2551 981 2604 per
1009 2549 1143 2604 quos
1179 2531 1800 2603 proveniunt,gratulari
1831 2550 1844 2586 :

253 2629 506 2697 quoniam
524 2627 689 2696 justa,
714 2635 766 2680 et
790 2624 851 2681 of
852 2626 1051 2692 liciosa,
1074 2635 1125 2677 et
1147 2639 1242 2694 pro
1263 2639 1361 2678 suo
1385 2638 1584 2692 genere
1610 2623 1846 2692 pacatior

253 2730 411 2788 atque
461 2717 794 2786 tranquillior
840 2732 1013 2778 rerum
1055 2714 1418 2782 temporalituu
1456 2712 1848 2778 administratio

256 2809 684 2878 recipiendorum
713 2817 1032 2862 :ntcruorum
1063 2807 1307 2866 meritum
1334 2806 1533 2875 gignit,
1563 2805 1606 2858 si
1637 2822 1739 2858 non
1773 2813 1850 2860 te—

257 2909 377 2954 neat
402 2914 527 2953 cum
561 2908 801 2964 tenetur,
832 2913 928 2954 nec
959 2897 1191 2966 implicet
1227 2911 1344 2948 cum
1374 2895 1772 2964 multiplicatur,
1803 2895 1848 2950 si

256 3010 358 3045 non
380 3008 506 3047 cum
537 3001 757 3062 pacatur
781 2992 801 3023 ²
834 2989 1085 3044 invehat.
1129 2989 1296 3058 Ipsius
1321 2989 1461 3040 enim
1485 2987 1735 3042 Veritatis
1757 3002 1850 3042 ore

256 3084 452 3136 dictum
478 3093 561 3136 est
588 3101 600 3135 :
623 3081 682 3136 Si
705 3083 754 3135 in
776 3081 938 3134 alieno
961 3080 1135 3148 ﬁdeles
1161 3096 1258 3132 non
1282 3079 1463 3148 fuistis,
1485 3079 1620 3149 quod
1634 3088 1850 3133 vestrum

255 3185 325 3229 est
362 3176 478 3245 quis
508 3175 648 3228 dabit
678 3174 811 3229 vobis
838 3173 987 3246 (Luc.
1013 3189 1122 3238 xrt,
1148 3173 1274 3238 19.)?
1299 3173 1512 3226 Laxatis
1553 3188 1680 3243 ergo
1707 3173 1850 3228 curis

219 3328 234 3344 .
255 3266 594 3319 nnilahilium
624 3280 822 3329 rerum,
856 3266 990 3317 bona
1031 3264 1235 3316 stabilia
1276 3273 1328 3317 et
1357 3273 1497 3318 certa
1526 3278 1846 3332 quaeramus,

256 3357 664 3426 supervolemus
687 3354 912 3408 terrenis
937 3355 1126 3422 Opibus
1153 3354 1366 3407 nostris.
1403 3353 1531 3406 Nam
1559 3363 1612 3407 et
1639 3353 1688 3405 in
1713 3353 1850 3406 mel-

259 3448 320 3501 lis
347 3449 497 3517 copia
521 3490 535 3509 .
571 3463 676 3500 non
723 3445 918 3499 frustra
964 3460 1164 3515 pennas
1208 3445 1366 3498 habet
1405 3444 1653 3513 apicula;
1696 3452 1860 3511 necat

257 3540 399 3592 enim
432 3537 748 3592 luerentem.

758 3645 1082 3704 EI‘ISTOLA
1125 3645 1262 3700 xw.
1286 3651 1298 3667 ο
1321 3646 1395 3717 (a)

265 3783 527 3837 Maximus
549 3784 908 3854 grammaticus
925 3782 974 3835 Μ
982 3781 1278 3835 adaurensis
1292 3781 1589 3848 Augustino,
1609 3796 1852 3834 excusans

334 3892 366 3926 a
386 3873 616 3943 Paganis
632 3889 788 3926 unum
802 3871 966 3925 Deum
981 3872 1132 3924 rariis
1154 3871 1433 3924 nominibus
1454 3871 1568 3933 coli,
1583 3869 1853 3939 indignans

327 3975 555 4018 mortuos
583 3964 805 4017 homines
833 3962 1067 4016 Gentium
1094 3962 1190 4014 diis
1217 3963 1467 4030 prwferri,
1499 3963 1714 4015 irridens
1747 3961 1852 4014 Pu-

327 4056 444 4107 nica
471 4053 705 4125 quaedam
736 4055 979 4116 nomina;
1006 4053 1370 4122 perstringens,
1389 4053 1676 4122 opinanmr,
1703 4051 1850 4105 Chri-

328 4148 556 4210 stianos,
605 4145 754 4215 quod:
784 4153 1136 4199 venerarentur
1181 4144 1411 4212 sepulcra
1454 4155 1761 4214 martyrum,
1794 4161 1854 4214 ac

329 4247 515 4291 notans
541 4235 676 4306 quod
703 4235 946 4306 profanos
972 4234 1038 4287 ad
1064 4251 1158 4288 sua
1185 4251 1330 4288 sacra
1356 4251 1454 4286 non
1475 4235 1814 4288 admitterent.

479 4364 674 4403 IAXIIII
713 4362 1076 4402 IADAUBENSIS
1114 4347 1135 4378 ³
1173 4363 1248 4401 ΑΙ).
1280 4361 1632 4402 Αυουδτιδυιι.

335 4463 388 4517 1.
435 4461 602 4514 Avens
631 4460 801 4514 crebro
837 4460 934 4514 tuis
963 4458 1202 4526 affatibus
1241 4458 1520 4526 laetificari,
1553 4468 1598 4511 et
1620 4459 1855 4514 instinctu

259 4555 330 4605 tui
363 4553 632 4616 sermonis,
651 4569 748 4622 quo
779 4568 856 4604 me
876 4552 1030 4621 paulo
1059 4560 1172 4603 ante
1191 4549 1554 4621 facundissime
1573 4550 1710 4610 salva
1732 4549 1856 4603 cha-

261 4648 416 4698 ritate
442 4646 680 4714 pulsasti,
710 4643 854 4714 paria
883 4643 1139 4697 redhibere
1169 4659 1267 4696 non
1292 4642 1493 4709 destiti,
1523 4659 1583 4696 ne
1605 4645 1856 4698 silentium

261 4753 428 4789 meum
481 4735 840 4804 paenitudinem
866 4735 1168 4806 appellares.
1216 4733 1322 4794 Sed
1365 4750 1530 4803 quieso
1576 4744 1628 4793 ut
1666 4735 1710 4788 si
1749 4736 1856 4790 htec

259 4829 408 4896 quasi
437 4828 622 4881 seniles
651 4835 790 4880 artus
818 4843 923 4880 esse
949 4826 1170 4891 duxeris,
1200 4825 1524 4896 benignarum
1551 4826 1747 4879 au'rium
1774 4826 1855 4879 in-

263 4919 532 4989 dulgentia
565 4918 901 4993 prosequttris.
937 4916 1212 4987 Olympum
1253 4928 1466 4970 montem
1507 4917 1714 4970 deorum
1751 4935 1858 4972 esse

265 5009 639 5074 habitaculum,
668 5011 759 5063 sub
783 5009 972 5062 incerta
999 5009 1100 5077 ﬁde
1128 5007 1325 5062 Crtecia
1349 5009 1622 5079 fabulatur.
1653 5009 1716 5062 At
1742 5026 1857 5066 vero

328 5145 360 5212 ι·
375 5149 487 5212 uss.
523 5148 718 5212 septem
751 5142 961 5201 habent,
985 5153 1050 5212 eg
1070 5139 1257 5212 officina
1281 5138 1539 5212 Maiorini;
1561 5143 1859 5212 antiquiores

259 5205 381 5253 τω.
420 5205 481 5252 ad
527 5205 828 5265 marginem,
873 5216 937 5252 ea:
972 5205 1161 5265 ofﬁcina
1199 5215 1430 5265 meorum.
1459 5211 1593 5265 sum
1630 5205 1751 5253 forte
1788 5209 1859 5256 sic

449 5263 888 5376 gerpungendus
915 5263 1029 5316 est?
1052 5273 1125 5315 Ea:
1146 5263 1333 5330 officina
1368 5263 1620 5328 majorum,
1638 5265 1700 5316 de
1722 5267 1856 5325 cadi:

261 5340 669 5450 “inﬂigit-ope
688 5400 877 5446 omnes,
899 5393 1112 5450 putatur.
1137 5395 1276 5438 Forte
1299 5401 1385 5450 pro
1406 5394 1640 5451 portatur.

261 5452 353 5559 do’
379 5457 564 5560 [31:155.
600 5451 757 5499 tribus
787 5449 1016 5498 Maximus
1037 5449 1358 5500 MadaurenSrs
1385 5449 1692 5500 (irmimtatici
1718 5450 1859 5506 titulo

327 5525 394 5560 na
482 5546 492 5552 .

330 5546 496 5622 iiiian
523 5571 672 5634 Epist.
698 5579 752 5621 et
783 5579 892 5621 XVII
923 5571 982 5621 ad
1007 5575 1259 5622 Maximum
1281 5575 1538 5626 recensita:
1573 5582 1687 5623 sunt
1715 5575 1773 5626 ad
1809 5587 1854 5624 a.

264 5647 314 5682 a.
353 5635 419 5683 bl.
460 5635 544 5684 bu.
577 5635 660 5695 ῦς.
692 5647 737 5698 c.
768 5647 840 5684 oc.
878 5635 928 5683 ff.
968 5649 1018 5698 ε.
1051 5650 1131 5698 gv.
1159 5636 1195 5696 j.
1227 5650 1275 5683 ιι.
1298 5649 1340 5684 r.
1379 5648 1420 5684 s.
1460 5635 1532 5683 sb.
1573 5643 1609 5685 t.
1635 5636 1757 5686 duos
1780 5652 1854 5687 vc.

265 5698 485 5759 quinque
510 5711 556 5744 ς.
583 5703 636 5759 et.
670 5696 727 5744 ad
754 5706 851 5744 Am.
891 5696 998 5746 Bad'.
1036 5696 1110 5744 Er.
1137 5705 1242 5746 Inv.

283 5755 308 5828 ⁷,
331 5755 556 5819 (a)'Alias
575 5757 638 5805 45
663 5771 674 5808 :
699 5772 812 5823 qua:
834 5767 996 5815 autem
1029 5759 1088 5809 16
1111 5768 1214 5814 erat
1228 5793 1241 5820 ,
1268 5771 1392 5812 nunc
1413 5755 1490 5807 74.
1517 5759 1630 5822 Sari;
1649 5765 1696 5809 ta
1733 5759 1856 5811 forte

265 5830 394 5868 eirea
413 5832 493 5870 an.
516 5819 625 5870 390.

1938 505 2122 549 nostra?
2142 495 2276 549 urbis
2297 495 2463 564 forum
2488 495 2784 555 salutarium
2807 501 3068 553 numinum
3099 500 3373 570 frequentia
3392 519 3513 570 pos-

1939 605 2125 641 sessum
2156 606 2244 642 uos
2267 591 2513 644 cernimus
2538 601 2582 645 et
2613 593 2898 661 probamus.
2955 591 3201 662 Equidem
3230 611 3386 647 unum
3413 612 3516 649 csse

1939 680 2101 734 Deum
2131 699 2403 747 summum,
2432 684 2539 738 sine
2567 685 2730 749 initio,
2755 686 2860 740 sine
2892 688 3030 754 prole
3059 697 3275 750 naturai,
3304 703 3393 741 ceu
3421 705 3516 755 pu-

1940 787 2062 828 trem
2086 793 2321 845 magnum
2351 786 2496 845 atque
2524 779 2866 848 magniﬁcum,
2894 781 3004 848 quis
3032 788 3132 832 tant
3161 779 3381 844 demens,
3417 791 3520 832 tam

1940 877 2102 920 mente
2127 876 2303 936 captus
2332 878 2472 938 urget
2499 885 2604 922 esse
2627 869 2950 922 certissimum
2974 872 2999 924 ἰ)
3043 869 3206 934 liuius
3245 887 3334 924 nos
3359 871 3520 923 virtu-

1941 968 2010 1012 tes
2037 976 2123 1028 per
2153 959 2461 1011 mundanum
2488 976 2612 1028 opus
2643 959 2878 1025 (li/fusas,
2908 961 3075 1012 multis
3099 961 3348 1014 vocabulis
3375 962 3519 1013 inro-

1942 1069 2111 1104 cumus
2137 1093 2150 1117 ,
2183 1053 2421 1120 quoniam
2447 1068 2626 1103 nomen
2669 1052 2776 1121 (jus
2804 1052 2968 1104 cuncti
3013 1053 3270 1121 preprium
3299 1051 3523 1105 videlicet

1943 1145 2252 1220 ignoramus.
2298 1143 2433 1195 Nam
2474 1141 2610 1196 Deus
2647 1143 2873 1206 omnibus
2903 1145 3223 1212 religionibus
3263 1161 3524 1198 commune

1943 1252 2120 1288 nomen
2146 1244 2234 1288 est.
2277 1233 2358 1286 Ita
2389 1234 2445 1301 ﬁt
2483 1245 2533 1286 ut
2559 1233 2679 1286 dum
2714 1235 2822 1302 ejus
2865 1218 3014 1301 quasi
3047 1235 3275 1303 qutt'dam
3306 1237 3525 1298 membra

1943 1329 2176 1397 carptim,
2207 1328 2356 1379 variis
2386 1327 2830 1396 supplicationibus
2858 1327 3223 1396 prosequimur,
3253 1337 3407 1382 totum
3434 1344 3524 1381 co-

1946 1421 2045 1490 lere
2072 1425 2290 1491 profecto
2318 1420 2595 1473 rideamur.

2015 1513 2068 1581 2.
2112 1511 2216 1563 Sed
2244 1511 2583 1579 impatirutmn
2608 1527 2686 1562 me
2710 1527 2813 1564 esse
2842 1509 2967 1562 tanti
2987 1509 3188 1572 erroris,
3209 1508 3526 1562 dissimulare

1946 1622 2043 1656 non
2073 1620 2290 1672 possunt.
2325 1602 2446 1666 Quis
2473 1602 2600 1653 enim
2640 1603 2764 1670 ferat
2792 1599 2821 1650 .l
2831 1601 2906 1652 ovi
2935 1599 3145 1674 fulmina
3167 1598 3376 1650 vibranti
3398 1614 3525 1666 prte-

1947 1698 2068 1765 ferri
2101 1697 2399 1766 illggdoncm
2425 1697 2474 1756 ¹;
2502 1693 2716 1760 Junoni,
2752 1692 3009 1756 Mincrrtv,
3044 1691 3239 1755 Veneri,
3277 1690 3528 1760 Vesta'que

1947 1775 2167 1841 Sanaent
2192 1795 2273 1858 ,ct
2303 1785 2532 1857 cunctis,
2552 1784 2676 1855 proh
2708 1787 2849 1855 nefas
2873 1784 2892 1835 .'
2918 1782 3013 1834 diis
3041 1779 3400 1833 immortalibus
3438 1797 3527 1831 ar-

1945 1877 2302 1946 chimartyrem
2337 1873 2815 1944 Namphanionam?
2846 1873 2974 1924 inter
3001 1888 3125 1942 quos
3147 1869 3350 1923 Lucrtas
3371 1871 3529 1945 etiam

1949 1967 2086 2020 haud
2107 1953 2297 2019 minore
2321 1967 2455 2022 cultu
2483 1965 2808 2035 suspicitur",
2825 1974 2972 2033 atque
2990 1963 3076 2017 alii
3102 1963 3420 2015 interminato
3443 1979 3530 2014 nu-

1947 2075 2084 2127 mero
2103 2058 2219 2132 (diis
2235 2057 2612 2123 hominibusque
2632 2057 2804 2110 odiosa
2828 2056 3051 2127 nomina)
3081 2055 3163 2125 qui
3183 2055 3482 2108 conscientia
3509 2055 3531 2083 ³

1948 2149 2276 2219 nefandorum
2307 2149 2622 2220 facinorum,
2648 2148 2810 2218 specie
2847 2147 3079 2217 gloriosa:
3113 2147 3284 2198 mortis
3305 2187 3320 2207 ,
3342 2145 3531 2198 scelera

1947 2259 2040 2294 sua
2057 2239 2318 2295 sceleribus
2343 2238 2673 2301 cumulantes,
2695 2238 2903 2307 dignum
2925 2236 3142 2290 moribus
3164 2237 3405 2305 factisque
3428 2237 3531 2289 suis

1949 2335 2135 2387 exitum
2157 2331 2394 2386 maculati
2421 2341 2726 2400 repererunt.
2777 2329 2968 2382 Horum
3000 2330 3161 2390 busta,
3185 2329 3228 2382 si
3255 2337 3533 2380 memoratu

1950 2428 2158 2497 dignum
2187 2435 2290 2492 est,
2319 2425 2505 2478 relictis
2533 2425 2758 2492 templis,
2789 2423 3022 2494 neglectis
3053 2423 3300 2491 majorum
3327 2436 3531 2472 suorum

1950 2517 2176 2570 manibus
2197 2559 2210 2581 ,
2240 2516 2377 2570 stulti
2413 2520 2756 2585 frequentant,
2784 2515 2854 2566 ita
2883 2523 2934 2566 ut
2977 2513 3279 2584 prwsagium
3314 2512 3438 2571 vatis
3465 2512 3530 2562 il-

1950 2609 2048 2663 lius
2077 2608 2278 2678 indigne
2303 2606 2504 2675 ferentis
2535 2606 2741 2657 emineat
2767 2619 2785 2658 :

2075 2706 2221 2762 tuque
2245 2705 2395 2746 Deum
2417 2694 2612 2758 tenqlis
2629 2696 2804 2758 ;ura\'it
2828 2703 2965 2817 namq
2989 2706 3075 2755 per
3093 2692 3303 2816 umbris.

2973 2766 3198 2804 Lucanus.

2973 2766 3198 2804 Lucanus.

1951 2864 2053 2921 Sed
2080 2863 2206 2918 mihi
2238 2864 2335 2918 hac
2357 2871 2670 2932 tempestate
2699 2859 3075 2932 propemodum
3105 2859 3310 2914 videtur
3340 2857 3532 2912 bellum

1953 2955 2226 3011 Actiacum
2268 2953 2288 2984 ⁸
2333 2969 2514 3023 rursus
2541 2963 2817 3024 exortum,
2861 2969 2965 3020 quo
3008 2952 3254 3023 Aigyptia
3298 2957 3534 3007 monstra

1953 3047 2008 3102 in
2031 3046 2393 3114 Roniauorum
2423 3045 2553 3113 deos
2570 3043 2799 3102 audeant
2823 3044 2920 3096 tela
2941 3043 3166 3106 vibrare,
3187 3043 3402 3094 minimc
3431 3043 3533 3094 du-

1951 3146 2162 3206 ratura.~

2031 3231 2086 3284 5.
2128 3227 2234 3284 Sed
2256 3228 2385 3281 illud
2413 3224 2599 3298 qutvso,
2633 3227 2711 3280 vir
2732 3226 3117 3297 sapientissime,
3144 3225 3217 3278 uti
3242 3233 3432 3278 remoto
3456 3225 3537 3294 fa-

1955 3321 2153 3389 cundia:
2193 3320 2371 3374 robore
2403 3331 2549 3388 atque
2585 3320 2788 3390 exploso
2813 3361 2827 3386 ,
2873 3337 2972 3390 qua
3014 3319 3206 3373 cunctis
3236 3319 3404 3372 clarus
3442 3335 3494 3372 es
3515 3360 3534 3385 ,

1955 3415 2159 3482 omissis
2177 3414 2327 3467 etiam
2355 3412 2529 3483 quibus
2563 3430 2787 3484 pugnare
2821 3412 3014 3468 solebas
3043 3411 3365 3484 Chrysippeis
3385 3431 3538 3484 argu-

1955 3506 2154 3570 mentis,
2185 3505 2460 3575 postposita
2495 3503 2756 3573 paululum
2785 3504 3078 3571 dialectica,
3127 3521 3238 3574 qua:
3275 3521 3537 3562 nervorum

1955 3613 2158 3662 suorum
2184 3595 2452 3650 luctamine
2475 3596 2605 3649 nihil
2625 3597 2746 3650 certi
2771 3597 3000 3669 cuiquam
3026 3598 3304 3664 relinquere
3329 3599 3533 3663 nititur,

1954 3687 2065 3756 ipsa
2087 3704 2139 3738 re
2164 3685 2429 3756 approbes,
2459 3687 2569 3756 quis
2595 3688 2658 3740 sit
2687 3689 2778 3741 iste
2801 3687 2935 3742 Deus
2954 3705 3098 3757 quem
3118 3689 3272 3754 vobis,
3295 3688 3538 3744 Christia-

1956 3778 2028 3835 ni.
2053 3777 2197 3845 quasi
2218 3778 2477 3846 proprium
2499 3778 2783 3839 vindicatis,
2811 3789 2857 3831 et
2887 3780 2939 3831 in
2962 3778 3085 3832 locis
3111 3780 3293 3833 abditis
3314 3797 3538 3849 prmeri—

1957 3876 2053 3931 tem
2082 3884 2165 3920 ros
2187 3868 2350 3920 ridere
2378 3868 2697 3937 componitis.
2727 3867 2836 3922 Nos
2864 3871 3048 3923 etenim
3075 3870 3194 3925 deos
3211 3881 3406 3925 nostros
3428 3873 3539 3926 luce

1957 3960 2125 4029 palam
2157 3969 2270 4014 ante
2303 3959 2653 4028 oculosatque
2688 3976 2834 4013 aures
2870 3961 3094 4017 omnium
3121 3961 3409 4016 mortalium
3441 3963 3539 4031 piis

1960 4051 2188 4122 precibus
2220 4053 2512 4117 adoramus,
2537 4064 2582 4106 et
2627 4069 2716 4122 per
2753 4069 2928 4108 suaves
2972 4054 3160 4109 hostias
3195 4056 3437 4124 prapitios
3459 4073 3543 4109 no-

1958 4146 2030 4200 bis
2060 4145 2317 4215 cfficimus,
2342 4153 2386 4198 et
2408 4163 2440 4197 a
2459 4146 2649 4202 cunctis
2674 4146 2779 4200 hwc
2802 4145 2938 4199 cerni
2977 4156 3020 4198 et
3047 4145 3249 4216 probari
3276 4147 3542 4200 contendi-

1957 4253 2086 4302 mus.

2029 4311 2092 4382 4..
2126 4325 2231 4388 Sed
2271 4325 2478 4390 ulterius
2516 4326 2631 4391 huic
2672 4327 2934 4380 certamini
2977 4344 3056 4381 me
3100 4344 3250 4382 senex
3289 4329 3544 4384 invalidus

1959 4417 2199 4478 subtraho
2224 4459 2240 4484 ,
2287 4427 2332 4472 et
2362 4417 2414 4471 in
2456 4418 2748 4471 sententiain
2787 4416 3056 4471 Mantuani
3087 4419 3299 4474 rhetoris
3337 4421 3544 4476 libenter

1961 4527 2113 4582 pergo
2145 4551 2158 4563 ⁸
2452 4579 2614 4628 Trahit
2634 4591 2719 4629 sua
2743 4592 2990 4644 quemqne
3015 4581 3250 4644 voluitas.

2856 4639 3012 4706 (I'irg.
3038 4639 3087 4691 in
3112 4639 3228 4692 huc.
3255 4642 3353 4693 Ecl.
3377 4645 3448 4708 2.)

1963 4745 2090 4800 Post
2111 4744 2217 4797 harc
2244 4761 2343 4798 non
2361 4743 2552 4809 dubito,
2572 4743 2646 4796 vir
2668 4743 2866 4806 eximie,
2884 4744 2972 4813 qui
2989 4760 3020 4795 a
3042 4761 3150 4798 mea
3166 4753 3297 4798 secta
3315 4746 3560 4814 deviasti,.

1964 4838 2093 4891 hanc
2119 4837 2379 4906 epistolam
2416 4836 2697 4906 aliquorum
2737 4838 2873 4905 furto
2897 4835 3190 4900 detractam,
3219 4837 3438 4903 [Ioannis
3467 4837 3544 4891 vel

1961 4928 2177 4999 quolibet
2197 4937 2341 4994 pacto
2361 4925 2654 5002 perituram.
2679 4924 2824 4990 Quod
2838 4924 2882 4977 si
2899 4925 3156 4992 acciderit,
3189 4927 3280 4979 erit
3301 4927 3543 4980 damnum

1963 5019 2224 5084 chartula},
2259 5034 2356 5070 non
2403 5017 2561 5077 nostri
2595 5017 2856 5080 sermonis,
2901 5018 3048 5087 cujus
3098 5020 3354 5089 exemplar
3393 5035 3542 5087 penes

1961 5126 2134 5164 omnes
2170 5109 2428 5186 religiosos
2467 5117 2704 5178 perpetuo
2731 5108 2968 5161 retinebo.
3007 5106 3092 5161 Dii
3122 5119 3168 5162 te
3193 5118 3418 5172 servent,
3452 5125 3544 5177 per

1961 5218 2087 5274 quos
2108 5211 2152 5256 et
2185 5217 2357 5257 eorum
2392 5209 2539 5271 atque
2565 5192 2857 5253 cunctorum
2899 5202 3188 5254 mortalium
3230 5217 3545 5255 communem

2027 5329 2043 5362 ⁸
2068 5335 2178 5377 Mss.
2201 5326 2456 5378 duodecim
2480 5325 2730 5392 Migginem
2748 5361 2763 5385 ,
2791 5340 2848 5378 ac
2868 5326 3021 5392 paulo
3041 5335 3148 5391 post
3176 5328 3359 5392 habent
3392 5327 3546 5391 plen-

1961 5403 2088 5453 que,
2112 5399 2341 5454 sanamen
2359 5402 2446 5450 pro
2459 5387 2656 5438 Satanam
2681 5401 2698 5438 :
2723 5387 2938 5454 nonnulli
2961 5387 3105 5439 etiam
3127 5387 3546 5454 Namphamonem.

1963 5447 2050 5514 pro
2073 5447 2406 5516 n’amphanio'n:
2422 5457 2649 5516 m._Porro
2674 5449 2952 5516 celebratur
2973 5459 3152 5515 martyr
3170 5447 3468 5516 Nantphanto
3495 5447 3546 5504 iri

1962 5510 2260 5576 Martyrolog.
2293 5519 2419 5560 nom.
2445 5510 2505 5560 ad
2526 5511 2654 5576 diem
2676 5511 2706 5559 4
2723 5511 2848 5573 julii.

2027 5578 2046 5606 ³
2073 5572 2175 5624 Stss.
2195 5572 2429 5637 quinque,
2452 5572 2727 5637 suscipitur.

2028 5638 2049 5669 ³
2072 5643 2184 5699 uss.
2208 5633 2412 5699 plures:
2445 5633 2602 5699 Atque
2629 5634 2728 5685 alia
2762 5633 3058 5699 interminato
3078 5647 3306 5695 munero,
3331 5633 3428 5688 diis
3461 5637 3548 5689 ho-

1962 5694 2259 5766 minibusque
2282 5694 2680 5766 odiosa‘numina,
2707 5709 2817 5766 qtae
2847 5694 3036 5746 conscia
3054 5694 3388 5760 nefandorum,
3415 5709 3496 5750 etc

2027 5760 2049 5828 ξ
2073 5757 2309 5828 Μδεςορω
2330 5773 2344 5807 :
2368 5757 2852 5828 Βαζιρρηιίεειὶαιῷηπι
2881 5770 3049 5811 rursus
3076 5757 3314 5812 exortum.
3339 5771 3547 5821 quatuor

1966 5826 2088 5881 γει,
2117 5819 2384 5872 Asiaticum.
2410 5818 2493 5870 Alii
2516 5819 2647 5878 ωδ..
2674 5819 2930 5872 Αεεὶαεηηι.
