4044 6338
549 383 620 439 83
1733 376 1787 430 S.
1829 366 2188 428 AUGUSTINI
2230 368 2527 439 EPISCOI"!
3710 367 3782 428 85

556 511 766 568 putrem,
793 503 1005 556 universi
1025 501 1276 565 mortales,
1299 515 1418 566 quos
1440 510 1570 550 terra
1603 495 1842 556 sustinet,
1859 487 1996 543 inille
2010 502 2116 540 mo-

555 595 633 648 dis
653 594 887 648 concordi
905 593 1157 648 discordia
1178 604 1470 644 veneramur
1492 597 1537 639 et
1564 582 1792 638 colimus.

1010 725 1331 788 EPISTOLA
1384 721 1524 787 xvu
1563 721 1660 790 (ιι).

558 840 865 911 Augustinus
891 840 1114 894 Maximo
1130 836 1450 911 grammatico
1470 831 1730 901 respondet
1749 831 1817 884 ad
1835 829 2114 899 superiora,

627 930 714 990 sed
735 931 804 984 sic
829 939 881 983 ut
901 931 1125 984 ostendat
1151 927 1358 996 indigna
1379 924 1558 993 quibus
1573 920 1948 992 respondeatur,
1967 919 2120 989 digna

630 1035 741 1089 qua:
759 1020 1034 1072 rideantur.

921 1125 987 1163 Αι)
1024 1121 1267 1162 mnuum
1305 1117 1689 1160 IADAURENSBI
1727 1103 1766 1155 ¹.

632 1201 684 1253 1.
727 1198 1003 1254 Seriumne
1030 1197 1224 1266 aliquid
1257 1197 1392 1250 inter
1418 1209 1515 1250 nos
1539 1193 1742 1263 agimus
1777 1207 1843 1245 an
1865 1189 2029 1259 jocari
2059 1187 2122 1242 li-

565 1290 694 1345 bet?
731 1290 858 1344 Nam
909 1289 1042 1342 sicut
1087 1296 1175 1341 tua
1216 1286 1436 1356 epistola
1479 1284 1726 1354 loquitur,
1748 1291 1920 1336 utrum
1949 1294 2122 1334 causa:

566 1381 728 1451 ipsius
761 1380 1083 1444 inﬁrmitate,
1105 1395 1171 1433 an
1199 1392 1402 1432 morum
1427 1385 1632 1430 tuorum
1668 1374 1916 1430 comitate
1943 1372 2015 1424 sit
2044 1369 2121 1422 fa-

563 1483 727 1536 ctum.
751 1479 810 1526 ut
834 1472 1017 1526 malles
1044 1485 1162 1525 esse
1192 1469 1408 1524 facetior
1422 1482 1577 1538 quam
1595 1467 1842 1537 paratior,
1867 1464 2122 1517 incertum

562 1565 752 1628 habeo.
787 1563 968 1618 Primo
987 1562 1127 1615 enim
1153 1561 1357 1630 Olympi
1384 1559 1574 1614 montis
1593 1567 1644 1613 et
1668 1557 1764 1610 fori
1786 1555 1944 1609 vestri
1973 1568 2122 1610 com-

561 1652 764 1722 paratio
791 1652 922 1706 facta
949 1659 1029 1705 est
1060 1669 1073 1705 :
1099 1665 1216 1720 quae
1240 1650 1420 1704 nescio
1443 1663 1546 1718 quo
1573 1645 1907 1716 pertinuerit,
1938 1643 2038 1698 nisi
2070 1649 2126 1697 ut

563 1759 649 1796 mc
675 1741 1146 1797 commonefaceret
1185 1740 1237 1793 in
1278 1741 1364 1792 illo
1395 1747 1574 1792 monte
1599 1736 1781 1791 Jovem
1821 1744 1993 1790 castra
2028 1749 2124 1803 po-

562 1832 753 1895 suisse,
777 1846 895 1885 cum
915 1830 1165 1883 adversus
1184 1839 1382 1898 patrem
1405 1827 1538 1882 bella
1558 1834 1794 1896 gereret,
1817 1833 1953 1879 utea
1971 1823 2130 1879 docet

566 1922 804 1988 historia,
824 1937 980 1992 quam
1014 1921 1174 1976 vestri
1204 1921 1360 1975 etiam
1386 1933 1592 1974 sacram
1621 1926 1843 1983 vocant;
1870 1925 1924 1970 et
1949 1917 2004 1977 in
2027 1917 2128 1969 isto

562 2010 680 2066 foro
705 2010 1010 2066 recordarer
1030 2024 1147 2066 esse
1173 2009 1224 2064 in
1255 2008 1457 2064 duobus
1483 2007 1776 2062 simulacris
1803 2021 1960 2059 ultum
1988 2005 2125 2058 Mar-

563 2107 671 2154 tem
701 2098 896 2153 nudum
919 2140 934 2165 ,
964 2100 1186 2166 alterum
1223 2107 1478 2151 armatum
1505 2138 1520 2158 ,
1550 2110 1772 2166 quorum
1811 2094 2126 2148 daemonium

562 2190 958 2245 infestissimum
989 2189 1207 2245 civibus.
1250 2186 1507 2256 porrectis
1547 2186 1713 2239 tribus
1748 2185 1920 2253 digitis
1945 2191 2126 2237 contra

563 2281 817 2335 collocata
835 2287 1004 2341 statua,
1017 2278 1240 2343 humana
1258 2277 1649 2342 comprimeret.
1674 2275 1882 2344 Ergone
1895 2289 2125 2343 unquam

564 2385 664 2439 ego
689 2368 1004 2424 crediderim
1029 2409 1042 2432 ,
1075 2368 1339 2421 mentione
1365 2367 1504 2420 illius
1529 2363 1626 2420 fori
1659 2364 1791 2418 facta
1811 2406 1826 2431 ,
1854 2363 2127 2422 numinum

563 2459 748 2514 talium
775 2458 1080 2512 memoriam
1102 2457 1226 2533 mihi
1257 2466 1306 2510 te
1335 2471 1589 2510 renovare
1621 2455 1849 2509 voluisse
1868 2496 1882 2517 ,
1913 2453 2008 2506 nisi
2045 2452 2128 2520 jo-

565 2549 674 2611 cari
697 2551 870 2620 potius
898 2565 1052 2618 quam
1083 2549 1223 2603 serio
1243 2563 1397 2616 agere
1413 2545 1721 2610 maluisses!
1744 2544 1847 2600 Sed
1865 2543 1995 2597 illud
2016 2543 2128 2612 pla-

563 2655 632 2698 ne
657 2656 761 2710 quo
789 2639 920 2693 tales
943 2639 1073 2694 deos
1098 2639 1336 2708 quaedam
1370 2638 1462 2692 Dei
1503 2637 1658 2700 unius
1693 2633 1873 2703 magni
1893 2632 2128 2694 membra

565 2743 686 2786 esse
713 2727 912 2791 dixisti,
943 2727 1226 2786 admoneo.
1253 2727 1372 2795 quia
1403 2724 1653 2795 dignaris,
1674 2722 1810 2778 utab
1831 2721 2128 2790 hujusmodi

562 2818 831 2887 sacrilegis
871 2816 1067 2870 facetiis
1097 2824 1146 2870 te
1176 2829 1493 2884 magnopere
1533 2814 1816 2880 abstineas.
1857 2809 2126 2880 Siquidem

563 2905 709 2970 illum
744 2906 908 2960 Deum
936 2905 1066 2958 dicis
1095 2921 1252 2958 unum
1276 2944 1290 2967 ,
1319 2902 1384 2957 de
1410 2917 1542 2972 quo,
1570 2909 1628 2953 ut
1650 2901 1846 2961 dictum
1869 2908 1950 2954 est
1977 2916 2007 2952 a
2034 2914 2127 2954 ve-

565 2995 796 3062 teribus,
842 2993 982 3050 docti
1038 2994 1339 3062 indoctique
1389 2991 1768 3055 consentiunt,
1803 2988 2026 3057 bujusne
2073 2996 2129 3042 tu

564 3087 799 3141 membra
824 3085 956 3140 dicis
982 3100 1120 3149 csse,
1149 3099 1369 3154 quorum
1401 3082 1799 3146 immanitatem,
1829 3079 1934 3145 vel,
1962 3080 2005 3134 si
2028 3079 2128 3134 hoc

563 3177 750 3242 mavis,
781 3177 1086 3245 potentiam,
1118 3175 1307 3229 mortui
1337 3174 1563 3240 hominis
1599 3173 1768 3242 imago
1797 3170 2130 3242 compescit?

564 3266 720 3322 Plura
749 3265 874 3320 hinc
908 3280 1115 3334 possem
1156 3265 1369 3331 dicere;
1399 3265 1543 3318 vides
1568 3263 1707 3320 enim
1751 3278 1844 3332 pro
1877 3272 1960 3316 tua
2006 3279 2130 3333 pru-

563 3356 762 3423 dentia,
794 3371 948 3425 quam
976 3357 1122 3410 locus
1148 3357 1251 3410 late
1267 3355 1365 3412 iste
1389 3363 1563 3423 pateat
1583 3353 1999 3423 reprehensioni.
2022 3353 2128 3410 Sed

562 3459 648 3498 me
671 3445 784 3514 ipse
807 3445 1050 3508 cohibeo,
1074 3459 1140 3498 ue
1160 3459 1190 3497 a
1215 3454 1266 3499 te
1289 3443 1550 3522 rhetorice
1585 3444 1761 3515 potius
1797 3459 1954 3514 quam
1993 3443 2129 3521 veri-

563 3535 682 3596 dice
709 3551 865 3605 agere
891 3536 1184 3613 existimer.

630 3619 685 3673 2.
725 3617 854 3672 Nam
881 3617 1019 3688 quod
1046 3618 1256 3672 nomina
1289 3617 1527 3687 qumdam
1562 3617 1760 3671 Punica
1796 3625 2122 3672 mortuorum

564 3709 850 3778 collegisti,
884 3709 1071 3778 quibus
1100 3709 1150 3762 in
1183 3717 1417 3763 nostram
1442 3707 1751 3777 religionem
1795 3707 2006 3762 festivas
2026 3749 2041 3774 ,
2070 3716 2134 3762 ut

565 3799 662 3867 tibi
695 3800 860 3854 visum
890 3809 970 3854 est
986 3839 1010 3880 ,ἢ
1024 3800 1370 3877 contumelias
1391 3798 1661 3881 j'aciendas
1686 3806 1922 3867 putares,
1950 3798 2128 3856 nescio

567 3901 738 3945 atrum
757 3873 1229 3946 refellere‘deb'eam
1250 3930 1266 3955 ,
1282 3873 1349 3944 an
1371 3873 1580 3944 silentio
1597 3889 1880 3957 prznterire.
1917 3887 1969 3942 Si
1986 3887 2126 3941 enim

564 3997 652 4035 res
680 3983 793 4035 ista:
822 3981 1066 4036 videntur
1092 3991 1195 4035 tam
1224 3981 1364 4036 leves
1395 3989 1495 4034 tua:
1524 3980 1760 4049 gravitati
1789 3995 1942 4050 quam
1971 3988 2126 4044 sunt,

562 4070 728 4139 jocari
754 4071 880 4124 mihi
907 4086 1008 4124 non
1031 4071 1250 4133 multum
1269 4081 1434 4125 vacat.
1459 4070 1511 4126 Si
1533 4078 1705 4124 autem
1729 4086 1915 4140 graves
1939 4071 2028 4124 tibi
2052 4071 2129 4125 vi-

562 4161 771 4226 dentur,
802 4163 965 4216 miror
993 4161 1136 4232 quod
1162 4162 1430 4215 nominum
1465 4159 1787 4239 absurditate
1825 4169 2090 4239 commoto
2109 4203 2124 4228 ,

564 4251 618 4304 in
648 4261 879 4306 mentem
909 4267 1014 4305 non
1040 4251 1240 4305 venerit
1263 4251 1456 4304 habere
1483 4237 1602 4303 tuos
1623 4257 1676 4302 et
1697 4251 1745 4303 in
1767 4237 2132 4314 sacerdotibus

564 4339 888 4394 Eucaddires
913 4342 957 4404 ',
999 4349 1051 4404 et
1079 4340 1129 4411 in
1156 4339 1458 4393 numinibus
1483 4338 1793 4392 Abaddires.
1823 4339 1934 4392 Non
1953 4339 1973 4370 ⁸
2003 4347 2127 4408 puto

566 4442 667 4497 ego
693 4429 792 4482 ista
823 4429 913 4481 tibi
943 4442 1063 4480 cum
1093 4428 1352 4481 scriberes
1391 4428 1442 4494 in
1476 4429 1655 4489 animo
1685 4442 1787 4480 non
1811 4427 2001 4492 fuisse,
2034 4428 2128 4483 sed

565 4532 715 4571 more
751 4516 1098 4589 humanitatis
1115 4524 1170 4584 et
1201 4517 1397 4584 leporis
1426 4518 1520 4581 tui,
1546 4519 2001 4591 commonefacere
2031 4534 2128 4574 nos

563 4607 770 4678 voluisti
805 4607 870 4660 ad
900 4607 1238 4662 relaxandum
1267 4607 1519 4675 animum,
1548 4616 1740 4676 quanta
1768 4609 1817 4661 in
1845 4619 2011 4666 vestra
2033 4625 2126 4671 su-

565 4699 872 4767 perstitione
906 4697 1120 4754 ridenda
1155 4698 1279 4753 sint.
1319 4697 1498 4767 Neque
1523 4682 1672 4752 enim
1699 4714 1863 4768 usque
1891 4700 2021 4754 adeo
2052 4711 2128 4758 te:

564 4787 736 4858 ipsum
757 4788 989 4843 oblivisci
1002 4787 1281 4860 potuisses,
1303 4797 1359 4841 ut
1377 4787 1532 4856 homo
1553 4786 1681 4845 Afer
1699 4789 1932 4846 scribens
1945 4789 2087 4845 Afris
2106 4832 2122 4857 ,

562 4893 682 4931 cum
711 4877 872 4932 simus
892 4867 1099 4947 utrique
1129 4877 1181 4931 in
1213 4877 1387 4931 Africa
1415 4877 1703 4944 constituti,
1735 4878 1935 4952 Punica,
1954 4882 2124 4952 nomi-

563 4982 628 5021 na
655 4967 961 5036 exagitanda
990 4966 1336 5021 existimares.
1365 4966 1494 5020 Nam
1522 4967 1566 5022 si
1595 4983 1655 5022 ea
1686 4949 1935 5023 vocabula
1965 4945 2131 5041 inter;

566 5068 847 5126 prelemur,
873 5057 1197 5132 Namphanio
1216 5057 1338 5126 quid
1360 5058 1500 5112 aliud
1523 5059 1798 5134 signiﬁcat,
1824 5076 1977 5130 quam
1999 5063 2124 5133 boni

560 5150 711 5219 pedis
740 5148 1007 5206 hominem
1025 5191 1040 5215 ,
1074 5149 1126 5205 id
1159 5159 1242 5218 est
1266 5150 1414 5218 cujus
1435 5149 1695 5204 adventus
1723 5150 1904 5206 all‘crat
1928 5153 2125 5221 aliquid

561 5238 858 5305 fclicitatis;
889 5240 1028 5294 sicut
1050 5239 1284 5294 solemus
1307 5239 1501 5303 dicere,
1533 5239 1765 5296 secundo
1796 5240 1928 5308 pede
1956 5242 2122 5296 intro-

560 5327 688 5393 isse,
718 5327 870 5398 cujus
887 5328 1153 5383 introitum
1178 5327 1498 5398 prosperitas
1525 5327 1695 5397 aliqua
1723 5338 2003 5402 consecuta
2017 5329 2123 5396 sit?

559 5460 858 5570 autumnitas.
881 5461 1036 5518 tribus
1059 5460 1289 5516 maximus
1307 5459 1630 5524 Madaurensis
1651 5460 1956 5510 Grammatici
1984 5462 2122 5513 titulo

591 5529 960 5642 lphtrilms
981 5590 1104 5642 Mss,
1132 5580 1454 5642 Eucaddares.

623 5640 644 5671 ³
666 5640 898 5690 sil-(cuin.
918 5649 1035 5692 Ven.
1055 5640 1165 5692 Lov.
1188 5640 1367 5699 ferunt,
1393 5649 1525 5699 Nam,
1551 5653 1637 5700 pro
1659 5649 1775 5700 Non.
1837 5647 1892 5698 at.

563 5700 692 5770 “(.a)
713 5700 1072 5770 istiasuzqua
1103 5709 1266 5760 autem
1293 5695 1652 5762 l7'erat,'nunc
1681 5695 1968 5765 39.]Scrifta
1997 5703 2121 5762 circa

559 5759 691 5826 idem
710 5769 915 5827 temj‘aus.
981 5759 1016 5766 ’”
1128 5759 1131 5760 ⁷
1490 5759 1514 5820 ί

2222 482 2350 548 Qua:
2378 482 2548 551 lingua
2571 481 2614 534 si
2641 478 2966 549 improbatur
2987 477 3082 532 abs
3113 486 3180 543 te,
3214 493 3343 546 nega
3371 477 3578 533 Punicis
3608 479 3779 547 libris,

2224 581 2281 626 ut
2315 587 2347 632 a
2385 571 2511 625 viris
2536 569 2854 625 doctissimis
2878 569 3144 638 proditur,
3177 569 3339 638 multa
3370 570 3634 638 sapienter
3670 585 3783 626 esse

2186 727 2193 735 ἱ
2224 661 2470 726 mandata
2498 660 2786 716 memoriae.
2822 645 3081 714 Poiniteat
3109 668 3158 712 te
3177 668 3320 713 certe
3349 659 3419 712 ibi
3449 669 3626 714 natum
3646 701 3661 726 ,
3691 661 3781 716 ubi

2223 751 2378 821 hujus
2401 751 2591 821 lingua:
2620 751 2876 805 cunabula
2901 749 3151 804 recalent.
3185 748 3238 803 Si
3270 764 3394 804 vero
3423 758 3477 804 et
3499 764 3662 806 sonus
3688 768 3786 806 uo-

2223 841 2306 899 bis
2333 857 2436 897 non
2466 842 2848 911 rationabiliter
2871 841 3112 910 displicet
3131 883 3146 904 ,
3177 850 3232 895 et
3257 856 3340 895 me
3365 841 3499 896 bene
3525 843 3784 912 interpre-

2226 940 2390 987 tatum
2420 932 2544 986 illud
2577 932 2888 990 vocabulum
2913 931 3251 1001 recognoscis
3271 971 3288 998 ,
3316 930 3478 987 habes
3505 933 3642 1002 quod
3667 949 3786 997 suc-

2225 1035 2444 1077 censeas
2474 1021 2688 1091 Virgilio
2714 1031 2823 1086 tuo,
2852 1021 2940 1090 qui
2966 1020 3243 1074 Herculem
3270 1028 3501 1075 vestrum
3527 1021 3592 1075 ad
3613 1037 3784 1088 sacra,

2224 1126 2342 1182 qua:
2360 1112 2431 1166 illi
2453 1111 2519 1165 ab
2541 1111 2789 1165 Evandro
2807 1110 3160 1175 celebrantur,
3185 1110 3368 1164 invitat
3391 1109 3492 1166 hoc
3515 1111 3671 1167 modo
3697 1125 3714 1166 :

2253 1189 2256 1192 ’
2348 1208 2401 1250 Et
2417 1214 2504 1265 nos
2527 1210 2576 1252 et
2598 1209 2680 1260 tua
2699 1201 2874 1252 dexter
2895 1202 2971 1265 adi
2993 1201 3272 1265 pedesaa-a

2446 1264 2449 1270 ‘
2673 1291 2680 1293 μ
2921 1262 2926 1270 '
2993 1260 3009 1265 '
3040 1260 3410 1326 (reg/metu.
3442 1262 3607 1325 nu.)

2228 1361 2471 1417 Secundo
2500 1362 2633 1433 pede
2652 1370 2796 1432 optat
2814 1373 2871 1416 ut
2896 1365 3088 1418 veniat.
3119 1363 3257 1433 Ergo
3292 1363 3473 1417 venire
3513 1363 3790 1419 llerculcm

2228 1459 2374 1520 Optat
2401 1451 2872 1521 Namphamonem,
2904 1452 2969 1506 de
2990 1467 3094 1523 quo
3121 1461 3172 1506 tu
3203 1453 3422 1506 tuultum
3453 1453 3603 1508 nobis
3628 1453 3794 1513 insule,

2229 1552 2338 1615 tare
2363 1541 2614 1614 dignaris.
2655 1543 3028 1619 Verumtamen
3065 1545 3109 1598 si
3140 1544 3311 1600 ridere
3339 1544 3592 1610 delectat,
3628 1545 3794 1599 habes

2228 1633 2364 1704 apud
2391 1649 2485 1688 vos
2515 1649 2756 1705 magnam
2791 1636 3061 1690 materiam
3094 1635 3438 1698 facetiarum:
3466 1637 3620 1691 deum
3645 1636 3822 1712 Stet-5

2227 1725 2424 1778 cutium
2447 1765 2464 1791 ,
2489 1725 2641 1781 deam
2687 1723 2990 1781 Cloacinam
3010 1725 3322 1794 ,‘Venerem
3359 1725 3567 1780 Calvam
3592 1767 3605 1790 ,
3633 1725 3795 1780 deum

2231 1815 2500 1876 Timorem
2521 1858 2536 1881 ,
2563 1817 2721 1872 deum
2749 1817 3006 1873 Pallorem
3026 1858 3042 1883 ,
3068 1816 3218 1871 deam
3242 1816 3463 1872 Febrem
3482 1858 3498 1881 _.
3531 1828 3584 1872 ct
3601 1826 3796 1872 caetera

2231 1904 2629 1977 innumerabilia
2666 1906 3056 1972 hujuscemodi,
3098 1907 3288 1976 quibus
3336 1907 3555 1975 Romani
3594 1908 3798 1978 antith

2233 1995 2633 2050 simulacrorum
2680 1998 2908 2052 cultores
2952 1998 3144 2066 templa
3186 1996 3461 2062 fecerunt,
3498 2005 3550 2050 et
3574 1996 3797 2050 colenda

2231 2096 2547 2139 censuerunt
2577 2105 2590 2140 :
2620 2101 2736 2155 qute
2759 2087 2802 2141 si
2825 2087 3062 2156 negligis,
3094 2087 3360 2141 Romanos
3381 2086 3510 2141 deos
3536 2087 3797 2157 negligis;

2231 2189 2296 2227 ex
2339 2189 2445 2244 quo
2483 2175 2787 2244 intelligeris
2827 2190 2930 2230 non
2972 2175 3224 2230 Romanis
3261 2175 3494 2230 initiatus
3528 2175 3718 2250 sacris,
3749 2186 3807 2250 et

2233 2273 2408 2318 tamen
2440 2264 2635 2319 Punica
2667 2266 2877 2319 nomina
2904 2267 2944 2328 ί,
2977 2275 3222 2335 tanquam
3244 2267 3518 2320 numinum
3547 2267 3570 2299 ¹
3598 2265 3800 2320 Roma-

2232 2369 2418 2415 norum
2447 2355 2702 2409 altaribus
2726 2355 2975 2420 deditus,
3005 2356 3300 2410 contemnis
3325 2370 3387 2410 ac
3405 2354 3653 2426 despicis.

2300 2445 2354 2499 5.
2393 2443 2494 2499 Sed
2519 2444 2645 2498 mihi
2668 2445 2862 2507 videris
2888 2446 3103 2510 omnino
3138 2447 3252 2515 plus
3280 2461 3436 2516 quam
3460 2460 3554 2499 uos
3575 2441 3807 2511 fortasse

2231 2537 2318 2592 illa
2354 2553 2500 2591 sacra
2532 2538 2678 2592 nihili
2707 2538 2968 2614 pendere,
2999 2538 3091 2593 sed
3113 2554 3179 2594 ex
3212 2538 3289 2593 eis
3315 2538 3493 2592 nescio
3521 2553 3677 2607 quam
3716 2554 3803 2596 cu-

2232 2634 2379 2696 ptare
2396 2627 2460 2681 ad
2485 2627 2639 2695 hujus
2667 2628 2787 2682 vita:
2807 2629 3082 2681 transitum
3107 2627 3428 2697 voluptatem
3453 2644 3465 2679 :
3495 2627 3692 2697 quippe
3715 2626 3801 2696 qui

2232 2719 2389 2772 etiam
2420 2734 2522 2772 non
2543 2718 2863 2773 dubitaveris
2885 2718 2948 2772 ad
2969 2718 3232 2772 Maronem
3260 2717 3563 2789 confugere,
3587 2727 3642 2771 ut
3660 2702 3802 2781 seri;

2232 2806 2334 2874 bis,
2363 2817 2414 2862 et
2443 2808 2557 2877 ejus
2579 2823 2733 2862 versu
2759 2816 2809 2862 te
2831 2808 2987 2873 tueri,
3013 2821 3117 2875 quo
3141 2807 3214 2860 ait
3242 2823 3256 2859 :
3793 2819 3802 2826 '

2745 2909 2833 2962 sua
2855 2909 3097 2962 quemque
3122 2894 3356 2962 voluptas.

2775 2957 2777 2960 ‘
2809 2955 2916 3020 (Iit.
2947 2955 3136 3010 inim.
3162 2955 3259 3006 Ecl.
3284 2957 3370 3019 ὅ.)

2231 3061 2360 3116 Nam
2388 3061 2432 3115 si
2460 3061 2550 3115 tibi
2575 3060 2864 3115 auctoritas
2909 3060 3135 3114 Maronis
3162 3061 3361 3129 placet,
3406 3057 3544 3113 sicut
3585 3056 3804 3127 placere

2230 3151 2510 3223 significas,
2543 3151 2780 3220 proiecto,
2800 3152 2957 3205 etiam
2999 3151 3124 3204 illud
3157 3151 3327 3219 placet
3358 3165 3372 3200 :

2353 3242 2534 3290 Primus
2554 3241 2615 3304 ab
2637 3241 2856 3304 aethereo
2880 3241 3011 3304 venit
3033 3246 3260 3304 Saturnus
3280 3239 3492 3304 olympo,

2355 3309 2493 3351 Arma
2513 3303 2644 3352 Jovis
2665 3299 2877 3365 fugiens,
2901 3309 2952 3351 et
2971 3298 3138 3365 regnis
3160 3298 3298 3365 exsul
3321 3298 3571 3365 ademptis.

2979 3359 3090 3424 (Iit.
3118 3359 3298 3412 (limiti.
3331 3368 3458 3407 rm.

2239 3470 2294 3534 et
2318 3472 2528 3529 (uetera,
2547 3463 2735 3532 quibus
2753 3479 2868 3516 cum
2893 3472 3047 3532 atque
3068 3461 3427 3532 hujuscemodi
3448 3461 3577 3516 deos.
3595 3470 3804 3515 vestros

2231 3553 2342 3607 vult
2372 3554 2584 3620 intelligi
2617 3554 2856 3606 homines
2895 3551 3074 3606 fuisse.
3101 3552 3323 3621 Legerat
3354 3551 3491 3606 enim
3531 3550 3617 3603 ille
3659 3551 3801 3602 mul-

2233 3650 2336 3695 tam
2367 3641 2388 3672 ³
2425 3641 2695 3706 historiam
2719 3649 2918 3694 vetusta
2949 3641 3258 3701 auctoritate
3283 3640 3598 3700 roboratam,
3631 3654 3794 3708 quam

2231 3732 2389 3787 etiam
2430 3731 2630 3785 Tullius
2662 3732 2891 3800 legerat,
2918 3733 3004 3799 qui
3045 3732 3144 3783 hoc
3173 3729 3309 3784 idem
3340 3730 3394 3791 in
3431 3728 3649 3799 dialogis
3681 3730 3819 3796 plus.

2231 3836 2387 3892 quam
2416 3821 2680 3890 postulare
2707 3820 3017 3874 auderemus
3047 3827 3460 3884 couunemorat,
3507 3828 3558 3871 et
3595 3818 3802 3888 perdu-

2230 3927 2350 3966 cere
2388 3912 2437 3965 iu
2485 3911 2751 3964 hominum
2795 3911 3031 3968 notitiam
3059 3950 3075 3976 ,
3106 3919 3363 3980 quantum
3419 3909 3506 3961 illa
3558 3918 3800 3977 tempora

2233 4000 2585 4070 patiebantur,
2609 3999 2843 4053 molitur.

2300 4091 2354 4143 4.
2393 4088 2542 4156 Quod
2567 4100 2739 4152 autem
2766 4089 2900 4143 dicis
2928 4131 2941 4150 ,
2970 4103 3034 4142 co
3062 4089 3254 4144 nostris
3280 4095 3450 4140 vestra
3478 4102 3621 4140 sacra
3657 4102 3801 4156 pra!-

2232 4180 2375 4248 poni,
2404 4177 2540 4248 quod
2571 4193 2664 4232 vos
2691 4178 2892 4253 publice
2920 4178 3090 4254 colitis
3109 4178 3256 4242 deos,
3299 4194 3392 4231 nos
3407 4187 3579 4230 autem
3613 4192 3800 4233 secre-

2232 4272 2450 4326 tioribus
2465 4271 2841 4326 convcnticulis
2859 4271 3078 4323 utimur:
3100 4272 3265 4338 primo
3279 4271 3402 4324 illud
3416 4271 3510 4326 abs
3525 4279 3793 4340 teqtta'ro,

2231 4361 2495 4432 quomodo
2520 4363 2713 4416 oblitus
2742 4363 2815 4416 sis
2839 4361 3084 4437 Liberum
3117 4361 3257 4414 illum
3278 4402 3296 4435 ,ζ
3324 4377 3476 4430 quem
3509 4376 3799 4429 paucorum

2231 4463 2556 4524 sacratorum
2596 4437 2763 4507 oculis
2789 4450 3222 4505 committendum
3267 4451 3475 4518 putatis.
3509 4450 3708 4505 Deinde
3744 4461 3800 4506 tu

2229 4545 2346 4610 ipsc
2366 4542 2568 4611 judicas
2596 4543 2720 4596 nihil
2751 4542 2896 4611 aliud,
2921 4551 2968 4596 te
2989 4558 3143 4611 agere
3163 4542 3388 4596 voluisse
3410 4585 3423 4609 ,
3452 4557 3570 4598 cum
3615 4542 3796 4627 publi-

2230 4649 2345 4689 cam
2387 4650 2654 4694 sacrorum
2685 4646 2978 4689 vestrorum
3019 4635 3433 4702 celebrationem
3472 4650 3800 4688 commemo-

2230 4739 2409 4787 rares,
2455 4723 2553 4776 nisi
2583 4733 2638 4776 ut
2667 4724 2816 4777 nobis
2846 4723 3156 4777 decuriones
3199 4733 3251 4777 et
3280 4723 3531 4792 priumtes
3569 4724 3799 4778 civitatis

2230 4830 2324 4884 per
2350 4815 2547 4885 plateas
2577 4825 2762 4869 vestrm
2801 4814 2950 4869 urbis
2974 4814 3286 4883 bacchantes
3305 4829 3366 4868 ac
3396 4813 3644 4876 lurcntcs,
3669 4825 3797 4870 ante

2229 4906 2575 4974 oculosquasi
2598 4907 2891 4973 spectacula
2912 4920 3256 4973 poneremus:
3273 4906 3322 4959 in
3344 4919 3442 4973 qua
3465 4903 3793 4972 celebritate,

2229 4996 2272 5064 si
2300 4996 2514 5058 numine
2543 4996 2902 5049 inhabitamini
2931 5035 2953 5070 ,ι
2976 5003 3120 5048 certe
3159 4995 3345 5048 videtis
3368 4994 3520 5064 quale
3557 4993 3680 5057 illud
3725 4995 3797 5047 sit

2228 5084 2370 5155 quod
2395 5085 2577 5146 adimit
2602 5094 2849 5137 mentem.
2874 5084 2928 5136 Si
2956 5093 3130 5137 autem
3159 5083 3348 5153 ﬁngitis
3371 5100 3531 5152 ;.quu-
3552 5091 3674 5136 sunt
3693 5082 3795 5147 ἱειῆ

2228 5176 2385 5229 etiam
2411 5174 2462 5228 in
2490 5174 2698 5242 publico
2718 5182 2886 5226 vestra
2914 5185 3146 5238 secreta,
3181 5175 3260 5228 vel
3289 5189 3393 5243 quo
3425 5175 3646 5243 pertinet
3685 5184 3792 5240 tam
3835 5235 3841 5242 I

2229 5276 2380 5334 turpe
2407 5263 2772 5332 mendacium?
2801 5263 2996 5320 deinde
3024 5282 3117 5320 cur
3136 5266 3275 5318 nulla
3307 5265 3471 5318 futura
3493 5264 3678 5318 canitis
3702 5304 3717 5329 ,
3744 5264 3796 5324 si

2225 5367 2372 5412 vates
2398 5356 2571 5420 estisi.
2595 5365 2686 5426 aut
2723 5371 2820 5422 cur
2851 5358 3090 5429 spoliatis
3126 5358 3557 5428 circumstantes,
3590 5355 3635 5410 si
3672 5354 3792 5414 salii

2225 5448 2356 5508 estis
2381 5446 2406 5500 ?

2289 5583 2304 5646 ξ
2330 5588 2458 5646 ων..
2480 5580 2691 5643 turmine,
2713 5583 2799 5646 sed
2820 5582 2998 5646 melius
3018 5591 3142 5644 Mss,
3163 5595 3368 5646 nomina.

2288 5644 2309 5717 ἶ
2330 5644 2402 5717 ἓίθ
2418 5650 2528 5716 9⁸⁵⁵⁸
2551 5652 2660 5717 ρεξο
2678 5642 2962 5717 [πίτῐιέιίιηῖς

2289 5703 2310 5734 ³
2332 5710 2398 5766 [ιιι
2415 5705 2466 5755 in
2485 5702 2773 5766 quindecim,
2788 5714 2891 5754 Mss.
2913 5702 2964 5755 et
2985 5704 3389 5766 inantiquioribus
3410 5702 3713 5752 cditionibus.
3736 5707 3790 5759 Αι

2231 5777 2274 5826 ει
2290 5765 2355 5814 ud
2376 5762 2484 5816 Iov.
2504 5762 2734 5828 habetur,
2760 5765 2935 5829 legerat
2957 5762 3204 5817 Euhemcri
3224 5762 3483 5815 historiam.
