4044 6338
227 331 294 391 85
896 327 902 334 ’
1423 331 1746 390 EPISTULA
1756 328 1823 386 lll

1941 329 2215 392 CLASSIS
2257 336 2297 390 1.
3463 353 3534 411 86

299 445 350 500 5.
391 444 528 500 Cum
557 444 734 516 igitur
772 447 889 502 lucc
927 462 1023 502 nos
1062 457 1113 502 ct
1140 447 1270 512 alia,
1303 463 1420 517 qua:
1451 463 1590 500 nunc
1621 455 1834 516 praeter-

237 535 482 593 mittenda
509 537 779 591 existimo
797 581 811 602 ,
849 555 942 608 per
967 539 1244 608 epistolam
1275 550 1412 594 tuam
1437 538 1626 594 feceris
1655 554 1833 594 recor-

241 629 369 692 dari,
398 627 525 698 quid
561 645 664 682 nos
693 645 805 685 non
830 630 1168 685 derideamus
1194 631 1323 686 deos
1345 642 1568 696 vestros,
1590 645 1723 701 quos
1738 630 1833 685 abs

247 729 292 773 te
315 718 426 789 ipso
460 718 740 773 subtiliter
776 720 1003 775 derideri
1041 738 1197 775 nemo
1227 738 1329 776 non
1361 722 1626 792 intelligit,
1650 721 1737 790 qui
1777 736 1833 777 et.

246 811 503 879 ingenium
530 821 684 864 tuum
721 813 901 876 novit,
922 821 979 866 et
1000 812 1121 883 legit
1145 814 1348 884 litteras
1373 823 1490 868 tuas
1521 813 1542 866 Ῥ
1575 812 1754 886 Itaque
1786 814 1830 867 si

241 898 426 969 aliquid
458 900 601 954 inter
633 916 734 954 nos
765 901 849 956 his
875 901 942 957 de
965 903 1124 958 rebus
1152 904 1230 957 vis
1259 919 1496 974 agamus,
1526 903 1668 975 quod
1691 903 1828 957 tutati

244 1004 338 1047 tua:
379 991 798 1064 prudentimque
828 996 1097 1066 congruit,
1129 996 1267 1066 quod
1296 996 1524 1065 denique
1551 996 1618 1050 de
1648 1006 1831 1051 nostro

241 1084 505 1152 proposito
542 1084 669 1153 jure
713 1101 742 1138 a
792 1085 1118 1140 charissimis
1149 1087 1344 1141 nostris
1382 1085 1606 1158 flagitari
1632 1097 1824 1158 potest,

237 1192 408 1247 qnmre
438 1177 643 1247 aliquid
683 1188 865 1234 nostra
896 1179 1224 1234 discussione
1244 1181 1459 1250 dignum
1494 1199 1508 1236 :
1546 1191 1599 1236 et
1639 1197 1698 1235 ea
1729 1197 1826 1252 pro

238 1270 426 1324 vestris
450 1270 766 1325 numinibus
790 1286 914 1327 cura
940 1271 1116 1326 dicere
1137 1315 1151 1338 ,
1177 1273 1227 1326 in
1256 1273 1446 1343 quibus
1472 1291 1574 1326 non
1615 1283 1828 1332 tc.caue

240 1374 308 1417 δερ
347 1361 824 1428 praevaricatorem
853 1372 1114 1432 putemus,
1143 1379 1248 1434 quo
1272 1380 1367 1418 nos
1395 1366 1558 1436 magis
1592 1380 1828 1420 commo-

239 1464 358 1505 neas
383 1467 508 1520 quae
533 1463 724 1508 contra
757 1454 876 1508 illos
901 1455 1004 1509 dici
1040 1465 1258 1525 possunt
1276 1496 1292 1521 ,
1320 1471 1477 1525 quam
1508 1471 1604 1528 pro
1633 1457 1709 1512 eis
1733 1458 1829 1512 ali-

236 1544 352 1613 quid
375 1544 550 1599 dicas.
587 1545 668 1600 Ad
710 1561 972 1601 summam
1019 1555 1192 1601 tamen
1211 1589 1224 1611 ,
1251 1563 1318 1602 ne
1347 1557 1398 1602 te
1429 1547 1528 1603 hoc
1555 1549 1745 1616 lateat,
1773 1558 1828 1605 et

237 1637 285 1689 in
329 1636 595 1706 sacrilega
632 1637 871 1692 convicia
913 1639 1300 1708 imprudentem
1351 1639 1552 1707 trahat,
1606 1641 1743 1695 scias
1794 1656 1825 1696 a

237 1729 556 1784 Christianis
586 1729 884 1799 catholicis,
913 1747 1136 1802 quorum
1156 1731 1208 1786 in
1236 1741 1412 1788 vestro
1437 1734 1630 1804 Oppido
1664 1735 1823 1794 etiam

233 1822 455 1877 ecclesia
488 1823 780 1878 constituta
807 1831 910 1888 est,
942 1825 1142 1880 nullum
1171 1825 1274 1880 coli
1306 1836 1632 1881 mortuorum
1651 1868 1665 1892 ,
1694 1825 1824 1880 nihil

233 1911 459 1981 denique
483 1921 539 1966 ut
565 1928 762 1967 nmnen
792 1913 1001 1968 adorari
1026 1955 1041 1980 ,
1069 1915 1208 1984 quod
1240 1915 1309 1969 sit
1336 1914 1530 1970 factum
1558 1925 1611 1970 et
1638 1915 1826 1972 condi-

236 2012 340 2056 tum
367 2018 399 2056 a
429 2004 564 2071 Deo,
589 2004 684 2060 sed
713 2021 874 2060 unum
899 2006 1068 2075 ipsum
1103 2007 1265 2064 Deum
1285 2009 1372 2077 qui
1409 2009 1530 2063 fecit
1555 2018 1608 2064 et
1641 2010 1825 2064 condi-

233 2092 308 2146 dit
332 2096 534 2152 omnia.
579 2096 916 2152 Disserentur
945 2099 1039 2154 ista
1083 2100 1257 2165 latius,
1305 2101 1420 2172 ipso
1454 2117 1581 2156 vero
1623 2112 1675 2157 et
1719 2119 1825 2158 uno

234 2187 349 2240 Deo
389 2187 688 2258 adjuvante,
727 2205 848 2244 cum
891 2201 940 2244 te
977 2193 1207 2261 graviter
1247 2207 1406 2264 agere
1452 2194 1587 2249 velle
1630 2209 1826 2266 cogno—

235 2292 387 2338 YCI‘O.

682 2394 1011 2452 EPISTOLA
1053 2397 1216 2453 xvnt
1241 2405 1255 2423 -
1281 2400 1378 2472 (α).

484 2506 808 2564 Natumrum
833 2530 989 2583 genus
1002 2514 1184 2584 triplex
1201 2515 1572 2587 perstringitur.

687 2639 1009 2680 Διιουετικυε
1046 2641 1372 2682 ωειεετικο.

307 2732 354 2783 1.
397 2731 444 2786 0
482 2733 687 2786 utinam
716 2749 926 2803 possem
955 2737 1166 2791 assidue
1194 2738 1284 2791 tibi
1303 2739 1498 2808 aliquid
1516 2739 1693 2794 dicere
1722 2740 1735 2793 l
1767 2739 1824 2794 ld

242 2833 406 2878 autem
456 2825 666 2894 aliquid,
695 2836 808 2892 est,
845 2837 901 2882 ut
928 2829 1069 2882 euris
1103 2845 1422 2884 exueremur
1452 2830 1695 2885 inanibus
1724 2873 1738 2896 ,
1770 2840 1825 2885 et

242 2919 374 2970 curis
408 2916 761 2973 inducremur
786 2919 1017 2974 utilibus.
1054 2921 1182 2976 Nam
1211 2921 1277 2976 de
1315 2923 1598 2977 securitate
1643 2925 1823 2979 nescio

242 3018 406 3063 utrum
433 3011 726 3081 quidquam
760 3013 810 3066 in
851 3013 951 3069 hoc
977 3014 1172 3069 mundo
1204 3015 1520 3084 sperandum
1567 3015 1651 3070 sit.
1680 3015 1822 3071 Scri—

244 3107 333 3172 psi,
351 3120 450 3160 nec
469 3105 646 3175 recepi
663 3107 766 3160 ulla
786 3108 1058 3176 rescripta.
1081 3107 1196 3162 Misi
1214 3108 1492 3166 adversum
1506 3107 1822 3164 Maniclucos

242 3193 394 3248 libros
415 3239 428 3256 ,
455 3210 593 3264 quos
624 3208 837 3264 paratos
865 3207 917 3252 ct
940 3198 1248 3253 emendatos
1283 3199 1492 3258 mittere
1520 3200 1696 3269 potui,
1725 3214 1823 3255 nec

241 3284 519 3354 quidquam
549 3303 615 3341 ex
659 3287 761 3342 illis
799 3287 980 3357 judicii
1010 3299 1288 3360 motusque
1318 3291 1484 3345 nostri
1517 3301 1698 3344 notum
1725 3291 1823 3345 mi-

243 3375 288 3426 hi
313 3375 504 3430 factum
539 3387 642 3431 est.
672 3377 821 3434 Nunc
848 3395 942 3434 eos
968 3390 1206 3450 repetere
1233 3381 1340 3450 jam
1371 3398 1456 3436 me
1479 3423 1494 3448 ,
1522 3398 1616 3436 vos
1644 3392 1820 3438 autem

244 3469 518 3524 restituere
560 3471 830 3525 convenit.
865 3472 996 3527 Peto
1030 3475 1205 3544 itaque
1233 3489 1299 3528 ne
1333 3474 1587 3531 ditTeratis
1613 3491 1706 3530 eos
1734 3492 1820 3530 rc-

243 3558 447 3612 mittere
485 3576 609 3614 cum
653 3562 945 3630 rescriptis,
977 3564 1170 3633 quibus
1200 3581 1357 3622 nosse
1395 3568 1550 3636 cupio
1596 3567 1716 3636 quid
1755 3568 1822 3623 de

243 3648 338 3702 illis
361 3650 571 3720 geritis,
602 3653 685 3707 vel
723 3653 899 3709 adhuc
940 3655 1005 3708 ad
1048 3656 1190 3709 illum
1223 3672 1457 3711 errorem
1511 3674 1822 3730 expugnan-

240 3737 357 3794 dum
386 3742 514 3809 quid
540 3753 826 3798 armatura:
848 3745 994 3799 vobis
1023 3762 1154 3814 opus
1185 3761 1304 3802 esse
1332 3747 1682 3802 arbitremini.

303 3837 358 3890 2.
404 3839 550 3890 Sane
600 3836 848 3904 qmnizun
899 3846 949 3890 te
991 3837 1145 3898 novi,
1192 3840 1371 3908 accipe
1423 3839 1523 3895 hoc
1573 3841 1821 3911 quiddgun

239 3930 433 4000 grande
463 3939 517 3984 et
545 3929 728 3984 breve.
755 3929 845 3982 Est
878 3937 1059 3983 natura
1085 3946 1177 3998 per
1203 3917 1348 3985 locos
1368 3941 1420 3986 et
1441 3940 1674 4002 tempora
1703 3951 1819 3988 mu-

240 4022 428 4086 tabilis,
462 4033 517 4074 ιιι
538 4035 754 4089 corpus.
780 4019 842 4072 Et
865 4028 944 4073 est
974 4030 1158 4074 natura
1193 4037 1285 4090 per
1307 4021 1452 4076 locos
1473 4024 1615 4077 nttllo
1639 4025 1819 4093 modo,

238 4117 324 4170 sed
371 4124 580 4170 tantum
630 4129 726 4183 per
782 4123 1016 4181 tempora
1067 4115 1224 4167 etiam
1273 4114 1382 4184 ipsa
1431 4117 1717 4181 mutabilis,
1767 4126 1830 4172 ut.

238 4209 428 4264 anima.
465 4206 529 4261 Et
555 4216 639 4260 cst
666 4214 850 4258 natura
876 4221 1000 4274 qua:
1014 4220 1109 4259 nec
1135 4221 1228 4274 per
1251 4205 1414 4269 locos,
1439 4222 1536 4261 nec
1567 4223 1661 4278 per
1684 4215 1821 4262 tem-

239 4314 359 4368 pora
387 4298 585 4352 mutari
610 4303 812 4365 potest;
841 4295 939 4348 hoc
973 4295 1111 4348 Deus
1132 4304 1230 4349 est.
1263 4295 1414 4362 Quod
1443 4296 1528 4351 hic
1562 4298 1821 4353 insinuavi

236 4406 446 4460 quoquo
489 4389 652 4443 modo
681 4388 950 4452 mutabile,
989 4397 1230 4444 creatura
1259 4388 1482 4454 dicitur;
1531 4390 1669 4461 quod
1715 4393 1819 4448 im-

237 4481 512 4547 mutabile,
544 4478 788 4534 Creator.
823 4478 952 4533 Cum
983 4488 1158 4534 autem
1190 4494 1349 4535 omne
1374 4480 1513 4549 quod
1554 4497 1671 4537 esse
1697 4481 1822 4536 dici-

237 4591 368 4638 mus,
390 4575 445 4628 in
463 4581 718 4644 quantum
739 4581 918 4626 manet
939 4571 1197 4636 dicamus,
1219 4582 1274 4628 et
1303 4573 1352 4626 in
1373 4584 1625 4643 quantum
1655 4592 1819 4631 unum

237 4678 332 4730 est,
362 4665 543 4721 omnis
571 4679 734 4734 porro
764 4663 1174 4734 pulchritudinis
1205 4663 1370 4718 forma
1404 4667 1574 4720 unitas
1598 4667 1667 4722 sit
1695 4685 1707 4720 :
1739 4667 1818 4729 vie

237 4758 325 4814 des
363 4758 610 4830 profecto
666 4756 717 4810 in
764 4757 863 4810 ista
911 4755 1279 4811 distributione
1329 4765 1652 4820 naturarum,
1695 4759 1820 4828 quid

238 4865 441 4905 summe
481 4850 571 4913 sit,
615 4846 739 4918 quid
783 4848 979 4911 intime,
1025 4856 1080 4901 et
1115 4856 1287 4901 tatnen
1323 4847 1425 4911 sit;
1469 4849 1592 4918 quid
1625 4849 1818 4917 medie,

237 4941 511 5011 majusque
537 4940 743 5006 intimo,
772 4947 826 4992 et
845 4939 1019 4994 minus
1045 4955 1254 4994 sununo
1275 4939 1361 4992 sit.
1387 4939 1663 4994 Summum
1693 4941 1821 4996 illud

199 5037 213 5123 ξ
238 5041 315 5086 est
342 5033 456 5102 ipsa
479 5031 706 5087 beatitas
731 5047 744 5084 :
775 5030 1032 5096 intimum,
1057 5031 1196 5101 quod
1224 5047 1319 5086 nec
1345 5031 1555 5087 beatum
1584 5049 1703 5087 esse
1726 5050 1822 5102 pn-

240 5133 356 5186 test,
385 5138 487 5178 nec
519 5124 774 5177 miserum
804 5141 816 5176 :
843 5122 982 5192 quod
1009 5137 1133 5177 vero
1159 5122 1414 5187 medium,
1443 5125 1568 5178 vivit
1596 5125 1818 5183 inclina-

238 5210 377 5268 tione
406 5213 472 5268 ad
505 5213 773 5278 infimum,
802 5213 1029 5276 misere;
1061 5214 1407 5268 conversione
1431 5214 1495 5267 ad
1529 5229 1817 5282 smumum,

237 5301 388 5360 beate
426 5304 573 5358 vivit.
604 5303 705 5370 Qui
747 5303 961 5358 Christo
1002 5303 1191 5369 credit,
1215 5321 1316 5360 non
1347 5305 1518 5377 diligit
1557 5307 1815 5374 intimum,

238 5409 339 5448 non
362 5395 599 5466 superbit
624 5395 676 5449 in
711 5393 906 5461 medio,
935 5403 1092 5466 atque
1130 5396 1200 5450 ita
1232 5410 1442 5452 summo
1470 5398 1730 5455 inlizcrcre
1759 5400 1819 5455 tit

294 5569 313 5586 '
337 5568 398 5618 Ad
415 5582 462 5618 a.
479 5565 549 5643 bl.
572 5569 657 5643 ch.
763 5580 924 5643 3.3g.
948 5570 1024 5643 sb.
1043 5571 1224 5643 ιιι-,δνἶ
1245 5584 1294 5640 n.
1313 5584 1388 5622 vc.
1416 5571 1541 5622 duos
1560 5579 1599 5624 t.
1625 5581 1678 5626 et
1697 5573 1820 5627 duos

237 5641 278 5677 τ.
305 5643 328 5677 ι·
481 5632 548 5680 ita
572 5638 674 5690 est,
701 5637 754 5679 et
775 5630 835 5678 ad
858 5630 956 5680 Am.
981 5631 1088 5682 Bad.
1115 5630 1187 5680 Er.
1211 5635 1321 5682 Iov.

294 5644 508 5742 (αίῖαἰῗῖέε
526 5693 593 5742 εδ
618 5707 630 5741 :
663 5704 780 5742 una!
803 5698 965 5742 autem
989 5694 1049 5742 18
1071 5701 1174 5742 erat
1189 5729 1205 5742 .
1229 5708 1357 5742 nunc
1376 5694 1453 5742 8t.
1479 5698 1604 5742 Serti:

294 5691 362 5753 (α)
385 5691 508 5743 Alias
526 5693 593 5743 εδ
618 5707 630 5741 :
663 5704 780 5753 quae
803 5698 965 5744 autem
989 5694 1049 5746 18
1071 5701 1174 5744 erat
1189 5729 1205 5748 .
1229 5708 1357 5744 nunc
1376 5694 1453 5745 8t.
1479 5698 1655 5753 Scripta
1693 5697 1817 5752 forte

233 5763 347 5804 eam
366 5755 494 5808 idem
517 5763 737 5820 tempus.
759 5815 763 5818 .

1948 444 2206 505 idoneus:
2231 461 2288 506 et
2315 451 2418 508 hoc
2455 464 2537 512 est
2571 465 2736 514 totum
2765 461 2902 530 quod
2931 477 3090 534 agere
3109 463 3382 536 jubemur,
3413 483 3532 524 mo-

1946 552 2156 610 nemur,
2187 546 2546 602 accendimur.

2408 680 2736 740 EPISTULA
2777 687 2899 742 XIX
2915 692 2931 711 ⁹
2969 687 3065 761 (tt).

1946 783 2094 851 Gaio,
2138 804 2284 857 quem
2317 792 2444 861 forte
2479 792 2817 864 disputatione
2851 810 3071 855 traxi-rat
3111 804 3180 857 ad
3221 805 3518 874 Ecclesium,

2014 879 2164 934 mittit
2189 897 2306 934 suos
2332 882 2484 938 libros
2515 884 2766 957 legendas,
2793 891 3068 948 att/tortam
3097 904 3152 948 ut
3171 909 3442 966 perseveret
3471 899 3522 952 ir

2015 968 2143 1025 bono
2171 974 2447 1044 proposito.

2466 1093 2619 1148 csto’
2662 1110 2998 1153 Αυευετικυε.

2016 1198 2064 1264 1,
2110 1198 2176 1256 Ut
2205 1200 2298 1256 abs
2343 1211 2394 1258 te
2437 1203 2812 1274 abscessimns,
2853 1210 2956 1266 dici
2985 1229 3090 1266 non
3125 1224 3296 1283 potest
3325 1229 3523 1287 quanta

1939 1291 2198 1347 suavitate
2229 1308 2327 1348 nos
2353 1296 2639 1364 perfuderit
2667 1303 2959 1357 recordatio
2990 1305 3083 1369 tui,
3125 1321 3188 1362 ac
3217 1323 3360 1378 saepe
3399 1325 3523 1380 per-

1939 1380 2141 1438 fundat.
2173 1384 2474 1444 Recolimtts
2498 1389 2638 1452 enini
2667 1391 2858 1448 ardore
2881 1394 3234 1466 inquisitionis
3255 1410 3377 1465 tute,
3400 1417 3520 1456 cum

1939 1487 2079 1538 esset
2126 1479 2402 1549 mirabilis,
2446 1499 2550 1538 non
2599 1483 2761 1541 fuisse
2805 1491 3160 1556 perturbatam
3207 1493 3520 1550 modestiam

1938 1566 2261 1637 disputandi.
2287 1571 2416 1626 Nam
2445 1589 2614 1644 neque
2640 1573 2945 1647 ﬂagrantius
2976 1591 3394 1649 percontantetn,
3426 1601 3521 1639 ne-

1937 1674 2041 1728 que
2063 1662 2390 1734 tranquillius
2417 1665 2743 1732 audientem,
2771 1683 3089 1740 quemquam
3122 1670 3274 1726 facile
3301 1671 3520 1730 iuvene-

1937 1749 2057 1802 rim.
2094 1751 2292 1807 Vellem
2323 1755 2500 1825 itaque
2546 1766 2719 1812 tecum
2762 1759 2988 1814 multum
3017 1762 3201 1832 loqui:
3233 1779 3336 1818 non
3378 1765 3520 1820 enim

1936 1841 2160 1896 multum
2187 1853 2348 1908 esset,
2373 1855 2857 1919 quantumcumque
2877 1860 3039 1918 esset,
3063 1851 3108 1906 si
3137 1861 3311 1907 tecmu
3342 1855 3524 1924 loque-

1935 1945 2040 1986 rer.
2070 1932 2172 1987 Sed
2201 1935 2319 2004 quia
2345 1935 2561 1992 diftieile
2585 1946 2688 2003 est,
2724 1939 2848 2009 quid
2885 1955 3020 2010 opus
3045 1951 3126 1996 est
3164 1958 3353 1997 causas
3377 1959 3522 2013 qua:-

1936 2025 2089 2079 rere?
2113 2025 2334 2081 Prorsus
2363 2027 2576 2084 difficile
2603 2039 2684 2084 est
2712 2048 2724 2084 :
2748 2032 2846 2085 erit
2878 2031 3105 2088 fortasse
3133 2035 3418 2103 aliquando
3446 2035 3523 2089 fa-

1935 2115 2222 2180 cillimum;
2255 2117 2322 2171 ita
2349 2118 2486 2172 Deus
2519 2121 2688 2175 velit:
2717 2136 2857 2177 nunc
2896 2132 3043 2178 certe
3082 2124 3222 2178 aliud
3251 2133 3352 2179 est.
3388 2125 3519 2180 Dedi

1934 2223 2062 2278 ergo
2093 2211 2357 2280 negotium
2386 2211 2554 2276 fratri,
2588 2228 2682 2282 per
2705 2229 2860 2284 quem
2899 2215 3103 2270 litteras
3136 2217 3278 2283 misi,
3311 2225 3368 2271 ut
3397 2232 3518 2271 om-

1934 2300 2021 2354 nia
2063 2311 2238 2356 nostra
2273 2301 2490 2372 legenda
2526 2305 2759 2373 pra-beat
2797 2307 3223 2376 prudentissima:
3262 2308 3520 2364 Charitati

1935 2401 2058 2449 tum.
2090 2393 2205 2448 Non
2245 2395 2386 2458 enim
2415 2397 2610 2466 aliquid
2645 2413 2819 2453 meum
2848 2400 3130 2455 inculcabit
3168 2401 3362 2466 invito;
3397 2403 3520 2457 novi

1935 2483 2074 2538 enim
2107 2484 2231 2553 quid
2260 2485 2596 2555 benignitatis
2628 2487 2679 2543 in
2724 2503 2821 2543 nos
2847 2491 3026 2545 animo
3058 2506 3246 2561 geras;
3277 2507 3398 2562 qua:
3437 2501 3518 2546 ta-

1934 2591 2056 2630 men
2101 2577 2143 2630 si
2187 2577 2321 2632 leeta
2364 2580 2688 2648 probaveris,
2727 2591 2780 2636 et
2817 2597 2939 2637 vera
2983 2583 3294 2653 pervideris,
3337 2595 3519 2640 nostra

1933 2679 2054 2721 esse
2081 2683 2186 2726 non
2220 2677 2392 2737 putes,
2425 2671 2521 2724 nisi
2544 2672 2664 2740 quia
2693 2672 2813 2727 data
2844 2682 2982 2739 sunt,
3014 2689 3181 2744 coque
3212 2683 3264 2730 te
3289 2691 3517 2730 conver—

1934 2765 2015 2812 tas
2046 2759 2188 2826 licet,
2223 2760 2362 2816 unde
2395 2763 2484 2816 tibi
2509 2779 2718 2833 quoqttc
2749 2773 2831 2819 cst
2860 2774 2916 2820 ut
2936 2781 2995 2820 ea
3030 2766 3282 2836 probares
3311 2767 3513 2822 datum.

1932 2849 2100 2904 Nemo
2135 2853 2276 2906 enim
2316 2854 2454 2923 quod
2488 2854 2631 2924 legit,
2679 2856 2731 2910 in
2772 2857 2958 2912 codice
2987 2858 3100 2924 ipso
3139 2860 3309 2914 cernit
3334 2877 3516 2914 verum

1934 2956 2074 3007 esse,
2117 2944 2288 2998 autin
2335 2960 2400 2999 eo
2443 2947 2530 3015 qui
2567 2947 2874 3016 scripserit;
2920 2949 3012 3003 sed
3054 2949 3106 3004 in
3144 2964 3203 3004 se
3228 2954 3422 3021 potius,
3471 2955 3514 3007 si

1933 3031 2048 3099 ejus
2077 3035 2239 3088 menti
2267 3035 2530 3104 quoddam
2563 3052 2665 3089 non
2695 3038 2981 3106 vulgariter
3007 3039 3308 3105 candidum,
3355 3041 3447 3095 sed
3484 3058 3514 3095 a

1933 3125 2062 3178 faece
2081 3126 2320 3193 corporis
2367 3128 2776 3180 retuotissinuuu
2810 3128 2983 3181 lumen
3022 3129 3256 3184 veritatis
3287 3131 3514 3200 impres-

1931 3229 2048 3268 sum
2071 3225 2170 3267 est.
2195 3215 2347 3281 Quod
2375 3217 2416 3270 si
2446 3217 2573 3271 falsa
2605 3219 2776 3288 aliqua
2806 3230 2962 3290 atque
2994 3220 3335 3290 improbanda
3364 3239 3513 3276 eom-

1933 3304 2155 3373 pcreris,
2189 3307 2253 3360 de
2289 3306 2522 3361 humano
2567 3311 2748 3364 nubilo
2781 3311 3001 3367 irvbrata
3032 3314 3188 3376 scias,
3220 3323 3272 3368 et
3299 3330 3358 3368 ea
3391 3331 3515 3370 vere

1932 3403 2112 3449 nostra
2156 3412 2275 3452 esse
2309 3397 2551 3469 deputes.
2587 3400 2840 3455 llortarer
2868 3413 3045 3458 autem
3091 3413 3141 3459 te
3173 3405 3238 3460 ad
3267 3421 3514 3476 quzeren-

1929 3486 2076 3551 dum,
2125 3489 2225 3545 nisi
2265 3491 2445 3545 videre
2490 3494 2618 3547 milu
2667 3494 2875 3548 viderer
2909 3495 3108 3552 hiantia
3148 3499 3387 3569 quiedam
3420 3515 3514 3555 ora

1931 3578 2107 3633 cordis
2141 3581 2248 3645 tui;
2280 3580 2524 3638 hortarer
2547 3583 2807 3651 etiam,.ut
2834 3586 2972 3656 quod
3000 3603 3180 3642 verum
3203 3593 3512 3661 cognoveris

1931 3669 2154 3726 viriliter
2179 3681 2379 3737 teneas,
2410 3675 2509 3728 nisi
2537 3691 2640 3743 pra:
2671 3685 2721 3730 te
2752 3675 2919 3732 ferres
2945 3679 3396 3735 evidentissimum
3421 3699 3513 3736 ro-

1932 3763 2031 3817 bur
2060 3764 2221 3830 animi
2251 3774 2305 3819 et
2341 3767 2548 3820 consilii
2577 3768 2670 3821 tui.
2712 3768 2900 3824 Totum
2943 3771 3084 3826 enim
3123 3789 3180 3827 se
3212 3774 3338 3829 mihi
3367 3775 3513 3831 brevi

1933 3865 2196 3925 tempore,
2229 3873 2392 3928 prepe
2426 3857 2682 3914 discussis
2714 3862 2953 3931 corporis
2993 3866 3329 3933 tegumentis,
3372 3866 3516 3937 quod

1932 3949 1982 4002 in
2012 3957 2064 4005 te
2092 3949 2238 4015 vivit,
2267 3951 2494 4020 aperuit.
2524 3951 2707 4022 Neque
2748 3955 2854 4008 ullo
2885 3954 3042 4009 modo
3086 3955 3271 4012 siverit
3306 3959 3513 4015 Domini
3582 3964 3583 3967 “

1931 4041 2636 4106 nosti-imiscrieordissima
2681 4046 3031 4115 providentia,
3073 4059 3130 4103 ut
3180 4066 3210 4103 a
3251 4051 3514 4107 catholico

1930 4131 2123 4187 Christi
2160 4149 2321 4204 grege
2360 4144 2413 4190 tu
2452 4135 2534 4190 vir
2563 4145 2668 4190 tam
2710 4137 2877 4193 bonus
2921 4149 2972 4194 et
3011 4141 3220 4210 egregie
3261 4143 3511 4200 cordatus

1927 4223 2131 4278 alienus
2151 4225 2243 4278 sis.

2391 4340 2722 4403 IiPISTOiA
2763 4341 2857 4398 XX
2888 4347 2924 4366 “
2947 4345 3040 4414 (b).

1930 4451 2184 4507 Antonino
2209 4469 2301 4522 pro
2341 4454 2709 4509 existimatione
2729 4456 2862 4511 bona
2899 4474 2960 4511 ac
2993 4458 3258 4514 dilectione
3283 4461 3376 4515 sibi
3411 4463 3511 4516 im—

2001 4563 2156 4616 pensa
2189 4547 2377 4617 gratias
2407 4550 2560 4618 refert
2589 4550 2918 4621 Augustinus,
2959 4561 3196 4624 aptatque
3233 4565 3286 4608 ut
3313 4555 3514 4626 familia

2000 4637 2158 4705 ipsius
2178 4646 2282 4698 tota
2307 4639 2606 4697 catholicam
2637 4641 2928 4712 religionem
2957 4645 3274 4712 profiteatur.

2378 4764 2703 4805 AUGUSTINUS
2743 4753 3056 4806 suroxmo'.

2000 4858 2052 4915 1-.
2093 4858 2226 4914 Cum
2250 4875 2278 4914 a
2314 4860 2521 4915 duobus
2550 4861 2638 4914 tibi
2681 4863 2876 4932 scripta
2904 4863 3242 4924 deberentur.
3271 4868 3510 4922 cumula-

1929 4952 2129 5006 tissime
2162 4952 2328 5022 magis
2359 4966 2481 5021 pars
2519 4953 2719 5008 reddita
2759 4964 2862 5020 est,
2891 4955 3029 5026 quod
3071 4972 3235 5012 unum
3264 4967 3506 5013 nostrum

1990 5129 2006 5197 ξ
2034 5126 2163 5197 apud
2198 5133 2306 5176 Iov.
2337 5129 2563 5197 scribitur
2593 5128 2835 5196 t‘aitts._st
2872 5133 2921 5182 in
2945 5139 3050 5184 Mss.
3082 5140 3135 5185 et
3161 5135 3508 5197 antiquioribus

1927 5188 2261 5247 editidnibus,
2284 5188 2444 5239 Caius.

1988 5253 2008 5282 ¹
2032 5251 2165 5322 apud
2187 5251 2292 5300 Bad.
2319 5262 2425 5322 iam.
2459 5258 2532 5301 Er.
2555 5253 2813 5322 scribitur,
2838 5254 3050 5308 .mtom'o.
3074 5263 3130 5307 At
3158 5256 3283 5320 apud
3319 5263 3427 5308 Lor.
3453 5265 3507 5311 et

1923 5314 2284 5376 prtestantiores
2315 5321 2441 5373 .\tss.,
2465 5314 2709 5376 Αηιοηξηο.

1988 5377 2002 5391 ·
2031 5375 2278 5444 necensita
2303 5381 2379 5423 est
2413 5376 2472 5424 ad
2500 5389 2548 5424 α.
2579 5373 2646 5444 bl.
2676 5377 2754 5427 Cl).
2785 5375 2912 5444 flag.
2949 5393 3034 5442 gg.
3057 5392 3140 5441 εν.
3177 5392 3230 5428 n.
3257 5391 3300 5427 r.
3323 5380 3401 5430 ab.
3431 5383 3504 5435 th.
3541 5440 3546 5444 η

1924 5448 2000 5487 vc.
2030 5434 2152 5484 duos
2180 5444 2215 5486 t.
2245 5436 2383 5484 duos.
2408 5451 2456 5486 v.
2483 5446 2534 5487 et
2555 5438 2613 5486 ad
2639 5447 2737 5487 Am.
2763 5434 3103 5488 Badft-J'T‘I'ov'.

1989 5499 2028 5516 ”
2054 5497 2119 5546 Ad
2145 5509 2230 5546 eos
2243 5497 2356 5547 dem
2373 5499 2566 5549 codices
2580 5497 2750 5549 collata
2774 5507 2850 5548 est
2871 5513 2979 5560 uno,
3003 5508 3229 5563 excepto,
3246 5517 3287 5566 r._

1985 5577 2207 5650 (malitis
2226 5579 2287 5628 8i
2306 5593 2318 5629 :
2334 5593 2444 5644 quae
2475 5588 2639 5631 autem
2662 5582 2722 5632 l9
2753 5589 2884 5642 erat,
2908 5596 3049 5632 nunc.
3074 5583 3150 5633 82.
3175 5587 3353 5650 Sta-iuta
3383 5585 3506 5638 forte

1922 5641 2047 5704 circa
2072 5641 2200 5704 idem
2223 5641 2429 5704 tempus.

1927 5716 1971 5814 _'d
1987 5701 2060 5764 (ὸ)
2075 5701 2346 5815 lalias
2373 5717 2484 5768 qua:
2505 5711 2670 5755 autem
2691 5703 2752 5754 20
2774 5711 2896 5767 erat,
2911 5717 3038 5762 nunc
3059 5706 3165 5760 253.
3191 5709 3304 5773 axi;
3322 5717 3367 5760 ta
3381 5709 3505 5760 circa

1924 5779 1942 5816 ι
1975 5778 2051 5814 ein
2095 5779 2202 5826 emj.
2270 5803 2281 5814 .
