4080 6346
528 311 595 365 ετ
1721 308 1778 362 s.
1820 305 2181 363 aucusrtst
2223 308 2523 386 sensuum
3719 328 3788 385 ss

529 432 848 488 praesentem
881 423 1044 486 vides,
1077 424 1227 493 cujus
1255 439 1317 477 ex
1342 438 1435 478 ore
1463 439 1582 481 cum
1619 438 1701 476 me
1725 435 1936 492 quoque
1960 423 2097 477 acci-

529 517 630 583 pis,
663 523 898 583 poteram
934 531 1036 569 non
1077 515 1391 576 rescribere,
1433 515 1532 568 nisi
1564 515 1675 582 ipso
1695 507 1911 582 jubente
1948 514 2105 569 fecis-

524 621 660 670 sem,
684 620 789 675 quo
813 606 1178 674 proficisceute
1211 620 1654 675 supervacaneum
1687 605 1962 660 videbatur
1984 621 2103 660 esse

525 697 664 765 quod
706 698 826 752 feci.
868 698 1201 768 Quapropter
1229 697 1451 752 fertilius
1480 707 1648 751 tecum
1682 697 1905 752 fortasse
1940 699 2102 752 collo-

524 802 673 856 quor,
699 803 854 856 quam
875 789 919 842 si
940 802 1118 842 coram
1135 788 1396 852 adessem,
1416 803 1534 841 cum
1557 797 1609 841 et
1628 789 1901 857 epistolam
1925 803 2097 844 meam

522 876 676 946 legis,
731 887 784 932 et
830 894 949 933 eum
989 880 1140 934 audis
1182 878 1235 931 in
1277 877 1429 946 cujus
1473 889 1687 948 pectore
1733 892 1817 931 me
1866 878 2100 960 habitare

522 968 721 1036 optime
758 970 918 1023 nosti.
961 967 1089 1023 Ctnn
1124 983 1315 1037 magno
1348 967 1538 1038 gaudio
1566 968 1769 1022 litteras
1797 969 2099 1028 Sanctitatis

521 1067 628 1110 tua:
662 1058 990 1114 consideravi
1033 1069 1190 1127 atque
1215 1058 1430 1127 digessi,
1475 1057 1614 1128 quod
1657 1054 1709 1113 ét
1754 1058 2097 1114 christianum

519 1149 754 1202 aninmm
782 1157 926 1206 tuum
953 1149 1067 1204 sine
1095 1149 1199 1210 ullo
1226 1149 1344 1204 fuco
1364 1150 1528 1225 iniqui
1549 1151 1820 1219 temporis,
1848 1160 1903 1205 et
1921 1152 1972 1204 in
2002 1167 2097 1206 nos

518 1241 899 1294 amicissimum
925 1255 1034 1308 pra:
1064 1255 1121 1294 se
1149 1250 1358 1310 gerunt.

588 1329 642 1392 2.
685 1327 932 1386 Gratulor
958 1329 1071 1393 tibi,
1112 1339 1165 1385 et
1191 1315 1389 1400 gratias
1414 1345 1514 1401 ago
1545 1331 1651 1390 Deo
1677 1340 1730 1386 et
1754 1332 1976 1398 Domino
2001 1350 2096 1391 no-

517 1428 629 1470 stro
658 1417 725 1479 de
751 1433 844 1488 Spe
873 1429 926 1474 et
954 1419 1057 1475 fide
1095 1427 1150 1482 et
1167 1422 1425 1488 charitate
1448 1431 1534 1488 tua,
1563 1423 1762 1492 tibique
1786 1425 1921 1492 apud
1951 1440 2092 1491 eum,

517 1508 656 1577 quod
684 1503 748 1563 de
773 1510 924 1565 nobis
954 1520 1057 1565 tam
1083 1511 1219 1566 bene
1252 1513 1522 1568 existimas
1550 1524 1606 1567 ut
1637 1514 1817 1570 fideles
1844 1517 1936 1570 Dei
1978 1532 2096 1571 ser-

515 1613 612 1656 vos
647 1613 766 1653 esse
811 1600 1019 1667 credas,
1053 1602 1209 1672 idque
1240 1604 1408 1672 ipsum
1451 1604 1503 1658 in
1553 1605 1705 1660 nobis
1732 1606 1892 1662 corde
1924 1610 2094 1676 puris-

515 1689 652 1742 simo
671 1690 888 1760 diligas:
909 1708 1206 1772 quanquam
1231 1694 1352 1771 hinc
1371 1695 1527 1772 etiam
1549 1697 1915 1771 gratulandum
1932 1699 2096 1755 bene-

515 1781 764 1837 volentiae
794 1791 894 1838 tua:
921 1785 1114 1853 potius,
1147 1769 1312 1854 quam
1336 1769 1524 1855 gratiae
1571 1787 1664 1848 tibi
1701 1769 1918 1859 agenda:
1965 1792 2089 1847 sint.

515 1871 632 1926 Tibi
673 1874 814 1928 enim
855 1875 1067 1949 prodest
1114 1877 1280 1950 ipsam
1321 1877 1543 1947 diligere
1585 1878 1892 1951 bonitatem,
1933 1898 2092 1952 quam

512 1963 750 2037 profecto
773 1965 940 2036 diligit
978 1967 1066 2045 qui
1105 1983 1224 2023 eum
1267 1968 1434 2045 diligit
1473 1986 1628 2040 quem
1673 1972 1839 2035 credit
1870 1973 2089 2042 bonum,

511 2057 626 2112 sive
655 2058 740 2113 ille
762 2075 820 2113 se
845 2059 937 2126 ita,
960 2044 1070 2122 sive
1094 2061 1248 2117 aliter
1271 2077 1427 2134 quam
1449 2062 1684 2133 creditur
1709 2064 1918 2135 habeat.
1945 2067 2092 2125 Unus

514 2157 715 2202 tantum
755 2150 807 2203 in
846 2148 947 2204 hac
989 2165 1052 2206 re
1087 2151 1352 2224 cavendus
1389 2161 1470 2207 est
1504 2168 1677 2230 error,
1716 2170 1783 2210 ne
1812 2157 2092 2228 quisquam

511 2252 618 2295 non
646 2237 712 2292 de
743 2237 974 2306 homine,
1004 2239 1097 2294 sed
1122 2239 1188 2295 de
1217 2240 1330 2310 ipso
1360 2241 1588 2297 hominis
1617 2243 1757 2299 bono
1784 2247 1937 2301 aliter
1965 2263 2091 2303 sena

509 2326 628 2394 tial,
666 2344 824 2402 quam
849 2329 1044 2386 veritas
1083 2332 1329 2400 postulat.
1363 2331 1444 2388 Tu
1473 2348 1616 2398 vero,
1663 2335 1828 2391 frater
1853 2337 2090 2393 dilectis-

510 2420 667 2486 sime,
712 2420 800 2492 qui
849 2422 993 2482 nullo
1035 2423 1194 2478 modo
1237 2439 1382 2480 erras
1425 2426 1690 2482 credendo
1727 2429 1811 2483 vel
1851 2431 2087 2499 sciendo,

508 2524 758 2580 magnum
786 2502 982 2588 bonum
1013 2528 1133 2584 esse
1175 2514 1402 2571 libenter
1433 2517 1539 2571 Deo
1569 2526 1819 2588 casteque
1860 2522 2086 2586 servire,

510 2615 630 2653 cum
662 2602 948 2673 quemlibet
974 2603 1244 2682 hominum
1266 2607 1280 2636 ί
1311 2619 1588 2682 propterea
1611 2609 1803 2679 diligis,
1825 2612 1965 2680 quod
1987 2613 2088 2667 hu-

506 2691 596 2764 jus
630 2691 752 2746 boni
790 2680 1099 2762 participem
1135 2696 1330 2775 credis,
1377 2680 1548 2768 tecum
1594 2708 1677 2755 est
1713 2700 1914 2773 fructus
1944 2712 2085 2772 tuus,

510 2784 670 2845 etiam
715 2782 758 2836 si
789 2782 876 2858 ille
916 2799 1022 2860 non
1053 2785 1121 2848 ita
1162 2786 1249 2840 sit.
1290 2785 1623 2870 Quapropter
1664 2788 1758 2843 tibi
1784 2790 1856 2855 de.
1890 2791 1988 2846 hac
2028 2810 2090 2850 re

505 2873 876 2943 gratulandum
907 2884 1020 2939 est;
1059 2866 1128 2952 illi
1156 2866 1354 2946 autem,
1392 2893 1494 2953 non
1534 2879 1576 2933 si
1605 2889 1881 2949 propterea
1911 2882 2087 2955 diligi-

507 2971 614 3027 tur,
639 2963 730 3017 sed
753 2964 796 3018 si
830 2964 947 3019 talis
974 2976 1075 3032 est,
1109 2967 1316 3036 qualem
1346 2963 1464 3024 esse
1487 2969 1754 3026 existimat
1781 2987 1810 3026 a
1837 2988 1943 3044 quo
1967 2990 2090 3044 pro-_

505 3065 685 3136 pterea
713 3056 963 3128 diligitur.
1005 3057 1202 3124 Quales
1242 3061 1417 3130 itaque
1446 3076 1544 3116 nos
1585 3064 1772 3132 simus,
1811 3075 2090 3134 quantum-

504 3165 609 3224 que
637 3151 688 3205 in
731 3137 897 3206 Deum
923 3154 1366 3224 promoverimus,
1411 3155 1524 3226 ipse
1553 3155 1761 3223 viderit,
1801 3159 1953 3229 cujus
1982 3176 2089 3218 non

502 3243 675 3304 sonam
709 3242 775 3298 de
806 3242 1032 3297 hominis
1061 3245 1223 3310 bono,
1264 3245 1358 3300 sed
1386 3244 1452 3300 de
1477 3245 1692 3323 homine
1718 3248 1832 3316 ipso
1865 3265 1966 3304 non
1995 3266 2089 3320 po-

507 3341 611 3391 test
649 3349 828 3406 errare
855 3334 1128 3414 judicium.
1155 3335 1272 3406 Tibi
1308 3334 1379 3414 ad
1401 3335 1699 3413 mercedem
1727 3338 2086 3412 beatitudinis,

507 3423 649 3499 quod
675 3423 740 3496 ad
782 3411 916 3502 hanc
959 3412 1071 3478 rem
1107 3425 1316 3495 attinet,
1359 3411 1488 3480 satis
1526 3411 1625 3498 est,
1650 3429 1792 3498 quod
1833 3445 1929 3498 nos
1957 3433 2089 3487 tales

505 3514 730 3578 credens
755 3514 938 3593 quales
964 3523 1173 3584 oportet
1199 3530 1318 3570 esse
1339 3531 1523 3590 servos
1550 3517 1664 3584 Dei,
1690 3527 1800 3574 toto
1825 3521 1945 3598 sinu
1971 3536 2090 3576 cor-

505 3601 588 3656 dis
613 3587 964 3685 amplecteris.
987 3595 1193 3686 Gratias
1215 3621 1339 3660 vero
1371 3587 1678 3683 tibi’uberes
1697 3590 1920 3686 agimus,
1946 3612 2088 3686 quod

503 3707 603 3750 nos
623 3681 742 3746 cum
763 3681 972 3758 laudas,
990 3681 1243 3764 tanquam
1269 3695 1400 3751 tales
1420 3681 1612 3760 simus,
1631 3681 1945 3775 mirabiliter
1965 3701 2089 3756 hor-

505 3784 656 3852 t'u-is,
689 3794 748 3840 nt
771 3773 900 3840 tales
927 3801 1046 3842 esse
1066 3777 1369 3863 cupiamus;
1402 3777 1674 3845 uberiOres
1699 3792 1878 3870 etiam,
1911 3795 1955 3870 si
1980 3812 2084 3850 non

504 3876 678 3931 solum
715 3859 769 3944 te,
793 3862 1136 3933 commendes
1168 3881 1497 3937 orationibus
1539 3871 1756 3950 nostris,
1795 3885 1888 3940 sed
1925 3889 2084 3954 etiam

502 3984 609 4023 non
647 3969 1015 4045 praetermittas
1044 3986 1198 4026 orare
1227 3989 1322 4042 pro
1361 3960 1542 4028 nobis.
1579 3975 1789 4030 Gratior
1826 3987 1906 4031 est
1943 3980 2084 4036 enim

503 4061 618 4116 Deo
651 4043 744 4132 pro
782 4043 945 4133 fratre
971 4061 1293 4144 deprecatio,
1331 4066 1418 4122 ubi
1454 4068 1773 4150 sacrificium
1811 4071 2090 4146 charitatis

501 4153 739 4218 offertur.
1787 4233 1791 4236 _

573 4247 627 4300 5.
671 4233 950 4318 Parvulum
979 4257 1123 4325 tuum
1156 4249 1438 4319 plurimum
1475 4251 1665 4320 saluto,
1689 4261 1742 4306 et
1787 4233 2079 4316 secundum

499 4349 766 4408 prmeepta
807 4321 1019 4405 Domini
1037 4321 1295 4394 salutaria
1325 4351 1450 4412 opto
1479 4343 1847 4412 grandescere.
1892 4345 2078 4401 Domui

503 4444 716 4500 quoque
747 4419 848 4483 tua:
879 4446 1034 4486 unam
1077 4431 1233 4486 fidem
1273 4443 1327 4487 et
1359 4423 1694 4489 devotionem
1732 4449 1931 4500 veram,
1962 4452 2080 4507 qua:

502 4521 616 4577 sola
644 4522 911 4584 catholica
940 4531 1042 4588 est,
1085 4524 1366 4593 provenire
1399 4524 1641 4581 desidero
1678 4535 1731 4582 et
1775 4543 1964 4597 precor
1987 4549 2000 4584 :
2027 4531 2078 4585 in

503 4626 662 4678 quam
694 4602 846 4677 rem,
869 4613 912 4666 si
937 4628 1092 4682 quam
1121 4613 1255 4668 forte
1283 4613 1441 4668 aliam
1475 4606 1708 4669 nostram
1744 4625 1958 4686 operam
1987 4636 2080 4676 ne-

502 4703 789 4760 cessariam
812 4703 1100 4769 existimas,
1129 4719 1198 4769 ne
1221 4704 1314 4759 tibi
1337 4706 1605 4761 vindicare
1632 4707 1845 4764 dubites
1870 4719 1922 4764 et
1941 4726 2078 4765 com-

498 4793 647 4848 muni
683 4792 900 4854 dotnino
929 4793 1095 4849 frctus
1123 4804 1175 4849 et
1194 4793 1314 4864 jure
1343 4797 1633 4852 charitatis.
1665 4799 1794 4854 lllud
1826 4815 1953 4855 sane
1979 4802 2077 4856 ad-

496 4883 796 4938 monuerim
838 4883 1290 4954 religiosissimum
1335 4886 1664 4965 prudentiam
1712 4900 1874 4956 tuam,
1917 4900 1974 4967 ut,
2015 4893 2090 4966 ti-_

498 4988 706 5028 morem
731 4974 824 5029 Dei
864 4959 970 5029 non
1001 4959 1414 5031 irrationabilem
1451 4977 1535 5032 vel
1561 4962 1769 5033 inseras
1801 4981 2076 5037 infirmiori
2123 5037 2127 5042 ,

495 5067 609 5121 vasi
652 5074 762 5132 tuo,
800 5067 883 5121 vel
910 5067 1132 5132 nutrias,
1159 5066 1336 5140 divina
1377 5067 1604 5139 lectione
1633 5070 1882 5140 gravique
1907 5071 2074 5126 collo—

494 5175 638 5229 quio.
667 5159 835 5215 Nemo
863 5161 1004 5216 enim
1031 5160 1141 5216 fere
1169 5161 1426 5216 sollicitus
1451 5161 1517 5217 de
1554 5171 1693 5216 statu
1719 5165 1910 5218 anima:
1940 5181 2071 5231 sum,

493 5260 652 5321 atque
694 5251 763 5306 ob
800 5250 900 5306 hoc
947 5252 1062 5306 sine
1106 5252 1389 5322 pertinacia
1443 5252 1770 5323 inquirenda:
1819 5257 2073 5314 voluntati

494 5340 705 5396 Domini
745 5343 980 5398 intentus
1021 5353 1120 5408 εει,
1165 5345 1256 5415 qui
1303 5343 1444 5399 bono
1484 5345 1909 5402 demonstratore
1947 5364 2074 5428 usus

498 5447 606 5487 non
649 5432 924 5503 dignoscat
965 5433 1090 5504 quid
1141 5435 1277 5508 inter
1323 5435 1551 5510 schisma
1595 5438 1866 5508 quodlibet
1914 5453 2074 5511 atque

495 5541 653 5596 unam
679 5526 1006 5594 Catholicam
1037 5527 1262 5596 intersit.

539 5702 671 5752 'Ilss.
693 5700 789 5753 duo
811 5715 880 5758 ε’..
900 5715 1008 5754 cum
1032 5701 1276 5766 quemlibet
1296 5700 1547 5755 [tantman
1571 5709 1729 5766 necte.

2670 428 2997 488 EPISTOLA
3039 433 3191 489 XXI'
3226 435 3324 507 (ιι).

2208 535 2517 612 Augustinus
2533 541 2583 596 in
2602 546 2939 615 presbyterum
2962 547 3334 618 Hipponensem
3350 554 3630 620 ordinatus,
3652 574 3758 624 pra

2277 630 2446 683 serlim
2475 632 2542 683 ad
2569 633 2957 699 dispensandum
2983 641 3182 714 uerbum
3211 641 3325 708 Dei,
3351 660 3610 715 secumque
3631 664 3782 702 reuu-

2277 729 2388 773 tans
2415 738 2564 790 quam
2589 725 2788 794 difficile
2829 729 2894 800 sit
2936 731 3245 785 sacerdotem
3277 735 3416 802 pium
3441 753 3605 806 agere,
3637 739 3781 795 obse-

2275 822 2383 865 crat
2431 811 2686 868 Valerium
2719 827 2772 870 ut
2801 821 3021 888 patiatur
3044 822 3207 892 ipsum
3241 825 3291 878 in
3329 842 3520 881 secessu
3559 831 3783 898 precibus

2276 912 2323 954 et
2349 905 2516 958 studio
2544 906 2637 960 hoc
2667 925 2842 978 agere,
2894 922 2946 964 ut
2974 913 3037 986 sit
3075 915 3282 969 idoneus
3307 917 3537 984 imposito
3565 922 3779 977 muneri.

2205 1011 2427 1082 Domino
2450 1015 2756 1073 beatissimo
2778 1031 2830 1074 et
2853 1024 3163 1099 venerabili,
3188 1027 3238 1085 in
3265 1039 3550 1096 conspectu
3572 1030 3783 1090 Domini

2275 1104 2482 1174 sincera
2532 1107 2789 1164 cbaritate
2841 1112 3158 1178 charissimo
3204 1119 3336 1192 patri
3388 1119 3621 1176 VALERIO
3669 1125 3781 1193 epi-

2272 1208 2455 1265 scopo,
2486 1199 2818 1255 Aucusrmus
2843 1204 3138 1275 presbyter,
3187 1207 3241 1276 in
3282 1208 3506 1273 Domino,
3532 1211 3778 1286 salutem.

2273 1307 2324 1382 l.
2366 1308 2504 1362 Ante
2534 1310 2708 1382 omnia
2735 1322 2876 1382 peto,
2917 1323 2973 1370 ut
3001 1317 3194 1386 cogitet
3232 1319 3474 1389 religiosa
3504 1321 3777 1390 prudentia

2201 1405 2306 1464 tua,
2349 1399 2478 1454 nihil
2517 1416 2636 1457 esse
2676 1403 2727 1456 in
2769 1403 2868 1458 hac
2898 1405 3023 1472 vita,
3057 1417 3110 1462 et
3139 1410 3369 1468 maxime
3393 1412 3490 1466 hoc
3516 1421 3774 1484 tempore,

2199 1487 2403 1567 facilius
2427 1501 2478 1545 et
2503 1492 2692 1557 laetius,
2713 1503 2766 1548 et
2797 1495 3099 1552 hominibus
3125 1501 3500 1570 acceptabilius
3518 1504 3774 1573 episcopi,

2199 1563 2290 1639 aut
2315 1582 2631 1661 presbyteri,
2668 1593 2759 1644 aut
2783 1584 2992 1658 diaconi
3017 1587 3210 1657 officio,
3241 1563 3284 1644 si
3317 1563 3672 1661 perfunctorie
3698 1604 3779 1650 at-

2198 1685 2300 1740 que
2336 1659 2628 1728 adulatorie
2665 1689 2752 1729 res
2776 1687 2961 1745 agatur
2988 1695 3002 1730 :
3034 1679 3129 1734 sed
3162 1679 3296 1736 nihil
3318 1659 3455 1752 apud
3485 1684 3648 1739 Deum
3678 1689 3776 1742 mi-
3815 1689 3818 1691 ’

2198 1762 2390 1826 serius,
2419 1772 2473 1817 et
2501 1764 2722 1832 tristius,
2749 1776 2803 1822 ct
2833 1767 3207 1826 damnabilius.
3240 1771 3372 1828 Item
3417 1775 3545 1830 nihil
3572 1791 3690 1832 esse
3721 1778 3774 1832 iu

2199 1852 2297 1906 hae
2325 1853 2450 1920 vita,
2491 1865 2539 1909 et
2566 1858 2794 1912 maxime
2825 1858 2925 1930 hoc
2957 1869 3194 1931 tempore
3220 1862 3509 1934 difficilius,
3548 1867 3778 1934 laborios

2196 1943 2327 2007 sius,
2376 1946 2723 2022 periculosius
2763 1951 3018 2022 episcopi,
3064 1964 3154 2006 aut
3182 1957 3499 2026 presbyteri,
3537 1968 3630 2014 aut
3663 1961 3776 2015 dia.

2195 2033 2316 2108 coni
2343 2033 2550 2102 officio;
2573 2036 2664 2091 sed
2692 2039 2833 2114 apud
2858 2040 3022 2096 Deum
3052 2044 3183 2102 nihil
3210 2045 3430 2113 beatius,
3457 2050 3499 2104 si
3530 2065 3597 2105 eo
3617 2053 3782 2116 modo,

2195 2122 2456 2198 militetur
2483 2141 2588 2195 quo
2616 2136 2799 2192 noster
2825 2129 3112 2209 imperator
3135 2134 3305 2212 jubet.
3330 2137 3464 2210 Quis
3479 2150 3654 2196 autem
3677 2142 3782 2208 iste

2195 2215 2264 2269 sit
2301 2215 2508 2282 modus,
2541 2233 2641 2273 nec
2677 2235 2706 2274 a
2737 2223 2984 2290 pueritia,
3018 2241 3118 2281 nec
3155 2228 3222 2282 ab
3261 2229 3614 2288 adolescentia
3655 2251 3778 2298 mea

2193 2304 2352 2360 didici
2385 2324 2398 2360 :
2423 2317 2477 2362 et
2499 2324 2564 2363 eo
2593 2319 2832 2381 tempore
2860 2329 2968 2384 quo,
2989 2316 3197 2374 discere
3226 2334 3513 2390 coeperam,
3545 2326 3624 2379 vis
3643 2327 3773 2382 mibi

2195 2394 2331 2475 facta
2381 2407 2486 2464 est,
2532 2401 2726 2456 merito
2781 2405 3116 2473 peccatorum
3167 2393 3408 2466 meorum
3456 2411 3600 2486 (nam
3647 2417 3772 2487 quid

2193 2471 2335 2557 aliud
2363 2489 2660 2545 existimem
2689 2495 2916 2563 nescio),
2960 2507 3017 2551 ut
3046 2499 3311 2555 secundus
3341 2501 3486 2558 locus
3511 2489 3773 2575 guberna-

2192 2578 2432 2633 culorum
2461 2582 2590 2636 milti
2619 2583 2934 2654 traderetur,
2963 2589 3052 2659 qui
3086 2605 3292 2646 remum
3333 2601 3515 2651 tenere
3546 2613 3651 2652 non
3679 2615 3774 2653 no-

2192 2684 2392 2728 veratn.
2705 2731 2708 2736 ,

2262 2761 2318 2813 2.
2358 2761 2461 2817 Sed
2485 2763 2713 2821 arbitror
2740 2767 3020 2836 Dominum
3065 2789 3240 2848 meum
3270 2788 3547 2849 propterea
3575 2797 3661 2837 me
3696 2783 3779 2843 sic.

2195 2851 2480 2908 emendare
2496 2857 2744 2926 voluisse,
2767 2861 2911 2932 quod.
2931 2865 3217 2940 multorum
3240 2881 3452 2939 peccata
3471 2884 3770 2941 nautarum,

2193 2951 2478 3013 antequam
2505 2958 2756 3018 expertus
2786 2966 2961 3008 essem
2994 2956 3117 3026 quid
3143 2958 3252 3028 illic
3280 2961 3473 3031 agitur,
3501 2965 3652 3034 quasi
3679 2966 3770 3021 do~

2193 3035 2330 3088 clior
2355 3044 2406 3090 ct
2428 3038 2616 3092 melior
2636 3042 3032 3112 reprehendere
3057 3039 3336 3106 audebam.
3365 3053 3544 3128 Itaque
3565 3067 3775 3130 postea-

2194 3141 2352 3208 quam
2381 3129 2576 3185 missus
2607 3146 2722 3186 sum
2764 3135 2816 3188 in
2851 3137 3106 3201 medium,
3141 3150 3264 3204 tunc
3301 3145 3500 3201 sentire
3529 3129 3666 3218 σάςμί
3698 3160 3774 3218 tes

2194 3218 2464 3290 meritates
2490 3221 2962 3291 reprehensionum
2993 3244 3261 3298 mearum;
3284 3249 3582 3306 quanquam
3605 3252 3657 3294 et
3679 3256 3773 3294 an.

2194 3314 2278 3384 tea
2315 3309 2818 3388 periculosissimum
2841 3317 3132 3384 judicarem
3163 3321 3263 3378 hoc
3299 3325 3670 3383 ministerium.
3707 3331 3772 3387 Et

2195 3397 2318 3453 hinc
2345 3411 2497 3458 erant
2527 3402 2774 3474 lacryma:
2801 3406 2904 3461 illm
2931 3425 3060 3479 quas
3092 3427 3175 3466 me
3206 3412 3424 3471 fundere
3456 3418 3506 3471 in
3535 3420 3767 3487 civitate,

2193 3477 2544 3577 Ordinationis
2582 3511 2712 3566 meae
2740 3506 2996 3568 tempore,
3039 3505 3274 3558 nonnulli
3309 3505 3498 3562 fratres
3525 3511 3768 3579 animati-3

2191 3569 2486 3643 verterunt,
2535 3591 2588 3637 et
2610 3587 2922 3658 nesrieutes
2962 3606 3150 3646 causas
3185 3594 3386 3650 doloris
3423 3604 3548 3666 mei,
3579 3602 3769 3670 quibus

2193 3658 2478 3744 potuerunt
2508 3679 2862 3748 sermonibus,
2891 3683 2978 3752 qui
3016 3686 3234 3740 omnino
3269 3689 3335 3742 ad
3374 3691 3563 3746 vulnus
3591 3709 3767 3750 memn

2191 3781 2295 3844 non
2326 3769 2668 3837 pertinerent,
2715 3780 2890 3827 tamen
2933 3775 3074 3830 bono
3118 3779 3298 3834 animo
3325 3784 3582 3838 consolati
3625 3794 3764 3840 sunt.

2190 3855 2294 3932 Sed
2342 3859 2507 3912 multo
2548 3861 2701 3916 valde
2747 3878 2810 3917 ac
2860 3866 3025 3920 multo
3069 3869 3294 3942 amplius
3323 3885 3583 3941 expertus
3625 3891 3763 3938 sum,

2188 3963 2345 4017 quam
2387 3951 2634 4027 putabam
2667 3968 2807 4030 :nQn
2848 3957 2970 4036 quia
3015 3943 3182 4014 nevos
3211 3961 3416 4032 aliquos
3455 3963 3642 4019 fluctus
3677 3977 3768 4022 aut

2189 4045 2531 4116 tempestates
2554 4041 2657 4096 vidi
2678 4059 2812 4113 quas
2845 4055 2968 4122 ante
2998 4063 3102 4126 non
3131 4066 3400 4119 noveram,
3433 4056 3516 4110 vel
3544 4072 3650 4111 non
3674 4073 3767 4114 au-

2187 4119 2408 4201 dieram,
2440 4133 2524 4186 vel
2563 4150 2669 4190 non
2704 4137 2953 4206 legeram,
2983 4122 3067 4196 vel
3095 4158 3200 4198 non
3241 4130 3628 4216 cogitaveram;
3669 4151 3765 4206 sed

2088 4237 2094 4240 ·
2186 4220 2251 4294 ad
2287 4237 2378 4291 eas
2413 4215 2691 4293 evitandas
2731 4221 2822 4293 aut
2855 4230 3196 4299 perferendas
3223 4215 3493 4292 solertiam
3533 4249 3587 4294 et
3627 4224 3780 4296 vires

2187 4313 2334 4368 meas
2362 4315 2580 4370 omnino
2618 4332 2721 4372 non
2760 4335 3034 4389 noveram,
3073 4332 3127 4378 et
3152 4325 3374 4397 alicujus
3401 4331 3652 4385 momenti
3676 4347 3764 4386 ar-

2184 4393 2436 4474 bitrabar.
2477 4409 2730 4465 Dominus
2772 4422 2946 4468 autem
2985 4416 3148 4472 irrisit
3185 4435 3290 4486 me,
3341 4431 3396 4477 et
3438 4423 3597 4479 rebus
3637 4426 3767 4496 ipsis

2185 4485 2466 4574 ostendere
2492 4501 2655 4553 voluit
2683 4501 2939 4580 meipsum
2971 4507 3121 4562 mihi.

2255 4592 2308 4668 ξ.
2351 4589 2504 4667 Quod
2540 4592 2585 4646 si
2626 4608 2747 4646 non.
2781 4594 3100 4677 damnando,
3147 4601 3240 4657 sed
3279 4605 3580 4662 miserando
3619 4609 3763 4678 fecit,

2185 4679 2288 4736 hoc
2325 4681 2467 4738 enim
2514 4697 2674 4752 spero
2709 4693 2856 4740 certe
2892 4688 2975 4742 vel
3027 4705 3169 4763 nunc
3205 4697 3413 4764 cognita
3454 4701 3768 4770 aegritudine

2185 4788 2304 4828 mea
2324 4816 2340 4840 ,
2371 4774 2543 4831 debeo
2585 4775 2982 4850 Scripturarum
3019 4783 3140 4854 ejus,
3174 4789 3558 4847 medicamenta
3587 4797 3766 4850 omnia

2183 4869 2525 4937 perscrutari,
2570 4877 2626 4926 et
2667 4871 2868 4927 orando
2911 4889 2972 4929 ac
3015 4875 3238 4957 legendo
3271 4896 3450 4952 agere,
3481 4893 3537 4939 ut
3575 4886 3765 4944 idonea

2183 4953 2433 5022 valetudo
2469 4961 2662 5016 anima:
2699 4978 2852 5029 mea},
2878 4964 2944 5019 ad
2973 4951 3098 5028 tam
3109 4951 3401 5038 periculosa
3430 4979 3636 5046 negotia
3666 4979 3766 5032 tri-

2183 5047 2402 5130 buatur;
2437 5053 2575 5122 quod
2614 5065 2738 5109 ante
2775 5071 2878 5111 non
2907 5057 3027 5123 feci,
3061 5053 3179 5134 quia
3211 5073 3266 5126 et
3293 5076 3498 5138 tempus
3537 5085 3641 5129 non
3667 5071 3768 5144 ha-

2183 5124 2292 5210 bui.
2330 5124 2478 5197 Tunc
2501 5145 2643 5199 enim
2661 5146 2932 5204 ordinatus
2954 5140 3096 5219 sum,
3110 5171 3228 5217 cum
3251 5157 3319 5232 de
3340 5158 3457 5228 ipso
3475 5141 3766 5220 vacationis

2187 5240 2425 5302 tempore
2458 5236 2525 5289 ad
2554 5242 2950 5307 cognoscendas
2997 5244 3203 5301 divinas
3243 5249 3540 5320 Scripturas
3565 5256 3765 5325 cogita-

2189 5341 2388 5393 remus,
2417 5337 2466 5382 et
2496 5329 2572 5383 sic
2598 5346 2694 5385 nos
2719 5331 3001 5405 disponere
3029 5339 3304 5408 vellemus,
3337 5352 3392 5398 ut
3419 5344 3570 5400 nobis
3595 5348 3782 5415 otium

2245 5463 2263 5479 '
2288 5463 2362 5510 L‘si
2400 5477 2568 5515 sumus
2590 5464 2650 5513 ad
2677 5465 2800 5517 hanc
2829 5469 3177 5519 emendandam
3212 5473 3322 5523 Cdd.
3352 5489 3399 5524 α.
3417 5477 3483 5524 hl.
3514 5493 3558 5528 c.
3583 5493 3654 5529 re.
3683 5482 3764 5532 cb.

2180 5526 2426 5636 ἐβῖ
2561 5541 2610 5576 n.
2645 5541 2686 5576 r.
2724 5541 2764 5578 ξι
2804 5538 2841 5579 t.
2881 5545 2952 5580 vc.
2992 5534 3147 5583 uibus
3173 5537 3248 5584 sb.
3273 5546 3478 5599 quatuor
3503 5526 3554 5590 vi.
3587 5526 3760 5595 cit—Ait“);

2183 5595 2579 5762 “Vatiniana
2604 5667 2613 5700 :
2641 5665 2750 5715 qum-
2774 5661 2937 5703 autem
2961 5655 3011 5704 21
3044 5664 3171 5718 erat,
3192 5671 3318 5709 nunc
3342 5660 3445 5709 23f.
3474 5666 3652 5725 Scripta
3676 5678 3757 5714 an.

2183 5721 2385 5762 Ineunte
2409 5729 2450 5762 ο.
2506 5747 2515 5758 .

2181 5721 2385 5772 ineunte
2409 5721 2515 5762 591.
