4080 6346
254 351 329 410 89
1462 342 1840 401 EPiS'l'OLAR

1984 343 2258 404 crassus
2296 347 2336 402 ι.
3483 362 3554 423 9ο

258 465 329 518 ad
357 465 461 517 hoc
479 460 748 533 negotium
773 467 949 530 posset
965 473 1104 514 esse.
1129 459 1193 513 Et
1213 457 1352 528 quod
1374 473 1558 512 verum
1591 465 1692 522 est,
1715 473 1847 511 non-

258 554 388 609 dum
430 553 664 608 sciebam
695 550 822 620 quid
854 550 981 604 mihi
1011 550 1222 603 deesset
1262 546 1329 602 ad
1361 548 1464 603 tale
1495 563 1650 617 opus,
1693 550 1850 618 quale

257 661 347 698 me
385 659 528 698 nunc
561 653 771 712 torquet
797 653 848 696 et
877 643 1122 695 conterit.
1155 640 1305 708 Quod
1333 640 1376 695 si
1408 649 1684 710 propterea
1713 641 1766 695 in
1791 655 1850 696 re

256 738 370 806 ipsa
421 735 581 790 didici
627 734 750 805 quid
792 735 859 788 sit
903 733 1102 786 homini
1135 732 1510 799 necessarium,
1539 732 1626 802 qui
1658 720 1850 802 populo

254 828 528 884 ministrat
561 836 950 884 sacramentum
997 837 1049 879 et
1077 824 1299 880 verbum
1341 825 1456 892 Dei,
1495 833 1551 878 ut
1592 823 1701 894 jam
1743 838 1848 878 non

253 919 387 974 mihi
414 919 568 973 liceat
589 918 800 987 assequi
829 916 968 987 quod
996 931 1079 969 me
1111 932 1214 969 non
1241 915 1437 970 habere
1467 914 1725 986 cognovi:
1749 915 1840 985 ju-

251 1013 350 1068 bes
391 1026 524 1082 ergo
565 1019 624 1065 ut
671 1025 908 1078 peream,
949 1017 1099 1078 pater
1125 1008 1298 1062 Valeri
1329 1008 1341 1061 !
1375 1007 1473 1063 Ubi
1501 1016 1585 1062 est
1619 1007 1848 1061 eharitas

251 1103 381 1158 tua?
411 1112 558 1176 certe
585 1101 760 1172 diligis
794 1101 920 1155 me?
949 1107 1092 1154 certe
1127 1098 1300 1168 diligis
1343 1098 1508 1166 ipsam
1553 1097 1846 1152 Ecclesiam

251 1195 337 1249 cui
371 1210 459 1250 me
487 1195 565 1248 sic
602 1193 909 1248 ministrare
953 1189 1202 1245 voluisti?
1232 1190 1297 1244 Et
1324 1198 1499 1268 tamen
1525 1199 1702 1243 certus
1730 1204 1845 1241 sum

251 1286 396 1356 quod
419 1294 474 1340 et
499 1301 584 1340 me
606 1293 660 1338 et
699 1284 868 1354 ipsam
900 1282 1092 1352 diligis.
1124 1280 1227 1336 Sed
1259 1287 1416 1350 putas
1453 1294 1538 1333 me
1574 1279 1843 1356 idoneum,

250 1391 375 1430 cum
405 1390 505 1444 ego
535 1375 727 1429 melius
755 1389 841 1428 me
865 1372 1123 1436 noverim,
1157 1373 1245 1440 qui
1277 1379 1450 1442 tamen
1493 1383 1590 1423 nec
1619 1369 1730 1438 ipse
1761 1383 1847 1422 me

251 1481 490 1530 nossem,
513 1465 614 1519 nisi
639 1463 962 1535 experiendo
986 1463 1314 1518 didicissem.

323 1557 376 1609 4.
410 1555 518 1610 Sed
559 1556 685 1610 dicit
730 1556 956 1608 fortasse
1001 1553 1265 1609 Sanctitas
1315 1561 1436 1617 tua;
1470 1551 1660 1606 vellem
1705 1549 1846 1626 scire

249 1647 376 1718 quid
414 1648 552 1703 desit
595 1647 929 1702 instructioni
958 1655 1077 1700 tute.
1109 1645 1239 1699 Tam
1281 1644 1442 1698 multa
1482 1653 1657 1697 autem
1698 1651 1840 1709 sunt,

249 1749 307 1792 ut
336 1739 544 1794 facilius
573 1740 772 1810 possim
794 1754 1108 1794 enumerare
1134 1754 1251 1807 qua:
1277 1738 1522 1803 habeam,
1546 1752 1700 1807 quam
1725 1753 1844 1806 quae

247 1827 450 1884 habere
471 1829 738 1885 desidero.
763 1828 1026 1882 Auderem
1059 1829 1199 1882 enim
1224 1827 1425 1890 dicere,
1473 1827 1611 1881 scire
1654 1842 1760 1893 me,
1791 1835 1845 1881 et

247 1919 407 1988 plena
431 1906 536 1973 fide
560 1919 790 1973 retinere
808 1917 935 1989 quid
965 1918 1224 1986 pertineat
1245 1917 1308 1972 ad
1332 1918 1558 1990 salutem
1583 1927 1840 1984 nostram.

247 2008 355 2064 Sed
389 1996 690 2080 hoc-ipsum
723 2011 990 2080 quomodo
1019 2011 1314 2064 minis-trem
1341 2009 1406 2063 ad
1437 2009 1661 2063 salutem
1705 2009 1842 2062 alio-

246 2115 388 2164 rum,
420 2114 527 2153 non
553 2115 798 2170 qumrens
817 2099 959 2169 quod
983 2101 1109 2154 mihi
1142 2100 1268 2155 utile
1290 2108 1392 2165 est,
1421 2099 1514 2154 sed
1537 2099 1675 2169 quod
1701 2100 1839 2153 mul-

249 2192 336 2252 tis,
365 2199 426 2243 ut
448 2190 580 2244 salvi
612 2189 773 2243 fiant?
799 2191 862 2244 Et
888 2179 1008 2245 sunt
1032 2190 1255 2245 fortasse
1279 2191 1472 2259 aliqua,
1502 2191 1608 2244 imo
1631 2206 1733 2244 non
1763 2199 1844 2245 est

246 2281 597 2336 dubitandum
626 2297 768 2346 esse,
792 2282 842 2335 in
869 2283 1064 2336 sanctis
1085 2282 1259 2336 Libris
1280 2282 1577 2350 conscripta
1595 2281 1838 2346 consilia,

245 2373 444 2442 quibus
469 2374 698 2443 cognitis
725 2381 780 2427 et
805 2373 1152 2443 apprehensis
1175 2373 1341 2442 possit
1371 2372 1530 2426 homo
1560 2372 1648 2426 Dei
1676 2371 1839 2426 rebus

247 2466 629 2522 ecclesiasticis
680 2466 1095 2520 ordinatioribus
1143 2466 1157 2496 ί
1205 2448 1528 2527 ministrare,
1565 2473 1656 2516 aut
1697 2473 1842 2518 certe

244 2558 386 2612 inter
430 2573 618 2612 manus
655 2559 957 2627 iniquorum
1007 2558 1088 2612 vel
1150 2558 1335 2612 vivere
1383 2557 1708 2611 conscientia
1752 2571 1840 2610 sa-

249 2650 424 2707 aiore.
448 2632 534 2702 vel
565 2649 721 2711 mori.
763 2657 822 2702 ‘ut
863 2649 950 2703 illa
988 2648 1094 2702 vita
1140 2662 1245 2701 non
1276 2647 1565 2710 amittatur,
1621 2647 1701 2700 cui
1752 2645 1842 2702 uni

247 2740 544 2794 christiana
573 2739 733 2793 corda
761 2739 976 2793 humilia
1007 2748 1060 2794 et
1087 2747 1362 2792 mansueta
1384 2737 1670 2806 suspirant.
1701 2735 1844 2803 Quo-

242 2832 406 2887 modo
433 2843 610 2885 autcm
641 2833 740 2886 hoc
772 2816 880 2886 fieri
911 2838 1104 2902 potest,
1126 2831 1224 2884 nisi
1250 2829 1696 2904 quemadmodum
1729 2830 1841 2898 ipse

242 2924 502 2978 Dominus
527 2923 675 2988 dicit,
711 2924 958 2993 petendo,
994 2922 1304 2993 quaerendo,
1337 2921 1629 2995 pulsando;
1679 2921 1728 2975 id
1759 2930 1841 2975 est

250 3015 480 3081 orando,
513 3015 757 3088 legendo,
785 3015 1120 3087 plangendo?
1145 3014 1224 3069 Ad
1246 3013 1385 3084 quod
1414 3014 1680 3083 negotium
1712 3012 1840 3066 mihi

245 3123 472 3177 parvum
508 3117 717 3177 tempus
744 3108 889 3163 velut
933 3121 1097 3176 usque
1160 3105 1223 3160 ad
1288 3106 1489 3160 Pascha
1556 3107 1842 3175 impetrare

240 3199 384 3252 volui
430 3214 527 3268 per
569 3198 762 3256 fratres
810 3213 838 3252 a
882 3206 967 3251 tua
1024 3197 1386 3252 sincerissima
1437 3205 1494 3251 et
1553 3197 1841 3252 venerabili

241 3287 528 3354 charitate,
560 3298 614 3344 et
642 3305 780 3343 nunc
806 3304 902 3359 per
928 3288 1022 3343 has
1048 3303 1234 3358 preces
1258 3288 1401 3341 volo.

313 3381 369 3434 5.
418 3380 556 3446 Quid
606 3381 747 3435 enim
796 3395 1157 3451 responsurus
1203 3395 1320 3434 sum
1368 3379 1592 3432 Domino
1636 3377 1836 3448 judici:

239 3469 358 3525 Non
399 3480 638 3540 poteram
685 3472 782 3526 ista
832 3472 942 3540 jam
990 3486 1251 3542 quaerere,
1304 3485 1422 3524 cum
1465 3469 1842 3524 ecclesiasticis

240 3564 470 3632 negotiis
489 3563 812 3632 impedirer?
829 3563 883 3618 Si
902 3579 1028 3632 ergo
1051 3563 1178 3616 mihi
1203 3562 1342 3616 dicat
1365 3579 1378 3614 :
1403 3561 1566 3616 Serve
1589 3577 1838 3631 nequam,

242 3654 288 3706 si
317 3653 442 3706 villa
473 3654 726 3730 Ecclesiae
756 3655 1143 3730 calumniosum
1171 3653 1399 3724 aliquem
1433 3662 1718 3722 pateretur,
1749 3668 1840 3706 cu-

241 3743 326 3812 jus
381 3724 637 3821 fructibus
676 3724 994 3815 colligendis
1041 3760 1231 3821 magna
1277 3758 1436 3813 opera
1487 3742 1844 3812 impenditurf

243 3835 486 3904 neglecto
526 3818 652 3904 agro
687 3835 845 3904 quem
890 3818 1062 3906 rigavi
1106 3833 1362 3903 sanguine
1418 3847 1558 3902 meo,
1609 3833 1653 3886 si
1701 3833 1841 3902 quid

245 3944 400 3998 agere
431 3943 528 3998 pro
556 3945 617 3983 ea
649 3943 832 3998 posses
857 3927 995 3998 apud
1019 3927 1249 3998 judicem
1271 3936 1447 3992 teme,
1469 3940 1643 3979 nonne
1661 3924 1838 3978 omni-

244 4019 339 4074 bus
385 4021 872 4085 consentientibus,
913 4020 1374 4094 nonnullisetiam
1414 4017 1725 4087 jubentibus
1785 4027 1842 4072 et

245 4111 558 4180 cogentibus
605 4126 890 4182 pergeres,
938 4119 992 4165 et
1043 4111 1086 4164 si
1140 4121 1324 4164 contra
1374 4117 1427 4164 te
1477 4108 1839 4178 judicaretur,

251 4201 411 4254 etiam
449 4209 597 4254 trans
625 4216 772 4255 mare
817 4200 1229 4271 proficiscereris
1268 4217 1280 4251 :
1324 4208 1481 4268 atque
1535 4199 1638 4253 hoc
1685 4199 1844 4252 modo

248 4292 330 4346 vel
383 4307 616 4346 annuam
647 4293 734 4348 vel
776 4309 840 4347 eo
884 4293 1111 4361 amplius
1159 4291 1452 4346 absentiam
1497 4298 1667 4365 tuam.
1698 4289 1844 4344 nulla

247 4383 468 4453 querela
493 4366 795 4451 revocaret,
827 4399 894 4438 ne
934 4384 1070 4436 alius
1120 4381 1416 4452 possideret
1462 4389 1678 4444 terram,
1735 4393 1840 4433 non

247 4476 440 4530 anima:
471 4475 567 4530 sed
611 4476 822 4546 corpori
854 4490 1146 4544 pauperum
1192 4472 1584 4536 necessariam;
1613 4485 1839 4541 quorum

249 4574 429 4640 tamen
457 4567 650 4622 famem
683 4567 816 4621 vivae
844 4567 1063 4638 arbores
1092 4580 1225 4619 mea:
1251 4564 1416 4630 multo
1443 4562 1650 4618 facilius
1673 4561 1841 4632 mihi-

259 4675 364 4728 qne
400 4660 628 4730 gratius,
659 4659 703 4713 si
734 4658 1016 4727 diligenter
1051 4656 1376 4728 colerentur,
1407 4654 1708 4723 explerent?
1737 4653 1845 4707 Cur

249 4765 388 4820 ergo
429 4751 494 4804 ad
531 4750 841 4805 discendam
882 4749 1260 4819 agriculturam
1310 4762 1482 4801 meam
1513 4747 1843 4804 vacationem

256 4844 514 4912 temporis
562 4843 656 4897 tibi
687 4841 922 4898 defuisse
977 4840 1251 4896 causaris?
1299 4841 1389 4894 Dic
1419 4839 1546 4896 mihi
1587 4837 1710 4909 quid
1757 4854 1842 4893 rc-

249 4935 567 5009 spondeam,
597 4952 726 5005 rogo
759 4936 848 4989 te?
881 4937 959 4988 An
988 4936 1120 4988 forte
1147 4934 1226 4987 vis
1253 4931 1424 4987 dicam
1458 4951 1470 4986 :
1498 4931 1668 4986 Senex
1691 4929 1845 4985 Valc-

247 5028 365 5082 rius
394 5028 521 5082 dum
550 5043 635 5082 me
679 5027 928 5081 omnibus
981 5025 1138 5079 rebus
1178 5025 1489 5078 instructum
1519 5037 1636 5077 esse
1675 5021 1847 5076 credi-

249 5119 436 5184 disset,
468 5131 668 5190 quanto
693 5119 923 5189 amplius
962 5134 1046 5172 tne
1087 5117 1296 5181 dilexit,
1335 5125 1478 5169 tanto
1524 5115 1698 5169 minus
1739 5115 1839 5170 ista

250 5214 456 5269 discere
480 5213 759 5283 permisit?

321 5305 376 5361 6.
391 5304 623 5360 Attende
637 5305 815 5358 omnia
829 5304 1113 5374 ista,senex
1135 5302 1332 5368 Valeri,
1347 5300 1571 5356 obsecro
1592 5310 1643 5354 te
1655 5315 1748 5370 per
1761 5299 1846 5354 bo-

254 5400 474 5455 nitatem
489 5408 542 5453 et
557 5398 894 5452 severitatem
907 5397 1126 5462 Christi,
1149 5412 1242 5465 per
1257 5395 1675 5449 misericordiam
1690 5404 1738 5448 ct
1762 5396 1848 5463 jn-

254 5491 452 5556 dicinm
467 5489 603 5560 ejus,
623 5505 718 5559 per
731 5505 852 5564 eum
870 5487 958 5559 qui
976 5496 1178 5550 tantam
1203 5487 1294 5542 tibi
1311 5487 1591 5561 inspiravit
1608 5504 1730 5558 erga
1749 5502 1849 5543 nos

317 5666 333 5697 ⁸
371 5671 433 5736 tta
457 5670 566 5736 t_.ov_.
592 5671 644 5736 at
668 5671 743 5736 Er.
770 5672 822 5715 et
845 5673 922 5714 Ms.
957 5673 1192 5736 Gemmet.
1217 5663 1420 5736 habent,
1452 5671 1496 5714 et
1532 5655 1868 5736 ordinationif

255 5725 357 5790 bus.
384 5727 492 5790 Bal.
517 5734 567 5790 et
591 5725 813 5790 plerique
838 5735 942 5777 Mss.
968 5730 1152 5790 absque
1177 5725 1514 5790 conjunctione
1532 5761 1546 5788 ,
1572 5726 1849 5778 ecclesiasti-

249 5787 318 5840 τίς
340 5785 746 5839 οΐάίπιῖτὶοθὶὶὺιιδξ
1073 5785 1088 5790 “
1264 5785 1280 5790 '
1449 5811 1456 5816 .

1961 459 2276 515 charitatem
2296 503 2309 525 ,
2335 469 2392 515 ut
2415 477 2482 517 ne
2513 469 2581 528 te,
2603 478 2702 518 nec
2726 479 2820 534 pro
2841 466 2989 522 lucro
3010 470 3200 525 animm
3216 481 3432 544 nostrae,
3452 490 3550 532 all-

1959 548 2179 605 dcamus
2206 551 2497 608 offendere.
2531 553 2618 609 Sic
2645 565 2821 610 autem
2845 560 2972 613 mihi
3000 561 3161 615 Deum
3195 573 3248 618 et
3280 563 3548 622 Christum

1961 649 2150 696 testem
2194 641 2322 697 facis
2363 644 2680 700 innocentire
2719 657 2775 703 et
2803 649 3098 718 charitatis,
3130 662 3184 709 et
3235 657 3430 715 sinceri
3469 657 3530 713 af

1957 730 2128 787 fectus
2155 749 2312 804 quem
2362 736 2500 790 circa
2551 752 2648 793 nos
2692 739 2876 805 habes,
2917 743 3066 810 quasi
3095 725 3211 814 ego
3241 762 3343 801 non
3371 747 3438 802 de
3465 747 3548 805 bis

1954 823 2138 892 jurare
2165 827 2413 881 erunibus
2442 829 2662 898 possim.
2693 830 2864 900 lpsam
2893 849 3020 904 ergo
3050 833 3362 896 charitatem
3391 847 3444 894 et
3466 839 3547 894 af-

1956 915 2152 992 fectum
2181 919 2424 988 imploro,
2450 929 2508 987 ut
2533 922 2834 978 miserearis
2855 926 2975 989 mei,
3006 936 3058 981 ct
3084 929 3346 985 concedas
3389 931 3541 998 mihi,

1955 1008 2021 1063 ad
2051 1009 2153 1065 hoc
2182 1011 2321 1080 quod
2363 1014 2540 1082 rogavi
2562 1055 2575 1076 ,
2612 1022 2820 1084 tempus
2847 1027 3098 1086 quanlntn
3147 1021 3348 1090 rogavi,
3389 1031 3547 1092 atque

1956 1100 2172 1174 adjuves
2204 1118 2290 1156 me
2315 1104 2644 1159 orationibus
2670 1107 2794 1173 tuis,
2826 1116 2882 1161 nt
2913 1125 3014 1162 non
3047 1111 3115 1164 sit
3152 1112 3309 1168 inane
3332 1113 3544 1170 deside-

1953 1193 2089 1244 rium
2126 1208 2325 1257 meum,
2370 1209 2466 1248 nec
2511 1194 2835 1252 infructuosa
2870 1199 3124 1256 Ecclesia:
3155 1203 3348 1257 Christi
3376 1215 3538 1276 atque

1953 1282 2166 1336 utilitati
2220 1282 2443 1338 fratrum
2487 1294 2541 1340 et
2588 1301 2964 1344 conservorum
3015 1307 3251 1347 meorum
3304 1295 3545 1350 absentia

1953 1387 2092 1453 mea.
2123 1373 2246 1445 scio
2273 1375 2414 1444 quod
2456 1376 2600 1431 illam
2650 1379 2960 1452 charitatem
3013 1398 3106 1450 pro
3147 1401 3232 1439 me
3271 1395 3536 1452 orantem,

1952 1465 2181 1520 maxime
2209 1465 2258 1520 in
2290 1467 2377 1520 tali
2407 1483 2585 1535 causa,
2612 1485 2719 1524 non
2745 1470 3000 1542 despiciet
3029 1475 3309 1540 Dominus;
3345 1488 3398 1531 et
3417 1493 3539 1533 eam

1953 1554 2090 1608 sicut
2136 1557 2452 1612 sacrilicium
2506 1561 2779 1615 suavitatis
2823 1545 3106 1633 accipiens,
3155 1567 3394 1622 fortassis
3421 1567 3543 1623 bre-

1952 1645 2098 1701 viore
2126 1655 2364 1717 tempore
2403 1667 2560 1720 quam
2589 1654 2867 1722 postulaxi,
2908 1671 2992 1708 me
3022 1657 3382 1724 saluberrimis
3406 1675 3540 1717 con-

1953 1737 2087 1809 siliis
2109 1739 2174 1813 de
2196 1739 2483 1811 Scripturis
2504 1744 2613 1799 suis
2635 1744 2823 1807 reddet
2845 1747 3183 1806 instructum.

2419 1895 2746 1950 EPISTULA
2776 1897 2940 1951 χχιι·
2975 1897 3075 1969 (a).

1953 2004 2267 2077 Augustinus
2310 2008 2584 2079 presbyter,
2632 2010 2837 2064 Aurelio
2868 2010 3254 2084 Carthaginiensi
3281 2016 3538 2086 episcopo,

2023 2097 2214 2166 deﬂens
2258 2101 2640 2154 comessationes
2685 2111 2734 2154 et
2781 2102 3040 2168 ebrietates
3087 2122 3173 2174 per
3220 2106 3443 2180 Africam
3488 2108 3542 2161 in

2020 2193 2310 2246 ctrmeteriis
2358 2201 2404 2246 et
2444 2195 2694 2248 memoriis
2721 2205 2997 2265 martyrum
3039 2199 3345 2267 frequentari
3378 2199 3544 2268 specie

2019 2281 2278 2352 religionis
2311 2299 2330 2336 :
2357 2284 2440 2336 cui
2471 2285 2606 2338 malo
2635 2286 2910 2352 obtestatur
2929 2295 2983 2340 ul
3015 2288 3199 2341 mederi
3226 2289 3358 2341 velit.
3393 2287 3541 2344 Dolet

2023 2374 2237 2428 subinde
2261 2376 2412 2428 etiam
2442 2378 2808 2443 contentionem
2839 2387 2884 2432 et
2914 2379 3148 2433 humana:
3181 2381 3346 2450 laudis
3387 2397 3543 2451 appe-

2023 2466 2167 2518 titum
2195 2465 2256 2518 ab
2283 2466 2393 2537 ipso
2421 2466 2728 2521 Clericor-um
2773 2469 2950 2522 ordine
2987 2487 3088 2524 non
3130 2471 3378 2534 exsulare.

2127 2620 2367 2673 Αυιιειιο
2389 2619 2660 2690 episeopo,
2693 2621 3032 2676 Aucesvmus
3063 2621 3361 2692 presbyter.

1949 2748 2175 2805 CAPUT
2211 2749 2568 2804 PRIMUM—
2597 2750 2832 2834 Salutate
2865 2753 3068 2818 Aurelio
3105 2754 3207 2831 agit
3245 2755 3307 2808 de
3335 2771 3499 2812 comes

2267 2840 2541 2894 sationibus
2577 2839 2638 2892 ab
2663 2841 2868 2895 ecclesia
2894 2843 3220 2898 removendis.

2023 2969 2073 3022 1.
2102 2968 2216 3035 Qua
2243 2969 2408 3039 gratia
2454 2971 2830 3040 responderem
2861 2972 3051 3026 litteris
3079 2974 3383 3030 Sanctitatis
3431 2985 3541 3032 tua:

1949 3074 2071 3114 cum
2098 3060 2186 3115 diu
2219 3059 2471 3116 haesitans
2499 3077 2602 3115 non
2644 3061 2934 3129 reperirem
2973 3063 2988 3131 (
3019 3064 3194 3116 omnia
3235 3065 3376 3118 enim
3415 3066 3541 3121 vicit

1949 3153 2168 3206 affectus
2188 3153 2349 3206 animi
2376 3153 2502 3217 mei,
2525 3169 2682 3222 quem
2707 3154 2816 3222 jam
2841 3165 3030 3223 Sponte
3058 3167 3360 3225 surgentem
3383 3158 3541 3214 lectio

1950 3244 2188 3314 epistolae
2215 3252 2315 3302 tute
2342 3245 2507 3298 multo
2537 3245 2810 3306 ardentius
2840 3246 3145 3316 excitavit),
3178 3248 3421 3302 commisi
3452 3265 3540 3306 me

1951 3343 2126 3388 tamen
2157 3336 2171 3365 ¹
2197 3335 2330 3400 Deo,
2353 3335 2443 3404 qui
2475 3352 2568 3405 pro
2605 3337 2806 3390 viribus
2833 3338 2965 3390 meis
3009 3349 3319 3406 operaretur
3348 3341 3399 3393 in
3427 3356 3536 3408 me,

1950 3435 2008 3482 ut
2032 3443 2091 3481 ea
2124 3427 2476 3486 rescriberem
2504 3437 2621 3497 quin
2653 3429 2860 3498 utrique
2887 3440 3127 3484 nostrum
3157 3431 3330 3484 studio
3357 3431 3408 3484 in
3437 3432 3540 3486 Do-

1950 3518 2097 3571 mino
2125 3527 2178 3570 et
2203 3533 2330 3571 cura
2359 3518 2716 3576 ecclesiastica
2744 3534 2840 3588 pro
2863 3529 2951 3573 tua
2973 3522 2992 3550 ²
3018 3522 3320 3588 przestantia
3343 3531 3398 3575 et
3421 3537 3539 3578 mea

1950 3609 2400 3664 obsecundatione
2446 3620 2819 3679 congruerent.
2879 3612 3053 3680 Atque
3101 3612 3230 3666 illud
3285 3614 3537 3683 primum,

1949 3701 2091 3772 quod
2118 3701 2447 3758 orationibus
2474 3701 2607 3762 meis
2638 3710 2688 3754 te
2717 3701 2953 3770 adjuvari
2995 3702 3188 3768 credis,
3221 3719 3325 3757 non
3367 3704 3541 3758 solum

1950 3808 2055 3846 non
2106 3792 2338 3864 defugio,
2385 3808 2569 3848 verum
2613 3794 2772 3848 etiam
2824 3793 3048 3848 libenter
3095 3795 3409 3864 amplector.
3465 3794 3542 3850 lta

1949 3884 2114 3946 em‘m,
2155 3883 2252 3938 etsi
2285 3897 2390 3951 non
2437 3883 2589 3947 meis,
2621 3893 2768 3938 certe
2806 3884 2930 3949 tuis,
2962 3900 3047 3938 me
3078 3885 3333 3940 Dominus
3360 3895 3541 3941 noster

1951 3975 2215 4032 exaudiet.
2235 3975 2386 4042 Quod
2405 3975 2620 4030 fratrem
2637 3976 2882 4046 Alypium
2899 3977 2948 4029 in
2970 3986 3148 4030 nostra
3167 3977 3541 4047 conjunctione

1950 4069 2230 4134 mansisse,
2261 4079 2316 4122 ut
2348 4068 2600 4138 exemplo
2624 4068 2693 4121 sit
2721 4067 2972 4122 fratribus
2993 4083 3149 4122 curas
3173 4069 3354 4123 mundi
3387 4069 3541 4138 hujus

1951 4161 2117 4219 vitare
2161 4160 2532 4230 cupientibus,
2582 4159 3085 4216 benevolentissime
3128 4160 3399 4230 accepisti,
3441 4176 3540 4231 ago

1950 4255 2166 4324 gratias,
2197 4269 2328 4322 quas
2357 4254 2514 4307 nullis
2543 4252 2719 4306 verbis
2740 4252 3006 4320 explicare
3029 4252 3258 4321 possim:
3285 4252 3542 4309 Dominus

1951 4345 2053 4400 hoc
2081 4344 2340 4414 rependat
2370 4345 2419 4398 in
2447 4345 2676 4397 animam
2708 4351 2872 4396 tuam.
2904 4342 3090 4398 Omnis
3116 4343 3290 4413 itaque
3317 4343 3539 4398 fratrum

1951 4446 2140 4494 coetus.
2172 4435 2259 4504 qui
2291 4433 2430 4505 apud
2455 4449 2551 4488 nos
2575 4434 2738 4502 coepit
2765 4433 3086 4499 coalescere,
3118 4443 3257 4487 tanta
3283 4434 3375 4487 tibi
3405 4451 3542 4504 prte-

1949 4528 2184 4598 rogativa
2205 4526 2492 4581 obstrictus
2514 4535 2614 4590 est,
2644 4536 2699 4579 ut
2721 4527 2851 4580 locis
2877 4536 3134 4584 terrarum
3156 4535 3356 4580 tantum
3383 4526 3542 4596 longe

1951 4618 2230 4689 dis-junctis
2262 4618 2333 4672 ita
2370 4617 2523 4676 nobis
2562 4616 2894 4677 consulueris
2935 4625 3184 4686 tanquam
3233 4618 3540 4686 praesentis-

1951 4710 2117 4764 simus
2145 4709 2351 4779 spiritu.
2384 4709 2718 4778 Quapropter
2744 4707 2994 4777 preeihus
3020 4716 3276 4778 quantum
3301 4709 3541 4764 valemus

1952 4802 2322 4866 incumbimus,
2368 4811 2425 4856 ut
2473 4816 2684 4871 gregem
2715 4799 2808 4854 tibi
2837 4801 3183 4854 connnissum
3233 4811 3406 4856 tecum
3440 4803 3542 4856 Do-

1855 4929 1862 4935 ι
1951 4893 2128 4962 minus
2151 4893 2414 4949 sustinere
2432 4891 2700 4961 dignetur,
2731 4907 2829 4946 nec
2853 4899 2902 4945 te
2924 4891 3128 4960 uspiam
3150 4892 3418 4960 deserere,
3444 4894 3539 4948 sed

1951 4985 2141 5040 adesse
2191 4983 2400 5053 adjutor
2444 4985 2496 5037 in
2526 4983 3029 5052 opportunitatibus,
3063 4983 3258 5039 faciens
3285 5001 3404 5039 CUIII
3437 4985 3539 5039 Ec-

1951 5079 2108 5134 clesia
2138 5093 2230 5131 sua
2262 5078 2676 5132 n'iisericordiam
2702 5093 2797 5148 per
2821 5077 3176 5132 sacerd0titnn
3209 5088 3374 5140 tuum,
3407 5092 3540 5147 qua-

1951 5169 2055 5225 lem
2086 5169 2383 5240 spirituales
2415 5169 2511 5222 viri
2571 5178 2625 5223 ut
2676 5169 2853 5235 faciat,
2903 5169 3153 5240 lacrymis
3177 5185 3296 5223 eum
3323 5167 3537 5238 gemiti-

1951 5263 2157 5334 busque
2183 5263 2542 5333 interpellant.

2021 5419 2038 5449 ί
2063 5416 2135 5466 sic
2161 5424 2268 5466 Mss.
2299 5416 2395 5465 duo
2415 5429 2464 5465 γ.
2493 5415 2624 5478 [jam

2021 5481 2038 5510 ¹
2062 5486 2169 5526 Mss.
2192 5487 2311 5526 tres.
2336 5485 2380 5526 et
2401 5491 2532 5526 curre
2554 5491 2633 5526 θεί-
2655 5493 2676 5526 e

2017 5481 2038 5510 ¹
2062 5486 2169 5542 Mss.
2192 5487 2311 5536 tres,
2336 5485 2380 5542 et
2401 5476 2532 5528 carie
2554 5476 2887 5529 ecclesiastica:
2916 5491 3003 5542 pro
3025 5484 3124 5528 tua.
3149 5485 3310 5539 Rede,
3333 5479 3372 5528 si
3396 5479 3542 5541 paulo

1955 5548 2070 5591 ante
2095 5541 2248 5603 legas,
2274 5547 2322 5590 tt
2351 5539 2516 5603 iusque
2541 5548 2770 5603 nostrum.

2017 5606 2032 5620 '
2065 5600 2180 5665 Huic
2208 5600 2497 5665 castigandae
2518 5600 2951 5665 subsidiofuerunt
2970 5601 3047 5649 ch.
3073 5600 3121 5650 ff.
3139 5615 3223 5664 gg.
3249 5615 3329 5665 gv.
3352 5616 3400 5651 ιι.
3431 5616 3472 5652 ι’.
3499 5610 3534 5654 t.

1953 5679 2028 5714 vc.
2054 5663 2151 5712 duo
2173 5665 2245 5713 sl).
2272 5663 2370 5712 duo
2392 5678 2438 5710 ν.
2466 5671 2519 5713 et
2542 5673 2641 5711 Am.
2668 5663 2776 5712 Bad.
2802 5670 2875 5712 Er.
2906 5669 3013 5712 Lov.

2017 5726 2236 5828 (agzglias
2258 5726 2318 5774 6i
2345 5739 2356 5776 :
2381 5739 2491 5789 qua:
2515 5733 2678 5788 autem
2704 5725 2766 5774 22
2789 5733 2913 5787 erat,
2937 5737 3063 5774 nunc
3083 5723 3190 5776 235.
3216 5727 3392 5789 Scripta
3414 5729 3540 5777 circa

1956 5800 2033 5836 an.
2061 5800 2167 5836 ΟὶῗΖ.
