4044 6338
503 313 565 372 91
1745 380 1752 383 _
1835 305 2202 364 ‘AL’GUSTINI
2243 301 2550 369 EPISCOl‘i
3708 319 3782 375 π

576 425 631 478 2.
661 424 810 480 Scias
857 424 1054 493 itaque,
1077 423 1292 481 domine
1343 419 1645 478 beatissime
1686 431 1740 479 et
1784 421 2087 492 plenissima

505 517 767 571 charitate
798 516 1132 580 venerabilis,
1157 532 1260 571 non
1290 515 1574 586 desperare
1599 528 1718 580 nos,
1748 513 1854 568 imo
1875 527 2090 581 sperare

505 608 874 674 vehementer,
899 607 1040 677 quod
1067 609 1326 678 (Dominus
1347 617 1399 661 et
1429 609 1563 661 Deus
1592 614 1776 662 noster
1797 622 1890 676 per
1916 615 2090 659 aucto-

507 699 717 754 ritatem
749 715 988 769 personae
1013 715 1169 770 quam
1198 701 1356 769 geris,
1381 714 1535 768 quam
1558 714 1661 752 non
1683 699 1848 763 carni,
1873 697 1966 752 sed
1992 698 2091 768 spi-

508 790 629 844 ritui
659 799 748 844 tuo
777 790 1076 860 impositam
1107 806 1228 845 esse
1256 791 1594 854 conﬁdimus,
1626 790 1818 844 multas
1845 788 2088 843 carnales

512 877 780 936 fmditates
821 889 876 934 et
919 880 1259 950 a-gritndines
1293 895 1424 950 quas
1463 879 1709 934 Africana
1754 879 1987 935 Ecclesia
2038 880 2089 934 in

510 972 690 1026 multis
714 973 930 1040 patitur,
961 973 1012 1026 in
1033 974 1211 1042 paucis
1229 973 1409 1041 gemit,
1433 972 1776 1028 consiliorum
1797 971 2053 1041 gravitate
2071 973 2087 1002 ¹

510 1070 564 1116 et
589 1072 671 1115 tua
699 1064 862 1132 possit
883 1078 1088 1118 sanare.
1109 1063 1240 1117 Cum
1271 1063 1412 1117 enim
1430 1064 1714 1132 ApoStolus
1738 1063 1836 1116 tria
1862 1063 2092 1118 breviter

512 1170 706 1224 genera
731 1156 979 1210 vitiorum
1010 1156 1316 1212 detestanda
1358 1165 1420 1211 et.
1453 1155 1664 1210 vitanda
1721 1171 1826 1212 uno
1877 1157 1930 1222 in
1973 1156 2091 1210 loco

511 1246 766 1314 posuerit,
795 1245 860 1300 de
882 1245 1070 1315 quibus
1099 1247 1558 1302 innumerabilium
1581 1247 1829 1301 vitiorum
1857 1249 2094 1318 exsurgit

507 1350 681 1404 seges,
713 1351 873 1389 unum
903 1335 1096 1392 horum
1120 1337 1260 1406 quod
1286 1337 1520 1393 secundo
1559 1338 1678 1394 loco
1720 1338 1914 1408 posuit,
1941 1353 2093 1392 acer-

509 1425 642 1479 rime
685 1425 734 1478 in
779 1425 1018 1480 Ecclesia
1069 1427 1398 1490 vindicatur;
1431 1427 1535 1480 duo
1564 1437 1739 1481 autem
1783 1427 2005 1496 reliqua,
2039 1427 2092 1494 id

507 1523 590 1570 est
632 1515 857 1584 primum
887 1528 940 1570 et
969 1517 1232 1580 ultimum,
1264 1517 1554 1572 tolerabilia
1586 1517 1831 1586 videntur
1862 1519 2090 1576 homini-

505 1599 625 1669 bus,
663 1614 823 1676 atque
853 1603 920 1659 ita
954 1607 1200 1676 paulatim
1241 1608 1352 1664 ﬁeri
1383 1618 1578 1678 potest,
1620 1619 1678 1662 ut
1708 1625 1804 1663 nec
1833 1610 1954 1662 vitia
1980 1609 2090 1678 jam

509 1706 780 1766 putentur.
811 1698 898 1751 Ait
926 1699 1064 1752 enim
1096 1713 1188 1752 vas
1214 1700 1486 1754 electionis
1520 1718 1530 1750 :
1564 1699 1684 1754 Non
1711 1701 1760 1754 in
1783 1702 2092 1772 comessatio:

509 1786 655 1839 nibus
683 1797 730 1840 et
771 1787 1107 1851 ebrietatibus,
1143 1806 1240 1842 non
1286 1790 1337 1843 in
1381 1790 1624 1844 cubilibus
1661 1799 1706 1844 et
1742 1791 2089 1860 impndicitiis,

509 1893 612 1931 non
657 1878 710 1932 in
755 1880 1066 1933 contentione
1106 1889 1153 1932 et
1189 1880 1338 1944 dolo;
1364 1881 1452 1934 sed
1474 1880 1666 1934 induite
1706 1896 1792 1934 vos
1819 1879 2093 1934 Dominum

507 1965 687 2022 Iesum
713 1969 987 2040 Christum,
1016 1980 1063 2024 et
1099 1971 1264 2025 carnis
1288 1989 1458 2025 curam
1483 1988 1546 2026 ne
1573 1972 1788 2043 feceritis
1819 1973 1874 2027 in
1910 1989 2093 2039 concu-

513 2059 768 2128 piscentiis
801 2061 974 2131 (Rom.
1008 2077 1122 2126 xm,
1149 2063 1235 2128 15,
1265 2061 1374 2129 Η).

581 2150 634 2201 5.
674 2149 870 2216 [lorum
897 2167 1024 2222 ergo
1067 2153 1246 2217 trium,
1292 2154 1482 2208 cubilia
1513 2163 1568 2210 et
1613 2154 1956 2226 impudicitia:
1987 2164 2092 2209 tam

509 2255 762 2310 magnum
788 2242 990 2296 crimen
1023 2253 1293 2311 putantur,
1322 2253 1380 2298 ut
1404 2261 1560 2300 nemo
1581 2245 1770 2317 dignus
1799 2262 1905 2302 non
1933 2247 2093 2302 modo

507 2331 866 2389 ecclesiastico
893 2334 1205 2401 ministerio,
1244 2335 1335 2390 sed
1383 2337 1493 2406 ipsa
1539 2338 1696 2394 etiam
1736 2347 2094 2394 sacramento-

510 2438 629 2476 rum
659 2424 1030 2482 communione
1074 2427 1331 2491 videatur,
1363 2428 1450 2496 qui
1480 2443 1538 2490 se
1581 2430 1683 2483 isto
1719 2439 1936 2500 peccato
1981 2447 2095 2485 ma-

507 2513 707 2568 culavit
733 2516 753 2545 ³
803 2532 816 2568 :
860 2525 913 2572 et
957 2525 1103 2572 recte
1149 2519 1386 2571 omnino.
1432 2518 1536 2573 Sed
1563 2535 1727 2589 quare
1757 2523 1962 2577 solum?
1992 2524 2088 2591 (Ioc,

510 2605 866 2664 messationes
893 2607 1036 2660 enim
1066 2618 1120 2661 ct
1153 2609 1438 2664 ebrietates
1467 2610 1537 2666 ita
1563 2625 1833 2666 concessa:
1860 2622 1914 2667 et
1941 2614 2095 2669 licita:

507 2704 778 2764 putantur,
811 2705 870 2750 ut
903 2697 954 2750 in
1002 2697 1258 2753 honorem
1292 2701 1452 2754 etiam
1495 2701 1922 2757 beatissimorum
1949 2719 2096 2759 mar-

510 2796 704 2856 tyrum,
736 2804 840 2842 non
889 2789 1057 2843 solum
1111 2807 1204 2861 per
1240 2792 1354 2847 dies
1398 2793 1664 2849 solemnes
1714 2794 1875 2865 (quod
1923 2795 2093 2865 ipsum

507 2880 626 2949 quis
655 2897 758 2934 non
784 2882 1065 2952 lugendum
1085 2884 1278 2952 videat,
1308 2885 1397 2955 qui
1422 2885 1537 2952 haec
1560 2903 1662 2939 non
1682 2889 1857 2942 carnis
1893 2887 2094 2943 ’oculis

509 2969 768 3041 ittSpicit),
790 2973 882 3026 sed
903 2974 1060 3027 etiam
1082 2975 1314 3044 quotidie
1331 2976 1687 3030 celebrentur.
1705 2979 1832 3046 Qua:
1854 2977 2095 3033 fmditas‘

511 3061 556 3114 si
585 3070 784 3116 tantum
814 3063 1069 3134 ﬂagitiosa
1101 3074 1154 3120 et
1179 3082 1284 3120 non
1309 3069 1470 3122 etiam
1501 3070 1757 3139 sacrilega
1788 3071 2094 3143 esset,qui-

507 3152 834 3224 buscumque
867 3157 1160 3211 tolerantia:
1204 3157 1403 3216 viribus
1433 3160 1841 3214 sustentandam
1882 3170 2094 3230 putare-

513 3258 649 3298 mus.
688 3245 998 3316 Quanquam
1042 3247 1131 3302 ttbi
1158 3258 1240 3302 est
1266 3249 1419 3316 illud,
1453 3250 1592 3319 quod
1619 3267 1737 3305 cum
1779 3253 1942 3308 multa
1970 3255 2094 3310 vitia

511 3345 877 3389 enumerasset
923 3336 1060 3399 idem
1089 3341 1381 3407 apostolus,
1415 3341 1552 3395 inter
1578 3357 1695 3411 qua:
1722 3343 1896 3412 posuit
1923 3346 2097 3400 ebrio-

507 3440 618 3491 sos,
666 3424 735 3480 ita
775 3427 1056 3498 conclusit,
1088 3438 1144 3483 ut
1183 3431 1382 3485 diceret
1409 3447 1529 3486 cum
1559 3434 1748 3489 talibus
1779 3451 1878 3491 nec
1905 3453 2095 3506 panem

511 3516 695 3570 edere?
721 3517 762 3588 (l
789 3519 906 3572 Cor.
939 3536 993 3584 v,
1031 3520 1256 3592 ll).Sed
1286 3521 1519 3578 feramus
1547 3524 1659 3579 haec
1681 3527 1731 3579 in
1759 3527 1881 3582 luxu
1905 3539 1957 3583 et
1979 3530 2097 3585 labe

509 3605 825 3676 domestica,
857 3620 911 3664 et
933 3614 1500 3672 eorum-conviviorum
1525 3630 1644 3684 qua:
1671 3617 1892 3686 privatis
1920 3621 2096 3688 parie-

511 3697 652 3752 tibus
701 3701 1044 3756 continentur
1075 3743 1091 3769 ,
1142 3705 1570 3776 accipiamusque
1622 3721 1742 3761 cum
1785 3707 1864 3762 eis
1905 3725 2098 3780 corpus

511 3788 732 3856 (lln-isti,
754 3807 875 3844 cum
896 3793 1086 3866 quibus
1114 3809 1302 3863 panem
1329 3795 1488 3851 edere
1514 3797 1889 3866 prohibemur;
1910 3802 2097 3861 saltem

508 3879 579 3936 de
622 3894 925 3938 sanctorum
969 3900 1251 3954 corporum
1295 3887 1572 3957 sepulcris,
1624 3889 1809 3944 saltem
1853 3891 1920 3946 de
1966 3892 2100 3948 locis

510 3983 984 4039 sacramentorum,
1016 3975 1084 4031 de
1131 3977 1375 4032 domibus
1423 3980 1720 4034 orationum
1762 3990 1962 4037 tantum
2002 3983 2099 4040 dc-

512 4064 672 4116 dccus
722 4076 982 4119 arceatur.
1035 4066 1166 4133 Quis
1218 4068 1359 4126 enim
1411 4068 1576 4124 audet
1615 4079 1794 4126 vetare
1833 4073 2097 4141 privatim,

512 4155 653 4222 quod
695 4171 813 4209 emn
847 4158 1209 4228 frequentatur
1239 4160 1290 4214 in
1336 4162 1534 4216 sanctis
1578 4163 1725 4230 locis,
1761 4163 1931 4220 honor
1960 4179 2102 4219 mar-

513 4255 690 4316 tyrant
724 4249 1052 4305 nominatur?

587 4338 641 4390 4.
686 4339 809 4392 ιΙαιο
839 4340 882 4393 si
927 4341 1096 4409 prima
1127 4342 1302 4397 Africa
1331 4353 1556 4400 tentaret
1583 4345 1794 4402 auferre
1835 4362 1864 4402 a
1893 4350 2102 4406 exteris

515 4428 691 4490 terris,
727 4428 1018 4484 imitatione
1056 4432 1212 4502 digna
1240 4448 1358 4490 esse
1399 4436 1621 4492 deberet
1665 4456 1677 4491 :
1723 4455 1844 4494 cum
1887 4457 2014 4496 vero
2048 4450 2102 4497 et

518 4531 615 4585 per
647 4517 807 4571 Italia:
832 4521 1116 4575 maximam
1154 4533 1380 4592 partem,
1419 4535 1474 4585 et
1508 4527 1560 4582 in
1597 4527 1714 4582 aliis
1741 4531 1987 4587 omnibus
2011 4540 2103 4587 aut

519 4623 683 4678 prope
719 4612 971 4667 omnibus
1018 4615 1385 4672 transmarinis
1433 4617 1704 4684 Ecclesiis,
1749 4622 1939 4690 partim
1979 4625 2101 4694 quia

519 4717 785 4773 nunquam
819 4703 952 4760 facta
980 4715 1122 4770 sunt,
1155 4710 1344 4779 partim
1372 4711 1494 4781 quia
1525 4711 1606 4766 vel
1645 4721 1760 4766 orta
1790 4714 1871 4767 vel
1896 4714 2100 4772 invete-

518 4804 650 4858 rata,
684 4805 986 4853 sanctorum
1030 4807 1086 4855 ct
1128 4815 1254 4856 vere
1287 4801 1355 4856 de
1396 4803 1502 4857 vita
1541 4801 1712 4858 futura
1758 4804 2101 4876 cogitantium

519 4888 888 4958 episcoliorum
919 4889 1187 4964 diligentia
1241 4901 1297 4948 et
1341 4895 1800 4952 animadversione
1841 4899 2101 4956 exstincta

519 4991 676 5050 atque
702 4981 873 5036 deleta
902 4983 1025 5049 sint,
1059 4983 1362 5040 dubitamus
1392 4987 1658 5056 quomodo
1683 5003 1960 5058 possumus
1988 4999 2103 5044 tan-

521 5079 627 5125 tam
654 5087 858 5126 morum
895 5073 1087 5139 labem,
1115 5075 1197 5129 vel
1232 5079 1504 5146 pr0posito
1544 5085 1650 5132 tam
1687 5079 1791 5134 late
1813 5081 1834 5111 '
1855 5082 2103 5152 exemplo

521 5163 843 5218 emendare?
875 5164 941 5219 Et
969 5180 1068 5221 nos
1092 5165 1305 5236 quidem
1337 5167 1543 5222 illarum
1578 5171 1804 5240 partium
1833 5171 2103 5229 hominem

522 5253 779 5310 habemus
819 5257 1161 5327 episcopum,
1210 5259 1350 5316 unde
1393 5275 1614 5332 magnas
1664 5263 1870 5334 agimus
1907 5264 2103 5336 gratias

582 5430 600 5461 ι
625 5436 733 5501 Itss.
763 5431 962 5501 plures,
993 5430 1298 5501 consiliorimz
1331 5432 1472 5501 grati
1500 5449 1618 5488 esse.
1657 5438 1776 5499 Alii,
1801 5437 2106 5490 consilionon

517 5495 767 5558 grariwte.
791 5501 928 5545 Forte
953 5495 1235 5558 legendum,
1252 5495 1578 5558 conditorum.

582 5555 602 5618 ξ
627 5561 732 5604 Mss.
755 5565 978 5618 quatuor,
1001 5555 1326 5608 ittaculavcrit.
1354 5565 1500 5609 Bene.

579 5615 602 5646 ³
618 5621 745 5675 Mss,
765 5615 964 5669 carneis.

579 5675 601 5748 ξ
629 5683 757 5748 ηδε..
777 5692 919 5748 quqm
941 5681 1220 5748 [tarditatem
1245 5689 1482 5747 congrue.

581 5739 602 5771 ι
626 5740 698 5790 sic
719 5739 823 5792 Mss.
851 5739 978 5803 [ιαίο
992 5747 1028 5808 ].

2198 420 2306 474 Deo
2337 439 2350 471 :
2378 437 2681 493 quanquam
2716 423 2832 493 ejus
2875 424 3146 480 modestia:
3196 431 3354 495 atque
3401 426 3630 483 lenitatis
3673 443 3777 496 est,

2195 510 2312 578 ejus
2341 511 2568 581 denique
2613 512 2905 582 prudentia:
2932 525 2986 570 et
3027 517 3394 572 sollicitudinis
3430 517 3484 572 in
3530 519 3777 586 Domino,

2196 610 2251 654 ut
2275 602 2483 656 etiamsi
2513 604 2636 658 Afer
2655 613 2816 672 esset,
2844 606 2954 660 cito
2984 607 3057 661 illi
3086 607 3154 662 de
3174 607 3461 677 Scripturis
3487 611 3781 679 persuade-

2193 701 2341 746 retur
2365 693 2677 758 curandum,
2711 695 2849 764 quod
2877 697 3150 751 licentiosa
3192 705 3246 752 et
3273 698 3410 752 male
3446 697 3610 753 libera
3652 715 3783 755 con-

2193 783 2417 837 suetudo
2439 785 2626 839 vulnus
2655 785 2860 842 inﬂixit.
2890 787 2995 843 Sed
3023 797 3167 842 tanta
3192 790 3487 859 pestilentia
3510 800 3592 846 est
3615 791 3776 862 hujus

2193 876 2340 941 mali,
2369 887 2426 930 ut
2454 879 2628 932 sanari
2672 894 2908 948 prorsus,
2942 889 3195 950 quantum
3235 881 3366 935 mihi
3413 880 3639 949 videtur,
3669 883 3773 937 nisi

2193 968 2401 1028 concilii
2427 969 2737 1024 auctoritate
2782 985 2886 1024 non
2919 971 3104 1040 possit.
3131 971 3237 1025 Ant
3260 971 3304 1025 si
3333 971 3399 1025 ab
3429 987 3531 1026 uita
3551 971 3782 1034 ecclesia

2195 1055 2486 1118 inchoanda
2517 1066 2598 1112 est
2623 1059 2918 1124 medicina;
2951 1061 3087 1115 sicut
3126 1060 3336 1115 videtur
3372 1061 3626 1126 audacia:,
3657 1077 3784 1116 mu.

2197 1159 2310 1213 tare
2338 1152 2517 1207 conari
2547 1152 2686 1222 quod
2726 1153 3158 1224 Carthaginensis
3205 1154 3441 1208 Ecclesia
3491 1161 3660 1220 tenet,
3700 1154 3782 1209 sic

2195 1255 2398 1310 magna:
2431 1242 2770 1310 impudentia:
2799 1253 2900 1310 est,
2929 1245 3068 1299 vcllc
3093 1259 3308 1300 servare
3341 1259 3461 1314 qua:
3503 1244 3784 1313 Carthagi-

2195 1333 2376 1401 nensis
2420 1332 2657 1405 Ecclesia
2703 1336 2954 1389 correxit.
3002 1334 3084 1389 Ad
3127 1334 3266 1390 hanc
3307 1345 3482 1390 autem
3519 1351 3632 1390 rem
3661 1337 3786 1405 quis

2193 1423 2328 1477 alius
2353 1425 2632 1493 episcopus
2651 1433 2794 1480 esset
2816 1425 3099 1495 Optandus,
3124 1425 3228 1482 nisi
3251 1425 3340 1496 qui
3362 1439 3424 1480 ea
3440 1423 3786 1496 diaconus(a)

2194 1513 2478 1578 exsecraba
2490 1524 2573 1567 tur
2598 1513 2628 1568 ?v

2266 1606 2321 1660 5.
2359 1605 2460 1659 Sed
2491 1605 2634 1676 quod
2665 1615 2780 1670 erat
2807 1616 2931 1671 tunc
2960 1607 3244 1675 dolendum
3271 1622 3412 1662 nunc
3436 1605 3787 1662 auferendum

2194 1705 2303 1760 est;
2335 1713 2438 1750 non
2481 1713 2690 1767 aspere,
2721 1698 2815 1752 sed
2845 1699 2982 1752 sicut
3009 1701 3260 1768 scriptum
3291 1709 3392 1765 est,
3420 1699 3472 1751 in
3497 1699 3676 1769 spiritu
3699 1698 3786 1752 le.

2195 1788 2369 1842 nitatis
2389 1798 2434 1841 et
2458 1789 2853 1843 mansuetudinis
2881 1788 3021 1861 (Gal.
3063 1806 3138 1858 vr,
3184 1789 3259 1858 1).
3296 1790 3429 1843 Dant
3469 1789 3612 1844 enim
3642 1787 3781 1844 mihi

2195 1877 2438 1933 fiduciam
2465 1879 2652 1934 littera:
2681 1888 2781 1933 tua:
2811 1880 3009 1936 indices
3038 1879 3458 1950 germanissima:
3478 1878 3783 1944 charitatis,

2196 1980 2254 2032 ut
2281 1979 2454 2045 tecum
2486 1979 2735 2053 tanquam
2762 1987 2969 2027 mecum
2991 1971 3212 2026 audeam
3237 1971 3486 2040 colloqui.
3518 1969 3632 2026 Non
3654 1983 3794 2040 ergo

2195 2079 2403 2135 aspere,
2424 2073 2677 2133 quantum
2703 2065 2972 2132 existimo,
2991 2080 3106 2139 non
3128 2063 3351 2127 duriter,
3377 2079 3481 2117 non
3500 2061 3657 2116 modo
3679 2063 3788 2116 im-

2196 2157 2408 2224 perioso
2431 2155 2528 2210 ista
2559 2155 2843 2224 tolluntur;
2877 2155 3043 2222 magis
3070 2154 3312 2210 docendo
3343 2169 3499 2224 quam
3523 2151 3787 2222 iubendo,

2198 2245 2366 2314 magis
2410 2245 2676 2300 monendo
2717 2261 2875 2315 quam
2920 2245 3188 2300 minando.
3221 2245 3307 2301 Sic
3338 2245 3478 2300 enim
3520 2243 3792 2314 agendum

2197 2346 2274 2391 est
2299 2352 2417 2390 eum
2441 2337 2804 2392 multitudine:
2828 2339 3082 2392 severitas
3101 2346 3275 2396 autem
3301 2335 3595 2391 exercenda
3621 2345 3705 2390 est
3729 2335 3792 2396 in

2199 2435 2410 2496 peccata
2439 2442 2747 2496 paucorum.
2783 2428 2848 2481 Et
2890 2428 2935 2482 si
2979 2427 3426 2501 quid-minamur,
3453 2441 3573 2482 cum
3598 2426 3790 2481 dolore

2199 2517 2308 2580 iiat,
2340 2517 2406 2570 de
2435 2517 2720 2586 Scripturis
2747 2517 3122 2572 comminando
3148 2518 3432 2572 vindictam
3463 2517 3691 2571 futuram
3717 2534 3790 2572 ne

2199 2621 2295 2658 nos
2323 2606 2420 2674 ipsi
2452 2607 2506 2670 in
2535 2617 2712 2660 nostra
2759 2616 3038 2677 potestate,
3073 2608 3167 2664 scd
3200 2609 3338 2663 Deus
3369 2609 3420 2662 in
3451 2617 3634 2662 nostro
3665 2623 3789 2663 scr-

2199 2711 2356 2750 mone
2387 2697 2632 2752 timeatur
2666 2699 2762 2769 (b).
2792 2699 2866 2752 ita
2908 2700 3055 2770 prius
3096 2700 3450 2763 movebuntur
3479 2700 3789 2769 spirituales

2199 2787 2282 2840 vel
2310 2787 2668 2855 spiritualibus
2711 2781 2958 2858 proximi,
2987 2804 3212 2860 quorum
3254 2791 3587 2858 auctoritate,
3626 2799 3683 2846 et
3710 2791 3792 2846 lc-

2199 2878 2432 2933 nissimis
2452 2879 2664 2949 quidem
2684 2879 2776 2934 sed
2799 2879 3198 2936 instantissimis
3215 2880 3664 2946 admonitionibus
3680 2895 3790 2937 etc?

2201 2979 2314 3041 tera
2341 2971 2618 3026 multitudo
2643 2972 2933 3042 frangatur.

2270 3063 2323 3116 6.
2363 3062 2466 3130 Sed
2513 3065 2758 3133 quoniam
2804 3065 2918 3118 ista:
2963 3064 3031 3122 in,
3061 3062 3401 3130 cmmeteriis‘
3420 3061 3706 3118 ebrietates
3729 3073 3794 3121 et

2199 3153 2465 3208 luxuriosa
2501 3155 2762 3221 convivia,
2795 3170 2899 3209 non
2941 3153 3113 3208 solum
3161 3153 3393 3208 honores
3423 3165 3715 3224 martyrum
3754 3170 3789 3210 a

2199 3245 2397 3299 carnali
2424 3254 2477 3298 et
2503 3246 2741 3316 imperita
2769 3245 2922 3314 plebe
2945 3245 3088 3299 credi
3113 3245 3306 3310 Solent,
3331 3244 3426 3299 sed
3455 3245 3613 3299 etiam
3640 3246 3790 3309 sola,-

2200 3336 2270 3390 tia
2302 3346 2660 3401 mortuorum;
2701 3336 2830 3390 mihi
2855 3335 3063 3396 videtur
3092 3335 3294 3389 facilius
3321 3335 3462 3388 illic‘
3487 3333 3791 3390 dissuaderi

2201 3441 2357 3495 posse
2380 3427 2533 3480 istam
2562 3425 2851 3480 fmditatem
2881 3441 2942 3480 ac
2965 3425 3376 3494 turpitudinem,
3395 3425 3438 3480 si
3467 3433 3519 3478 et
3544 3424 3612 3480 de
3636 3423 3792 3480 Seri-

2201 3517 2371 3587 pturis
2402 3518 2764 3587 prohibeatur,
2811 3528 2863 3572 et
2893 3517 3188 3572 oblationes
3229 3532 3324 3586 pro
3353 3516 3628 3586 spiritibus
3655 3518 3792 3573 dor-

2200 3611 2497 3678 mientium,
2523 3627 2652 3680 quas
2679 3626 2804 3665 vere
2829 3611 3029 3680 aliquid
3056 3610 3307 3679 adjuvare
3329 3609 3650 3664 credendum
3675 3619 3788 3676 est.

2201 3716 2362 3771 super
2413 3702 2555 3771 ipsas
2601 3701 2886 3759 memorias
2933 3717 3038 3754 non
3087 3701 3194 3755 sint
3239 3709 3581 3770 sumptuosae,
3629 3708 3792 3771 atque

2201 3792 2446 3852 omnibus
2460 3792 2758 3862 petentibus
2773 3793 2888 3848 sine
2906 3791 3070 3864 typho
3087 3794 3128 3856 ',
3145 3799 3337 3847 etcum
3357 3791 3629 3847 alacritate
3649 3807 3794 3862 pra:-

2201 3882 2458 3938 beantur‘:
2483 3899 2654 3954 neque
2679 3883 3002 3948 vendantur;
3040 3883 3134 3938 sed
3165 3883 3209 3938 si
3238 3883 3378 3954 quis,
3407 3898 3502 3954 pro
3530 3882 3792 3953 religione

2201 3975 2399 4045 aliquid
2421 3975 2660 4046 pecuniae
2687 3975 2881 4030 olIerre
2909 3974 3156 4040 voluerit,
3184 3974 3238 4028 in
3266 3974 3515 4043 prmsenti
3541 3975 3795 4044 pauperi-

2203 4067 2302 4122 bus
2329 4067 2565 4137 eroget‘.
2597 4066 2672 4121 ita
2718 4081 2818 4122 nec
2855 4067 3106 4122 deserere
3148 4066 3463 4122 videbuntur
3503 4068 3806 4127 memorias.

2203 4173 2444 4225 suorum,
2471 4157 2612 4229 quod
2642 4165 2816 4228 potest
2838 4158 3055 4229 gignere
3081 4174 3187 4218 non
3217 4158 3387 4213 levem
3419 4159 3596 4212 cordis
3634 4158 3794 4210 dolo-

2203 4264 2342 4316 rem,
2371 4259 2425 4304 ct
2451 4249 2502 4304 id
2531 4249 2888 4305 celebrabitur
2911 4249 2966 4304 in
2994 4249 3230 4306 Ecclesia
3257 4248 3398 4319 quod
3427 4250 3509 4318 pic
3537 4257 3592 4301 et
3622 4247 3791 4300 hone-

2203 4351 2286 4398 stc
2315 4341 2629 4397 celebratur.
2678 4342 2803 4396 llme
2848 4341 3051 4398 interirr
3098 4341 3166 4396 de
3205 4338 3688 4396 comessationibus
3737 4347 3798 4396 et

2205 4431 2556 4488 ebrietatibus
2581 4431 2720 4487 dicta
2743 4431 2868 4489 sint.

2203 4563 2430 4621 CAPUT
2469 4564 2531 4619 ll.
2553 4595 2626 4605 —
2643 4563 2723 4619 De
2750 4565 3067 4621 contentione
3093 4575 3140 4619 et
3173 4564 3338 4619 laudis
3367 4564 3614 4634 appetitu.
3647 4563 3796 4629 Quo-

2404 4659 2554 4714 modo
2579 4659 2736 4715 honor
2765 4669 2811 4714 et
2841 4659 2956 4714 laus
2983 4659 3015 4712 ὰ
3039 4657 3262 4729 ρτωιαεὶε
3287 4657 3609 4712 assumenda.

2277 4771 2329 4827 7.
2374 4773 2448 4828 De
2467 4772 2808 4828 contentione
2827 4779 3009 4827 autem
3029 4778 3084 4826 et
3101 4769 3225 4825 dolo
3245 4768 3367 4840 quid
3396 4785 3480 4824 me
3503 4769 3693 4824 attinet
3711 4768 3799 4824 di—

2205 4881 2350 4934 cere,
2373 4865 2584 4936 quando
2607 4866 2703 4920 ista
2729 4865 2853 4920 vitia
2875 4879 2983 4920 non
3008 4863 3060 4918 in
3083 4863 3256 4934 plebe,
3286 4862 3379 4918 sed
3406 4863 3456 4917 in
3485 4871 3667 4917 nostro
3688 4879 3796 4917 nu-

2205 4974 2357 5016 mero
2383 4959 2624 5030 graviora
2658 4958 2812 5012 sunt?
2841 4955 3042 5016 [lorum
3069 4964 3249 5010 autem
3287 4954 3595 5009 morborum
3625 4965 3801 5012 mater

2207 5050 2454 5122 superbia
2479 5059 2580 5117 est,
2612 5058 2668 5106 et
2711 5049 2956 5103 humana:
2996 5047 3171 5102 laudis
3211 5047 3454 5114 aviditas,
3487 5062 3605 5117 qua:
3634 5047 3800 5102 etiam

2208 5140 2531 5214 hypocrisim
2553 5153 2696 5210 sa:pe
2721 5145 2959 5208 generat.
2980 5136 3113 5193 Huic
3130 5153 3234 5192 non
3254 5137 3537 5203 resistitur,
3565 5137 3664 5192 nisi
3681 5152 3802 5192 crc-

2273 5316 2289 5346 ι
2314 5319 2423 5363 Mss.
2455 5317 2668 5373 septem,
2689 5307 2806 5362 illis.
2835 5307 2941 5372 Alii,
2963 5306 3084 5361 illic.

2272 5377 2294 5409 ι
2316 5381 2399 5424 Ms.
2425 5374 2526 5436 ψη
2550 5376 2686 5436 typo.

2273 5438 2423 5500 ἕως.
2445 5433 2958 5500 ὐιιρίέτορεζυτψιὶἱ,
2978 5437 3158 5500 eroget,
3219 5493 3229 5500 _
3376 5493 3388 5500 _
3863 5463 3868 5466 -

2274 5498 2358 5610 ((2)
2379 5493 2600 5546 Aurelius
2630 5493 3019 5562 Ca'rthaginensis
3051 5493 3276 5544 Ecclesia:
3310 5493 3568 5566 episcopus
3601 5500 3805 5546 creatus

2274 5570 2291 5610 t
2357 5568 2433 5610 rte
2456 5572 2535 5607 an.
2558 5559 2670 5610 591.
2693 5568 2830 5609 certe
2853 5571 2949 5608 non
2971 5565 3085 5607 ante
3107 5557 3227 5610 500;
3249 5568 3430 5610 quippe
3452 5555 3543 5604 hoc
3563 5567 3691 5604 anno
3711 5569 3803 5605 an-

2213 5555 2291 5613 est
2311 5555 2433 5610 torte
2452 5572 2536 5626 an:
2558 5559 2670 5619 591,
2693 5555 2838 5626 certe
2853 5571 2949 5608 non
2971 5565 3085 5626 ante
3107 5557 3227 5616 390;
3249 5555 3430 5626 quippe
3452 5555 3543 5626 hoc
3563 5567 3803 5626 annoan-

2211 5632 2426 5693 teeessor
2449 5617 3109 5693 ipsiusﬁenethliusprmfuit
3129 5617 3649 5693 eone.’ca!nti'tagmertsi
3674 5623 3725 5666 tl.
3746 5625 3804 5670 At

2211 5685 2312 5749 sub
2328 5679 2758 5749 amotio-habitum
2785 5690 2862 5732 est
2882 5679 3210 5749 ttipponense,
3233 5679 3441 5749 ametis.

2274 5746 2346 5810 (ὁ)
2370 5753 2436 5797 Ita
2458 5745 2633 5809 seipse
2657 5753 2811 5809 gessrt
2836 5738 3144 5808 AuguStiuus.
3169 5750 3221 5792 ut
3249 5741 3341 5791 vid.
3370 5741 3418 5790 in
3439 5739 3580 5804 Epist.
3609 5738 3689 5790 29.
