4080 6346
236 372 312 427 93
997 423 1000 425 ἓ
1466 348 1828 407 ertsroma

1934 347 1940 401 l
1979 345 2253 406 CLASSIS
2291 349 2332 404 l.
3439 357 3510 416 94

238 483 354 539 bris
381 481 682 536 divinorum
711 475 988 532 Librorum
1011 469 1326 527 teStimoniis
1359 467 1639 522 incutiatur
1661 465 1820 520 timor

239 586 297 632 et
324 572 561 628 Charitas
593 570 719 624 Dei:
748 569 792 622 si
821 575 996 620 tamen
1042 563 1128 618 ille
1171 561 1264 630 qui
1306 561 1406 613 hoc
1435 558 1561 636 agit,
1589 557 1822 624 seipsum

239 664 476 736 praebeat
495 661 766 732 patientia:
785 667 942 728 atque
968 653 1277 710 humilitatis
1294 650 1620 719 exemplum,
1647 649 1825 704 minus

239 755 342 811 sibi
367 754 693 808 assumendo
718 765 877 820 quam
921 747 1171 807 offertur;
1212 743 1303 800 sed
1334 750 1511 797 tamen
1537 741 1605 794 ab
1633 739 1708 793 eis
1734 737 1825 808 qui

238 864 300 904 se
317 847 590 914 honorant
608 859 708 898 nec
729 851 894 904 totum
921 854 1020 894 nec
1040 837 1170 902 nihil
1188 833 1516 904 accipiendo,
1538 839 1594 885 et
1611 830 1663 898 id
1683 828 1824 900 quod

236 940 500 1007 accipitur
522 937 692 992 laudis
721 944 811 988 aut
835 932 1072 996 honoris,
1104 944 1207 984 non
1239 935 1452 997 propter
1480 939 1538 979 se
1563 924 1659 994 qui
1683 929 1824 976 totus

236 1047 422 1091 coram
454 1032 713 1086 Deo'esse
741 1027 900 1082 debet
942 1032 998 1080 et
1038 1023 1265 1084 lmntana
1313 1027 1676 1087 contemnere,
1725 1012 1824 1083 sed

236 1133 461 1193 prepter
482 1122 602 1185 illos
629 1119 917 1188 accipiatur
946 1115 1135 1185 quibus
1159 1111 1438 1168 consulere
1480 1125 1582 1162 non
1625 1116 1819 1178 potest,

236 1221 283 1275 si
309 1219 471 1276 nimia
498 1216 794 1287 dejectione
814 1213 1050 1266 vilescat.
1073 1208 1150 1263 Ad
1169 1209 1268 1262 hoc
1282 1207 1423 1262 enim
1445 1203 1668 1274 pertinet
1682 1201 1823 1272 quod

235 1312 440 1379 dictum
468 1318 574 1374 est,
607 1306 769 1366 Nanto
786 1306 1098 1377 juventutem
1124 1309 1260 1354 tuam
1288 1305 1570 1351 contemnat
1602 1291 1652 1366 (I
1690 1293 1818 1346 Tim.

237 1418 311 1465 tv,
342 1402 464 1470 12);
488 1416 610 1454 cum
641 1398 742 1452 hoc
771 1397 857 1451 ille
886 1395 1100 1456 dixerit,
1130 1395 1218 1461 qui
1247 1389 1352 1446 alio
1383 1388 1498 1441 loco
1523 1387 1626 1440 ait:
1656 1383 1713 1438 Si
1740 1383 1828 1436 lio-

236 1492 458 1544 minibus
486 1489 685 1560 placere
711 1487 907 1551 vellent,
934 1483 1118 1538 Christi
1155 1495 1323 1535 servus
1353 1494 1454 1531 non
1484 1491 1636 1531 essem
1680 1472 1820 1544 (Gal.

236 1596 274 1656 ι,
305 1580 416 1660 ιο).

306 1694 360 1746 8.
404 1690 651 1760 Magnum
681 1697 764 1743 est
793 1687 860 1742 de
891 1683 1179 1740 honoribus
1199 1691 1254 1738 et
1281 1680 1520 1736 laudibus
1550 1676 1822 1732 hominum

237 1797 342 1836 non
374 1781 566 1844 lactari,
595 1779 687 1832 sed
704 1789 760 1832 et
775 1792 986 1832 omnem
1005 1789 1252 1844 pompam
1275 1773 1484 1826 inanem
1509 1766 1820 1838 prmeidere,

238 1881 294 1930 et
313 1873 357 1926 si
385 1871 514 1942 quid
541 1870 662 1924 inde
685 1867 1042 1936 necessarium
1063 1867 1337 1930 retinetur,
1361 1862 1410 1916 id
1435 1869 1602 1916 totum
1627 1861 1694 1913 ad
1719 1860 1821 1913 uti-

236 1962 441 2016 litatem
485 1958 856 2014 honorantium
885 1957 1212 2025 salutemque
1241 1954 1504 2008 conferre.
1536 1952 1649 2007 Non
1679 1951 1824 2005 enim

238 2053 432 2119 frustra
460 2051 661 2105 dictum
687 2057 771 2103 est
794 2066 808 2102 :
833 2045 969 2100 Deus
996 2046 1276 2118 confringet
1300 2060 1414 2098 ωλι
1435 2043 1691 2098 hominum
1707 2041 1825 2126 pla-

237 2158 346 2196 cere
362 2141 632 2196 volentium
651 2139 822 2212 (Paul.
846 2154 934 2203 LII,
958 2135 1033 2209 6).
1053 2136 1189 2204 Quid
1207 2135 1345 2190 enim
1363 2133 1679 2204 languidius,
1698 2131 1824 2202 quid

239 2245 345 2287 tam
386 2232 506 2296 sine
546 2231 830 2286 stabilitate
867 2243 929 2283 ac
954 2227 1281 2292 fortitudine,
1309 2225 1448 2296 quod
1478 2239 1598 2280 ossa
1625 2223 1826 2294 signifi-

239 2333 382 2389 cant,
416 2337 574 2392 quam
606 2320 768 2382 homo
795 2334 950 2389 quem
981 2317 1118 2391 male
1147 2317 1471 2387 loquentium
1516 2313 1693 2386 lingua
1727 2313 1824 2374 de-

238 2417 437 2484 bilitat,
467 2432 588 2472 cum
630 2416 762 2470 sciat
789 2415 914 2468 falsa
945 2429 1065 2468 esse
1090 2429 1207 2482 quae
1232 2411 1532 2468 edicuntur?
1561 2410 1721 2480 Cujus
1750 2409 1826 2471 rei

239 2512 394 2566 dolor
441 2511 590 2564 nullo
634 2509 791 2564 modo
829 2508 1019 2562 animze
1051 2507 1258 2561 viscera
1301 2505 1598 2571 dilaniaret,
1629 2504 1674 2558 si
1717 2518 1826 2558 non

237 2617 393 2656 amor
419 2601 592 2654 laudis
618 2615 737 2654 ossa
767 2598 881 2669 ejus
919 2596 1296 2667 confringeret.
1335 2596 1604 2650 PTSPSIIHIO
1638 2599 1705 2654 de
1739 2609 1828 2649 ro-

239 2693 371 2753 bore
400 2693 564 2746 auimi
610 2692 682 2744 tui
704 2709 718 2745 :
742 2691 916 2762 itaque
941 2689 1042 2758 ista
1067 2703 1182 2758 qua:
1213 2697 1387 2742 tecum
1431 2685 1668 2754 confero,
1697 2685 1826 2754 mihi

239 2785 387 2847 dico;
414 2782 650 2853 dignaris
672 2793 868 2847 tamen,
891 2780 1072 2845 credo,
1090 2795 1296 2834 mecum
1315 2778 1653 2833 considerare
1669 2792 1827 2846 quam

238 2877 346 2930 sint
375 2876 578 2945 gravia,
608 2890 765 2943 quam
793 2873 1043 2941 dillicilia.
1071 2870 1185 2928 Non
1211 2871 1352 2926 enim
1382 2869 1537 2940 hujus
1557 2869 1726 2924 hostis
1748 2869 1828 2924 vi-

240 2983 326 3038 res
356 2968 542 3035 sentit,
578 2967 678 3022 nisi
710 2967 797 3035 qui
834 2966 882 3019 ci
928 2965 1121 3020 bellum
1152 2963 1428 3032 indixerit;
1459 2963 1580 3033 quia
1621 2963 1664 3016 si
1712 2963 1830 3026 cui-

240 3073 399 3129 quam
430 3058 584 3112 facile
613 3067 694 3112 est
723 3057 876 3118 laude
903 3071 1085 3110 carere
1115 3056 1240 3114 dum
1268 3054 1574 3124 denegatur,
1617 3053 1831 3108 difficile

241 3134 323 3206 est
367 3167 432 3205 ea
474 3166 579 3205 non
622 3150 875 3222 delectari
917 3163 1036 3215 cum
1077 3148 1330 3215 offertur;
1370 3157 1426 3203 et
1464 3158 1638 3202 tamen
1686 3155 1830 3216 tanta

240 3245 437 3297 mentis
465 3243 519 3296 in
551 3244 720 3297 Deum
750 3241 908 3302 debet
931 3256 1052 3297 esse
1091 3241 1390 3314 suspensio,
1418 3251 1473 3295 ut
1498 3241 1542 3295 si
1569 3256 1675 3294 non
1714 3254 1830 3294 me-

241 3338 346 3398 rito
375 3337 677 3403 laudemur,
705 3337 1032 3406 corrigamus
1051 3349 1144 3389 eos
1163 3349 1296 3405 quos
1322 3348 1628 3404 possumus;
1655 3350 1720 3388 ne
1740 3349 1830 3387 aro

242 3431 509 3484 bitrentur
535 3439 624 3483 aut
652 3431 704 3483 in
731 3428 883 3483 nobis
907 3442 1027 3482 esse
1052 3427 1192 3498 quod
1219 3441 1322 3482 non
1343 3436 1445 3493 est,
1477 3435 1569 3480 aut
1592 3435 1828 3481 nostrum

243 3539 362 3577 esse
405 3523 546 3592 quod
579 3521 671 3577 Dei
697 3529 799 3588 est,
827 3530 918 3576 aut
945 3536 1007 3576 ea
1037 3520 1255 3580 laudent
1295 3535 1413 3590 quin
1441 3520 1680 3590 quamvis
1724 3535 1829 3573 non

245 3616 422 3685 desint
451 3615 622 3678 nobis,
653 3623 745 3669 aut
772 3615 932 3668 etiam
960 3613 1251 3684 supersint,
1295 3627 1624 3682 nequaquam
1655 3621 1830 3667 Lamen

243 3717 373 3762 Sunt
414 3706 726 3772 laudabilia;
761 3706 910 3760 velut
935 3713 1058 3760 sunt
1086 3705 1224 3759 bona
1250 3704 1425 3760 omnia
1449 3719 1566 3773 qum
1593 3703 1674 3757 vel
1708 3720 1827 3759 cum

246 3797 530 3866 pecoribus
557 3796 815 3851 habemus
842 3797 1166 3861 communia,
1196 3796 1281 3850 vel
1302 3809 1422 3848 cum
1451 3794 1625 3864 impiis
1655 3793 1831 3848 homi-

246 3889 423 3942 nibus.
453 3889 510 3942 Si
536 3898 712 3942 autem
745 3889 936 3942 merito
959 3887 1234 3942 laudamur
1261 3896 1475 3956 propter
1502 3887 1686 3950 Deum,
1712 3901 1833 3956 gra-

249 3983 479 4036 tulemur
514 3979 592 4046 eis
621 3981 812 4050 quibus
841 3980 1013 4050 placet
1053 3995 1234 4035 verum
1263 3979 1491 4045 bonum;
1525 3994 1628 4042 non
1655 3988 1830 4034 tamen

246 4089 281 4130 η
300 4075 402 4127 ibis
426 4074 546 4143 quia
579 4075 847 4143 placemus
871 4072 1196 4138 hominibus,
1225 4072 1317 4128 sed
1344 4073 1390 4130 si
1418 4087 1596 4128 coram
1627 4073 1735 4126 Deo
1763 4081 1833 4125 ta-

246 4167 326 4222 les
353 4183 563 4232 sumus,
591 4169 774 4236 quales
800 4183 896 4221 nos
922 4182 1040 4221 esse
1066 4166 1309 4233 credunt,
1356 4175 1410 4220 et
1450 4181 1555 4220 non
1586 4165 1832 4220 tribuitur

249 4258 422 4320 nobis,
450 4257 544 4312 sed
575 4257 703 4320 Deo,
726 4257 876 4326 cujus
901 4257 1038 4312 dona
1065 4267 1186 4312 sunt
1213 4257 1388 4312 omnia
1413 4271 1531 4328 qua:
1567 4273 1691 4312 vere
1722 4274 1833 4313 me-

247 4348 456 4418 ritoque
483 4349 784 4402 laudantur.
816 4350 938 4404 llaze
977 4350 1105 4403 mihi
1134 4351 1246 4420 ipse
1274 4358 1430 4410 canto
1458 4350 1715 4420 quotidie,
1748 4351 1831 4406 vel

249 4443 428 4509 potius
459 4442 548 4496 ille
577 4442 728 4510 cujus
761 4443 1006 4498 salutaria
1030 4453 1290 4512 prmccpta
1323 4451 1464 4505 sunt,
1488 4459 1832 4513 quaecumque

249 4534 360 4588 sive
384 4533 437 4586 in
463 4533 663 4588 divinis
691 4534 1031 4589 Lectionibus
1063 4536 1417 4600 inveniuntur,
1457 4537 1567 4590 sive
1606 4551 1725 4606 qua:
1753 4536 1833 4589 iu-

249 4625 514 4682 trinsccus
538 4625 720 4680 animo
762 4638 1147 4696 suggeruntur;
1187 4636 1241 4681 ct
1286 4636 1458 4682 tamen
1490 4629 1833 4683 vehementer

251 4731 368 4768 cum
397 4716 704 4770 adversario
733 4716 1011 4783 dimicans,
1037 4732 1180 4786 smpe
1211 4717 1278 4770 ab
1311 4732 1376 4772 eo
1415 4718 1628 4773 vulnera
1658 4719 1831 4788 capio,

248 4823 368 4863 cum
397 4807 806 4863 delectationem
852 4808 1042 4863 oblatze
1086 4809 1254 4865 laudis
1301 4809 1429 4866 mihi
1479 4812 1685 4865 auferre
1726 4827 1832 4867 non

249 4913 488 4968 possum.

319 5012 374 5066 9.
419 5011 548 5081 licec
595 5022 873 5084 propterea
904 5016 1108 5086 scripsi,
1144 5024 1200 5070 ut
1223 5017 1266 5071 si
1300 5025 1401 5072 tua:
1430 5017 1701 5074 Sanctitati
1725 5019 1833 5088 jam

250 5118 356 5157 non
388 5111 515 5157 sunt
544 5105 864 5171 necessaria,
890 5106 1002 5161 sive
1030 5106 1174 5178 quod
1203 5107 1350 5177 plura
1393 5107 1690 5178 lmjnsmodi
1721 5110 1838 5180 ipso

251 5195 456 5264 cogites
484 5205 646 5264 atque
675 5197 903 5262 utiliora,
929 5196 1043 5252 sive
1069 5198 1208 5269 quod
1233 5208 1334 5255 tua:
1361 5199 1638 5255 Sanctitati
1664 5203 1834 5257 medi-

251 5283 369 5337 cina
397 5285 498 5339 ista
520 5301 624 5341 non
652 5302 788 5356 opus
811 5288 898 5352 sit,
929 5288 1065 5354 mala
1089 5297 1265 5344 tamen
1296 5306 1411 5344 mea
1440 5300 1563 5345 nota
1593 5292 1696 5346 sint
1720 5292 1835 5360 tibi,

253 5376 497 5447 sciasque
517 5379 657 5434 unde
675 5394 770 5448 pro
786 5396 900 5434 mea
927 5380 1231 5436 inﬁrmitate
1259 5383 1420 5438 Deum
1444 5398 1565 5455 roga
1575 5399 1632 5439 re
1654 5382 1839 5454 digne-

255 5469 362 5522 ris:
388 5471 526 5540 quod
558 5480 615 5524 ut
652 5471 1038 5540 impensissime
1067 5473 1246 5537 facias,
1274 5474 1496 5530 obsecro
1521 5491 1616 5545 per
1654 5474 1838 5531 buma-

257 5560 478 5616 nitatem
511 5562 652 5617 illius
680 5563 768 5633 qui
795 5575 1118 5634 prmceptam
1148 5564 1295 5619 dedit
1324 5575 1380 5618 ut
1409 5565 1634 5622 invicem
1677 5583 1840 5623 onera

262 5661 440 5705 nostra
465 5662 756 5723 portemus.
780 5653 935 5709 Multa
957 5666 1081 5710 sunt
1096 5670 1213 5725 qua:
1233 5655 1299 5710 de
1321 5656 1424 5709 vita
1447 5667 1623 5710 nostra
1644 5666 1696 5710 et
1714 5673 1843 5712 con-

267 5746 565 5809 versatione
590 5745 864 5816 deﬂerem,
896 5763 1012 5818 qua:
1043 5747 1235 5811 nollem
1254 5763 1347 5816 per
1364 5747 1565 5802 litteras
1587 5746 1653 5806 ad
1683 5755 1732 5803 te
1754 5763 1841 5804 ve-

1926 461 2061 525 nire,
2091 462 2134 516 si
2164 462 2300 518 inter
2327 476 2421 518 eor
2450 477 2626 518 meum
2661 470 2718 518 et
2741 477 2832 518 cor
2861 470 3005 519 tuum
3033 465 3136 520 ulla
3155 467 3171 497 ⁸
3199 472 3377 522 essent
3403 470 3507 524 mi-

1926 550 2141 605 nisteria
2168 561 2360 621 prteter
2385 566 2447 606 os
2474 567 2651 606 meum
2685 562 2738 607 et
2761 568 2916 608 aures
2944 564 3080 610 tuas.
3111 556 3167 610 Si
3195 567 3372 612 autem
3407 572 3504 614 ve-

1926 641 2173 707 nerabilis
2201 642 2355 703 nobis
2382 643 2722 713 omniumque
2764 653 3009 699 nostrum
3054 655 3161 702 tota
3203 645 3510 703 sinceritate

1926 732 2288 801 charissimus,
2317 733 2468 804 cujus
2495 735 2548 792 in
2575 743 2628 794 te
2656 751 2779 790 vere
2811 735 3100 792 fraternam
3119 753 3240 792 cum
3271 751 3510 808 presens

1925 837 2099 880 essem
2143 824 2518 894 benignitatem
2559 826 2896 897 studiumque
2925 829 3186 899 perspexi,
3218 844 3382 890 senex,
3407 829 3508 886 Sa-

1929 915 2170 971 turninus
2199 917 2275 988 (α)
2315 916 2566 986 dignatus
2605 917 2779 984 fuerit,
2807 918 3020 988 quando
3044 929 3396 988 opportunum
3423 921 3505 974 vl-

1926 1005 2154 1072 debitur,
2185 1007 2250 1060 ad
2282 1022 2380 1062 nos
2406 1008 2604 1072 venire,
2627 1009 2881 1078 quidquid
2907 1025 3028 1074 cum
3057 1010 3171 1087 ejus
3195 1010 3506 1086 Sanctitate,

1927 1106 1981 1153 et
2009 1099 2264 1166 spirituali
2293 1099 2485 1154 affectu
2510 1100 2741 1169 colloqui
2762 1103 3108 1169 potuerimus,
3136 1113 3226 1157 aut
3251 1103 3401 1169 nihil,
3420 1111 3511 1155 aut

1925 1203 2030 1242 non
2059 1190 2279 1243 multum
2309 1189 2546 1255 distabit,
2568 1205 2630 1244 ac
2651 1191 2694 1244 si
2713 1207 2834 1247 cum
2860 1202 2946 1247 tua
2974 1194 3284 1264 Dignatione
3305 1194 3358 1248 id
3379 1209 3506 1264 age-

1925 1291 2124 1332 remus.
2157 1278 2307 1345 Quod
2338 1287 2394 1333 ut
2431 1279 2705 1334 nobiscum
2731 1281 2798 1335 ab
2835 1297 2900 1337 eo
2927 1292 3107 1352 petere
3135 1292 3294 1354 atque
3336 1284 3508 1353 impe-

1927 1375 2068 1424 trare
2111 1368 2366 1439 digneris,
2400 1370 2558 1424 tantis
2600 1370 2848 1440 precibus
2877 1387 3061 1451 posco,
3093 1374 3304 1442 quantis
3344 1375 3506 1428 verba

1926 1457 2068 1511 nulla
2099 1457 2386 1513 sufficiunt.
2422 1460 2723 1515 Absentiam
2751 1462 2892 1516 enim
2923 1477 3094 1517 meam
3125 1471 3330 1519 tantum
3353 1465 3509 1534 longe

1926 1549 2294 1619 llipponenses
2320 1550 2667 1607 vehementer
2709 1553 2971 1623 nimisque
2999 1552 3305 1620 formidant,
3338 1570 3528 1624 neque

1925 1639 2034 1694 ullo
2063 1640 2220 1694 modo
2243 1641 2368 1695 mihi
2397 1643 2475 1696 sic
2509 1643 2692 1696 volunt
2729 1642 2968 1708 credere,
2997 1653 3055 1698 ut
3091 1653 3146 1699 et
3172 1659 3270 1715 ego
3299 1646 3506 1699 videam

1924 1745 2106 1800 agrum
2137 1747 2293 1801 quem
2321 1734 2341 1764 ³
2369 1732 2622 1802 fratribus
2648 1734 2832 1798 datum
2863 1735 3165 1805 provisione
3195 1745 3249 1790 et
3273 1736 3510 1792 liberali-

1928 1830 2033 1876 tate
2059 1832 2143 1876 tua
2170 1822 2471 1891 didicimus,
2495 1834 2618 1880 ante
2643 1825 2922 1895 epistolam
2950 1835 3113 1893 tuam,
3144 1841 3238 1894 per
3268 1835 3510 1879 sanctum

1926 1913 2142 1971 fratrem
2185 1922 2241 1968 et
2277 1929 2591 1970 conservum
2635 1926 2876 1972 nostrum
2918 1917 3293 1982 Parthenium,
3334 1932 3364 1970 a
3405 1932 3514 1986 quo

1927 2006 2091 2060 multa
2139 2006 2260 2070 alia,
2306 2022 2426 2078 qme
2471 2007 2656 2062 audire
2697 2007 3150 2076 desiderabamus,
3191 2007 3510 2063 audivimus.

1926 2094 2205 2163 Praestabit
2230 2097 2484 2161 Dominus
2512 2105 2570 2152 ut
2598 2097 2760 2162 etiam
2787 2107 3004 2166 caetera,
3035 2113 3154 2169 qua:
3179 2098 3353 2155 adhuc
3372 2097 3514 2153 desi-

1927 2185 2198 2256 deramus,
2225 2187 2562 2258 impleantur.

2352 2317 2681 2383 EPISTOLA
2724 2318 2889 2377 xxut
2919 2322 2939 2342 ο
2978 2318 3077 2392 (ὁ).

1929 2453 2239 2525 Augustinus
2267 2455 2548 2512 Maximino
2572 2459 2804 2530 episcopo
2830 2458 3114 2521 donatistw,
3143 2459 3226 2529 qui
3247 2459 3514 2516 diaconum

2001 2547 2303 2602 catholicum
2328 2547 2662 2620 rebaptizasse
2687 2549 2960 2616 dicebatur,
2989 2559 3040 2604 ut
3067 2560 3155 2602 aut
3183 2553 3402 2622 fateatur
3429 2556 3514 2622 [a-

2002 2647 2157 2710 ctum,
2188 2647 2275 2692 aut
2305 2640 2599 2709 proﬁtentur
2626 2657 2680 2699 se
2706 2641 3041 2694 orthodoxam
3063 2681 3076 2705 ,
3123 2640 3340 2694 inritans
3369 2641 3516 2695 illum

2002 2734 2080 2788 vel
2108 2730 2176 2783 ad
2200 2731 2522 2810 colloquium,
2554 2730 2632 2786 vel
2653 2732 2722 2788 ad
2746 2731 3134 2795 rescribendum,
3165 2741 3220 2791 ut
3248 2733 3518 2786 concordia

2003 2820 2246 2880 Ecclesiw
2269 2824 2537 2883 sarciatur.

1935 2954 2162 3018 Domino
2183 2956 2530 3011 dilectissimo
2551 2965 2603 3012 et
2623 2957 2916 3012 honorabili
2946 2957 3091 3012 fratri
3120 2935 3394 3013 MAxmmo
3419 2956 3515 3031 (c),

2005 3049 2333 3110 Accusamus
2349 3049 2627 3129 presbyter
2643 3049 2894 3111 Ecclesiae
2909 3049 3204 3117 catholieaa,
3225 3051 3275 3103 in
3298 3050 3518 3104 Domino

2005 3139 2249 3192 salutem.
2765 3142 2776 3146 ”

2007 3270 2059 3324 1.
2100 3269 2410 3338 Priusquam
2450 3267 2516 3326 ad
2547 3284 2656 3327 rem
2697 3269 2902 3323 veniam
2929 3269 2996 3326 de
3021 3287 3121 3340 qua
3151 3280 3252 3326 ture
3281 3272 3519 3328 Benevo-
3585 3290 3588 3294 '

1933 3359 2110 3415 lentiae
2136 3358 2369 3413 scribere
2403 3359 2562 3422 volui,
2604 3359 2739 3413 tituli
2765 3359 2921 3428 hujus
2953 3361 3210 3429 epistolm,
3237 3378 3301 3416 ne
3329 3363 3410 3417 vel
3440 3372 3515 3430 te,

1933 3453 2021 3508 vel
2047 3453 2204 3506 alium
2235 3452 2532 3521 quempiam
2574 3463 2804 3519 moveat,
2847 3454 3104 3508 rationem
3141 3453 3373 3510 breviter
3396 3454 3519 3509 red-

1933 3541 2076 3596 dam.
2101 3541 2338 3603 Domino,
2371 3542 2577 3612 scripsi,
2607 3543 2729 3612 quia
2759 3545 3012 3612 scriptum
3035 3553 3148 3598 est:
3183 3543 3280 3599 Vos
3300 3549 3351 3598 in
3372 3544 3521 3598 liber-

1933 3643 2084 3688 tatem
2109 3635 2270 3688 vocati
2292 3635 2430 3701 estis,
2459 3639 2661 3706 fratres,
2689 3645 2883 3690 tantum
2913 3654 2974 3690 ne
3001 3637 3274 3692 libertatem
3299 3640 3349 3692 in
3376 3655 3520 3693 occa-

1933 3726 2124 3780 sionem
2167 3726 2332 3780 carnis
2371 3726 2516 3792 detis,
2555 3727 2642 3780 sed
2669 3744 2756 3797 per
2785 3727 3080 3781 cliaritatem
3116 3730 3290 3783 servile
3313 3731 3521 3786 invicem

1936 3815 2077 3890 (Gal.
2107 3833 2162 3884 v,
2205 3819 2318 3886 15).
2347 3816 2478 3872 Cum
2503 3833 2629 3888 ergo
2650 3818 2732 3873 vel
2761 3819 2859 3873 hoc
2880 3819 2996 3888 ipso
3021 3820 3196 3875 ofﬁcio
3223 3821 3519 3876 litterarum

1935 3923 2032 3978 per
2058 3907 2366 3963 charitatem
2393 3909 2483 3961 tibi
2508 3910 2757 3972 serviam,
2786 3925 2889 3963 non
2919 3911 3147 3966 absurde
3173 3921 3223 3966 te
3244 3911 3517 3966 dominum

1937 4014 2071 4054 voco
2093 4010 2308 4068 propter
2329 4015 2489 4053 unum
2520 4009 2573 4054 et
2596 4016 2778 4054 verum
2815 4002 3096 4056 Dominum
3141 4014 3379 4058 nostrum
3425 4006 3517 4075 qui

1938 4091 2090 4144 nobis
2119 4091 2216 4144 ista
2244 4092 2508 4160 pra-cepit.
2543 4091 2877 4146 Dilectissimo
2914 4105 3090 4148 autem
3122 4095 3264 4164 quod
3305 4096 3520 4168 scripsi,

1936 4183 2082 4238 novit
2100 4183 2234 4236 Deus
2253 4183 2392 4252 quod
2412 4199 2514 4236 non
2537 4185 2707 4237 solum
2725 4195 2773 4238 te
2790 4184 3024 4254 diligam,
3043 4186 3134 4240 sed
3152 4187 3217 4239 ita
3235 4187 3446 4255 diiigam
3466 4197 3522 4245 ut

1937 4273 2251 4344 nteipsum;
2283 4273 2708 4342 quandoquidem
2760 4273 2896 4329 bene
2945 4277 3070 4328 mihi
3117 4291 3232 4330 sum
3277 4279 3521 4333 conscius

1935 4365 2070 4419 bona
2099 4380 2183 4418 me
2211 4363 2302 4416 tibi
2329 4373 2512 4433 optare
2537 4380 2654 4434 quae
2701 4365 2850 4419 mihi.
2897 4365 3201 4420 Honorabili
3226 4385 3350 4422 vero
3377 4369 3520 4437 quod

1935 4454 2133 4521 addidi,
2182 4470 2284 4508 non
2309 4454 2376 4508 ad
2403 4454 2502 4508 hoc
2521 4453 2721 4522 addidi,
2747 4464 2802 4509 ut
2823 4455 3139 4510 honorarem
3162 4459 3520 4526 cpisc0patum

1938 4556 2112 4612 tuum;
2160 4547 2286 4600 mihi
2325 4545 2466 4600 enim
2507 4546 2787 4615 episcopus
2815 4561 2918 4601 non
2948 4563 3027 4612 es,
3060 4564 3229 4617 neque
3273 4548 3372 4602 hoc
3401 4564 3519 4604 cum

1936 4640 2250 4695 contumelia
2270 4639 2464 4692 dictum
2492 4639 2793 4706 acceperis;
2817 4638 2908 4693 sed
2935 4655 2999 4693 ex
3021 4640 3197 4692 animo
3221 4656 3324 4710 quo
3355 4643 3406 4695 in
3429 4656 3521 4698 ore

2002 4777 2020 4807 ι
2048 4784 2146 4823 Am.
2175 4774 2282 4823 had.
2311 4781 2361 4824 et.
2385 4782 2490 4823 Mss.
2507 4779 2629 4832 tres,
2645 4772 2795 4822 nulla.
2820 4772 2925 4831 Alii,
2951 4772 3068 4824 ulla.

2001 4839 2020 4874 ε
2043 4838 2114 4885 sic
2128 4849 2253 4902 unus
2269 4849 2298 4882 e
2312 4836 2476 4894 \‘atic.,
2492 4849 2582 4902 nec
2598 4834 2741 4883 male.
2757 4837 2886 4902 Alter
2904 4838 3066 4902 \'atic.,
3088 4843 3139 4887 ut
3155 4844 3198 4888 rt
3215 4851 3300 4902 ego
3315 4839 3520 4892 Marem

1936 4910 2133 4964 agrum.
2155 4899 2237 4958 [ut
2259 4903 2303 4946 et
2325 4909 2410 4961 ego
2433 4894 2577 4964 vobis.
2607 4910 2782 4960 agrum
2805 4895 3038 4964 fratribus
3055 4894 3408 4964 'dntmn,"e:c.].

2005 4961 2019 4977 "
2040 4957 2215 5024 uillam
2238 4967 2314 5024 est
2335 4957 2445 5024 eum
2461 4971 2509 5024 a_.
2530 4959 2612 5024 bg.
2629 4957 2674 5024 (Ξ,
2704 4970 2775 5007 cc.
2800 4957 2878 5024 cu.
2910 4958 2960 5024 ii.
2985 4974 3036 5021 ε.
3061 4975 3144 5024 gg.
3171 4957 3252 5024 ενι
3271 4962 3311 5024 j.
3337 4957 3387 5010 n3
3411 4977 3452 5011 r.
3477 4976 3519 5012 s.

1937 5021 2128 5070 duobus
2147 5022 2230 5070 hu.
2256 5021 2444 5087 duobus
2465 5021 2539 5068 sb.
2563 5019 2751 5069 duobus
2772 5027 2808 5070 t.
2838 5019 3031 5072 duobus
3057 5019 3130 5074 v5.
3163 5019 3366 5087 Quatuor
3398 5038 3444 5075 v.
3471 5032 3523 5076 et

1939 5096 2066 5132 cum.
2096 5089 2196 5130 Am.
2223 5081 2330 5130 Bad.
2361 5089 2436 5129 Er.
2460 5088 2568 5129 Lov.

2002 5145 2074 5206 (ιι)
2089 5145 2415 5207 Nescimusau
2437 5143 2517 5192 hic
2535 5143 2599 5207 sit
2624 5140 2708 5191 ille
2734 5143 2857 5204 ij‘se,
2871 5144 2955 5207 qui
2975 5145 3024 5194 in
3047 5144 3133 5194 lib.
3160 5144 3222 5194 23
3239 5145 3304 5194 de
3325 5146 3522 5197 civitate

1940 5203 2022 5254 Dei
2041 5203 2064 5263 ,⁷
2080 5217 2123 5254 c.
2148 5205 2209 5276 8.,
2249 5203 2468 5277 laudatur
2503 5203 2764 5266 episcopus
2781 5203 3020 5277 quoddam
3050 5225 3073 5254 ι
3096 5207 3525 5277 L‘_z_al_easis_lie:it:e

1947 5284 1979 5333 ¢_
1991 5263 2235 5333 memoria:
2252 5263 2551 5333 Saturninus,
2563 5281 2585 5309 ι
2609 5263 2757 5326 quem
2773 5263 3000 5333 videlicet
3018 5281 3095 5317 an.
3115 5269 3224 5329 588,
3241 5268 3526 5333 Carthagine

1940 5327 2085 5389 simul
2109 5341 2216 5389 cum
2241 5325 2431 5389 Aurelio
2458 5327 2575 5375 vidit
2598 5325 2906 5389 Augustinus.
2972 5339 2990 5348 '

2005 5388 2076 5452 (b)
2101 5388 2224 5438 Alias
2244 5387 2336 5438 203
2357 5400 2372 5436 :
2395 5400 2506 5451 quae
2527 5387 2692 5438 autem
2711 5387 2774 5437 23
2795 5395 2930 5450 erat,
2951 5402 3080 5440 nunc
3099 5388 3177 5439 98.
3201 5389 3382 5452 wipta
3401 5391 3527 5447 circa

1946 5449 2073 5498 idem
2095 5458 2304 5498 tempus.

1943 5458 2073 5500 idem
2095 5458 2304 5500 tempus.

2404 5516 2490 5559 ars.
2531 5518 2586 5580 et
2604 5509 2717 5580 aliis
2744 5511 2777 5580 ξς
2805 5511 3063 5580 scribitur,
3100 5508 3527 5580 ammenta

1941 5574 2101 5632 Corb.,
2115 5574 2396 5636 Μαι-νοείτω.
2416 5580 2557 5636 Porro
2578 5574 2858 5636 Maximinus
2867 5574 3010 5636 _siniti
3034 5587 3082 5622 tn
3104 5574 3392 5636 Hippoueusi
3418 5574 3528 5626 vici~

1943 5637 2023 5683 nia
2046 5631 2302 5697 episcows
2330 5641 2444 5697 tunc
2455 5633 2700 5697 ‘donatista
2718 5669 2732 5693 ,
2756 5631 3011 5697 amplexus
3046 5631 3214 5697 jostea
3250 5636 3529 5690 catholicam

1948 5694 2116 5760 Laconi
2140 5694 2366 5760 ex‘epist.
2395 5694 2500 5760 105,
2526 5696 2575 5744 in
2598 5696 2771 5760 eadem
2793 5694 2915 5760 sede
2935 5694 3182 5760 remansit.
3207 5699 3316 5760 Ejus
3335 5698 3527 5760 honori-

1945 5755 2037 5808 tice
2062 5755 2281 5808 meminit
2303 5758 2594 5820 Augustinus
2616 5758 2666 5806 in
2690 5757 2772 5807 lib.
2798 5756 2858 5806 22
2877 5756 2941 5808 de
2961 5757 3158 5810 civitate
3183 5755 3287 5823 Déi,
3307 5773 3352 5810 c.
3376 5759 3424 5810 8.
