4080 6346
564 341 637 400 95
1765 333 1818 390 S.
1853 330 2218 389 AUGUSTINI
2260 331 2560 387 EPISCOPI
3763 334 3832 391 93

567 466 751 512 nostro
780 455 940 512 debet
969 468 1104 519 esse,
1149 451 1263 518 Est,
1295 459 1394 516 est,
1428 449 1562 512 Non,
1615 461 1739 500 non.
1788 445 1968 516 Neque
1997 446 2144 501 enim

563 550 793 620 ignoras,
839 556 930 602 aut
955 545 1230 617 quisquam
1279 542 1549 597 hominum
1579 539 1666 607 qui
1697 551 1792 591 nos
1820 537 1965 590 norit
1994 537 2140 607 igno-

559 654 664 711 rat,
693 657 865 714 neque
894 651 945 697 te
970 655 1088 696 esse
1127 640 1431 708 episcopum
1465 647 1660 696 meum,
1690 646 1860 700 neque
1890 645 1974 685 me
2016 645 2140 699 pre-

560 737 831 807 sbyterum
871 743 1040 788 tuum.
1086 729 1457 786 llonorabilem
1491 726 1646 795 igitur
1683 739 1747 777 ex
1778 738 1838 777 ea
1879 723 2057 800 regula
2091 733 2140 776 te

559 827 789 882 libenter
817 824 1050 896 appello,
1092 837 1191 892 qua
1240 819 1356 873 novi
1389 825 1441 871 te
1467 831 1586 870 csse
1617 815 1905 880 hominem,
1935 823 1988 868 et
2018 814 2140 868 novi

558 915 828 971 hominem
857 913 920 968 ad
947 913 1224 982 imaginem
1256 909 1347 962 Dei
1378 916 1431 962 et
1471 905 1870 984 similitudinem
1917 903 2133 980 factum,

557 1017 613 1063 et
639 1009 691 1062 in
720 1007 924 1062 honore
954 1005 1183 1075 positum
1215 1003 1330 1070 ipso
1360 999 1544 1053 ordine
1591 1012 1642 1052 et
1681 998 1800 1067 jure
1841 1005 2062 1062 naturae,
2095 997 2138 1051 si

556 1107 736 1154 tamen
767 1093 1107 1164 intelligendo
1133 1107 1250 1162 quae
1295 1089 1629 1159 intelligenda
1661 1079 1803 1153 sunt,
1833 1096 2009 1142 servet
2036 1087 2137 1142 ho-

559 1205 746 1246 norem
772 1204 947 1244 suum.
991 1186 1119 1239 Nam
1151 1185 1219 1238 ita
1251 1183 1503 1254 scriptum
1532 1190 1650 1237 est:
1685 1181 1848 1257 Ποιηο
1873 1181 1924 1233 in
1953 1181 2144 1235 honore

557 1282 748 1352 positus
775 1295 872 1332 non
895 1276 1167 1340 intellexit;
1207 1284 1526 1344 comparatus
1553 1283 1626 1326 est
1643 1272 1888 1342 jnnicntis
1917 1271 2141 1323 insensa-

556 1371 639 1436 tis,
668 1378 714 1424 et
733 1366 910 1422 similis
937 1371 1098 1435 factus
1126 1375 1199 1418 est
1222 1365 1323 1418 illis
1345 1363 1515 1433 (Parit.
1544 1355 1733 1423 xnvnt,
1751 1360 1864 1432 2|).
1889 1361 1994 1414 Cur
2013 1375 2138 1430 ergo

556 1469 609 1514 te
639 1457 1002 1513 honorabilem
1051 1458 1102 1510 in
1146 1465 1402 1526 quantum
1432 1453 1590 1506 homo
1633 1467 1690 1507 es
1719 1467 1824 1506 non
1853 1451 2150 1531 appellem,

553 1565 672 1604 cum
695 1553 990 1621 prrcsertim
1015 1548 1081 1602 de
1109 1556 1194 1601 tua
1225 1547 1392 1601 salute
1415 1554 1574 1614 atque
1600 1543 1949 1609 correctione,
1973 1558 2139 1614 quan-

553 1640 646 1694 diu
685 1641 734 1693 in
764 1639 862 1693 hac
889 1640 990 1692 vita
1031 1654 1109 1704 es,
1151 1637 1435 1706 desperare
1465 1651 1569 1688 non
1613 1634 1872 1688 audeam?
1901 1633 2137 1687 Fratrem

557 1746 688 1786 vero
717 1741 772 1785 ut
794 1746 997 1793 vocem,
1020 1745 1124 1783 non
1158 1740 1206 1784 te
1237 1730 1361 1783 latet
1387 1736 1707 1798 praeceptum
1732 1727 1884 1781 nobis
1904 1741 2022 1780 esse
2049 1725 2134 1780 di-

553 1823 770 1890 vinitus,
791 1823 1020 1876 utetiam
1042 1822 1120 1875 cis
1140 1820 1225 1889 qui
1256 1829 1449 1889 negant
1477 1834 1534 1874 se
1556 1819 1743 1872 fratres
1765 1825 1975 1872 nostros
1994 1832 2133 1895 esse,

552 1914 814 1977 dicamus,
852 1913 1067 1966 Fratres
1095 1897 1259 1964 nostri
1285 1904 1442 1976 estis;
1473 1918 1526 1964 et
1553 1910 1655 1963 hoc
1682 1908 2028 1986 vehementer
2048 1923 2134 1962 va-

552 2006 626 2060 let
654 2004 717 2058 ad
748 2018 982 2070 causam,
1006 2009 1223 2074 propter
1247 2018 1407 2072 quam
1432 2001 1667 2057 scribere
1690 2001 1833 2056 volui
1865 2000 2136 2055 Fraterni-

551 2096 646 2149 tati
669 2103 793 2149 tute.
824 2095 942 2149 lam
963 2095 1100 2149 enim
1131 2093 1334 2148 reddita
1362 2093 1568 2148 ratione
1589 2108 1686 2148 cur
1711 2092 1947 2164 epistola:
1978 2093 2135 2147 talem

551 2185 765 2257 januam
789 2185 1024 2251 fecerim,
1057 2184 1179 2239 audi
1209 2184 1566 2254 placidissime
1606 2199 1724 2254 qua:
1753 2193 2062 2255 sequuntur.

621 2276 673 2354 2.
709 2278 816 2346 Ego
841 2292 962 2332 cum
1006 2278 1057 2332 in
1096 2277 1195 2331 ista
1224 2277 1440 2348 regione
1473 2277 1909 2332 consuetudinem
1950 2277 2127 2331 homi-

554 2385 681 2423 num
711 2368 986 2446 lugendam
1015 2380 1173 2438 atque
1192 2367 1562 2439 plangendam,
1587 2369 1676 2438 qui
1705 2382 1822 2422 cum
1846 2367 2138 2444 christiano

555 2460 770 2515 nomine
793 2445 1108 2530 glorientur,
1141 2445 1471 2514 Christianos
1500 2449 1829 2529 rebaptizare
1857 2476 1962 2514 non
1994 2459 2138 2514 dubi-

553 2563 688 2618 tant,
717 2550 908 2622 quibus
936 2553 1114 2607 verbis
1141 2562 1378 2622 poteram
1409 2552 1706 2607 detestarer
1729 2569 1833 2606 non
1855 2552 2138 2608 defuerunt

551 2625 853 2697 laudatores
881 2642 982 2708 tui,
1023 2643 1112 2712 qui
1152 2642 1281 2697 mihi
1319 2642 1561 2697 dicerent
1599 2651 1649 2697 te
1680 2643 1775 2696 ista
1808 2657 1912 2698 non
1940 2644 2132 2697 facere.

554 2733 768 2800 Fateor,
797 2735 968 2804 primo
997 2749 1101 2788 non
1129 2734 1348 2790 credidi.
1385 2735 1583 2790 Deinde
1613 2721 1952 2789 censidcrans
1980 2751 2137 2805 posse

461 2849 464 2856 ·
553 2828 672 2880 fieri
711 2835 766 2880 ut
799 2825 1029 2880 animum
1062 2826 1344 2881 humanam
1385 2827 1453 2882 de
1483 2825 1656 2880 futura
1687 2827 1791 2880 vita
1817 2827 2133 2897 cogitantem

556 2917 651 2973 Dei
701 2917 860 2971 timor
905 2917 1211 2982 invaderet,
1258 2927 1316 2971 ut
1359 2932 1417 2972 se
1463 2917 1532 2974 ab
1566 2917 1766 2972 scelere
1799 2917 2150 2986 apertissimo.

551 3013 893 3076 temperaret,
923 3008 1217 3076 gratulatus
1239 3006 1460 3073 credidi,
1483 3007 1621 3076 quod
1653 3008 1738 3082 tali
1769 3008 2040 3077 proposito
2067 3007 2134 3062 ab

552 3095 790 3151 Ecclesia
811 3096 1070 3152 catholica
1092 3097 1323 3151 uolucris
1347 3111 1466 3152 esse
1491 3097 1647 3151 nimis
1667 3097 1893 3152 alienus.
1919 3097 2135 3164 Quare-

550 3186 672 3241 bam
705 3203 832 3242 sane
857 3188 1189 3243 occasionem
1216 3189 1462 3258 loquendi
1493 3198 1687 3256 tecum,
1711 3199 1769 3243 ut
1795 3189 1839 3243 si
1871 3190 1981 3244 fieri
2008 3205 2132 3258 pos-

550 3286 654 3344 set,
681 3293 743 3332 ea
772 3296 889 3349 quae
918 3295 1073 3348 parva
1103 3292 1431 3334 remanserat
1458 3281 1596 3335 inter
1620 3298 1721 3335 nos
1751 3281 2010 3336 dissensio
2038 3283 2136 3336 tol-

553 3369 784 3436 leretur;
811 3386 930 3424 cum
953 3387 1077 3426 ecce
1098 3381 1220 3425 ante
1241 3387 1438 3444 paucos
1457 3372 1572 3426 dies
1591 3373 1871 3428 diaconum
1895 3384 2134 3428 nostrum

552 3449 1022 3531 Mutugennensem
1058 3473 1106 3515 tc
1135 3463 1488 3532 rebaptizasse
1520 3466 1814 3519 nuntiatum
1851 3475 1951 3520 est.
1981 3466 2135 3520 Dolui

551 3551 935 3616 vehementer,
966 3561 1020 3605 et
1051 3552 1192 3614 illius
1220 3537 1576 3630 miserabilem
1618 3556 1838 3625 lapsum,
1873 3567 1926 3612 et
1955 3567 2130 3625 tuum,

550 3641 735 3708 frater,
760 3643 1083 3714 inopinatum
1107 3644 1300 3698 scelus.
1331 3628 1464 3698 Novi
1491 3628 1632 3700 enim
1659 3662 1775 3716 qua:
1803 3647 1871 3701 sit
1898 3648 2132 3703 Ecclesia

550 3733 833 3787 catholica.
867 3732 1063 3788 Gentes
1091 3744 1214 3788 sunt
1242 3735 1520 3790 hcc-reditas
1543 3738 1764 3802 Christi,
1787 3749 1839 3793 et
1868 3741 2134 3810 possessio

550 3821 748 3877 Christi
793 3824 1000 3877 termini
1035 3832 1208 3895 terrai.
1242 3823 1419 3880 Nostis
1445 3835 1498 3880 et
1525 3842 1646 3893 vos,
1678 3838 1769 3882 aut
1797 3829 1840 3883 si
1886 3845 1991 3884 non
2032 3847 2132 3884 n0-

549 3915 680 3977 stis,
727 3914 1022 3980 advertite;
1073 3915 1320 3970 facillime
1359 3932 1389 3970 a
1439 3918 1735 3994 volentibus
1774 3921 1894 3975 sciri
1938 3930 2128 3990 potest.

550 4006 896 4076 ltebaptizare
917 4007 1074 4077 igitur
1099 4007 1406 4062 limrcticum
1430 4009 1720 4073 hominem,
1751 4015 1837 4081 qui
1867 4011 1982 4086 lucc
2011 4029 2133 4068 san-

551 4096 751 4150 etitatis
780 4098 927 4170 signa
959 4101 1255 4169 perceperit
1279 4117 1394 4170 qua:
1420 4102 1703 4163 christiana
1733 4103 1946 4159 tradidit
1967 4105 2129 4162 disci-

549 4187 723 4256 plina,
753 4189 968 4244 omnino
995 4201 1267 4259 peccatum
1306 4200 1389 4257 est
1420 4211 1432 4248 :
1464 4193 1792 4263 rebaptizare
1823 4205 1998 4250 autem
2043 4212 2130 4251 ca-

548 4277 825 4345 tholicum,
855 4281 1292 4346 immanissimum
1320 4283 1495 4338 scelus
1515 4294 1615 4338 est.
1639 4285 1839 4340 Tamen
1862 4302 1964 4341 non
1996 4287 2130 4343 adeo

548 4370 802 4435 credens,
833 4373 953 4441 quia
993 4373 1059 4428 de
1094 4382 1144 4428 te
1180 4374 1306 4426 mihi
1338 4375 1474 4430 bene
1503 4392 1812 4445 persuasum
1852 4379 2124 4447 tenebam,

547 4460 920 4531 Mutugennam
964 4463 1075 4532 ipse
1115 4465 1357 4533 perrexi;
1388 4473 1442 4518 ct
1482 4481 1603 4520 eum
1632 4467 1842 4536 quidem
1874 4468 2127 4525 miserum

547 4545 730 4604 vidtre
759 4565 861 4604 non
893 4552 1038 4622 potui
1065 4594 1078 4617 ,
1106 4568 1136 4606 a
1165 4554 1469 4623 parentibus
1497 4570 1624 4610 vero
1652 4556 1767 4627 ejus
1792 4559 1966 4613 audivi
1986 4561 2126 4630 quod

550 4653 726 4698 vester
749 4645 856 4714 jam
887 4646 1047 4700 etiam
1089 4646 1344 4702 diaconus
1381 4648 1547 4704 factus
1585 4650 1674 4705 sit.
1705 4651 1771 4706 Et
1805 4660 1978 4708 tamen
2021 4663 2127 4708 tam

553 4734 690 4790 bene
715 4736 886 4790 adhuc
911 4736 977 4791 de
1006 4748 1096 4792 tuo
1113 4738 1275 4794 corde
1304 4740 1498 4807 sentio,
1523 4749 1579 4795 ut
1603 4757 1725 4797 eum
1747 4743 2128 4814 rebaptizatum

551 4841 673 4881 esse
703 4841 806 4880 non
834 4828 1066 4883 credam.

619 4918 674 4972 5.
705 4917 880 4985 Quare
906 4928 974 4985 te,
1010 4918 1173 4974 frater
1198 4920 1558 4990 dilectissime,
1591 4938 1688 4992 per
1719 4923 2048 4981 divinitatem
2074 4935 2128 4983 et

549 5010 928 5068 humanitatem
959 5012 1166 5067 Domini
1206 5015 1370 5068 nostri
1397 5014 1520 5069 Jcsu
1560 5015 1755 5070 Christi
1782 5017 2005 5073 obsecro
2026 5061 2039 5084 ,
2069 5028 2128 5075 ut

547 5103 842 5159 rescribere
869 5105 998 5158 mihi
1041 5104 1272 5175 digneris
1312 5106 1436 5175 quid
1464 5116 1668 5176 gestum
1706 5109 1805 5174 sit,
1839 5118 1894 5163 et
1930 5111 2007 5164 sic
2036 5126 2124 5166 re-

545 5193 810 5260 scribere,
841 5201 898 5248 nt
931 5194 1140 5249 noveris
1169 5209 1255 5249 me
1295 5193 1346 5248 iu
1377 5194 1610 5251 Ecclesia
1637 5197 1887 5253 fratribus
1928 5201 2122 5256 nostris

544 5284 821 5353 epistolam
856 5295 997 5339 tuam
1029 5286 1162 5341 velle
1207 5285 1453 5341 recitare.
1485 5286 1636 5353 Quod
1667 5287 1787 5342 ideo
1813 5289 2028 5358 scripsi,
2058 5306 2127 5348 ne

543 5391 664 5430 cum
709 5376 761 5433 id
801 5387 981 5446 postea
1027 5378 1252 5433 facerem
1290 5379 1428 5447 quod
1464 5394 1548 5433 me
1590 5394 1692 5433 non
1735 5396 1977 5450 sperares
2007 5397 2127 5439 esse

543 5464 826 5532 facturum,
854 5467 1180 5524 offenderem
1201 5469 1523 5524 Charitatcm
1556 5479 1727 5534 tuam,
1758 5480 1810 5524 et
1837 5471 2032 5540 justam
2058 5475 2126 5533 de

545 5574 634 5613 me
673 5561 814 5630 apud
861 5575 1172 5616 communes
1220 5561 1420 5615 amicos
1475 5561 1746 5630 querelam
1805 5561 2122 5633 deponeres.

542 5648 678 5715 Quid
707 5667 832 5720 ergo
883 5660 934 5706 te
962 5652 1212 5723 impediat
1245 5650 1310 5704 ad
1348 5650 1742 5706 rescribendum
1769 5695 1783 5720 ,
1814 5670 1917 5710 non
1946 5655 2122 5714 video.

539 5740 594 5797 Si
635 5743 776 5799 cnim
820 5744 1150 5813 rebaptizas,
1199 5742 1327 5798 nihil
1363 5751 1445 5799 cst
1479 5743 1619 5814 quod
1661 5743 1900 5806 homines
1929 5749 1995 5806 de
2033 5759 2124 5810 tuo

2247 445 2474 514 collegio
2504 442 2756 498 formides
2778 485 2791 508 ,
2824 456 2946 499 cum
2976 443 3027 498 id
3054 451 3105 500 te
3129 444 3464 514 rescripseris
3488 444 3665 500 facere
3688 447 3829 515 quod

2249 547 2300 592 te
2338 536 2410 591 illi
2441 536 2616 590 facere
2639 535 2851 590 etiamsi
2894 535 3062 590 nolles
3085 536 3352 605 juberent.
3395 537 3525 592 Cum
3565 546 3742 590 autem
3773 537 3827 592 id

2246 629 2456 698 quantis
2498 628 2736 697 potueris
2777 627 3110 682 documentis
3150 626 3449 682 faciendum
3487 642 3606 682 esse
3642 627 3826 682 defen-

2245 720 2390 776 deris
2409 763 2423 785 ,
2454 735 2561 775 non
2589 723 2757 774 solum
2793 734 2895 774 non
2929 719 3345 787 succenscbunt,
3377 720 3473 774 sed
3502 720 3659 774 etiam
3689 736 3829 790 pra:-

2244 798 2512 868 dicabunt.
2539 811 2595 866 Si
2626 820 2803 864 autem
2835 826 2939 864 non
2971 809 3268 880 rebaptizas
3288 852 3302 875 ,
3329 811 3506 880 arripe
3529 810 3825 865 libertatem

2244 907 2618 968 Christianam,
2670 903 2835 958 frater
2878 903 3197 968 Maximine,
3242 903 3454 972 arripe,
3507 916 3687 972 quaeso
3733 910 3826 967 te;

2244 1013 2348 1052 non
2380 997 2690 1066 cujusquam
2735 995 2963 1050 hominis
2984 1035 2998 1059 ,
3033 995 3088 1049 in
3118 981 3562 1065 contemplatio’ne
3595 993 3849 1077 Christi"

2243 1101 2332 1170 aut
2355 1095 2824 1170 reprehensionem
2855 1093 3090 1148 verearis
3113 1133 3129 1158 ,
3163 1100 3255 1146 aut
3277 1090 3565 1147 exhorreas
3590 1086 3846 1160 potesta-f

2246 1168 2390 1263 tem._
2425 1168 2637 1240 Transit
2660 1186 2831 1240 honor
2855 1185 3010 1254 hujus
3037 1183 3248 1249 saeculi,
3280 1183 3470 1238 transit
3497 1182 3732 1236 ambitio.
3769 1182 3843 1263 ιηΔ
3872 1238 3876 1242 ,

2243 1259 2422 1330 futuro
2451 1277 2646 1331 Christi
2682 1277 2906 1347 judicio,
2928 1253 3051 1330 nec
3087 1275 3287 1330 absidae
3323 1274 3575 1345 gradataa,
3607 1289 3707 1328 nec
3739 1253 3845 1347 ca-f

2242 1366 2444 1421 thedrze
2488 1367 2708 1432 velatae,
2757 1381 2857 1420 nec
2898 1364 3383 1420 sanctimonialium
3431 1363 3822 1418 occursantium

2240 1467 2399 1527 atque
2438 1462 2762 1511 cantantium
2801 1471 2989 1527 greges
3030 1455 3420 1510 adhibebuntur
3451 1452 3518 1507 ad
3559 1451 3822 1507 defensio-

2242 1563 2399 1613 nem,
2444 1547 2529 1601 ubi
2572 1547 2830 1617 coeperint
2871 1562 3120 1602 accusare
3166 1544 3544 1610 conscientizn,
3600 1552 3655 1597 et
3698 1557 3825 1598 con-

2240 1637 2584 1692 scientiarum
2622 1637 2821 1692 arhiter
2840 1637 3100 1707 judicare.
3129 1635 3260 1702 Quae
3301 1634 3389 1689 hic
3429 1634 3724 1699 honorant,
3753 1633 3823 1688 ibi

2240 1738 2489 1791 onerant;
2514 1745 2630 1798 qua:
2660 1727 2748 1786 hic
2777 1728 3044 1793 relevant,
3078 1726 3164 1788 ibi,
3190 1732 3427 1795 gravant.
3457 1725 3560 1778 Ista
3587 1739 3702 1794 qum
3728 1737 3822 1792 pro

2241 1827 2478 1889 tempore
2520 1829 2738 1889 propter
2775 1819 3032 1875 Ecclesiae
3078 1818 3358 1874 utilitatem
3403 1816 3593 1870 honori
3641 1824 3822 1870 nostro

2239 1910 2585 1975 exhibentur,
2614 1909 2964 1970 defendeutur
2995 1909 3132 1965 forte
3159 1909 3296 1964 bona
3322 1907 3678 1973 conscientia;
3722 1906 3820 1962 (le-

2239 1999 2457 2055 fendere
2478 2009 2655 2054 autem
2686 2015 2790 2054 non
2816 2008 3064 2070 poterunt
3092 1999 3307 2053 malam.

2309 2091 2366 2160 4.,
2395 2090 2546 2156 Quod
2572 2105 2698 2160 ergo
2728 2099 2832 2144 tam
2861 2091 2947 2159 pio
2976 2099 3030 2145 et
3056 2099 3160 2144 tam
3189 2089 3441 2159 religioso
3466 2089 3648 2143 animo
3669 2088 3823 2159 facis,

2238 2183 2480 2239 si.tamen
2507 2183 2635 2237 facis
2659 2223 2673 2247 ,
2703 2193 2761 2237 ut
2789 2183 3038 2237 Ecclesia:
3060 2181 3338 2238 catholica:
3366 2181 3684 2250 baptismum
3719 2197 3821 2234 non

2238 2273 2420 2338 iteres,
2459 2273 2553 2328 sed
2573 2273 2835 2343 approbcs
2861 2273 3036 2343 potius
3062 2281 3309 2343 tanquam
3340 2272 3494 2325 unius
3521 2272 3813 2326 verissima:

2239 2365 2444 2429 matris,
2473 2379 2592 2434 qua:
2619 2363 2864 2418 omnibus
2889 2363 3139 2434 gentibus
3162 2405 3178 2428 ,
3205 2373 3260 2418 et
3283 2361 3659 2432 regenerandis
3685 2377 3820 2431 prte-

2239 2454 2330 2509 bet
2371 2454 2569 2520 sinum,
2615 2463 2670 2508 et
2715 2455 3043 2525 rcgeneratis
3091 2454 3254 2508 ubera
3290 2452 3537 2518 infundit,
3575 2461 3829 2522 tauquam

2240 2546 2395 2600 unius
2421 2547 2774 2616 possessionis
2812 2546 3046 2613 Christi,
3075 2561 3196 2602 sese
3230 2560 3398 2615 usque
3435 2545 3503 2598 ad
3533 2553 3690 2600 terra:
3719 2554 3825 2599 ter-

2239 2638 2413 2702 minos
2439 2637 2785 2708 porrigentis;
2811 2638 2854 2700 si
2885 2637 2986 2693 hoc
3013 2652 3145 2696 vere.
3169 2636 3318 2702 facis,
3343 2652 3440 2690 cur
3465 2651 3566 2691 non
3589 2635 3823 2704 erumpis

2239 2732 2294 2786 in
2315 2733 2664 2787 exsultantem
2694 2741 2749 2788 et
2791 2731 3012 2788 liberam
3052 2729 3281 2785 vocem?
3319 2744 3416 2787 cur
3458 2728 3688 2784 lucerna:
3720 2738 3822 2782 tuae

2239 2831 2345 2876 tam
2373 2823 2558 2880 utilem
2599 2823 2937 2893 splendorem
2967 2821 3168 2892 premis
3209 2821 3308 2876 sub
3345 2819 3562 2875 modio?
3587 2818 3692 2874 Cur
3718 2834 3823 2874 non

2239 2914 2475 2969 discissis
2499 2923 2658 2984 atque
2677 2914 2898 2983 abjectis
2926 2913 3194 2967 veteribus
3223 2912 3446 2982 pellibus
3477 2910 3676 2966 timida:
3701 2927 3818 2966 ser-

2239 3006 2440 3070 vitutis,
2465 3005 2754 3068 christiana
2778 3006 2952 3075 potius
2982 3005 3194 3058 indutus
3217 3003 3406 3059 fiducia
3431 3003 3546 3057 exis
3565 3012 3620 3058 et
3644 3002 3777 3058 dicis
3805 3020 3819 3056 :

2239 3096 2354 3167 Ego
2382 3112 2542 3151 unum
2570 3095 2890 3166 baptismum
2922 3096 3064 3161 novi,
3096 3095 3269 3151 Patris
3294 3104 3348 3150 et
3373 3094 3494 3164 [filii
3515 3102 3568 3148 et
3594 3093 3823 3163 Spiritus

2239 3188 2408 3255 sancti
2456 3187 2670 3254 nomine
2717 3197 3083 3243 consecratum
3131 3197 3290 3256 atque
3337 3185 3639 3256 signatum?
3686 3185 3821 3240 hanc

2241 3280 2466 3335 formam
2499 3281 2586 3335 ubi
2623 3282 2834 3336 invenio
2871 3296 3090 3343 necesse
3131 3290 3213 3336 cst
3257 3290 3315 3335 ut
3354 3281 3672 3352 approbent;
3714 3296 3819 3336 non

2239 3370 2456 3425 destruo
2502 3371 2642 3441 quod
2709 3371 3032 3427 dominicum
3085 3385 3357 3441 agnosco,
3422 3385 3529 3424 non
3594 3370 3838 3436 exsufflo,

2238 3463 2489 3518 vexillum
2519 3463 2658 3534 regis
2683 3463 2807 3519 mei.
2837 3463 3051 3518 Vestem
3079 3463 3278 3519 Christi
3303 3471 3358 3518 et
3389 3464 3478 3533 qui
3506 3463 3820 3530 diviserunt,

2240 3570 2348 3609 non
2374 3555 2705 3610 violaverunt
2737 3554 2912 3625 (Joan.
2945 3571 3043 3608 xu:
3069 3597 3084 3621 ,
3115 3554 3238 3625 2i);
3268 3563 3324 3610 et
3361 3555 3435 3609 illi
3462 3554 3638 3610 adhuc
3663 3555 3819 3610 Chri-

2238 3654 2378 3700 stum
2408 3661 2511 3700 non
2535 3655 2954 3700 resurrecturum
2981 3644 3341 3712 crediderant,
3370 3645 3465 3700 sed
3502 3646 3818 3701 morientem

2237 3735 2504 3791 videbant.
2533 3736 2590 3792 Si
2612 3752 2639 3789 a
2666 3735 3092 3806 persecutoribus
3122 3736 3285 3791 vestis
3306 3751 3413 3791 non
3441 3737 3710 3791 conscissa
3737 3745 3822 3792 est

2238 3827 2518 3896 pendentis
2552 3828 2605 3882 in
2640 3843 2799 3883 cruce
2821 3869 2836 3894 ,
2869 3843 2964 3884 cur
2990 3843 3021 3882 a
3051 3825 3366 3882 Christianis
3405 3828 3695 3890 destruitur
3735 3843 3824 3884 sae

2237 3927 2568 3982 crameutum
2612 3919 2848 3974 scdcntis
2891 3919 2950 3987 in,
2973 3919 3111 3974 caelo
3130 3918 3236 3975 ?.Si
3259 3919 3452 3976 veteris
3476 3919 3654 3989 populi
3683 3927 3820 3972 tem-

2238 4009 2456 4078 poribus
2485 4009 2699 4064 Judazus
2728 4025 2924 4076 essem,
2946 4009 3160 4080 quando
3185 4009 3328 4064 aliud
3356 4025 3477 4064 esse
3500 4010 3692 4064 melius
3713 4023 3820 4064 non

2236 4117 2488 4172 possem,
2537 4103 2862 4171 accepissem
2912 4103 3093 4172 utique
3139 4103 3618 4160 circumcisionem.
3666 4103 3820 4170 Quod

2235 4195 2562 4265 signaculum
2583 4193 2804 4264 justitize
2831 4192 2952 4248 fidei
2980 4201 3182 4248 tantum
3218 4194 3310 4248 illo
3349 4202 3589 4266 tempore
3616 4193 3820 4259 valuit,

2235 4297 2516 4356 antequam
2558 4286 2764 4342 Domini
2808 4294 3155 4340 evacuaretur
3177 4284 3405 4340 adventu
3429 4326 3445 4352 ,
3476 4293 3533 4339 ut
3560 4283 3818 4338 infantem

2237 4376 2404 4440 filium
2436 4377 2600 4448 Moysi
2629 4377 2862 4447 Angelus
2888 4375 3248 4446 prazfocassct,
3283 4375 3384 4430 nisi
3408 4385 3579 4430 mater
3602 4385 3820 4444 arrepto

2235 4470 2438 4524 calculo
2481 4467 2898 4526 circumcidisset
2942 4482 3184 4537 puerum,
3238 4473 3293 4521 et
3336 4466 3437 4520 hoc
3482 4473 3821 4532 sacramento

2235 4560 2601 4615 imminentem
2629 4559 2918 4629 perniciem
2945 4558 3238 4628 depulisset
3263 4557 3452 4629 (Exod.
3479 4573 3550 4624 iv,
3574 4558 3666 4623 24,
3697 4557 3817 4631 25).

2235 4653 2350 4708 lloc
2374 4660 2760 4706 sacramentum
2807 4651 2966 4705 etiam
2994 4650 3280 4705 lordanem
3325 4650 3539 4705 fluvium
3580 4649 3820 4717 refrena—

2233 4745 2338 4810 vit,
2396 4742 2704 4813 et.reduxit
2743 4742 2801 4812 in
2840 4741 3060 4798 fontem.
3112 4742 3228 4796 lloc
3269 4751 3655 4797 sacramentum
3701 4742 3820 4811 ipso

2234 4819 2510 4900 Deminus,
2538 4833 2778 4904 quamvis
2805 4832 3141 4888 evacuaverit
3179 4831 3483 4898 crucifixus,
3514 4840 3688 4886 tamen
3716 4847 3817 4887 na-

2233 4936 2319 4982 tus
2343 4927 2568 4998 accepit.
2599 4925 2713 4988 Non
2743 4925 2885 4984 enim
2929 4924 3198 4994 signacula
3243 4925 3332 4979 illa
3375 4923 3620 4978 damnata
3651 4933 3776 4979 sunt
3798 4965 3815 4990 ,

2232 5019 2326 5074 scd
2351 5017 2758 5073 succedentibus
2785 5017 3252 5088 opportunioribus
3275 5015 3642 5071 decesserunt.
3670 5014 3806 5069 Nam

2232 5111 2370 5165 sicut
2397 5110 2856 5165 circumcisionem
2886 5108 3098 5162 abstulit
3137 5109 3344 5162 Domini
3377 5108 3579 5177 primus
3618 5107 3819 5162 adven-

2233 5207 2338 5265 tus,
2371 5201 2448 5254 sic
2475 5199 2800 5269 Baptismum
2828 5197 3034 5253 auferet
3063 5199 3326 5254 secundus
3355 5197 3634 5252 adventus.
3664 5198 3819 5254 Sicut

2233 5292 2374 5348 enim
2401 5306 2542 5345 nunc
2570 5301 2910 5360 posteaquam
2938 5290 3082 5344 venit
3120 5291 3334 5344 libertas
3364 5289 3483 5344 fidei
3508 5331 3521 5355 ,
3558 5298 3610 5342 ct
3641 5305 3821 5343 remo-

2233 5393 2344 5438 tum
2373 5393 2456 5438 est
2484 5382 2752 5438 servitutis
2771 5382 2956 5454 jugum
2981 5423 2995 5446 ,
3030 5382 3203 5444 nullus
3245 5382 3564 5450 christianos
3589 5383 3818 5438 circum-

2233 5474 2426 5530 ciditur
2459 5490 2651 5539 carne;
2685 5475 2762 5529 sic
2791 5484 2917 5528 tunc
2962 5474 3305 5550 regnantibus
3339 5474 3496 5544 justis
3542 5491 3661 5531 cum
3709 5477 3815 5530 Do-

2233 5565 2399 5631 mino,
2443 5564 2815 5636 damnatisque
2861 5565 3035 5632 impiis
3059 5605 3072 5628 ,
3103 5579 3261 5618 nemo
3302 5566 3651 5635 baptizabitur
3675 5607 3690 5633 ,
3721 5567 3820 5622 sed

2234 5657 2363 5713 illud
2393 5658 2532 5737 quod
2564 5659 2659 5712 ista
2689 5657 3046 5728 praefigurant,
3077 5655 3128 5709 id
3159 5666 3238 5710 est
3263 5656 3596 5714 circumcisio
3617 5659 3815 5725 cordis,

2233 5761 2288 5808 et
2313 5751 2567 5807 munditia
2599 5749 2940 5806 conscientia:
2970 5747 3202 5806 manebit
3229 5751 3280 5806 in
3310 5757 3585 5807 maternum.
3611 5751 3665 5808 Si
3687 5765 3818 5820 ergo
