4080 6346
233 345 301 399 97
1460 341 1932 399 EPISTULARUM
1966 342 2236 400 massas
2273 346 2311 400 ι.
3448 361 3518 420 98

234 459 328 511 illo
360 465 602 528 tempore
626 453 842 510 Judazus
869 469 1040 509 essem
1063 495 1078 520 ,
1109 464 1162 509 et
1189 453 1396 509 veniret
1422 453 1488 509 ad
1519 470 1604 509 me
1631 456 1819 510 Sama-

237 550 470 611 ritanus,
499 547 800 616 velletque,
839 546 930 599 illo
959 561 1141 600 errore
1171 545 1422 601 derelicto
1462 561 1618 614 quem
1657 547 1818 600 etiam

235 641 498 696 Dominus
526 640 844 710 improbavit
877 640 1080 704 dicens,
1135 638 1234 693 Vos
1259 639 1481 693 adoratis
1500 640 1635 710 quod
1661 640 1821 694 nesci-

234 735 333 796 tis;
362 748 455 785 nos
485 733 758 784 adoramus
786 731 921 801 quod
944 731 1160 795 scimus,
1193 732 1428 800 quoniam
1452 731 1590 785 salus
1615 747 1676 784 ex
1714 729 1817 783 Ju-

232 823 355 876 drris
403 830 478 875 est
523 820 709 894 (Joan.
738 837 824 885 tv,
855 819 962 891 22)
1003 821 1200 875 :vellet
1250 837 1376 891 ergo
1418 820 1816 888 Samaritanus,

231 928 392 981 quem
433 911 755 966 Samaritani
795 909 1256 977 circumciderant,
1291 911 1402 965 ﬁeri
1445 911 1658 966 Judaaus
1680 953 1693 976 ,
1721 926 1816 964 va-

230 1014 380 1060 caret
403 1014 553 1060 certe
569 1005 869 1058 ﬁeratiouis
898 1003 1114 1057 audacia
1135 1044 1149 1070 ,
1177 1013 1234 1059 et
1261 1003 1314 1058 id
1352 1004 1491 1074 quod
1521 1003 1659 1073 apud
1702 1003 1817 1059 ha:-

227 1098 393 1151 resim
425 1096 622 1151 factum
646 1104 784 1161 erat,
815 1095 955 1165 quod
983 1104 1308 1165 praeceperat
1334 1095 1492 1160 Dens,
1523 1111 1628 1150 non
1659 1112 1816 1166 repe-

195 1196 344 1254 'tere
392 1185 490 1241 sed
535 1185 834 1254 approbare
877 1197 1209 1255 cogeremur.
1269 1185 1421 1253 Quod
1465 1186 1511 1240 si
1553 1187 1608 1240 in
1657 1201 1819 1243 carne

178 1269 197 1350 ς
228 1275 532 1330 circumcisi
561 1274 795 1330 hominis
819 1291 925 1330 non
950 1275 1242 1330 invenirem
1271 1277 1444 1331 locum
1473 1276 1559 1331 ubi
1585 1277 1816 1332 circum-

170 1361 185 1385 "
229 1368 489 1422 cisionem
520 1377 840 1438 repeterem,
869 1367 989 1438 quia
1021 1384 1181 1423 unum
1213 1379 1293 1423 est
1317 1369 1444 1424 illud
1476 1370 1771 1425 membrum
1797 1388 1813 1438 ;

226 1459 396 1512 multo
431 1460 612 1514 minus
643 1461 907 1515 invenitur
933 1461 1082 1516 locus
1105 1462 1158 1515 in
1187 1477 1293 1516 uno
1319 1463 1498 1530 corde,
1531 1464 1618 1518 ubi
1645 1465 1818 1534 bapti-

226 1565 377 1604 smus
416 1551 620 1606 Christi
661 1561 948 1621 repetatur.
1000 1551 1122 1607 Ideo
1167 1553 1258 1623 qui
1311 1554 1584 1623 duplicare
1640 1556 1826 1626 Bapti-_

227 1653 401 1696 surum
434 1643 636 1710 vultis,
666 1658 886 1700 necesse
927 1651 1009 1699 est
1037 1645 1253 1700 omnino
1297 1654 1356 1700 ut
1393 1647 1554 1702 corda
1588 1647 1816 1718 duplicia

223 1734 540 1804 mquiratis.

293 1846 352 1900 5.
379 1846 568 1900 Clama
591 1861 718 1917 ergo
745 1855 890 1902 recte
913 1856 961 1903 te
990 1847 1183 1915 facere,
1211 1849 1253 1904 si
1278 1864 1384 1903 non
1411 1850 1734 1922 rebaptizas;
1762 1848 1816 1908 et

224 1953 329 1992 non
376 1938 552 1992 solum
580 1939 695 1992 sine
730 1939 1078 2009 trepidatione
1101 1981 1116 2007 ,
1160 1940 1254 1995 sed
1281 1941 1438 1995 etiam
1475 1957 1596 1997 eum
1623 1943 1815 2013 gaudio

226 2028 356 2081 mihi
386 2027 517 2082 inde
545 2028 801 2084 rescribe.
832 2029 986 2084 Nulla
1018 2039 1070 2086 te
1095 2039 1303 2085 tuorum
1333 2032 1554 2087 concilia
1573 2075 1587 2099 ,
1620 2033 1778 2088 frater
1797 2076 1811 2101 ,

224 2128 553 2175 eXtcrreant.
608 2119 662 2174 Si
699 2121 839 2176 enim
883 2121 986 2177 hoc
1029 2122 1108 2178 eis
1144 2123 1508 2194 displicuerit,
1547 2141 1650 2180 non
1693 2135 1817 2182 sunt

223 2209 364 2280 digni
394 2212 488 2280 qui
522 2220 574 2266 te
603 2211 866 2276 habeant;
913 2213 957 2265 si
995 2223 1173 2268 autem
1217 2214 1506 2282 placuerit,
1551 2216 1816 2272 credimus

223 2299 288 2353 de
315 2300 692 2355 misericordia
722 2302 949 2367 Domini,
975 2303 1062 2371 qui
1095 2303 1339 2358 timentes
1366 2305 1812 2375 sibildisplieere',

223 2400 275 2445 et
298 2401 566 2446 conantes
596 2394 806 2463 placere
831 2408 1095 2462 nunquam
1124 2393 1353 2460 deserit,
1395 2395 1534 2464 quod
1563 2397 1699 2451 inter
1721 2413 1817 2453 vos

222 2490 274 2535 et
311 2497 412 2536 nos
439 2482 549 2536 cito
578 2499 679 2552 pax
706 2483 807 2538 erit
839 2501 853 2537 :
883 2498 950 2537 ne
977 2492 1190 2552 propter
1217 2483 1448 2539 honores
1475 2496 1720 2554 nostros;
1750 2489 1816 2544 de

221 2583 319 2643 qua
349 2575 566 2629 sarcina
597 2575 892 2644 periculosa
922 2576 1056 2629 ratio
1082 2576 1332 2631 reddetur
1351 2620 1366 2644 ,
1397 2579 1606 2633 miserae
1636 2581 1817 2650 plebes

221 2665 508 2719 credentes
531 2666 583 2719 in
611 2664 880 2720 Christum
909 2665 1137 2721 habeant
1177 2667 1226 2720 in
1254 2667 1497 2724 domibus
1531 2671 1640 2724 suis
1666 2686 1816 2726 com-

221 2771 414 2810 muncs
447 2756 632 2821 cibos,
661 2766 716 2812 et
744 2772 982 2811 mensam
1023 2756 1220 2813 Christi
1256 2774 1592 2816 communem
1621 2762 1818 2819 habere

221 2864 323 2901 non
359 2849 590 2917 possint.
633 2848 819 2905 Nonne
849 2850 1242 2919 ing‘emiscimus
1269 2853 1410 2922 quod
1442 2854 1524 2908 vir
1555 2864 1609 2910 et
1643 2871 1778 2911 uxor
1799 2898 1814 2924 ,

222 2949 275 2992 ut
310 2939 548 2994 ﬁdeliter
587 2941 910 3011 eonjungant
941 2956 1163 3012 corpora
1193 2958 1322 3010 sua,
1349 2943 1530 3014 jurant
1562 2945 1663 3000 sibi
1707 2949 1820 3017 ple-

222 3045 453 3099 rumque
498 3045 593 3100 per
631 3029 900 3086 Christum
922 3070 937 3096 ,
985 3043 1040 3086 et
1075 3032 1238 3102 ipsius
1277 3047 1470 3103 corpus
1506 3035 1704 3090 Christi
1733 3037 1817 3090 di-‘

222 3137 376 3175 versa
403 3122 789 3176 communione
809 3121 1102 3177 dilaniant?
1126 3123 1238 3178 Hoc
1261 3132 1459 3179 tantum
1487 3127 1813 3195 scandalum,

221 3223 401 3268 tantus
433 3215 633 3268 diaboli
662 3215 960 3284 triumphus
979 3257 994 3281 ,
1024 3225 1164 3271 tanta
1195 3217 1456 3286 pernicies
1485 3220 1775 3275 animarum
1798 3255 1815 3300 δ

220 3307 262 3359 si
293 3321 390 3374 per
413 3316 558 3358 tuam
581 3307 920 3374 modestiam,
944 3316 996 3362 et
1018 3307 1370 3377 prudentiam,
1403 3323 1457 3364 et
1477 3311 1816 3371 dilectionem

218 3406 376 3463 quam
408 3395 670 3451 debemus
703 3399 751 3452 ei
782 3397 873 3466 qui
901 3413 996 3466 pro
1027 3399 1181 3452 nobis
1212 3414 1367 3454 suum
1394 3403 1701 3470 sanguinem
1733 3405 1815 3460 fu-'

220 3485 338 3551 dit,
368 3487 548 3540 ablata
591 3486 658 3542 de
701 3487 878 3542 medio
921 3488 972 3541 in
1002 3487 1084 3542 bis
1112 3490 1419 3558 regionibus
1458 3491 1659 3561 fuerit;
1699 3498 1816 3566 quis

222 3576 453 3646 explicet
486 3577 662 3632 verbis
687 3594 845 3648 quam
880 3579 971 3632 tibi
999 3581 1225 3648 palmam
1255 3592 1514 3651 praeparet
1539 3586 1812 3655 Dominus,

223 3677 280 3719 ut
303 3667 370 3720 ad
397 3677 594 3721 caetera
633 3669 871 3723 membra
906 3670 1137 3723 sananda
1161 3710 1177 3734 ,
1207 3687 1324 3740 quae
1350 3687 1445 3740 per
1476 3682 1635 3729 totam
1672 3677 1813 3730 Afri-

222 3773 338 3810 cam
369 3757 630 3811 labefacta
659 3758 1032 3813 miserabiliter
1063 3759 1270 3829 jacent,
1302 3775 1331 3814 a
1362 3771 1413 3816 te
1452 3764 1816 3831 proficiscatur

225 3858 327 3902 tam
359 3849 618 3904 imitabile
643 3849 921 3904 medicina:
946 3850 1322 3905 documentum
1345 3853 1368 3906 ?
1393 3853 1560 3920 Quam
1588 3871 1778 3911 vereor
1795 3899 1809 3923 ,

223 3939 477 4008 quoniam
513 3955 608 3993 cor
638 3957 810 3994 mcum
843 3940 1020 3995 videre
1063 3957 1166 3994 non
1212 3951 1363 4010 potes
1387 3984 1402 4007 ,
1444 3960 1510 3998 ne
1558 3946 1651 3999 tibi
1691 3963 1810 4001 cum

225 4032 566 4086 insultatione
598 4033 768 4102 potius
789 4037 945 4102 quam
973 4045 1091 4088 cum
1118 4033 1403 4090 dilectione
1431 4036 1572 4106 loqui
1602 4039 1807 4094 videar!

221 4122 322 4178 Sed
364 4133 518 4178 certe
555 4123 780 4192 amplius
810 4119 934 4194 quid
979 4125 1164 4178 faciam
1203 4134 1306 4179 non
1339 4126 1551 4183 invenio
1574 4171 1586 4192 ,
1631 4131 1729 4182 nisi
1758 4139 1812 4185 ut

225 4214 616 4284 inspiciendum
642 4230 942 4269 sermonem
970 4229 1145 4270 meum
1175 4217 1265 4270 tibi
1291 4216 1506 4271 offeram
1525 4260 1538 4283 ,
1577 4219 1809 4273 animum

223 4304 350 4361 Deo.

292 4399 346 4452 6.
392 4398 665 4453 Tollamus
693 4397 758 4452 de
787 4397 964 4452 medio
990 4397 1164 4452 inania
1192 4398 1418 4467 objecta,
1447 4412 1561 4469 qua:
1591 4417 1620 4454 a
1651 4403 1810 4471 parti-

221 4488 320 4543 bus
358 4490 622 4561 imperitis
653 4491 837 4560 jactari
883 4499 1062 4545 contra
1105 4491 1328 4546 invicem
1369 4492 1573 4559 solent;
1613 4509 1709 4548 nec
1754 4507 1808 4550 tu

221 4581 440 4651 objicias
481 4592 720 4651 tempora
762 4582 1088 4649 Macariana,
1131 4597 1228 4636 nec
1272 4597 1370 4652 ego
1406 4584 1661 4637 sawitiam
1690 4584 1806 4638 Cir-

221 4675 630 4728 cumcellionum
664 4692 676 4727 :
707 4675 748 4729 si
787 4675 888 4729 hoc
925 4675 990 4730 ad
1032 4683 1083 4730 te
1121 4690 1225 4730 non
1255 4677 1515 4745 pertinet,
1549 4693 1646 4731 nec
1679 4676 1806 4733 illud

220 4767 283 4819 ιι]
329 4783 436 4822 me.
489 4770 629 4821 Area
673 4767 935 4823 dominica
980 4769 1212 4823 nomium
1244 4769 1492 4824 ventilata
1532 4780 1645 4836 est;
1691 4774 1807 4829 sine

221 4858 390 4926 paleis
429 4873 550 4912 esse
589 4875 695 4913 non
722 4868 913 4930 potest.
958 4858 1065 4914 Nos
1107 4875 1356 4926 orenms,
1391 4871 1549 4931 atque
1589 4878 1806 4932 agamus

220 4960 476 5018 quantum
512 4967 790 5020 possumus
812 4993 827 5017 ,
857 4963 913 5005 ut
939 4951 1257 5007 frumentum
1287 4954 1470 5007 simus.
1501 4953 1611 5023 Ego
1631 4955 1697 5009 de
1724 4972 1807 5010 rc-

220 5040 490 5112 baptizato
543 5041 768 5096 diacono
814 5051 997 5097 nostro
1050 5045 1207 5098 silere
1256 5060 1360 5097 non
1406 5060 1659 5113 possum:
1694 5048 1806 5101 scio

220 5131 359 5184 enim
389 5147 549 5200 quam
580 5131 705 5184 mihi
732 5133 1000 5187 silentium
1029 5135 1381 5203 perniciosum
1408 5136 1492 5188 sit.
1522 5136 1635 5189 Non
1663 5133 1805 5191 enim

221 5221 392 5289 cogito
446 5221 500 5274 in
547 5223 922 5277 ecclesiasticis
965 5223 1253 5278 honoribus
1309 5235 1543 5294 tempora
1586 5238 1802 5282 ventosa

226 5311 514 5380 transigere
533 5354 546 5374 ,
579 5311 672 5365 sed
709 5312 882 5381 cogito
912 5328 996 5367 me
1028 5314 1244 5382 principi
1275 5323 1539 5384 pastorum
1567 5318 1802 5372 omnimn

219 5400 484 5454 rationem
515 5400 581 5454 de
623 5401 923 5455 commissis
961 5403 1148 5457 ovibus
1189 5404 1534 5458 redditurum.
1580 5407 1635 5460 Si
1669 5406 1805 5463 forte

218 5489 391 5544 nolles
422 5500 480 5544 ut
505 5490 620 5545 hmc
646 5492 737 5545 tibi
767 5491 1074 5559 scriberem,
1104 5504 1310 5562 Oportet
1341 5504 1412 5559 te,
1441 5495 1622 5562 frater,
1652 5498 1801 5566 igno~

220 5596 371 5636 scere
397 5583 574 5636 timori
615 5598 756 5636 meo.
781 5583 996 5636 Multum
1039 5584 1178 5638 enim
1212 5584 1369 5638 timeo
1394 5602 1461 5641 ne
1489 5603 1574 5642 me
1599 5584 1804 5644 tacente

221 5685 275 5728 et
309 5676 716 5740 dissimulante,
763 5677 848 5730 alii
894 5693 1103 5747 quoque
1140 5678 1528 5746 rebaptizentur
1564 5696 1591 5731 a
1634 5681 1800 5734 vobis.

224 5766 445 5822 Decrevi
475 5783 603 5838 ergo
627 5808 641 5833 ,
674 5776 928 5837 quantum
959 5769 1098 5823 vires
1122 5779 1175 5824 et
1216 5769 1516 5825 facultatem
1551 5770 1802 5827 Dominus

1929 453 2167 522 przcbere
2186 454 2451 526 dignatur,
2480 473 2698 517 musam
2720 462 2870 518 istam
2893 465 2969 520 sic
2989 481 3166 537 agere,
3196 477 3254 524 ut
3283 471 3518 540 pacinci‘

1927 547 2299 603 collationibus
2329 553 2523 606 nostris
2565 569 2752 610 omnes
2777 558 2864 626 qui
2895 559 3046 615 nobis
3082 565 3511 632 communicant,

1930 638 2173 692 noverint
2202 639 2268 694 ab
2297 640 2588 697 hmresibus
2616 654 2706 699 aut
2744 647 3117 706 schismatibus
3141 663 3394 721 quantum
3422 669 3514 711 ca-

1926 727 2118 783 tholica
2144 729 2302 784 distet
2326 731 2582 799 Ecclesia,
2615 744 2670 788 et
2697 748 2949 805 quantum
2978 740 3046 806 sit
3070 743 3302 797 cavenda
3331 747 3514 813 perni-

1922 819 2033 874 cies
2064 820 2144 874 vel
2191 823 2516 877 zizaniorum
2557 825 2641 880 vel
2683 829 3020 896 prtecisorum
3058 833 3125 886 de
3155 835 3260 890 vite
3302 835 3513 894 Domini

1924 920 2334 966 sarmentorum.
2383 914 2550 980 Quam
2595 917 2934 975 collationem
2978 938 3187 979 mecum
3229 926 3274 980 si
3323 926 3508 990 libenti

1923 1002 2100 1055 animo
2125 1005 2446 1074 susceperis,
2481 1014 2537 1059 ut
2563 1010 2913 1066 concordibus
2939 1013 3090 1068 nobis
3117 1015 3393 1071 amborum
3422 1019 3510 1072 lit-

1923 1099 2053 1146 terae
2091 1094 2298 1161 p0pulis
2337 1095 2662 1164 recitentur,
2709 1099 2960 1154 ineffabili
3002 1105 3278 1160 exsultabo
3303 1107 3507 1163 laetitia.

1922 1179 1979 1235 Si
2007 1192 2182 1237 autem
2226 1183 2278 1238 id
2316 1199 2468 1254 :equo
2506 1187 2685 1242 animo
2713 1204 2818 1243 non
2845 1192 3038 1261 accipis
3063 1235 3077 1260 ,
3120 1196 3245 1265 quid
3281 1197 3469 1253 faciam
3491 1240 3508 1264 ,

1921 1269 2106 1339 frater,
2141 1272 2240 1326 nisi
2272 1282 2327 1327 ut
2355 1282 2404 1327 te
2430 1289 2639 1344 quoque
2679 1277 2844 1332 invito
2877 1283 3128 1349 epistolas
3169 1295 3377 1341 nostras
3405 1303 3502 1357 po-

1921 1361 2044 1431 pulo
2088 1363 2352 1418 catholico
2399 1364 2586 1434 legam,
2635 1383 2741 1436 quo
2787 1383 2906 1424 esse
2955 1374 3120 1440 possit
3162 1363 3508 1434 instructior?

1919 1452 2070 1520 Quod
2101 1453 2144 1508 si
2172 1456 2465 1510 rescribere
2496 1457 2740 1526 dignatus
2767 1475 2872 1514 non
2903 1461 3072 1517 fueris
3092 1504 3109 1529 ,
3148 1467 3230 1520 vel
3260 1484 3406 1523 meas
3431 1470 3509 1525 le-

1918 1559 2046 1614 gere
2085 1543 2320 1610 decrevi,
2355 1553 2410 1598 ut
2437 1548 2622 1601 saltem
2652 1547 2942 1604 diffidentia
2977 1562 3150 1608 vestra
3179 1559 3386 1627 cognita
3417 1563 3506 1615 re-

1918 1635 2172 1711 baptizari
2203 1637 2542 1692 erubescant.

1991 1726 2042 1779 7.
2083 1726 2262 1797 Neque
2289 1726 2339 1781 id
2365 1743 2516 1797 agam
2547 1743 2664 1784 cum
2693 1731 2848 1786 miles
2878 1747 3110 1802 przesens
3137 1745 3215 1791 est
3236 1779 3250 1802 ,
3281 1754 3346 1793 ne
3373 1741 3492 1810 quis

1919 1827 2156 1872 vestrum
2193 1817 2481 1872 arbitretur
2512 1821 2882 1877 tumultuosius
2927 1839 3013 1878 me
3037 1840 3193 1895 agere
3237 1828 3498 1893 voluisse,

1917 1925 2076 1982 quam
2104 1911 2239 1964 ratio
2268 1912 2414 1981 pacis
2441 1910 2741 1978 desiderat;
2773 1913 2865 1968 sed
2892 1916 3336 1984 postabscessum
3364 1919 3506 1982 mili-

1921 2003 2007 2068 tis,
2040 2009 2097 2056 ut
2115 2016 2301 2057 omnes
2321 2002 2410 2072 qui
2443 2017 2539 2056 nos
2567 2003 2786 2058 audiunt
2811 2004 3105 2077 intelligant
3131 2023 3233 2062 non
3258 2008 3358 2063 hoc
3385 2024 3505 2064 esse

1919 2095 2174 2164 propositi
2199 2094 2300 2148 mei
2323 2104 2381 2148 ut
2402 2094 2551 2148 inviti
2579 2095 2820 2150 homines
2840 2096 2905 2151 ad
2927 2099 3234 2167 cujusquam
3262 2115 3506 2152 commu-

1918 2185 2130 2239 nionem
2160 2194 2434 2254 cogantur,
2466 2184 2559 2239 sed
2592 2193 2647 2239 ut
2681 2187 3008 2256 quietissime
3037 2190 3393 2258 quaerentibus
3421 2206 3507 2246 ve-

1920 2275 2054 2329 ritas
2086 2276 2402 2332 innotescat.
2450 2275 2693 2330 Cessabit
2733 2292 2762 2330 a
2816 2279 3010 2332 nostris
3056 2280 3297 2349 partibus
3337 2290 3508 2336 terror

1920 2366 2290 2434 temporalium
2320 2375 2639 2436 potestatum
2665 2385 2678 2420 :
2703 2378 2878 2423 cesset
2897 2370 3055 2423 etiam
3081 2386 3110 2423 a
3136 2372 3325 2449 vestris
3347 2373 3510 2442 parti-

1918 2456 2018 2513 bus
2043 2466 2216 2512 terror
2240 2469 2684 2530 congregatorum
2712 2461 3232 2518 Circumcellituium.
3265 2466 3343 2520 Re
3377 2483 3506 2537 aga-

1919 2566 2058 2616 mus,
2083 2551 2290 2605 ratione
2313 2567 2554 2621 agamus,
2579 2552 2876 2608 divinarum
2902 2554 3292 2625 Scripturarum
3319 2574 3505 2614 athtO-

1919 2633 2162 2698 ritatibus
2210 2658 2465 2712 agamus,
2519 2645 2684 2713 quieti
2731 2655 2890 2716 atque
2943 2649 3210 2718 tranquilli
3252 2661 3507 2720 quantum

1919 2747 2201 2802 possumus
2229 2742 2489 2803 petamus,
2520 2751 2840 2807 quzeramus,
2869 2737 3161 2807 pulsemus,
3194 2749 3252 2794 ut
3275 2743 3506 2812 accipia-

1921 2840 2040 2878 mus
2060 2833 2113 2880 et
2138 2826 2492 2893 inveniamus,
2522 2836 2576 2882 et
2602 2829 2873 2898 aperiatur
2889 2831 3061 2896 nobis,
3093 2848 3159 2886 ne
3181 2835 3195 2863 ¹
3223 2832 3360 2889 forte
3391 2835 3532 2890 fieri.

1922 2916 2121 2985 possit,
2163 2926 2220 2970 ut
2262 2917 2547 2986 adjuvaute
2586 2918 2810 2972 Domino
2857 2922 3150 2976 concordes
3191 2933 3413 2979 conatus
3450 2936 3506 2980 et

1921 3009 2187 3063 orationes
2233 3018 2478 3074 nostras,
2526 3018 2666 3064 tanta
2715 3010 3024 3066 deformitas
3066 3021 3225 3083 atque
3263 3016 3505 3085 impietas

1920 3098 2287 3154 Africanarum
2317 3101 2590 3170 regionum
2623 3091 2690 3156 de
2717 3103 2913 3156 nostris
2938 3104 3092 3159 terris
3118 3106 3332 3175 incipiat
3371 3108 3504 3162 abo-

1920 3190 2038 3244 leri.
2073 3190 2128 3245 Si
2159 3206 2264 3244 non
2293 3191 2467 3246 credis
2497 3200 2616 3260 post
2643 3193 2938 3248 discessum
2978 3196 3203 3250 militum
3239 3215 3325 3254 me
3369 3200 3505 3256 velle

1920 3296 2078 3351 agere
2100 3323 2114 3348 ,
2147 3289 2268 3351 post
2295 3281 2590 3336 discessum
2621 3285 2846 3337 militum
2879 3295 2933 3338 tu
2963 3287 3219 3342 rescribe.
3267 3289 3321 3344 Si
3359 3291 3503 3346 enim

1919 3389 2018 3444 ego
2045 3384 2309 3444 prmsente
2348 3374 2514 3430 milite
2544 3376 2748 3431 litteras
2785 3392 2930 3431 meas
2975 3379 3151 3448 legere
3182 3382 3374 3450 populo
3402 3399 3501 3437 vo-

1922 3465 2089 3528 luero,
2122 3465 2324 3535 prolata
2347 3465 2570 3535 epistola
2593 3481 2710 3521 mea
2737 3465 3118 3522 demonstrabit
3140 3487 3224 3524 me
3249 3472 3367 3527 fidei
3392 3474 3504 3527 vio»

1921 3555 2163 3609 latorem.
2193 3555 2344 3620 Qu‘od
2367 3556 2725 3611 misericordia
2751 3547 2957 3610 Domini
2985 3570 3184 3613 avertat
3211 3576 3239 3613 a
3264 3564 3500 3620 moribus

1919 3654 2076 3714 atque
2097 3647 2336 3700 instituto
2358 3661 2495 3712 meo,
2517 3647 2656 3717 quod
2679 3647 2805 3701 mihi
2832 3663 2927 3717 per
2951 3649 3130 3718 jugum
3160 3667 3310 3706 suum
3333 3654 3500 3724 inspi-

1919 3753 2036 3791 rare
2063 3738 2304 3806 dignatus
2329 3749 2428 3793 cst.

1989 3828 2040 3879 8.
2088 3829 2381 3898 Episeopns
2426 3844 2574 3883 meus
2602 3830 2991 3885 Beuevolentize
3026 3842 3127 3886 ῑιιςιι
3155 3833 3376 3890 fortasse
3401 3852 3499 3906 po-

1920 3920 2023 3974 tius
2058 3920 2260 3974 litteras
2291 3921 2390 3975 mis
2413 3931 2540 3984 sset,
2572 3923 2612 3974 si
2642 3933 2783 3977 esset
2810 3939 3059 3990 praesens,
3084 3936 3287 3994 autego
3309 3927 3398 3980 illo
3415 3929 3499 3983 vel

1912 4011 2130 4080 jubente
2169 4013 2250 4066 vel
2281 4013 2618 4080 permittente
2643 4013 2994 4080 scripsissem.
3027 4015 3131 4067 Sed
3163 4015 3252 4067 illo
3281 4017 3500 4072 absente

1916 4117 2033 4156 cum
2057 4102 2262 4156 diaconi
2287 4102 2626 4170 rebaptizatio
2645 4117 2831 4156 recens
2855 4118 2970 4156 esse
2985 4104 3196 4166 dicitur,
3219 4104 3499 4174 frigescere

1915 4195 2177 4247 actionem
2210 4194 2376 4262 ipsam
2401 4194 2654 4248 dilatione
2679 4210 2778 4246 non
2803 4210 2987 4259 passus
3014 4210 3150 4259 sum,
3176 4196 3243 4250 de
3266 4198 3496 4252 fraterna

1915 4295 1967 4338 et
1997 4302 2116 4338 vera
2153 4294 2324 4338 morte
2367 4287 2691 4341 acerbissimi
2737 4286 2939 4340 doloris
2982 4288 3176 4343 aculeis
3217 4292 3495 4352 excitatus.

1914 4376 2083 4442 Quem
2109 4376 2348 4430 dolorem
2384 4393 2557 4431 memn
2589 4378 2874 4446 adjuvante
2908 4379 3266 4434 misericordia
3293 4391 3345 4435 et
3372 4399 3495 4452 pro-

1915 4468 2144 4520 videntia
2176 4467 2404 4532 Domini,
2443 4469 2587 4536 pacis
2624 4468 2851 4524 fortasse
2882 4473 3243 4538 compensatio
3273 4473 3496 4529 lenitura

1914 4571 2014 4613 est.
2049 4560 2186 4614 Deus
2215 4568 2268 4613 et
2301 4561 2553 4614 Dominus
2573 4569 2752 4614 noster
2775 4562 2864 4614 tibi
2897 4572 3125 4616 mentem
3156 4574 3391 4632 pacatam
3415 4566 3496 4620 in-

1912 4654 2121 4721 spirare
2149 4651 2416 4721 dignetur,
2445 4653 2659 4706 domine
2687 4653 3029 4707 dilectissime
3056 4654 3235 4710 frater.

2381 4754 2707 4810 EPISTULA
2742 4755 2905 4809 xxrv
2928 4761 2943 4778 ·
2966 4756 3062 4826 (ιι).

1913 4829 2164 4907 Paulinus
2198 4833 2379 4901 Alypio
2407 4833 2639 4907 episcopo
2669 4834 2730 4907 de
2755 4833 2895 4907 libris
2923 4835 3188 4907 Augustini
3211 4853 3334 4907 quos
3358 4855 3491 4892 roce-

1986 4903 2095 4970 pit,
2138 4920 2382 4954 excusans
2429 4903 2562 4970 quod
2606 4905 2762 4956 serius
2796 4905 2982 4958 miserit
3005 4903 3092 4957 ’ad
3120 4903 3262 4959 illum
3291 4908 3494 4962 Eusrbii

1983 4972 2261 5048 Chronica.
2283 4971 2428 5042 Cupit
2458 4973 2650 5048 edoceri
2685 4974 2745 5025 de
2771 4991 2949 5048 genere
2963 4986 3007 5048 ς(
3031 4977 3127 5028 vim
3151 4976 3320 5048 Alypii
3345 4994 3362 5030 :
3383 4980 3492 5048 ipse

1984 5043 2198 5094 vicissim
2227 5043 2288 5096 de
2318 5061 2368 5096 se
2393 5044 2636 5096 nonnulla
2663 5045 2907 5114 aperiens.
2952 5044 3147 5098 Panem
3182 5043 3335 5100 unum
3359 5043 3492 5101 dono

1982 5123 2153 5163 "Milli.

1915 5191 2139 5246 Domino
2162 5194 2349 5246 merito
2371 5193 2687 5255 honorabili.
2719 5205 2770 5248 et
2794 5195 3098 5252 beatissimo
3121 5197 3255 5267 patri
3271 5199 3488 5265 Auno,

2213 5273 2475 5338 ΡΑι-ιιιλυξ
2503 5284 2556 5327 et
2586 5274 2849 5328 ΤιιειιΑειΑ
2881 5287 3205 5345 peceatores.

1985 5364 2034 5416 l.
2077 5361 2203 5416 Ilwc
2233 5373 2302 5416 cst
2329 5380 2442 5416 vero
2469 5365 2704 5428 rltaritas,
2725 5366 2842 5426 lucc
2865 5371 3084 5439 perfecta
3100 5368 3319 5434 dilectio,
3340 5385 3490 5436 quam

1975 5476 1991 5540 ξ
2017 5475 2089 5524 sic
2111 5487 2282 5522 omnes
2305 5474 2434 5534 edd.,
2459 5476 2682 5524 obscure.
2709 5482 2847 5526 Forte
2873 5491 2976 5539 pro,
3001 5490 3077 5538 ne,
3102 5475 3383 5540 legendum,
3406 5490 3487 5540 an,

1910 5535 2010 5593 vel,
2030 5549 2160 5585 num.
2226 5543 2282 5584 tu.
2874 5535 2886 5539 ·
2964 5535 2969 5536 ν
3065 5535 3071 5538 -
3156 5535 3178 5540 v
3470 5535 3478 5540 τ

1976 5602 1990 5616 '
2013 5599 2262 5661 neceusita
2293 5604 2367 5646 est
2394 5598 2451 5646 ad
2475 5611 2522 5646 a.
2549 5599 2631 5646 l;n.
2656 5598 2739 5659 bg.
2761 5612 2832 5661 ec.
2865 5599 2912 5647 fl‘.
2931 5613 2980 5660 g.
2997 5600 3129 5661 gv.j.
3149 5599 3181 5646 l.
3206 5613 3256 5647 n.
3279 5614 3319 5649 r.
3342 5614 3385 5650 ε,
3411 5603 3488 5651 sb,

1910 5666 1948 5708 t.
1972 5672 2046 5708 ve.
2069 5659 2149 5721 vd.
2166 5660 2287 5708 duos
2307 5671 2352 5707 a.
2377 5668 2580 5721 quatuor
2595 5674 2642 5708 v.
2671 5668 2720 5708 et
2734 5659 2792 5707 ad
2817 5669 2915 5708 Am.
2936 5659 3041 5709 ΒΜ.
3063 5659 3135 5709 Er.
3153 5667 3260 5711 Lov.

1973 5722 2046 5782 (ιι)
2091 5720 2216 5785 Alias
2237 5722 2298 5770 55
2323 5735 2334 5768 ;
2360 5720 2471 5785 quae
2506 5731 2670 5770 autem
2691 5721 2752 5770 24
2775 5729 2880 5772 erat
2902 5736 3030 5772 nunc
3062 5723 3170 5772 20L
3194 5725 3374 5785 Scripta
3395 5723 3487 5772 sub

1912 5780 1991 5830 tia.
2023 5780 2099 5830 an.
2125 5782 2234 5843 59f,
2258 5780 2626 5832 ante—hiemem.
