4080 6346
1658 291 1721 302 ωδ

609 337 679 400 99
1254 327 1256 329 b
1838 341 1894 395 S.
1937 327 2297 396 AL'GUSTINI
2338 339 2632 398 EPISCOPI

608 456 701 510 tibi
727 457 860 511 circa
893 457 1221 511 hurnilitatem
1263 462 1483 511 nostram
1521 456 1678 510 inesse
1711 455 1942 521 docuisti,
1974 457 2172 510 domine

597 556 725 600 sere
749 555 935 611 sancte,
962 555 1009 602 et
1038 549 1212 600 merito
1237 547 1514 600 beatissime
1544 562 1602 598 ac
1628 545 1987 600 desiderabilis.
2015 547 2172 600 Acce-

612 636 777 705 pirnus
798 638 926 690 enim
951 653 1039 707 per
1065 637 1312 690 hominem
1340 646 1563 690 nostrum
1587 634 1849 689 lulianum
1875 638 1937 690 de
1957 637 2170 691 Cartha-

607 727 728 798 gine
752 738 1102 794 revertentem,
1143 729 1332 782 litteras
1359 736 1546 779 tantam
1585 726 1726 780 nobis
1756 726 2046 782 Sanctitatis
2075 738 2173 782 tua:

611 818 773 872 lucem
801 818 1081 884 alferentes,
1110 828 1164 873 ut
1193 819 1332 872 nobis
1357 818 1647 872 charitatem
1691 829 1826 872 tuam
1867 837 1967 873 non
2009 837 2169 890 agno.

610 925 765 973 scere,
785 911 870 963 sed
890 926 1236 981 recognoscere
1253 909 1548 963 videremur.
1583 909 1713 974 Quia
1734 908 1956 964 videlicet
1976 928 2036 965 ea:
2055 912 2164 978 illo,

605 1000 692 1069 qui
711 1013 802 1054 nos
829 1000 888 1053 ab
909 1001 1099 1070 origine
1117 999 1290 1052 mundi
1317 998 1683 1068 prmdestinauit
1704 995 1814 1063 sibi,
1838 999 2056 1053 charitas
2075 1002 2169 1053 ista

541 1088 547 1151 ξ
603 1093 855 1157 manavit,
900 1091 951 1143 in
993 1106 1090 1160 quo
1128 1091 1248 1160 facti
1273 1099 1442 1144 sumus
1467 1101 1730 1161 antequam
1756 1079 1888 1154 nati,
1919 1091 2037 1158 quia
2062 1091 2167 1159 ipse

602 1183 716 1254 fecit
746 1197 853 1245 nos,
883 1190 926 1233 et
955 1196 1054 1233 non
1082 1179 1180 1249 ipsi
1205 1195 1295 1233 nos
1324 1178 1497 1250 (Psal.
1528 1191 1667 1242 xtlx,
1686 1181 1772 1250 5),
1794 1179 1878 1248 qui
1910 1181 2024 1250 fecit
2058 1191 2170 1248 qua:

601 1273 772 1342 futura
789 1280 920 1325 sunt.
951 1270 1116 1341 Hujus
1140 1271 1291 1342 igitur
1307 1273 1618 1342 pra'scientia
1639 1281 1684 1325 et
1710 1288 1858 1340 opere
1882 1273 2084 1342 formati
2111 1273 2164 1326 in

600 1361 976 1418 similitudinem
1005 1362 1317 1416 voluntatum
1345 1372 1393 1416 et
1425 1364 1662 1418 unitatem
1693 1363 1811 1432 ﬁdei
1845 1363 1919 1418 uel
1960 1356 2165 1419 unitatis

599 1452 750 1521 ﬁdem
786 1453 1110 1521 praeveniente
1132 1453 1358 1506 notitiam
1383 1453 1624 1507 charitate
1651 1454 1860 1507 connexi
1884 1470 2077 1522 sumus,
2110 1464 2164 1508 ut

599 1560 692 1599 nos
718 1544 927 1598 invicem
955 1553 1067 1598 ante
1090 1546 1372 1616 corporales
1394 1555 1688 1616 conspectus
1708 1545 1958 1601 reseiante
1985 1548 2166 1616 spiritu

598 1652 931 1691 nosceremus.
957 1635 1280 1690 Gratulamur
1298 1638 1464 1706 itaque
1485 1643 1532 1691 et
1557 1637 1834 1707 gloriamur
1850 1638 1903 1691 in
1925 1637 2160 1702 Domino,

594 1728 683 1798 qui
714 1741 842 1782 unus
875 1736 1022 1796 atque
1056 1729 1188 1781 idem
1222 1729 1403 1798 ubique
1427 1734 1674 1782 terrarum
1708 1740 1942 1800 operatur
1968 1732 2019 1784 in
2058 1733 2164 1788 suis

596 1816 908 1872 dilectionem
945 1833 1087 1872 suam
1137 1817 1335 1886 Spiritu
1372 1829 1572 1884 sancto,
1599 1823 1744 1889 quem
1779 1836 1930 1891 super
1966 1838 2161 1876 omnem

595 1925 794 1963 carnem
808 1907 1006 1975 effudit,
1023 1910 1243 1978 ﬂuminis
1260 1909 1446 1979 impetu
1458 1909 1718 1979 lwtiﬁcans
1733 1911 1976 1965 civitatem
1994 1929 2156 1966 sitam.

595 1993 660 2053 In
692 1999 836 2070 cujus
864 2008 912 2052 te
936 1999 1120 2054 civibus
1157 2001 1481 2070 principalem
1510 2017 1624 2054 cum
1653 2001 1958 2072 principibus
1988 2003 2160 2072 papuli

590 2095 688 2158 sui,
713 2095 826 2147 sede
845 2096 1118 2160 apostolica
1139 2096 1311 2148 merito
1337 2096 1593 2149 collocavit
1611 2111 1628 2149 :
1649 2112 1835 2168 nosque
1848 2098 2018 2162 etiam,
2037 2115 2160 2168 quos

591 2188 742 2240 erexit
762 2187 928 2250 elisos,
948 2197 992 2239 et
1019 2187 1081 2240 de
1110 2199 1241 2240 terra
1269 2188 1441 2258 inopes
1457 2189 1727 2255 suscitavit,
1751 2189 1802 2242 in
1819 2196 1981 2243 vestra
2005 2190 2160 2243 voluit

589 2287 721 2330 sorte
759 2278 1028 2331 numerari.
1063 2278 1167 2332 Sed
1207 2280 1364 2348 magis
1402 2279 1715 2348 gratulamur
1754 2279 1808 2333 in
1855 2295 1912 2334 eo
1953 2279 2160 2334 Domini

591 2382 824 2434 munere,
861 2383 958 2434 quo
985 2383 1074 2419 nos
1102 2368 1153 2420 in
1180 2368 1391 2438 pectoris
1429 2369 1502 2421 tui
1535 2367 1838 2422 habitatione
1869 2371 2158 2435 constituit;

589 2474 782 2528 quoque
800 2459 869 2511 ita
893 2457 1155 2512 visceribus
1176 2459 1272 2512 tuis
1294 2459 1545 2513 insinuare
1563 2461 1797 2530 dignatus
1821 2468 1910 2525 est,
1932 2470 1984 2513 ut
2011 2477 2158 2530 pecu-

589 2548 763 2602 liorem
789 2549 929 2603 nobis
953 2547 1205 2602 charitatis
1232 2558 1330 2602 tua:
1355 2549 1592 2617 ﬁduciam
1617 2550 1939 2616 uindicemus,
1969 2552 2048 2605 his
2076 2554 2156 2623 of-

589 2640 716 2706 ﬁciis
753 2651 902 2712 atque
938 2641 1220 2694 muneribus
1252 2641 1523 2710 provocati,
1553 2650 1611 2694 ut
1651 2648 1740 2694 nos
1770 2641 2046 2711 difﬁdenter
2069 2650 2158 2696 aut

588 2722 758 2784 leviter
786 2740 832 2784 te
859 2748 1028 2785 amare
1057 2737 1154 2785 non
1182 2731 1346 2786 liceat.

656 2821 712 2876 2.
753 2823 1046 2891 Accepimus
1084 2824 1215 2876 enim
1242 2823 1434 2892 insigne
1469 2823 1773 2895 prmeipuum
1799 2824 2076 2878 dilectionis
2106 2831 2156 2877 et

585 2912 934 2966 sollicitudinis
979 2921 1109 2979 tute,
1154 2930 1278 2983 opus
1322 2915 1482 2966 sancti
1517 2923 1564 2967 et
1606 2915 1809 2984 perfecti
1845 2915 1896 2968 in
1941 2915 2154 2969 Domino

587 3001 784 3058 Christo
805 3005 899 3058 viri
915 3045 927 3066 ,
961 3005 1135 3075 fratris
1159 3005 1317 3058 nostri
1343 2999 1608 3076 Augustini
1637 3005 1773 3060 libris
1796 3008 2012 3077 quinque
2034 3025 2156 3062 con-

587 3096 804 3164 fectum,
833 3097 965 3166 quod
991 3097 1061 3149 ita
1085 3098 1326 3149 miramur
1353 3106 1501 3167 atque
1525 3097 1853 3166 suspicimus,
1884 3107 1937 3152 ut
1965 3099 2154 3154 dictata

585 3185 824 3239 diuinitus
868 3187 1014 3239 verba
1060 3185 1339 3239 credamus.
1383 3184 1564 3256 Itaque
1606 3186 1792 3255 ﬁducia
1825 3188 2154 3258 suscipienda:

585 3276 725 3330 nobis
752 3276 1100 3329 unanimitatis
1119 3287 1237 3341 tute,
1265 3285 1311 3328 et
1335 3276 1400 3327 ad
1420 3276 1584 3346 ipsum
1605 3276 1815 3329 scribere
1832 3278 1941 3329 ausi
1958 3294 2146 3343 sumus,

586 3364 706 3418 dun:
745 3381 836 3418 nos
872 3365 948 3418 illi
985 3381 1071 3435 per
1103 3373 1177 3426 te,
1212 3374 1260 3418 et
1296 3365 1358 3417 de
1383 3365 1631 3434 imperitia
1656 3364 1985 3432 excusandas,
2011 3375 2059 3420 et
2085 3365 2152 3419 ad

586 3457 878 3508 charitatem
903 3455 1324 3510 commendandos
1353 3456 1732 3524 prtrsumimus;
1761 3458 1889 3510 sicut
1915 3466 1962 3511 et
1986 3459 2150 3512 omni-'-

587 3545 679 3599 bus
703 3545 890 3600 sanctis
910 3586 924 3610 ,
957 3561 1167 3608 quorum
1195 3562 1283 3599 nos
1317 3555 1360 3598 et
1388 3545 1665 3600 absentium
1700 3547 1871 3616 oﬁiciis
1908 3549 2152 3618 sospitare

589 3637 820 3706 dignatus
844 3653 914 3702 es,
949 3638 1056 3707 pari
1083 3636 1260 3707 procul
1287 3637 1438 3690 dubio
1465 3645 1726 3692 curaturus
1751 3637 1949 3704 affectu,
1983 3649 2036 3692 ut
2065 3653 2154 3710 per

595 3727 922 3780 Sanctitatem
949 3737 1084 3780 tuam
1103 3768 1116 3791 ,
1150 3728 1331 3781 nostris
1355 3727 1561 3781 invicem
1586 3726 1864 3782 salutenlur
1888 3731 2148 3797 obsequiis,

591 3831 635 3872 et
666 3812 716 3872 in
741 3817 874 3872 clero
902 3819 1196 3873 Sanctitatis
1221 3830 1318 3872 tua!
1341 3819 1564 3884 comites,
1593 3827 1636 3870 et
1668 3821 1718 3871 in
1749 3823 2058 3874 monasteriis
2084 3824 2150 3890 ﬁ-'

589 3911 671 3962 dei
697 3927 757 3963 ac
781 3910 972 3963 virtutis
1002 3919 1101 3964 tute
1126 3905 1460 3962 temulatore's.
1503 3897 1552 3961 Ν
1558 3927 1639 3961 am
1658 3925 1660 3928 '
1678 3910 1766 3962 etsi
1791 3911 1840 3962 in
1867 3911 2066 3980 populis
2093 3928 2152 3964 ac

589 4017 740 4072 super
766 4002 1006 4071 populum
1036 4018 1156 4071 agas
1177 4042 1189 4064 ,
1223 4017 1335 4053 oves
1363 4016 1561 4068 pascuae
1589 3999 1791 4053 Domini
1817 4016 1988 4069 regens
2013 3995 2153 4054 solli-

590 4092 700 4145 citis
725 4091 842 4161 vigil
860 4101 1032 4162 pastor
1059 4089 1277 4144 excubiis
1301 4105 1318 4142 :
1347 4098 1508 4142 tamen
1535 4088 1844 4141 abdicatione
1861 4091 2032 4142 sceculi
2051 4131 2064 4154 ,
2107 4099 2153 4142 et

591 4183 794 4252 repulsa
825 4182 989 4235 carnis
1027 4197 1087 4233 ac
1127 4181 1413 4251 sanguinis,
1445 4181 1687 4233 desertum
1719 4181 1805 4234 tibi
1837 4181 1943 4248 ipse
1972 4182 2150 4251 fecisti,

589 4283 802 4326 secretus
825 4289 858 4325 α
881 4273 1066 4335 multis,
1098 4282 1296 4325 vocatus
1321 4272 1373 4324 in
1399 4271 1592 4341 paucis.

661 4365 712 4418 5.
756 4363 894 4417 Sane
920 4364 1103 4416 vicario
1131 4363 1443 4432 aliquatenus
1471 4379 1701 4425 munere,
1740 4363 1850 4415 licet
1878 4377 1964 4431 per
1985 4365 2152 4416 omnia

593 4452 679 4506 tibi
698 4453 882 4521 impar,
912 4461 964 4505 ut
983 4453 1230 4523 jusseras,
1260 4451 1452 4522 providi
1472 4452 1611 4504 illam
1638 4450 1837 4505 Eusebii
1866 4453 2153 4505 venerabilis

590 4543 808 4610 episcopi
836 4540 1371 4610 ConstantinOpolitani
1391 4541 1452 4594 de
1471 4542 1656 4594 cunctis
1681 4543 1980 4612 temporibus
2001 4543 2154 4596 histo-

591 4633 737 4684 riam.
763 4631 867 4686 Sed
886 4633 936 4684 in
957 4632 1049 4684 hoc
1070 4633 1162 4702 fuit
1185 4631 1555 4700 obtemperandi
1578 4649 1738 4697 mora,
1761 4634 1894 4701 quod
1912 4633 2153 4686 instructu

594 4731 700 4788 tuo,
728 4723 844 4788 quia
868 4723 973 4792 ipse
1001 4738 1098 4775 non
1127 4721 1354 4774 haberem
1381 4721 1510 4774 hunc
1535 4722 1773 4788 codicem,
1796 4723 1971 4776 Roma:
1993 4724 2154 4794 reperi

593 4811 729 4881 apud
756 4821 1008 4881 parentem
1031 4821 1255 4864 nostrum
1279 4826 1388 4864 vere
1410 4812 1776 4864 sanctissimum
1801 4811 2150 4875 Domnionem,

591 4918 674 4971 qut
707 4902 879 4970 procul
903 4902 1050 4954 dubio
1071 4901 1350 4972 promptius
1378 4902 1500 4954 mihi
1520 4903 1685 4972 paruit
1711 4903 1762 4955 in
1783 4903 1876 4956 hoc
1897 4903 2151 4971 beneﬁcio,

590 4993 725 5060 quod
766 4991 853 5044 tibi
898 4991 1220 5060 deferendum
1256 4991 1470 5046 indicaui
1498 4993 1538 5045 ί.
1580 4991 1926 5046 Verumtamen
1964 4994 2080 5061 quia
2107 5003 2155 5046 et

591 5081 701 5136 loca
725 5091 811 5135 tua
840 5082 960 5135 mihi
985 5083 1269 5152 signiﬁcare
1307 5082 1539 5153 dignatus
1565 5099 1616 5136 es
1637 5124 1649 5146 ,
1683 5092 1737 5136 ut
1764 5084 1870 5153 ipse
1898 5085 2150 5150 ntonuisti,

589 5175 656 5225 ad
680 5171 1001 5226 venerabilem
1020 5174 1208 5226 socium
1227 5188 1423 5227 corona:
1447 5184 1564 5235 tuw,
1593 5183 1784 5243 patrem
1802 5185 2024 5228 nostrum
2046 5174 2153 5227 Au-

589 5265 770 5318 relium
791 5265 861 5317 ita
880 5265 1190 5334 scripsimus,
1215 5273 1267 5317 ut
1295 5265 1338 5317 si
1361 5281 1492 5318 nunc
1517 5263 1912 5334 Hippone-regio
1931 5266 2148 5336 degeres,

588 5354 678 5406 illo
701 5355 787 5407 tibi
804 5355 992 5407 litteras
1011 5365 1228 5418 nostras,
1259 5364 1302 5406 et
1322 5354 1671 5421 transcriptum
1688 5353 1988 5424 Carthagine
2008 5371 2154 5407 mem-

591 5445 797 5497 branam
822 5445 1014 5499 mittere
1035 5445 1344 5514 dignaretur.
1375 5441 1523 5507 Quod
1551 5452 1596 5495 et
1625 5454 1821 5496 sanctos
1847 5445 1999 5509 viros,
2029 5460 2151 5512 quos

647 5637 824 5710 ﬁniti,
837 5637 974 5710 quod
994 5634 1081 5686 tibi
1100 5635 1410 5710 deferendum
1422 5635 1798 5710 judscasrtt..nlss..
1821 5638 1916 5710 duo
1938 5641 2150 5710 Y.,jtl(li-

584 5698 705 5748 cari.
732 5706 783 5746 Al
807 5696 887 5746 alii
912 5699 1008 5746 duo
1028 5711 1074 5746 ν.
1099 5696 1209 5746 cum
1231 5696 1462 5745 tredecim
1485 5711 1513 5746 e
1537 5700 1729 5759 nostris,
1757 5696 1981 5750 indicari.

3747 351 3850 414 {00

2281 455 2468 509 indices
2511 459 2765 515 charitatis
2809 461 3063 531 ipsorum,
3111 475 3194 518 tuo
3240 482 3464 522 sermone
3504 474 3845 546 cognovimus,

2275 547 2516 604 Comitem
2543 561 2588 604 et
2621 550 2869 606 Evodium
2908 556 3220 624 rogavimus,
3260 566 3313 611 ut
3351 559 3459 613 htec
3495 561 3709 616 scribere
3745 564 3846 634 ips!

2273 651 2521 705 curarent,
2547 653 2609 694 ne
2627 639 2703 695 vel
2721 645 2915 712 parenti
2939 643 3210 699 Donmioni
3232 647 3420 703 diutius
3444 649 3601 704 codex
3618 668 3736 706 suus
3756 654 3850 708 tle-

2274 731 2419 797 foret,
2451 739 2495 782 et
2525 730 2611 782 tibi
2637 733 2958 786 transmissus
2985 734 3092 786 sine
3110 736 3396 790 necessitate
3422 739 3710 795 redhibendi
3735 759 3846 797 ma-

2273 828 2428 871 nerei.

2341 911 2397 963 4ο
2439 910 2738 979 Specialiter
2761 923 2926 966 autem
2953 915 3047 968 hoc
3072 933 3104 968 a
3133 926 3180 970 te
3205 927 3336 986 peto,
3369 922 3603 987 quoniam
3629 940 3708 978 me
3738 925 3836 978 im-

2270 1008 2537 1052 merentem
2565 1009 2611 1054 ει
2636 1001 2975 1070 inopinantem
3002 1019 3184 1074 magno
3206 1007 3279 1059 tui
3297 1023 3466 1062 amore
3487 1007 3762 1081 Ebmplesti,
3782 1025 3840 1067 ut

2270 1105 2361 1158 pro
2390 1090 2484 1142 hac
2516 1091 2726 1145 historia
2769 1102 3079 1158 temporum,
3113 1097 3301 1165 referas
3343 1099 3466 1152 mihi
3505 1117 3697 1155 omnem
3739 1114 3838 1158 tute

2270 1179 2565 1234 Sanctitatis
2592 1182 2884 1236 historiam:
2913 1192 2965 1236 ut
2990 1185 3154 1253 quod‘
3186 1203 3361 1256 genus,
3398 1190 3530 1243 unde
3557 1192 3626 1245 sis
3651 1193 3798 1246 domo
3817 1176 3848 1259 ιε

2268 1277 2405 1323 tanto
2432 1275 2633 1326 vocatus
2657 1288 2690 1325 a
2723 1272 2940 1327 Domino
2963 1315 2976 1341 ,
3019 1277 3196 1344 quibus
3220 1280 3438 1332 exordiis
3467 1293 3749 1352 segregatus
3772 1285 3835 1338 ab

2267 1369 2410 1414 utero
2435 1362 2610 1415 matris
2639 1371 2758 1429 tute,
2787 1363 2854 1416 ad
2877 1373 3086 1418 matrem
3111 1367 3334 1434 ﬁliorum
3359 1368 3454 1422 Dei
3491 1370 3630 1440 prole
3655 1361 3860 1438 [tutan-ﬁ

2267 1459 2388 1516 tem,
2414 1451 2645 1520 abjurata
2671 1453 2840 1508 contis
2867 1463 2914 1506 et
2941 1457 3201 1525 sanguinis
3223 1458 3393 1527 stirpe,
3419 1461 3692 1526 transieris,
3713 1473 3760 1515 et
3781 1463 3833 1516 in

2264 1556 2422 1612 genus
2435 1544 2602 1613 regale
2619 1552 2664 1596 et
2680 1545 2986 1599 sacerdotale
2997 1546 3070 1600 sis
3089 1548 3388 1613 translatus,
3402 1551 3660 1606 edisseram
3686 1552 3835 1616 Quod

2265 1633 2394 1686 sirint
2423 1633 2686 1700 indicasti,
2705 1636 2818 1705 jam
2848 1636 2912 1689 de
2939 1636 3236 1691 humilitatis
3260 1649 3446 1692 nostris
3467 1641 3670 1695 nontine
3693 1643 3836 1710 apud

2265 1723 2610 1778 Mediolanum
2639 1735 2684 1779 te
2706 1727 2957 1793 didicisse,
2988 1745 3101 1782 cum
3125 1730 3226 1783 illic
3251 1731 3538 1796 initiareris,
3556 1733 3727 1802 fateor
3743 1751 3828 1788 cu-

2262 1814 2443 1868 riosius
2474 1831 2552 1868 me
2578 1813 2703 1869 velle
2739 1817 3056 1884 condiscere,
3101 1828 3154 1871 ut
3187 1820 3324 1873 omni
3358 1831 3497 1889 parte
3519 1830 3566 1874 te
3590 1825 3825 1890 noverint,

2261 1921 2358 1973 quo
2394 1907 2554 1976 magis
2594 1908 2816 1978 gratuler
2838 1947 2852 1972 ,
2884 1909 2928 1962 si
2960 1925 2991 1961 a
3017 1909 3330 1979 suscipiendo
3354 1911 3474 1964 mihi
3497 1923 3638 1982 patre
3660 1924 3830 1969 nostro

2262 1996 2544 2068 Ambrosio,
2571 1998 2648 2052 uel
2673 1999 2740 2052 ad
2761 1999 2911 2068 ﬁdem
2935 2001 3168 2054 invitatus
3192 2008 3275 2066 es,
3304 2003 3379 2056 vel
3405 2003 3473 2056 ad
3498 2005 3830 2068 sacerdotium

2261 2097 2576 2143 consecratus
2599 2131 2614 2157 ,
2653 2099 2708 2144 ut
2731 2095 2955 2145 eumdem
2985 2094 3131 2146 ambo
3157 2095 3414 2147 videamur
3439 2095 3618 2150 habere
3652 2107 3826 2150 aucto-

2259 2199 2385 2236 rem.
2416 2182 2553 2236 Nam
2577 2200 2667 2253 ego
2690 2187 2781 2238 etsi
2808 2202 2839 2238 a
2869 2185 3120 2256 Delphino
3149 2185 3448 2258 Burdegalte
3475 2187 3772 2259 baptizatus,
3794 2209 3830 2244 α

2258 2269 2472 2346 Lampia
2499 2278 2636 2345 apud
2662 2268 2978 2332 Barcilonem
3001 2280 3052 2332 in
3080 2279 3350 2350 Hispania,
3379 2298 3468 2352 per
3494 2283 3594 2336 vim
3619 2284 3825 2353 inﬂatus

2258 2375 2409 2419 mata:
2426 2365 2585 2420 subito
2605 2366 2780 2436 plebis,
2799 2378 3024 2422 sacratus
3039 2369 3133 2421 sim
3151 2384 3170 2433 ;
3192 2379 3356 2424 tamen
3375 2369 3621 2426 Ambrosii
3635 2387 3830 2440 semper

2259 2465 2304 2508 et
2331 2455 2594 2510 dilectione
2619 2457 2686 2509 ad
2711 2457 2864 2526 ﬁdem
2887 2457 3157 2512 innutritus
3184 2475 3325 2526 sum,
3350 2469 3397 2513 et
3426 2475 3557 2514 nunc
3577 2462 3629 2514 in
3652 2469 3821 2516 sace‘rs

2259 2546 2382 2600 dotii
2406 2547 2580 2601 ordine
2601 2551 2881 2618 confoveor.
2909 2547 3132 2617 Denique
3165 2564 3258 2603 suo
3285 2565 3364 2603 me
3400 2549 3535 2604 clero
3571 2550 3827 2605 vindicare

2257 2637 2442 2699 voluit,
2487 2646 2542 2690 ut
2580 2638 2671 2691 etsi
2707 2637 2914 2692 diversis
2963 2638 3084 2693 locis
3125 2638 3336 2709 degam,
3379 2639 3537 2710 ipsius
3575 2641 3830 2712 presbyter

2255 2743 2475 2781 censear.

2326 2819 2379 2874 5.
2421 2819 2528 2873 Sed
2564 2819 2627 2873 de
2650 2836 2729 2874 me
2757 2836 2818 2874 ne
2843 2820 2964 2891 quid
2996 2822 3225 2891 ignores,
3263 2823 3393 2876 scias
3428 2825 3826 2893 mtiquissimnm

2257 2916 2596 2978 peceatorem,
2639 2926 2738 2962 non
2775 2909 2846 2962 ita
2882 2910 3003 2963 olim
3037 2911 3098 2964 de
3133 2910 3340 2966 tenebris
3369 2921 3416 2965 et
3455 2915 3628 2967 umbra
3653 2915 3827 2967 mortis

2256 3001 2525 3066 eductum,
2557 3001 2786 3070 spiritum
2816 3017 2956 3055 aura:
2989 3002 3154 3055 vitalis
3195 3003 3452 3074 hausisse,
3495 3014 3582 3057 nec
3607 3005 3683 3058 ita
3702 2995 3826 3058 olim

2257 3090 2482 3159 posuisse
2508 3091 2560 3143 in
2589 3101 2756 3143 aratro
2786 3107 3011 3156 manum,
3035 3101 3078 3144 et
3097 3107 3292 3144 crucem
3313 3091 3521 3148 Domini
3543 3095 3823 3161 sustulisse;

2255 3195 2403 3249 quain
2443 3189 2496 3234 ut
2535 3181 2588 3234 in
2624 3181 2774 3250 ﬁnem
2813 3183 3031 3252 perferre
3058 3182 3338 3247 valeamus,
3383 3186 3688 3240 orationibus
3723 3187 3824 3239 tuis

2255 3264 2573 3342 adjuvemur.
2620 3273 3026 3326 Accumulabitur
3060 3274 3164 3328 lucc
3190 3275 3376 3330 meritis
3405 3276 3504 3330 tuis
3529 3294 3712 3331 merces
3731 3317 3746 3342 ,
3777 3271 3825 3332 si

2254 3363 2527 3416 interventu
2552 3371 2638 3416 tuo
2663 3379 2815 3417 onera
2843 3375 3012 3418 nostra
3032 3365 3338 3420 relevaveris.
3363 3367 3579 3422 Sanctus
3595 3370 3724 3422 enim
3743 3369 3824 3424 la-

2256 3452 2511 3506 borantem
2537 3453 2780 3526 adjuvans
2807 3452 2948 3525 (quia
2978 3455 3190 3510 fratrem
3219 3471 3322 3510 non
3348 3458 3601 3512 audemus
3619 3458 3820 3530 dicere)

2254 3544 2557 3597 exaltabitur
2599 3544 2726 3598 sicut
2772 3545 2944 3599 civitas
2990 3559 3191 3616 magna.
3237 3545 3305 3599 Et
3341 3557 3394 3600 tu
3439 3548 3634 3618 quidem
3667 3565 3822 3617 super

2254 3642 2470 3686 montem
2495 3633 2666 3687 civitas
2694 3635 2945 3701 tediﬁcata
2967 3651 3036 3700 es,
3076 3636 3150 3688 vel
3175 3652 3380 3690 accensa
3407 3653 3556 3707 super
3581 3638 3819 3690 candela-

2253 3721 2396 3775 brum
2436 3723 2638 3776 lucerna
2666 3724 2716 3776 in
2746 3725 3023 3793 septiformi
3057 3725 3283 3778 claritate
3310 3725 3522 3780 colluces
3542 3743 3561 3788 ;
3600 3743 3690 3780 nos
3727 3727 3818 3780 sub

2256 3814 2424 3866 modio
2469 3824 2781 3883 peccatorum
2828 3815 3159 3869 tlelitescimus
3183 3832 3200 3870 :
3226 3818 3367 3871 visita
3409 3819 3582 3873 litteris
3619 3820 3744 3885 tuis,
3771 3831 3819 3872 et

2255 3906 2424 3974 profer
2446 3906 2496 3957 in
2521 3905 2679 3958 lucem
2701 3905 2749 3957 in
2777 3921 2872 3972 qua
2895 3906 2998 3974 ipse
3023 3908 3252 3972 versaris,
3279 3924 3431 3976 super
3457 3925 3607 3961 aurea
3636 3912 3819 3962 cande-

2257 3995 2396 4048 labra
2413 3997 2726 4066 conspicuus.
2747 3995 2961 4066 Eloquia
2975 4006 3057 4049 tua
3071 3997 3235 4050 lumen
3257 4000 3440 4051 semitis
3459 3999 3636 4053 nostris
3652 4009 3814 4062 erunt,

2254 4097 2298 4138 et
2325 4084 2432 4138 oleo
2454 4087 2667 4139 lucerna:
2686 4097 2785 4139 tua:
2805 4087 3194 4156 impinguabitur
3213 4097 3360 4157 caput
3381 4099 3622 4142 nostrum.
3649 4089 3711 4142 Et
3731 4107 3821 4142 ac-

2255 4176 2488 4228 cendetur
2513 4175 2667 4243 ﬁdes,
2705 4193 2816 4230 cum
2847 4179 3026 4248 spiritu
3053 4180 3154 4233 oris
3183 4180 3253 4232 tui
3278 4181 3441 4233 cibum
3465 4182 3639 4234 mentis
3665 4192 3709 4235 et
3737 4172 3819 4235 lit.

2255 4281 2362 4319 men
2389 4267 2570 4320 animle
2595 4269 2969 4334 sumpserimus.

2327 4355 2378 4409 6.
2423 4354 2537 4408 Pax
2563 4366 2608 4408 et
2634 4359 2797 4426 gratia
2827 4357 2918 4410 Dei
2956 4368 3115 4411 tecum
3141 4399 3156 4426 ,
3200 4370 3246 4412 et
3281 4377 3463 4414 corona
3491 4362 3702 4432 justitia:
3730 4365 3816 4416 tibi

2254 4455 2451 4498 maneat
2479 4447 2530 4498 in
2556 4447 2636 4500 die
2659 4447 2768 4511 illo,
2802 4448 3000 4500 domine
3027 4459 3184 4517 pater,
3221 4451 3393 4503 merito
3422 4451 3736 4505 dilectissime
3772 4464 3819 4506 et

2256 4536 2547 4588 uenerabilis
2574 4546 2620 4588 et
2653 4537 3038 4605 exoptatissime.
3072 4537 3364 4594 Benedictos
3396 4541 3686 4596 Sanctitatis
3721 4556 3822 4597 ture

2256 4625 2455 4677 comites
2480 4632 2522 4676 et
2549 4625 2885 4692 wmulatores,
2914 4628 2964 4680 in
2990 4626 3206 4682 Domino
3230 4630 3428 4699 fratres,
3457 4633 3498 4685 si
3527 4633 3817 4703 dignantur,

2257 4725 2470 4778 nostros,
2494 4723 2594 4766 tam
2614 4715 2665 4767 in
2682 4716 2898 4769 ecclesiis
2913 4734 3061 4788 quam
3081 4718 3133 4771 in
3152 4722 3479 4786 monasteriis,
3502 4721 3817 4792 Carthagini,

2260 4804 2542 4874 Thagastce,
2574 4803 2973 4875 Hippone-regio
2997 4847 3013 4874 ,
3049 4817 3095 4860 et
3120 4809 3234 4861 totis
3258 4811 3510 4879 parochiis
3547 4813 3644 4864 tuis
3676 4822 3824 4881 atque

2257 4898 2484 4948 omnibus
2513 4896 2721 4966 cognitis
2751 4897 2836 4949 tibi
2863 4913 2951 4968 ραν
2979 4899 3197 4966 Africam
3225 4901 3374 4968 locis,
3406 4901 3619 4958 Domino
3644 4905 3820 4958 catho—

2258 4986 2351 5041 lice
2374 4987 2635 5040 servientes
2658 5029 2673 5054 ,
2713 4989 2869 5041 multo
2895 4988 3077 5054 affectu
3103 4999 3147 5043 et
3175 4992 3406 5062 obsequio
3430 4995 3639 5048 salutari
3668 5012 3823 5065 roga-

2256 5092 2384 5128 mus.
2420 5075 2477 5129 Si
2504 5076 2664 5144 ipsam
2692 5077 3215 5132 membranamsancti
3235 5079 3530 5137 Domnionis
3553 5086 3821 5154 acceperis,

2258 5169 2605 5236 transcriptum
2647 5168 2785 5221 nobis
2827 5170 3074 5222 remittere
3114 5172 3415 5242 dignaberis.
3462 5169 3666 5228 Et'hoc
3699 5192 3824 5245 rogo

2254 5259 2442 5312 scribas
2488 5259 2607 5310 mihi
2650 5274 2793 5325 quem
2832 5260 3069 5328 hymnum
3109 5281 3268 5315 meum
3290 5268 3593 5334 cognoveris.
3627 5267 3825 5326 Panem

2257 5365 2411 5400 unum
2456 5347 2724 5400 Sanctitati
2770 5359 2868 5401 tua:
2911 5352 3114 5403 unitatis
3161 5354 3322 5422 gra'ia
3366 5355 3617 5423 misimus,
3648 5359 3825 5427 inquo

2256 5440 2404 5491 etiam
2433 5437 2691 5490 Trinitatis
2716 5440 2942 5492 soliditas
2971 5443 3264 5494 continetur.
3303 5441 3450 5498 Hunc
3477 5461 3654 5515 panem
3685 5449 3824 5504 eulo-

2255 5528 2390 5598 giam
2416 5545 2518 5581 csse
2549 5538 2598 5580 tu
2625 5530 2776 5600 facies
2801 5530 3086 5599 dignatione
3107 5532 3353 5586 suntendi.

2320 5705 2336 5736 ¹
2363 5706 2435 5754 sic
2456 5718 2628 5754 omnes
2648 5705 2759 5754 Edd.
2786 5712 2835 5753 In
2857 5712 2925 5766 B.,
2945 5706 3041 5768 qui.
3104 5713 3162 5757 ιιι
