4080 6346
259 395 356 451 101

729 497 1052 557 EPISTOLA
1095 499 1237 554 xxv
1281 503 1296 522 -
1329 498 1426 572 (a).

272 617 530 673 Paulinus
562 616 869 689 Augustino,
903 615 1158 684 exquisitis
1187 629 1299 668 eum
1334 611 1566 667 laudibus
1601 625 1850 664 exornans

339 727 432 781 pro
460 727 679 779 quinque
704 711 814 780 ejus
843 708 1079 762 adversus
1109 706 1418 760 Manichceos
1448 704 1605 768 libris,
1637 719 1760 772 quos
1790 701 1851 755 ab

337 806 528 875 Alypio
550 813 832 875 acceperat.
865 800 1058 854 Panem
1085 801 1181 870 ipsi
1209 801 1340 852 dono
1364 799 1533 851 mittit.

272 916 491 972 Domino
521 916 671 988 fratri
706 915 943 968 unanimo
967 922 1013 966 et
1039 911 1304 966 venerabili
1335 912 1670 981 Accusrlso,
1711 908 1851 962 Pw—

630 1009 782 1061 LIN‘Us
811 1015 857 1058 et
887 1005 1157 1058 Tu'Euas‘lA
1189 1011 1489 1071 peccatores.

344 1120 401 1174 ι.
435 1119 670 1173 Charitas
707 1116 894 1171 Christi
931 1123 1045 1181 qum
1081 1124 1224 1186 urget
1252 1118 1372 1174 n‘os,
1415 1122 1461 1166 et
1493 1101 1717 1165 absentes
1746 1110 1857 1162 licet

271 1229 361 1282 per
389 1213 631 1265 unitatem
650 1206 766 1278 ﬁdei
805 1195 1002 1279 alligat,
1034 1209 1142 1275 ipsa
1168 1206 1409 1275 ﬁduciam
1435 1205 1501 1257 ad
1527 1214 1572 1257 te
1604 1197 1854 1256 scribendi

270 1306 468 1376 pudore
505 1304 717 1374 depulso
746 1302 977 1373 prcestitit
1007 1316 1025 1354 :
1053 1307 1193 1370 teque
1219 1315 1307 1369 per
1338 1299 1527 1352 litteras
1555 1305 1666 1350 tuas
1700 1295 1856 1348 visce-

269 1398 410 1449 ribus
435 1396 559 1449 meis
582 1395 847 1459 intimavit,
879 1409 1002 1462 quas
1031 1401 1077 1445 et
1107 1391 1168 1444 de
1195 1389 1507 1444 scholasticis
1536 1387 1858 1457 facultatibus

270 1487 528 1556 aﬁluentes
547 1528 562 1550 ,
599 1494 645 1538 et
681 1484 743 1538 de
779 1482 1054 1538 ccelcstibus
1079 1482 1206 1552 favis
1230 1481 1417 1546 dulces,
1446 1489 1496 1533 ut
1531 1479 1710 1532 aninue
1739 1480 1862 1531 mea?

272 1577 496 1628 medicas
526 1586 572 1629 et
601 1574 822 1642 altrices,
851 1575 903 1628 in
932 1576 1148 1645 quinque
1175 1573 1315 1627 libris
1333 1573 1532 1626 interim
1555 1580 1714 1633 teneo,
1739 1585 1861 1636 quos

271 1684 479 1721 utunere
495 1666 739 1721 benedicti
764 1677 808 1720 et
837 1662 1128 1721 uenerabilis
1153 1664 1291 1719 nobis
1319 1663 1538 1733 episc0pi
1557 1663 1712 1716 nostri
1739 1661 1863 1731 Alg-

275 1758 367 1826 pii,
399 1775 500 1811 non
539 1775 630 1826 pro
668 1767 839 1811 nostra
878 1757 1201 1810 instructions
1228 1759 1442 1818 tantum,
1475 1752 1561 1806 sed
1590 1753 1737 1806 etiam
1771 1761 1860 1820 pro

275 1847 526 1902 Ecclesia:
572 1849 841 1901 multarum
883 1849 1081 1901 urbium
1127 1841 1340 1900 utilitate
1383 1843 1708 1912 suscepimus.
1754 1836 1862 1898 llos

271 1940 434 2008 igitur
462 1957 596 1993 nunc
629 1939 781 1994 libros
816 1938 1015 1992 lectioni
1041 1937 1232 2003 habeo;
1261 1937 1312 1990 in
1341 1936 1416 1990 his
1449 1953 1524 1988 me
1550 1935 1773 1997 oblecto;
1803 1934 1866 1987 de

273 2031 352 2084 his
388 2033 555 2085 cibum
589 2032 764 2103 capio,
802 2044 902 2085 non
939 2020 1086 2085 illum
1123 2031 1209 2102 qui
1238 2031 1383 2100 perit,
1409 2025 1494 2084 sed
1519 2029 1604 2099 qui
1630 2033 1864 2099 operatur

271 2123 389 2176 sine
415 2132 616 2176 (eterna:
643 2123 974 2176 substantiam
999 2139 1088 2193 per
1111 2121 1265 2190 ﬁdem
1292 2131 1533 2187 nostram,
1563 2137 1660 2192 qua
1687 2135 1862 2174 accor-

274 2233 522 2286 paramur
567 2217 618 2270 in
667 2216 867 2271 Christo
911 2215 1035 2270 Iesu
1082 2214 1300 2269 Domino
1335 2224 1502 2269 nostro
1543 2230 1560 2268 :
1598 2231 1710 2267 cum
1739 2213 1865 2282 ﬁdes

273 2317 484 2370 nostra,
522 2325 635 2377 qua:
677 2308 946 2362 visibilium
986 2307 1266 2378 negligens,
1313 2305 1637 2360 inuisibilibus
1666 2305 1862 2370 inhiat,

276 2415 365 2465 per
402 2399 699 2453 charitatcm
729 2396 899 2452 omnia
931 2397 1206 2452 secundum
1235 2398 1487 2451 veritatem
1517 2395 1867 2465 omnipotentis

275 2488 373 2543 Dei
415 2490 730 2553 credentem,
779 2489 955 2543 litteris
984 2499 1029 2542 et
1055 2488 1297 2559 exemplis
1334 2481 1558 2556 ﬁdelium
1586 2486 1862 2540 roboretur.

283 2582 328 2635 0
358 2600 474 2637 sere
495 2584 573 2636 sal
603 2593 766 2644 terrm,
795 2599 894 2652 quo
919 2581 1200 2653 praacordia
1227 2591 1396 2634 nostra
1417 2596 1479 2632 ne
1504 2580 1694 2651 possint
1714 2579 1869 2633 seculi

273 2687 548 2728 vanescere
581 2690 776 2737 errore,
825 2673 1166 2728 condiuntur!
1200 2673 1243 2726 0
1282 2671 1485 2726 lucerna
1525 2672 1674 2741 digne
1713 2678 1869 2742 supra

273 2764 638 2818 candelabrum
685 2764 922 2818 Ecclesia:
967 2765 1146 2834 posita,
1179 2770 1292 2833 quia
1316 2762 1417 2816 ’late
1433 2759 1696 2815 catholicis
1724 2757 1868 2816 urbi-

271 2851 368 2910 bus
425 2857 488 2909 de
533 2856 814 2926 septiformi
851 2849 1034 2926 lychno
1082 2864 1280 2923 pastum
1323 2846 1432 2906 oleo
1480 2853 1668 2907 Ia'titim
1701 2854 1868 2908 lumen

272 2945 573 3012 claudens,
604 2949 784 3000 densus
819 2946 929 3000 licet
971 2947 1314 3000 licereticorum
1343 2944 1581 3014 caligines
1613 2945 1818 2997 discutis
1848 2973 1864 3011 -,

274 3049 319 3092 et
367 3041 534 3092 lucem
579 3041 798 3093 veritatis
836 3057 868 3092 a
910 3039 1204 3110 confusione
1244 3036 1559 3090 tenebrarum
1603 3035 1871 3106 splendore

275 3131 494 3200 clariﬁci
522 3131 764 3184 sermonis
794 3129 1052 3184 enubilas!

344 3221 405 3275 2.
451 3221 619 3285 Vides,
658 3226 813 3292 frater
838 3221 1094 3285 unanima,
1127 3217 1439 3272 admirabilis
1473 3219 1524 3272 in
1541 3216 1738 3273 Christo
1761 3216 1868 3271 Do—

277 3312 420 3365 mino
467 3321 514 3366 et
551 3311 900 3380 suscipiende,
945 3327 1095 3383 quam.
1133 3309 1452 3379 familiariter
1477 3309 1762 3380 agnoverint
1789 3317 1866 3374 te,

278 3412 472 3473 quanto
497 3403 721 3456 admirer
743 3412 1131 3473 stupore,quam
1152 3417 1333 3471 magno
1357 3417 1530 3454 amore
1543 3399 1866 3468 complectar,

282 3496 371 3566 qui
395 3495 623 3564 quotidie
649 3495 897 3566 colloquio
925 3495 1207 3549 litterarum
1248 3503 1448 3548 tuarum
1493 3496 1654 3565 fruor,
1686 3502 1734 3547 et
1767 3493 1869 3546 oris

283 3588 358 3640 tui
383 3588 566 3656 spiritu
595 3603 782 3640 vescor.
825 3585 895 3640 Os
921 3587 1053 3640 enim
1083 3595 1222 3639 tuum
1251 3585 1472 3654 ﬁstulam
1507 3601 1652 3652 aqua!
1676 3585 1799 3638 victe
1822 3588 1870 3637 et

283 3695 462 3732 venam
490 3679 647 3747 fontis
665 3679 838 3732 teterni
858 3677 1031 3731 merito
1047 3677 1277 3736 dixerim.
1293 3677 1411 3746 quia
1427 3676 1540 3745 fons
1560 3676 1612 3729 in
1630 3685 1674 3728 te
1689 3677 1703 3706 ¹
1727 3689 1872 3744 aqua:

282 3771 511 3823 salientis
538 3767 588 3823 in
615 3771 763 3823 vitam
786 3778 1022 3822 azternam
1041 3766 1266 3822 Christus
1285 3767 1493 3834 effectus
1514 3771 1584 3820 est
1599 3765 1776 3837 (Joan.
1795 3782 1868 3831 Iv,

283 3863 397 3931 Η).
433 3862 590 3932 Cujus
616 3862 863 3916 desiderio
891 3856 1042 3916 sitit-it
1070 3861 1122 3914 in
1151 3864 1198 3914 te
1229 3855 1398 3912 anima
1427 3875 1557 3925 mea,
1581 3866 1624 3909 et
1651 3859 1871 3911 ubertate

281 3957 355 4008 tui
384 3957 611 4025 [luminis
639 3955 874 4009 inebriari
898 3966 1030 4008 terra
1051 3970 1160 4007 mea
1178 3953 1485 4022 concupivit.
1515 3950 1735 4021 Ideoque
1755 3967 1869 4004 cum

283 4045 379 4099 hoc
412 4044 756 4099 Pentateucho
787 4056 872 4098 tuo
901 4054 1076 4098 contra
1109 4035 1418 4096 Manichteos
1450 4058 1527 4095 me
1553 4043 1673 4095 satis
1695 4058 1867 4095 arma—

279 4138 433 4201 reris,
458 4137 503 4190 si
531 4154 630 4206 qua
656 4137 706 4190 in
732 4137 858 4190 alios
896 4152 1090 4206 quoque
1124 4134 1287 4188 hostes
1320 4133 1581 4187 catholicre
1609 4133 1728 4202 ﬁdei
1756 4149 1869 4186 mu-

280 4229 476 4280 nimina
505 4220 807 4298 comparasti
833 4228 975 4296 (quia
994 4226 1148 4280 hostis
1179 4235 1368 4289 noster,
1398 4226 1478 4277 cui
1499 4224 1634 4278 mille
1659 4223 1870 4277 nocendi

281 4329 439 4383 artes,
467 4329 572 4372 tam
605 4320 753 4373 variis
782 4319 1147 4389 expugnandus
1172 4327 1243 4371 est
1271 4317 1408 4379 telis,
1437 4331 1587 4387 quam
1613 4325 1870 4386 oppugnat

280 4410 527 4480 insidiis),
560 4425 730 4478 quaso
760 4419 986 4478 promere
1013 4409 1135 4461 mihi
1163 4407 1225 4460 de
1252 4407 1638 4460 armamentario
1677 4415 1793 4472 tuo,
1824 4414 1871 4460 et

279 4504 513 4572 conferre
541 4517 642 4554 non
677 4500 870 4554 abnuas
901 4516 1044 4552 arma
1075 4499 1302 4566 iustitiaz.
1336 4497 1465 4552 Sum
1494 4497 1626 4552 enim
1655 4496 1872 4551 laborio-

280 4609 388 4659 sus,
420 4593 572 4645 etiam
601 4607 734 4645 nunc
757 4593 848 4645 sub
877 4607 1059 4661 magno
1085 4606 1235 4643 onere
1269 4598 1496 4660 peccator
1524 4591 1564 4652 ‘,
1606 4599 1870 4643 veteranus

279 4687 333 4740 in
355 4703 568 4741 numero
597 4695 933 4756 peccatorum,
961 4683 1049 4737 sed
1072 4693 1256 4737 (eterna
1282 4683 1386 4752 regi
1411 4695 1565 4736 novus
1588 4683 1637 4736 in
1662 4698 1871 4752 corpore

285 4777 378 4830 tiro
408 4777 623 4830 militiar.
653 4776 971 4846 Sapientiam
1009 4774 1182 4826 mundi
1207 4773 1354 4826 miser
1377 4773 1630 4842 hucusque
1663 4773 1870 4825 miratus

284 4885 414 4934 sum,
445 4877 492 4921 et
519 4884 608 4938 per
635 4867 834 4920 inutiles
874 4867 1063 4920 litteras
1105 4864 1514 4936 reprobatamque
1553 4863 1870 4934 prudentiam

283 4959 391 5014 Deo
418 4961 605 5014 stultus
627 4969 674 5014 et
703 4969 870 5012 mutus
893 4958 986 5028 fui.
1023 4952 1299 5023 Postquam
1327 4955 1593 5008 inveteravi
1622 4955 1748 5007 inter
1768 4955 1868 5007 ini-

282 5053 438 5106 micos
470 5069 626 5119 meos,
656 5060 702 5105 et
731 5049 882 5105 vanni
910 5051 962 5102 in
988 5048 1371 5119 cogitationibus
1399 5046 1540 5112 meis,
1575 5045 1729 5100 levavi
1750 5063 1869 5100 ocu-

241 5139 246 5141 ’
279 5144 358 5196 los
402 5159 539 5196 meos
578 5143 632 5194 in
663 5149 873 5203 montes,
916 5138 982 5191 ad
1024 5147 1272 5208 pra’cepta
1312 5137 1435 5207 legis
1459 5146 1506 5190 et
1533 5137 1708 5206 gratiis
1736 5137 1871 5190 dona

280 5235 560 5304 suspiciens
593 5248 610 5287 :
639 5232 771 5286 unde
815 5231 941 5285 mihi
974 5229 1219 5283 auxilium
1265 5229 1396 5282 venit
1439 5244 1472 5281 a
1519 5227 1756 5294 Domino,
1786 5229 1871 5299 qui

344 5370 359 5400 ί
386 5368 459 5416 sic
481 5375 587 5417 Mss.
607 5366 882 5429 duodecim.
910 5371 965 5415 At
978 5365 1090 5429 ΗΜ.
1107 5364 1310 5423 habent,
1329 5363 1440 5422 quia
1461 5365 1566 5427 fons
1585 5363 1693 5414 vita?
1711 5375 1868 5429 aquce.

342 5432 362 5462 ³
385 5434 489 5479 Mss.
519 5437 730 5490 septem,
749 5427 836 5479 sub
858 5440 1032 5490 magno
1052 5427 1230 5476 honore
1252 5433 1490 5490 peccator.
1511 5434 1638 5476 linus
1657 5441 1686 5475 e
1704 5427 1868 5487 Vatia,

295 5503 421 5540 Vtere
442 5497 762 5554 peccatortnn.

341 5556 359 5570 '
388 5549 770 5615 Recognovimus
801 5551 925 5615 hanc
956 5550 1015 5600 ad
1037 5550 1200 5615 a._bg.
1231 5549 1301 5598 bl.
1325 5549 1410 5599 bu.
1433 5561 1483 5615 οε
1516 5563 1587 5599 oc.
1627 5549 1676 5598 ιι.
1699 5563 1750 5615 g.
1785 5564 1866 5612 εν.

281 5649 316 5720 ἲ.
338 5627 380 5663 r.
406 5627 450 5664 s.
478 5611 556 5664 εὖ.
581 5627 658 5664 vc.
699 5614 778 5664 vd.
802 5613 924 5663 duos
944 5625 992 5662 ιι.
1016 5613 1235 5677 quinque
1269 5626 1315 5662 ν.
1343 5619 1396 5661 et
1426 5611 1486 5660 ad
1520 5619 1622 5660 Am.
1657 5611 1766 5660 Bsd.
1792 5611 1866 5660 Er.

301 5690 387 5720 .0".

301 5690 387 5724 κη’.

341 5738 414 5798 (α)
429 5736 562 5810 ‘Alias
581 5739 639 5789 3|
671 5752 682 5788 :
709 5749 820 5802 qua:
842 5742 1008 5788 autem
1029 5735 1092 5787 23
1114 5741 1221 5787 erat
1236 5770 1254 5798 ,
1277 5748 1406 5786 nunc
1427 5735 1534 5786 193.
1557 5734 1737 5797 scripta
1759 5747 1868 5786 cum

286 5810 548 5860 superiore.

1480 376 1954 440 EPISTOLARUM
1995 377 2262 436 CLASSIS
2293 381 2334 437 Ι.

3431 391 3452 445 Ι
3462 389 3530 446 οξ

1956 508 2056 545 non
2083 496 2355 549 secundum
2378 496 2661 568 iniquitates
2685 499 2974 568 rctribuens,
3001 502 3297 559 illuminavit
3317 524 3524 572 carrum,

1953 585 2098 638 solvit
2122 587 2477 654 compeditum,
2524 590 2803 646 humi/iacit
2829 603 3041 647 erectum
3069 599 3215 664 male,
3248 609 3300 652 ut
3324 601 3531 672 erigeret

1956 675 2271 731 humiliatum
2298 680 2395 749 pie.

2027 771 2077 824 5.
2115 770 2310 840 Sequor
2346 770 2516 842 igitur,
2548 791 2647 828 non
2675 778 2828 846 a'quis
2864 778 3028 833 adhuc
3060 783 3304 850 passibus,
3351 802 3534 856 magna

1950 859 2205 928 iustorum
2231 863 2453 930 vestigia,
2480 864 2523 917 si
2545 867 2728 930 possim
2751 869 3055 924 orationibus
3071 873 3239 925 vestris
3254 877 3534 943 apprehen-

1959 949 2094 1014 dere,
2117 951 2167 1004 in
2193 969 2288 1021 quo
2317 953 2410 1006 Dei
2451 956 2847 1011 miserationibus
2873 962 3213 1029 apprehensus
3241 981 3367 1016 sum.
3400 964 3538 1036 Rege

1959 1057 2075 1110 ergo
2102 1044 2364 1112 parvulum
2393 1047 2442 1098 in
2471 1057 2603 1100 terra
2629 1058 2900 1117 reptantem
2917 1093 2929 1113 ,
2964 1062 3010 1105 et
3055 1055 3150 1107 tuis
3178 1057 3424 1124 gressibus
3450 1059 3534 1112 in-

1959 1135 2101 1204 gredi
2123 1135 2262 1189 doce.
2297 1135 2434 1191 Nolo
2461 1140 2590 1193 enim
2627 1159 2702 1195 me
2726 1147 3003 1214 corporalis
3039 1157 3175 1202 ortus
3204 1152 3363 1220 ntagis
3387 1168 3537 1220 quam

1960 1224 2242 1292 spiritualis
2285 1238 2483 1281 exortus
2516 1240 2661 1284 aetate
2697 1235 2997 1288 consideres.
3039 1237 3238 1307 Quippe
3265 1251 3387 1294 a'tas
3414 1243 3537 1297 mihi

1959 1316 2234 1369 secundum
2256 1334 2454 1372 carnem
2477 1337 2536 1374 ea
2552 1322 2664 1390 jam
2694 1335 2786 1390 est,
2813 1341 2911 1393 qua
2943 1327 3038 1394 fuit
3068 1329 3153 1382 ille
3188 1331 3250 1383 ab
3285 1331 3539 1402 Apostolis

1963 1407 2015 1460 in
2043 1418 2190 1478 porta
2217 1410 2475 1479 Speciosa,
2507 1413 2638 1466 verbi
2663 1426 2902 1485 potestate
2923 1430 3127 1473 sanatus
3158 1419 3289 1495 (Act.
3315 1440 3389 1488 ιιι,
3419 1427 3471 1491 7,
3492 1436 3538 1479 et

1964 1513 2040 1564 Iv,
2071 1498 2185 1570 2'2).
2219 1499 2283 1554 In
2312 1504 2559 1558 natalibus
2592 1516 2755 1560 autem
2795 1511 2996 1577 animae,
3028 1514 3164 1568 illius
3208 1517 3372 1570 adhuc
3415 1519 3540 1573 mihi

1960 1591 2158 1658 tempus
2199 1592 2428 1663 infantia:
2465 1605 2558 1660 est,
2602 1605 2715 1667 quin
2741 1600 2994 1656 intentatis
3025 1603 3220 1666 Christo
3255 1609 3541 1666 vulneribus

1964 1684 2242 1751 immolata,
2267 1687 2419 1758 digno
2447 1693 2691 1762 sanguine
2713 1697 2833 1764 agni
2857 1698 3104 1752 victimam
3134 1705 3474 1771 prcecucurrit,
3493 1715 3540 1759 et

1960 1775 2267 1831 "dominicam
2310 1783 2573 1851 auspicata
2615 1795 2685 1838 est
2724 1789 3029 1857 passionem.
3060 1792 3218 1862 Atque
3252 1795 3362 1848 ideo
3388 1806 3440 1849 ut
3465 1797 3545 1850 in-

1966 1869 2153 1935 fantem
2195 1868 2364 1922 adhuc
2405 1873 2551 1926 verbo
2587 1873 2679 1927 Dei
2707 1886 2754 1929 et
2782 1879 3035 1948 spirituali
3064 1892 3210 1936 tetate
3237 1885 3496 1940 lactentem
3524 1929 3540 1953 ,

1967 1956 2123 2010 educa
2171 1960 2330 2015 verbis
2359 1962 2476 2026 tuis,
2523 1964 2756 2021 uberibus
2799 1970 2940 2037 ﬁdei,
2973 1974 3252 2042 sapientiae,
3285 1976 3545 2032 charitatis

1965 2046 2260 2103 inhiantem.
2310 2050 2373 2106 Si
2403 2053 2617 2123 oﬁicium
2656 2073 2918 2113 commune
2945 2063 3249 2131 consideras,
3279 2069 3436 2137 frater
3455 2085 3543 2134 es;

1966 2137 2011 2190 si
2038 2140 2371 2194 maturitatem
2392 2142 2577 2214 ingenii
2602 2147 2676 2198 tui
2700 2157 2746 2200 et
2766 2159 3020 2215 sensuum,
3050 2163 3188 2222 pater
3209 2156 3330 2208 mihi
3359 2174 3430 2221 es,
3456 2158 3546 2212 etsi

1971 2232 2100 2301 forte
2120 2231 2189 2285 sis
2217 2248 2321 2286 avo
2353 2234 2534 2303 junior
2555 2277 2570 2302 ,
2621 2239 2739 2308 quia
2767 2248 2814 2293 te
2839 2241 2907 2293 ad
2942 2246 3276 2299 maturitatem
3314 2249 3476 2301 meriti
3501 2259 3545 2303 et

1969 2321 2208 2376 honorem
2241 2325 2496 2380 seniorum
2524 2330 2748 2398 provexit
2786 2331 2803 2362 ¹
2833 2332 3066 2401 juvenem
3094 2353 3220 2388 cana
3257 2339 3542 2406 prudentia.

1973 2410 2108 2466 Faue
2133 2413 2284 2482 igitur
2308 2423 2354 2468 et
2378 2417 2649 2472 corrobora
2683 2437 2762 2475 me
2789 2422 2840 2475 in
2880 2426 3036 2478 sacris
3065 2424 3287 2493 Litteris,
3320 2439 3365 2482 et
3392 2431 3548 2500 spiri-

1971 2505 2190 2559 tualibus
2236 2508 2414 2562 studiis
2433 2551 2448 2574 ,
2499 2519 2738 2582 tempore,
2768 2523 2821 2566 ut
2848 2515 2974 2580 dixi,
3000 2529 3265 2584 recentem,
3298 2531 3343 2573 et
3367 2521 3427 2575 ob
3458 2523 3549 2577 hoc

1968 2606 2082 2666 post
2110 2596 2259 2668 longa
2284 2599 2597 2668 discrimina,
2620 2615 2730 2673 post
2745 2604 2902 2659 multa
2922 2608 3211 2679 naufragia,
3232 2628 3325 2665 usu
3349 2613 3546 2677 rudem,

1969 2687 2176 2740 vixdum
2203 2706 2234 2741 a
2261 2691 2501 2760 [luctibus
2527 2695 2681 2747 seculi
2711 2707 3060 2767 emergentem,
3083 2708 3134 2751 tu
3154 2701 3241 2769 qui
3255 2703 3364 2771 jam
3386 2704 3550 2756 solido

1971 2778 2137 2832 littore
2164 2782 2476 2848 constitutus,
2511 2793 2614 2838 tuto
2645 2788 2664 2816 θ
2695 2788 2866 2854 excipe
2905 2790 3036 2853 sinu,
3081 2800 3136 2843 ut
3179 2793 3230 2844 in
3278 2803 3426 2863 portu
3463 2811 3550 2848 sa-

1971 2870 2110 2938 lutis,
2143 2873 2188 2926 si
2227 2874 2435 2944 dignum
2473 2887 2638 2946 putas,
2679 2881 2866 2949 pariter
2899 2883 3203 2953 narigemus.
3244 2883 3446 2940 Interea
3473 2903 3551 2941 me

1970 2962 2034 3015 de
2063 2965 2299 3032 periculis
2328 2968 2441 3020 vita:
2464 2969 2606 3021 istius
2631 2981 2676 3021 et
2706 2971 2958 3040 profundo
2994 2985 3308 3042 peccatorum
3346 2978 3551 3032 evadere

1973 3059 2229 3125 nitentem,
2260 3063 2564 3116 orationibus
2593 3065 2688 3116 tuis
2715 3073 2949 3134 tanquam
2979 3066 3150 3119 tabula
3175 3069 3383 3135 sustine,
3407 3080 3459 3122 ut
3488 3070 3552 3125 de

1976 3149 2070 3203 hoc
2094 3151 2279 3204 nmndo
2305 3153 2450 3223 quasi
2478 3153 2540 3206 de
2567 3156 2832 3225 naufragio
2858 3156 3022 3210 nudus
3051 3158 3277 3211 evadant.

2043 3245 2095 3298 4.
2129 3242 2331 3297 Idcirco
2355 3246 2485 3298 enim
2504 3262 2582 3298 me
2607 3243 2769 3300 levare
2791 3248 3022 3312 sarcinis,
3050 3258 3094 3300 et
3119 3249 3416 3305 uestimentis
3433 3268 3552 3306 one-

1970 3335 2196 3388 rantibus
2225 3351 2406 3388 exuere
2427 3337 2614 3400 curavi,
2650 3349 2704 3390 ut
2734 3339 2980 3392 undosum
3007 3340 3099 3393 hoc
3118 3381 3133 3405 ,
3159 3341 3294 3410 quod
3312 3343 3440 3396 inter
3460 3361 3552 3399 nos

1972 3438 2020 3482 et
2036 3427 2198 3482 Deum
2214 3430 2429 3499 peccatis
2453 3430 2879 3484 interlatrantibus
2907 3442 3127 3502 separat,
3159 3435 3414 3502 prtesentis
3440 3437 3552 3490 vita:

1971 3520 2156 3586 salum,
2175 3521 2311 3573 onmi
2332 3521 2516 3573 amictu
2540 3521 2728 3585 carnis,
2742 3531 2791 3574 et
2807 3537 2930 3574 cura
2952 3523 3053 3575 diei
3068 3525 3333 3594 sequentis,
3347 3525 3554 3594 jubente

1974 3621 2019 3665 et
2067 3613 2338 3683 adjuvante
2379 3612 2578 3668 Christo
2623 3601 2880 3685 expeditus
2917 3625 3128 3669 enatem.
3163 3616 3342 3686 Neque
3383 3618 3439 3671 id
3476 3636 3555 3674 me

1973 3707 2238 3776 perfecisse
2266 3704 2491 3775 glorior;
2517 3705 2650 3776 quod
2675 3705 2768 3760 etsi
2793 3706 3002 3776 gloriari
3032 3725 3246 3776 possem,
3267 3709 3317 3762 in
3337 3709 3553 3763 Domino

1973 3796 2239 3866 gloriarer,
2267 3797 2413 3866 cujus
2436 3805 2509 3850 est
2536 3797 2794 3867 perﬁcere,
2825 3799 2958 3867 quod
2983 3800 3125 3852 nobis
3151 3800 3348 3869 adjacet
3388 3801 3513 3856 velle
3536 3818 3555 3855 :

1976 3886 2064 3940 sed
2108 3887 2414 3956 concupiscit
2451 3887 2618 3940 adhuc
2653 3889 2823 3941 anima
2877 3906 2985 3941 utea
3029 3890 3312 3944 desiderare
3356 3893 3557 3962 judicia

1980 3978 2199 4032 Domini.
2253 3979 2288 4032 ιτ
2295 3980 2377 4034 ide
2411 3981 2613 4049 quando
2650 3992 2946 4051 assequatur
2979 3982 3155 4050 effectu
3199 3984 3292 4038 Dei
3327 3987 3555 4040 volunta-

1975 4079 2073 4123 tem
2109 4071 2150 4134 ³,
2187 4072 2273 4139 qui
2301 4072 2468 4124 adhuc
2489 4073 2654 4141 ipsum
2685 4072 2966 4126 desiderare
3009 4066 3277 4128 desiderat.
3318 4077 3466 4141 Quod
3497 4077 3553 4133 in

1974 4181 2054 4218 me
2079 4175 2241 4217 tamen
2269 4173 2362 4228 est,
2396 4165 2549 4218 dilea:i
2569 4165 2796 4218 decorent
2820 4165 2998 4219 domus
3023 4178 3227 4233 sanctte,
3251 4177 3297 4220 et
3315 4177 3556 4237 quantum

1974 4257 2026 4309 in
2047 4273 2126 4310 me
2153 4257 2267 4322 fuit,
2296 4257 2539 4326 elegerant
2567 4257 2788 4326 abjectus
2815 4273 2922 4310 esse
2949 4259 3001 4311 in
3021 4258 3169 4312 domo
3195 4259 3419 4314 Domini.
3450 4262 3556 4316 Sed

1973 4347 2054 4399 cui
2094 4345 2283 4414 placuit
2326 4363 2586 4417 segregare
2621 4362 2701 4400 me
2739 4347 2802 4400 ab
2845 4357 2985 4401 utero
3023 4350 3199 4402 matris
3247 4366 3387 4412 mete,
3419 4361 3466 4404 et
3493 4353 3555 4405 ab

1975 4439 2196 4492 amicitia
2242 4439 2408 4491 carnis
2449 4447 2495 4492 et
2523 4437 2782 4508 sanguinis
2816 4439 2884 4491 ad
2908 4440 3124 4508 gratiam
3151 4457 3296 4493 suam
3321 4441 3517 4496 trahere
3539 4485 3554 4510 ,

1977 4531 2135 4585 eidem
2171 4532 2359 4601 placuit
2402 4533 2602 4602 inopem
2646 4549 2724 4584 me
2751 4533 2911 4585 omnis
2939 4533 3055 4586 boni
3084 4535 3275 4595 meriti,
3316 4539 3560 4592 suscitare

3603 4465 3622 4551 ἵ

1975 4625 2038 4679 de
2065 4629 2201 4678 terra
2220 4634 2264 4677 et
2295 4624 2357 4677 de
2383 4624 2496 4677 lacu
2517 4625 2850 4688 miseriarum,
2871 4640 2929 4676 ac
2945 4624 3006 4676 de
3031 4626 3134 4678 luta
3163 4629 3303 4697 ftecis
3327 4629 3554 4697 educere,-
3602 4611 3605 4613 ’

1975 4726 2031 4771 ut
2070 4717 2339 4770 collocaret
2376 4732 2454 4769 me
2481 4725 2594 4768 cum
2626 4715 2939 4785 principibus
2969 4717 3144 4787 pepuli
3167 4719 3264 4783 sui,
3296 4727 3340 4771 et
3367 4731 3559 4788 partem

1976 4825 2138 4862 meam
2163 4808 2213 4861 iu
2239 4815 2323 4860 tua
2348 4817 2480 4861 sorte
2509 4815 2747 4876 poneret,
2787 4814 2838 4858 ut
2865 4815 2912 4859 te
2937 4817 3204 4876 prwstante
3229 4810 3416 4862 meritis
3432 4853 3445 4878 ,
3473 4816 3534 4882 of

1975 4901 2092 4972 ﬁcio
2118 4903 2334 4957 sociatus
2359 4917 2583 4971 azquarer
2605 4900 2644 4954 ⁸.

2139 4993 2538 5061 Prresumptione
2560 4993 2714 5063 igitur
2741 5009 2842 5046 non
2871 5009 2997 5056 mea,
3029 4992 3118 5046 sed
3142 4993 3330 5063 placito
3353 5002 3399 5046 et
3422 4993 3560 5047 ordi-

1978 5087 2182 5139 natione
2197 5084 2424 5151 Domini,
2444 5083 2800 5137 Frater-uitatis
2815 5093 2914 5137 tute
2936 5083 3058 5136 mihi
3079 5084 3242 5152 fcedus
3284 5100 3556 5154 usurpans,

2041 5236 2056 5266 ί
2082 5233 2223 5284 Edd.:
2248 5241 2305 5282 Te
2327 5230 2391 5281 ad
2409 5229 2730 5281 maturitatem
2754 5226 2917 5278 meriti
2929 5227 3079 5276 honor
3094 5224 3326 5276 seniorem
3344 5223 3561 5284 provexit

1975 5305 2021 5349 et
2041 5297 2288 5360 juvenem.
2314 5300 2421 5342 Mss.
2449 5305 2623 5360 novem
2649 5307 2660 5340 :
2691 5300 2876 5340 Honore
2897 5289 3152 5360 senior-imi.
3193 5295 3246 5336 At
3269 5287 3443 5335 melius
3464 5287 3561 5337 duo

1979 5354 2124 5410 \‘aiic.
2152 5373 2176 5422 :7
2195 5363 2246 5407 El
2269 5355 2494 5422 honorem
2516 5354 2756 5422 seniorum
2777 5354 2994 5416 provexit
3005 5354 3247 5422 iuvenem.
3276 5407 3307 5422 μ

2040 5426 2058 5455 ³
2077 5422 2148 5470 sic
2166 5421 2214 5470 in
2235 5419 2390 5468 editis.
2417 5423 2472 5465 At.
2493 5423 2596 5465 Mss.
2611 5409 2872 5478 gruter-ique:
2895 5409 3075 5478 Jam'in
3095 5411 3248 5462 solido
3272 5409 3426 5460 littore
3448 5423 3560 5460 con-

1975 5483 2150 5542 stitisti,
2173 5489 2284 5540 toto,
2314 5487 2408 5530 etc.
2437 5477 2728 5542 [constitisti,
2757 5477 2869 5537 tuto,
2891 5477 3025 5542 _etc._]

2042 5533 2198 5594 irEdd.
2228 5558 2240 5595 :
2271 5533 2552 5603 .i'ssequ'atur
2574 5533 2789 5603 effecturi;
2813 5533 2902 5588 Dei
2935 5533 3249 5603 minutatum.
3276 5540 3380 5582 Mss.
3421 5533 3517 5582 duo
3543 5546 3557 5584 :

1975 5610 2206 5673 Eﬂ'ectum
2229 5604 2321 5673 pri
2353 5595 2724 5673 τὸιιιξιιαῳΪᾼΙιί
2760 5601 2891 5673 duo:
3042 5595 3342 5673 voluntatem.
3381 5603 3508 5645 Unus
3531 5607 3561 5644 θ

1976 5662 2124 5720 viitic.
2147 5683 2160 5718 :
2181 5668 2359 5731 affectu
2383 5664 2471 5716 Dei
2492 5662 2789 5731 natiuitatem.
2809 5670 2942 5712 Hunc
2963 5662 3230 5731 sequimur.

2037 5733 2060 5764 ⁴
2088 5719 2284 5781 εἱειεὲὸ.
2323 5737 2404 5779 Ms.
2432 5744 2446 5778 :
2473 5725 2637 5792 Ofﬁcio
2657 5730 2844 5777 sumtus
2879 5719 3100 5786 a’quarer
3115 5759 3130 5785 ,
3160 5719 3205 5768 id
3243 5727 3321 5770 est
3355 5730 3561 5769 munere

1977 5794 2359 5857 presbyteratus.
