4044 6338
553 367 659 429 105

552 496 690 542 linito
721 483 959 552 indignus
989 481 1175 534 honore
1211 493 1288 532 me
1316 478 1498 550 dignor
1522 493 1535 539 ;
1567 476 1684 545 quia
1713 484 1759 528 te
1788 491 1877 545 pro
1907 485 1991 526 tua
2019 489 2134 524 san-

553 581 723 632 ctitate
755 586 888 630 certo
930 574 1063 636 scio,
1095 588 1212 626 nam
1237 572 1444 625 veritate
1471 569 1626 639 sapis,
1656 584 1755 621 non
1787 566 1893 620 alta
1918 581 2094 635 sapere
2118 603 2134 628 ,

552 673 639 724 sed
692 664 963 720 humilibus
1008 679 1301 734 congruere.
1353 660 1574 730 Ideoque
1621 668 1848 729 prompte
1885 668 1928 715 et
1968 657 2139 709 intime

552 768 867 829 recepturum
905 773 1051 825 spero
1093 755 1387 808 cltaritatem
1415 751 1710 806 humilitatis
1737 760 1922 804 nostrte
1940 791 1955 815 ,
1986 759 2136 818 quam

552 854 752 925 quidem
789 852 905 922 jant
950 853 1193 919 recepisse
1232 860 1279 903 te
1323 865 1413 919 per
1455 846 1795 902 beatissimum
1829 845 2136 899 sacerdotem

555 944 796 1013 Alypium
841 942 980 1010 (quia
1021 940 1281 1011 dignatur)
1313 950 1506 1008 patrem
1549 948 1796 1001 nostrum,
1829 936 2050 1005 conﬁdo.
2083 935 2140 990 Is

555 1034 688 1087 enim
713 1033 818 1086 sine
845 1032 994 1085 dubia
1038 1031 1101 1084 de
1137 1047 1190 1084 se
1232 1030 1324 1083 tibi
1361 1027 1644 1098 exemplum
1675 1026 1885 1097 prtebuit
1909 1042 1999 1079 nos
2026 1035 2141 1078 ante

555 1124 789 1177 notitiam
820 1134 864 1176 et
887 1138 1041 1190 supra
1066 1122 1296 1175 meritum
1333 1119 1595 1190 diligendi,
1625 1119 1708 1188 qui
1737 1116 2015 1187 incognitas
2044 1115 2139 1168 sibi

556 1235 669 1283 nos,
693 1225 738 1270 et
768 1216 1039 1286 longinqua
1079 1214 1174 1267 soli
1200 1213 1276 1266 vel
1301 1212 1396 1266 sali
1426 1211 1794 1279 intercapedine
1819 1211 2102 1278 disparatas
2121 1248 2135 1272 ,

555 1311 738 1378 spiritu
766 1324 894 1362 verte
926 1306 1205 1360 dilectianis
1225 1347 1239 1370 ,
1271 1306 1355 1374 qui
1384 1304 1564 1373 ubique
1589 1312 1633 1356 et
1663 1309 1884 1371 penetrat
1905 1302 1951 1353 et
1977 1299 2139 1365 effun-

557 1401 712 1464 ditur,
741 1409 789 1453 et
818 1399 983 1452 videre
1011 1397 1264 1467 diligendo
1309 1395 1488 1466 potuit,
1529 1403 1576 1446 et
1619 1391 1918 1460 alloquenda
1946 1391 2138 1458 pertin-

554 1508 687 1563 gere.
714 1493 814 1547 llic
840 1493 981 1546 nobis
1015 1491 1178 1562 prima
1202 1487 1409 1554 ‘a/feetus
1447 1486 1524 1540 sui
1551 1485 1877 1548 documenta,
1900 1491 1947 1535 et
1967 1481 2137 1535 cltari-

555 1585 672 1638 tatis
715 1593 814 1637 tua:
852 1583 1063 1653 pignora
1084 1582 1136 1634 in
1160 1579 1450 1650 supradicto
1477 1576 1629 1647 digno
1665 1591 1870 1628 munere
1900 1572 2139 1626 librorum

556 1675 797 1730 dedit.Et
824 1683 1012 1745 quanto
1041 1671 1230 1725 studuit
1255 1669 1528 1740 impendio,
1558 1676 1611 1720 ut
1643 1666 1972 1721 Sanctitatem
1999 1674 2139 1718 tuam

557 1784 659 1822 non
689 1767 847 1836 ipsius
873 1776 1066 1818 tantum
1094 1764 1270 1826 verbis,
1299 1762 1386 1817 sed
1413 1761 1610 1832 plenius
1639 1760 1919 1830 eloquentia
1953 1762 1998 1811 et
2036 1757 2139 1825 [ide

557 1866 642 1910 tua
670 1859 916 1927 cognitam
948 1873 1046 1908 non
1074 1869 1328 1924 possemus
1346 1862 1519 1906 amare
1543 1851 1858 1904 mediocriter
1881 1857 2138 1917 tantopere

554 1964 757 2002 curasse
788 1947 1016 2000 eumdem
1043 1944 1312 2007 credimus,
1339 1951 1393 1996 ut
1419 1958 1509 1995 nos
1535 1941 1748 1995 vicissim
1777 1939 1938 2008 ipsius
1961 1938 2138 1990 imita-

556 2040 690 2093 tione
737 2038 1010 2106 plurimum
1050 2036 1256 2108 diligas.
1301 2032 1478 2088 Gratia
1507 2031 1604 2084 Dei
1629 2040 1810 2094 tecum,
1854 2039 1909 2083 ut
1951 2037 2042 2093 est,
2085 2028 2138 2081 in

554 2141 797 2186 teternum
845 2138 1045 2183 maneat
1080 2137 1344 2199 Optamus,
1392 2129 1549 2196 frater
1587 2124 1642 2177 in
1681 2120 1878 2177 Christo
1917 2119 2136 2175 Domino

552 2221 809 2283 unanima,
838 2219 1154 2281 venerabilis,
1195 2213 1650 2270 desiderantissime
1675 2227 1693 2265 :
1722 2220 1878 2264 totam
1906 2209 2133 2276 domum,

553 2321 603 2368 et
629 2327 828 2366 omnem
857 2310 1107 2372 comitem,
1139 2317 1185 2361 et
1210 2305 1557 2362 aemulator-em
1587 2304 1641 2357 in
1681 2301 1904 2356 Domino
1947 2300 2136 2353 sancti-

553 2403 671 2456 tatis
698 2412 816 2469 tuaa,
847 2400 1065 2471 plurima
1096 2399 1426 2471 fraternitatis
1452 2396 1706 2466 unanimte
1731 2395 2010 2448 salutamus
2051 2393 2136 2462 af-

554 2495 706 2562 fectu.
736 2489 931 2545 Panem
958 2507 1130 2554 unum,
1163 2504 1309 2560 quem
1331 2486 1674 2541 unanimitatis
1700 2483 1888 2538 indicio
1910 2482 2138 2536 misimus

553 2582 785 2636 charitati
815 2590 934 2648 tute,
965 2597 1200 2651 rogamus
1235 2577 1528 2648 accipiendo
1557 2574 1838 2630 benedicas.

981 2715 1307 2772 EPISTULA
1348 2709 1516 2767 xxvr
1559 2714 1578 2735 ο
1607 2708 1706 2783 (a).

553 2825 862 2901 Augustinus
885 2818 1164 2881 Licentium
1181 2828 1416 2897 juvenem
1442 2819 1655 2876 nobilem
1673 2829 1718 2873 et
1739 2818 1959 2885 doctum,
1981 2834 2141 2890 quon-

624 2917 909 2990 damipsius
929 2910 1250 2986 discipulum,
1267 2915 1495 2968 hortatur
1507 2911 1574 2964 ad
1588 2910 1760 2963 mundi
1776 2919 2135 2979 contemptunt,

622 3015 830 3068 abutens
859 3011 926 3065 ad
949 3012 1042 3064 hoc
1062 3011 1221 3080 ipsius
1246 3006 1458 3061 Lieentii
1479 3005 1718 3068 carmine,
1751 3002 1885 3072 quod
1910 3002 1978 3055 ad
2003 3015 2138 3071 pra?-

623 3116 874 3177 ceptorem
903 3105 1187 3173 scripserat.

1041 3225 1282 3267 LICE‘STIO
1321 3220 1666 3264 AUGUSTINUS.

625 3330 678 3382 1.
726 3327 822 3381 Vix
867 3324 1039 3394 reperi
1065 3322 1399 3377 occasionem
1431 3316 1698 3372 scribendi
1725 3314 1853 3380 tibi;
1885 3315 2002 3384 quis
2024 3327 2142 3368 cre-

553 3418 676 3473 dat?
705 3417 812 3472 Sed
833 3415 960 3469 mihi
992 3424 1165 3468 tamen
1194 3411 1491 3465 Licentium
1526 3421 1746 3463 necesse
1784 3414 1867 3462 est
1897 3406 2136 3461 credere.

554 3510 692 3566 Nolo
718 3520 767 3563 te
794 3523 981 3562 causas
1011 3505 1350 3573 rationesque
1376 3502 1580 3566 rimari,
1614 3516 1731 3571 qua:
1757 3499 1962 3554 etiamsi
1993 3497 2140 3552 reddi

554 3610 793 3672 possent,
815 3599 935 3654 tidei
959 3608 1155 3660 tamen,
1181 3580 1440 3664 qua'mihi
1469 3593 1664 3656 credis,
1697 3606 1802 3644 non
1831 3605 1921 3644 eas
1947 3590 2136 3644 debeo.

558 3696 690 3751 Nam
742 3704 794 3748 et
841 3694 1041 3748 litteras
1074 3699 1187 3743 tuas
1215 3704 1320 3741 non
1352 3703 1446 3756 per
1481 3700 1573 3740 eos
1614 3683 1827 3752 accepi,
1869 3698 1964 3752 per
2005 3697 2140 3751 quos

557 3804 767 3859 possem
795 3788 989 3854 scripta
1016 3782 1318 3838 redhibere.
1350 3780 1480 3848 Qum
1505 3788 1679 3832 autem
1709 3776 1881 3846 petisti
1916 3786 1968 3828 ut
1994 3785 2140 3844 pete-

553 3895 704 3942 rem,
745 3876 923 3932 curavi
977 3891 1070 3945 per
1115 3872 1393 3943 epistolam
1443 3879 1692 3940 quantum
1742 3867 2091 3936 promendum
2120 3868 2136 3898 ¹

554 3968 868 4031 videbatur;
919 3965 1012 4020 sed
1063 3964 1188 4034 quid
1231 3962 1495 4017 eﬂ‘ecerim
1544 3970 1596 4013 tu
1638 3957 1854 4012 videris.
1899 3956 2050 4024 Quod
2094 3957 2139 4011 si

551 4061 786 4116 nondum
821 4059 1064 4114 etiectum
1109 4065 1210 4121 est,
1255 4054 1342 4108 vel
1386 4069 1506 4107 cum
1536 4052 1728 4114 sciero,
1754 4046 1906 4120 agam
1937 4050 2138 4103 instan-

552 4154 679 4220 tius,
707 4153 788 4208 vel
813 4167 932 4206 cum
962 4163 1146 4204 rursus
1186 4148 1298 4216 ipse
1336 4142 1696 4198 admonueris.
1729 4141 1994 4196 Hactenus
2023 4155 2140 4209 qua:

554 4227 709 4316 hujus
740 4245 861 4298 vita:
890 4242 1098 4296 vincula
1144 4245 1502 4308 perstrepunt,
1555 4243 1727 4289 tecum
1760 4234 1964 4288 locutus
1993 4233 2093 4286 sim
2124 4250 2136 4286 :

550 4351 692 4391 nunc
736 4335 916 4403 paucis
959 4333 1137 4400 accipe
1173 4328 1400 4398 pectoris
1448 4325 1553 4380 mei
1599 4336 1758 4379 instas
1801 4324 1868 4378 de
1913 4339 2007 4394 spe
2052 4332 2139 4377 tua

552 4440 660 4479 non
707 4423 1042 4487 transitoria,
1081 4435 1312 4491 quonam
1356 4418 1516 4472 modo
1548 4419 1635 4472 via
1680 4417 1772 4472 tibi
1814 4425 2048 4486 patescat
2087 4417 2138 4471 in

553 4514 744 4570 Deum.

624 4603 680 4656 2.
727 4602 796 4656 Mi
840 4601 1076 4664 Licenti,
1127 4599 1290 4654 etiam
1322 4607 1479 4667 atque
1516 4597 1674 4653 etiam
1715 4605 2047 4652 recusantem
2087 4607 2140 4652 et

550 4692 926 4748 formidantem
980 4691 1266 4761 compedes
1321 4691 1612 4759 sapientiae,
1668 4693 1827 4745 timeo
1873 4698 1924 4744 te
1978 4690 2138 4745 rebus

555 4784 872 4840 mortalibus
901 4783 1224 4837 validissime
1253 4791 1304 4837 et
1333 4782 1781 4851 perniciosissimo
1823 4781 2134 4849 compediri.

557 4877 690 4932 Nam
722 4875 978 4945 sapientia
1008 4889 1139 4945 quos
1164 4875 1335 4943 primo
1357 4874 1666 4941 alligaverit,
1686 4881 1738 4926 et
1753 4872 2137 4927 exercitatoriis

555 4965 869 5038 quibusdam
899 4964 1164 5018 laboribus
1189 4963 1481 5017 edomuerit
1501 5003 1515 5022 ,
1545 4962 1702 5016 solvit
1731 4970 1911 5030 postea
1930 4963 1971 5027 ',
2003 4961 2136 5016 libe-

553 5059 789 5127 ratisque
838 5071 957 5110 sese
1002 5055 1163 5108 donat
1210 5053 1276 5108 ad
1332 5053 1643 5119 fruendum;
1692 5063 1746 5108 et
1788 5067 1920 5123 quos
1967 5053 2137 5121 primo

553 5150 934 5220 temporalibus
975 5148 1198 5201 nexibus
1246 5145 1552 5210 erudiverit,
1609 5155 1725 5213 post
1768 5144 1980 5200 :eternis
2019 5160 2135 5198 am-

557 5242 801 5310 plexibus
839 5237 1047 5308 alligat;
1078 5254 1181 5308 quo
1211 5237 1421 5291 vinculo
1452 5251 1552 5290 nec
1591 5236 1876 5306 jucundius
1906 5251 2004 5291 nec
2039 5225 2134 5292 So-

617 5377 633 5439 ξ
661 5381 768 5426 Mss.
794 5383 915 5435 tres,
938 5370 1209 5439 petendum.
1242 5369 1327 5439 Alii
1353 5371 1574 5439 plerique
1592 5404 1607 5430 ,
1628 5370 1956 5439 promendum.

611 5436 765 5499 {Mss
808 5430 1170 5499 quatuordecim
1184 5467 1198 5494 ,
1237 5430 1378 5484 solvet
1411 5430 1647 5497 postea,..'.
1691 5431 1992 5496 amplexibus
2031 5430 2139 5482 allis

545 5495 1196 5627 ga'buﬁapc-emendayim-us
1221 5568 1314 5627 ope
1347 5555 1458 5627 Cdd_.
1497 5569 1545 5604 a.
1566 5556 1664 5627 _bg.
1704 5555 1774 5603 bl.
1801 5555 1887 5627 ιη).
1907 5567 1955 5627 _c.
1981 5567 2051 5627 oc_.
2083 5555 2132 5627 tr.

543 5625 601 5726 Et
633 5619 774 5727 gigvj.
814 5617 847 5665 ι.
874 5633 924 5666 n.
950 5632 994 5666 r.
1032 5633 1073 5667 s.
1111 5620 1185 5666 sb.
1218 5625 1254 5666 t.
1285 5630 1358 5665 vc.
1391 5617 1470 5666 vd.
1495 5617 1712 5682 quinque
1740 5631 1788 5667 γ.
1816 5623 1866 5665 et
1895 5625 1993 5665 Am.
2025 5617 2133 5667 Bad.

606 5715 830 5800 (dividiae
849 5738 949 5803 397:7
974 5752 1084 5802 qme
1107 5747 1268 5789 autem
1291 5737 1352 5787 ‘26
1376 5745 1496 5803 erat,
1524 5752 1651 5803 nunc
1675 5739 1780 5787 123.
1805 5741 1984 5803 Scripta
2011 5740 2135 5792 forte

560 5805 752 5852 neunte
774 5813 836 5852 an
877 5801 1066 5861 395(et
1101 5803 1245 5852 missa
1267 5813 1376 5850 cum
1400 5801 1602 5861 epistola
1623 5809 1882 5864 sequente.

1790 356 1844 412 s.
1886 353 2249 412 AUGUSTINI
2290 331 2589 430 stitscort

3731 360 3830 419 1οι

2251 471 2406 525 lidius
2430 473 2646 542 cogitari
2666 473 2950 544 quidquam
2977 482 3163 542 potest.
3181 472 3353 528 Prima
3385 473 3498 527 hinc
3527 473 3818 544 aliquantu-

2247 561 2355 615 lum
2377 563 2505 617 dura
2525 580 2642 618 esse
2658 567 2940 630 conliteor;
2971 563 3057 618 illa
3076 580 3199 619 vero
3215 565 3396 618 ultima
3417 580 3513 619 nec
3532 565 3657 622 dura
3675 567 3812 624 dixe-

2246 654 2368 720 rim,
2386 655 2506 723 quia
2523 655 2823 709 dulcissima
2842 665 2964 709 sunt
2981 672 2994 719 ;
3019 672 3118 710 nec
3138 657 3337 723 mollia,
3352 657 3472 726 quia
3493 658 3820 716 firmissima:

2250 744 2374 814 quid
2404 745 2559 814 igitur
2585 747 2685 800 nisi
2713 746 2851 815 quod
2876 746 2976 801 dici
3008 762 3112 801 non
3142 756 3330 818 potest,
3355 749 3448 803 sed
3479 750 3622 804 credi
3651 759 3822 807 tamen

2247 847 2300 891 et
2321 837 2524 906 sperari
2547 846 2602 891 et
2625 839 2793 891 amari
2822 826 3031 907 potest?
3064 839 3282 893 Vincula
3311 856 3436 894 vero
3462 840 3614 910 hujus
3643 844 3822 900 mundi

2243 929 2584 999 aSperitalem
2640 930 2837 985 habent
2893 947 3112 996 veram,
3159 930 3544 1000 jucunditatem
3597 932 3824 998 falsam;

2243 1030 2446 1075 certum
2473 1022 2744 1089 dolorem,
2786 1023 3041 1077 incertam
3072 1025 3427 1093 volulitatem;
3459 1025 3647 1080 durum
3684 1027 3828 1083 labo-

2244 1111 2635 1175 rem,timidam
2673 1113 2937 1182 quietem;
2980 1118 3092 1168 rem
3133 1116 3340 1184 plenam
3386 1117 3643 1181 miserim,
3677 1134 3823 1188 spem

2243 1202 2582 1258 beatitudinis
2621 1207 2852 1261 inanem.
2897 1207 3055 1261 Hisne
3110 1216 3160 1261 tu
3215 1207 3404 1263 inseris
3453 1219 3505 1263 et
3547 1210 3744 1265 collum
3773 1217 3825 1267 et
3865 1260 3869 1264 .

2243 1309 2434 1351 manus
2479 1306 2531 1351 et
2581 1297 2778 1366 pedes,
2837 1313 2956 1352 cmn
3011 1300 3066 1353 et
3115 1297 3407 1354 honoribus
3462 1301 3824 1371 hujuscemodi

2243 1388 2510 1457 subjugari
2550 1388 2782 1452 atl'ectas,
2831 1398 2884 1443 et
2925 1389 3062 1443 facta
3105 1399 3193 1444 tua
3230 1406 3333 1444 non
3369 1391 3522 1447 aliter
3559 1392 3823 1450 fructuosa

2244 1480 2514 1533 existimas
2535 1522 2548 1544 ,
2577 1488 2632 1534 et
2657 1480 2824 1533 ambis
2851 1480 3130 1544 inhaerere,
3176 1496 3280 1552 quo
3311 1498 3416 1535 non
3449 1483 3608 1537 modo
3635 1484 3822 1540 invita»

2246 1578 2359 1634 tus,
2404 1572 2495 1624 Sed
2537 1586 2633 1624 nec
2663 1571 2965 1640 compulsus
2995 1571 3206 1642 quidem
3241 1573 3315 1627 ire
3344 1573 3618 1628 debuisti?
3653 1575 3746 1630 llic
3772 1584 3825 1631 tu

2245 1660 2468 1716 fortasse
2495 1661 2805 1716 Tcrentiaui’
2825 1663 2964 1716 Servi
2995 1663 3126 1717 mihi
3159 1676 3470 1733 reaponsum
3498 1666 3712 1722 dederis
3742 1682 3758 1724 ξ

2427 1774 2547 1833 Ohe,
2573 1782 2622 1824 tu
2646 1775 2795 1824 verba
2815 1773 2976 1824 ﬁtndis
2995 1776 3073 1825 bic
3094 1777 3355 1839 sapientia!

2880 1859 3153 1923 (Terentius
3174 1853 3225 1911 in
3245 1857 3517 1927 Adelphis.)

2242 1960 2383 2032 Cape
2417 1962 2572 2033 igitur
2605 1974 2663 2018 ut
2688 1963 2902 2019 fundam
2931 1964 3105 2036 potius
3131 1983 3290 2036 quam
3321 1968 3614 2023 ell‘u'ndam.
3648 1970 3750 2025 Aut
3780 1971 3824 2026 si

2242 2069 2340 2125 ego
2383 2066 2572 2122 canto,
2619 2065 2672 2110 tu
2702 2068 2874 2112 autem
2905 2057 2970 2112 ad
3003 2059 3158 2112 aliam
3191 2074 3373 2114 vocem
3401 2061 3560 2115 saltas
3580 2103 3597 2127 ,
3635 2079 3730 2117 nec
3754 2063 3825 2119 sic

2243 2147 2453 2217 quidem
2483 2162 2566 2202 me
2587 2149 2824 2216 pmnitet.
2849 2150 3019 2206 [labet
3039 2151 3177 2205 enim
3200 2143 3348 2204 suam
3367 2151 3688 2207 hilaritatem
3714 2155 3820 2224 ipsa

2241 2238 2470 2319 eautatio
2489 2279 2504 2304 ,
2534 2239 2689 2293 etiam
2720 2255 2840 2294 cum
2865 2241 2930 2295 ad
2961 2256 3078 2296 eam
3110 2242 3346 2296 membra
3374 2259 3477 2296 non
3507 2256 3708 2312 movet,
3740 2246 3821 2300 cui

2242 2329 2396 2398 plena
2425 2327 2696 2385 charitatis
2722 2331 3079 2388 modulatione
3102 2344 3363 2388 cantatur.
3393 2335 3561 2390 Verba
3585 2337 3825 2406 quredam

2243 2421 2294 2474 in
2333 2422 2570 2490 epistolis
2615 2424 2718 2478 tuis
2761 2437 2847 2478 me
2891 2434 3202 2490 moverunt,
3242 2425 3336 2481 sed
3365 2426 3432 2480 de
3462 2426 3826 2496 histractare,

2243 2526 2362 2565 cum
2403 2512 2658 2568 factorum
2698 2513 2923 2586 vitaeque
2956 2517 3112 2571 totius
3141 2527 3242 2572 tum
3268 2532 3392 2572 cura
3423 2528 3718 2590 excoquat,
3745 2508 3826 2574 in-

2243 2605 2421 2671 eptum
2447 2603 2643 2672 putavi.

2381 2745 2586 2787 carmen
2611 2736 2680 2799 (a)
2706 2736 2898 2788 Licentii
2919 2737 2984 2788 ad
3007 2737 3320 2802 Augustinum
3341 2747 3708 2806 prteceptarem.

2305 2840 2354 2889 5.
2381 2848 2610 2903 arcanum
2633 2841 2855 2889 Varronis
2877 2841 2970 2888 iter
2991 2840 3248 2889 scrutando
3270 2840 3491 2903 profundi

2302 2907 2436 2973 {lens
2456 2901 2625 2973 hebet,
2649 2902 2998 2973 adversamque
3023 2903 3145 2973 fugit
3165 2901 3426 2973 conterrita
3454 2903 3639 2973 lucens.

2303 2970 2398 3012 Nec
2420 2965 2618 3026 mirum,
2645 2965 2775 3025 jacet
2797 2964 2952 3012 omnis
2975 2964 3104 3012 enim
3129 2974 3237 3011 mea
3260 2976 3371 3012 cura
3397 2964 3594 3026 legendi

2303 3031 2370 3074 Te
2394 3038 2488 3074 non
2511 3024 2658 3075 dante
2681 3037 2889 3083 manum,
2916 3032 2968 3074 et
2992 3037 3294 3086 consurgere
3313 3027 3415 3074 sola
3445 3024 3671 3079 veretur.

2303 3095 2415 3136 Nam
2437 3087 2578 3136 simul
2601 3095 2656 3137 ut
2677 3087 2912 3148 perplexa
2937 3088 3026 3136 viri
3047 3087 3328 3148 compendia
3351 3088 3468 3137 tanti

2303 3148 2509 3199 Volvere
2533 3150 2681 3199 suasit
2703 3161 2853 3211 amor,
2878 3160 3142 3211 sacrosque
3169 3150 3413 3211 attingere
3436 3163 3637 3211 sensus,

2303 3212 2416 3269 Quis
2437 3213 2691 3260 numerum
2712 3210 2848 3259 dedit
2871 3209 2954 3257 ille
2968 3209 3134 3273 tonos,
3152 3209 3480 3273 mundumque
3501 3209 3716 3263 tonanva

2305 3275 2538 3322 Disseruit
2559 3285 2756 3331 canere,
2782 3277 2834 3320 et
2862 3270 3041 3334 pariles
3062 3279 3247 3334 agitare
3270 3270 3500 3334 choreas,

2307 3342 2371 3382 1m
2389 3335 2540 3383 illCUlt
2565 3334 2694 3382 varia
2716 3339 2934 3383 nostrum
2961 3332 3168 3382 calivine
3195 3340 3380 3393 pectus,

2307 3349 2592 3444 Induxitoue
2612 3397 2771 3443 animo
2793 3407 2958 3443 rerum
2980 3369 3208 3443 violentia
3232 3397 3380 3444 nubet

2305 3395 2592 3458 Induxitque
2612 3397 2771 3443 animo
2793 3395 3208 3458 rerumrviolentia
3232 3397 3430 3444 nubem.

2309 3458 2420 3506 Inde
2446 3456 2908 3519 ﬁgurarumpositas
2937 3457 3042 3505 sine
3068 3456 3270 3519 pulvere
3295 3459 3469 3506 formas

2307 3527 2451 3568 l‘osco
2472 3513 2656 3575 aniens,
2681 3513 2894 3579 aliasque
2919 3513 3094 3579 graves
3117 3517 3308 3568 offendo
3334 3521 3581 3569 tenebras.

2305 3580 2368 3645 Ad
2393 3585 2622 3629 summam
2650 3583 2687 3637 ι,
2707 3586 2942 3645 astrorum
2964 3591 3131 3628 causas
3152 3579 3404 3645 clarosque
3427 3591 3641 3645 meatus,

2304 3642 2540 3704 obscuros
2559 3653 2764 3704 quorum
2786 3639 2871 3688 ille
2889 3642 3016 3704 _situs
3037 3654 3132 3704 per
3146 3641 3308 3690 nubila
3325 3639 3578 3695 monstrat.

2305 3703 2376 3750 sic
2392 3703 2520 3764 jacui
2543 3701 2732 3759 nutans,
2763 3710 2816 3750 ut.
2838 3701 2985 3750 talem
3009 3701 3202 3750 omnino
3225 3705 3428 3761 ruinam,

2305 3763 2405 3812 Nec
2419 3767 2501 3827 qui
2523 3778 2611 3812 nos
2635 3764 2855 3828 prohibet
2879 3763 3089 3812 latebras
3109 3776 3377 3825 agnoscere
3400 3765 3529 3828 oeuli,

2306 3833 2400 3874 Nec
2421 3826 2626 3888 persona
2647 3826 2788 3874 daret
2811 3827 3079 3873 intimorum
3103 3827 3225 3874 t'reta
3251 3828 3486 3876 cavernis.

2305 3885 2472 3936 Protea
2496 3900 2702 3996 namque
2727 3888 2889 3935 ferunt
2913 3893 3134 3934 veterum
3157 3898 3428 3937 conuuenta
3452 3885 3730 3953 Pelasgum,

2306 3951 2389 3996 Οιιὶ
2408 3950 2522 3996 dum
2545 3949 2613 3996 sol
2638 3950 2761 3996 icitis
2783 3961 2878 3996 non
2903 3947 3006 3996 vult
3027 3949 3221 3996 aperire
3243 3950 3418 3996 futura.

2306 3951 2389 4006 Qui
2408 3950 2522 3998 dum
2545 3947 2761 3997 sollicitis
2783 3947 3006 4010 nonvult
3027 3949 3221 4010 aperire
3243 3950 3418 4010 futura,

2304 4019 2494 4073 Spumat
2517 4024 2652 4119 aper,
2677 4011 2782 4058 [luit
2803 4009 2948 4067 unda,
2974 4011 3134 4059 tremit
3158 4009 3264 4069 leo,
3288 4009 3452 4061 sibilat
3471 4016 3669 4076 anguis,

2304 4081 2496 4119 Cautum
2520 4086 2544 4119 a
2569 4072 2772 4119 iouando
2794 4078 2956 4119 tamen
2982 4072 3029 4118 in
3053 4085 3254 4119 munera
3279 4086 3421 4119 tarva
3447 4073 3665 4119 \‘()lll(‘.l‘lll

2303 4072 2496 4135 Captum
2520 4072 2772 4135 aliquando
2794 4078 2956 4135 tamen
2982 4072 3029 4118 in
3053 4085 3254 4120 munera
3279 4086 3421 4133 [arva
3447 4072 3719 4125 volucrum.

2305 4133 2515 4194 At’mihi,
2539 4133 2618 4196 qui
2640 4133 2836 4180 nimium
2857 4133 2986 4181 curis
3007 4134 3309 4196 graviorilms
3331 4147 3498 4196 angor,

2303 4195 2464 4246 Dulcia
2487 4193 2696 4258 quicque
2723 4197 2895 4258 anima:
2911 4227 2924 4253 ,
2950 4193 3201 4258 subduleia
3222 4193 3613 4258 pabula—quaero,

2306 4255 2526 4307 Varronis
2548 4255 2779 4318 reSponsa
2803 4255 2971 4304 latent.
2996 4257 3126 4313 Quod
3149 4255 3364 4319 supplice
3388 4255 3528 4307 cantu

2303 4319 2576 4370 Praesidium
2600 4319 2915 4381 nymphamve
2939 4331 3111 4380 rogem
3135 4325 3186 4369 et.
3209 4319 3401 4381 ﬂumina
3433 4322 3666 4381 poscam?

2307 4391 2373 4431 An
2397 4389 2446 4432 te
2471 4394 2590 4444 voce
2612 4379 2799 4444 vocem,
2819 4379 2932 4428 clari
2957 4393 3105 4444 quem
3127 4387 3288 4444 rector
3309 4379 3490 4444 (llynlpl

2305 4445 2532 4492 Fontibus
2555 4441 2786 4504 infantum
2811 4443 3043 4504 praeiecit,
3070 4448 3121 4490 et
3142 4441 3302 4489 abdita
3320 4441 3462 4502 jussit

2305 4507 2532 4553 libertate
2554 4505 2698 4551 animi
2727 4499 2872 4565 longe
2895 4511 3085 4551 ructare
3110 4499 3326 4552 ﬂuenta?

2303 4573 2443 4628 Ferto
2467 4567 2696 4628 magister
2717 4577 2879 4625 opem,
2902 4577 2959 4613 ac
2983 4573 3034 4614 tu
3057 4573 3110 4613 tu
3127 4578 3196 4628 ne
3219 4565 3398 4614 desere
3419 4566 3554 4628 vires

2304 4627 2861 4688 lnvalidas,mecumque
2885 4638 3044 4674 sacras
3065 4627 3359 4688 subvertere
3381 4627 3552 4688 {stelas

2302 4691 2463 4762 incipe
2486 4702 2498 4737 :
2526 4695 2716 4761 tempus
2737 4686 2887 4746 enim,
2911 4688 3007 4762 nisi
3025 4701 3116 4762 me
3127 4686 3344 4762 mortalia
3369 4686 3550 4762 ιέιιιιιηιξ

2305 4749 2512 4809 Labitur,
2536 4751 2584 4800 in
2606 4749 2896 4811 seniumque
2920 4749 3082 4798 trahit.
3108 4749 3209 4797 Tibi
3233 4757 3398 4798 noster
3421 4751 3586 4810 Apollo

2303 4814 2449 4862 Corda
2483 4811 2662 4873 replet,
2692 4817 2978 4873 patremque
3001 4824 3142 4860 suum
3165 4818 3449 4873 patremque
3471 4812 3676 4860 deorttm

2303 4875 2543 4932 Conciliat,
2567 4873 2832 4936 legemque
2850 4873 3040 4936 bonam,
3065 4886 3330 4936 pacemque
3353 4883 3604 4922 cruentam

2304 4943 2542 4994 Monstrat,
2569 4933 2846 4985 et'abducto
2867 4933 3108 4996 velamine
3131 4933 3319 4996 singula
3342 4936 3518 4996 pandit.

2304 4999 2476 5057 Viginti
2502 5010 2731 5045 cineusus
2752 5007 2860 5042 nam
2879 4994 3045 5057 longos
3067 4994 3260 5044 forsitan
3283 4994 3430 5046 orbes

2303 5057 2423 5108 Solis
2452 5071 2577 5116 eras,
2601 5071 2711 5106 cum
2733 5063 2783 5104 te
2806 5058 2928 5104 ratio
2951 5057 3272 5118 pulcherrima
3294 5059 3476 5118 mundi,

2305 5122 2451 5170 Ditior
2475 5120 2711 5181 imperiis,
2732 5123 2783 5165 et
2805 5125 3002 5168 nectare
3031 5118 3215 5168 dulcior
3237 5121 3365 5181 omni

2301 5179 2554 5250 Corripuit,
2574 5182 2839 5250 statuitque
2862 5192 3055 5241 vagum,
3073 5181 3338 5250 medioque
3362 5179 3550 5250 locavit,

2303 5242 2530 5294 Onmibus
2552 5242 2680 5292 unde
2704 5242 2858 5290 aciem
2882 5254 3050 5302 posses
3073 5242 3328 5294 intendere
3351 5243 3518 5291 rebus.

2303 5314 2340 5355 0
2361 5308 2508 5374 bone,
2529 5318 2672 5366 (sirpe
2697 5306 2791 5374 iter
2811 5315 3065 5374 annorum,
3093 5304 3330 5374 sapientia
3352 5311 3584 5374 quantum

2303 5369 2482 5417 crescit
2498 5365 2666 5414 amore
2690 5366 2782 5424 sui,
2809 5366 3064 5414 inveniens
3087 5378 3206 5413 nova
3229 5365 3435 5413 culmina
3457 5375 3672 5425 semper.

2303 5437 2458 5537 Perge
2487 5429 2611 5477 viam
2633 5441 2726 5490 qua
2749 5436 2801 5477 te
2829 5427 3024 5475 soboles
3045 5425 3271 5488 prtet-lara
3296 5428 3503 5474 tonantis

2304 5498 2367 5537 Pe
2429 5491 2549 5537 ucit.
2574 5496 2802 5537 sternens
2825 5490 2872 5536 in
2898 5489 3062 5537 tlanos
3083 5487 3227 5535 ardua
3250 5501 3457 5537 campos.

2304 5487 2549 5546 Perducit,
2574 5487 2802 5538 sternens
2825 5490 2872 5536 in
2898 5487 3062 5549 planos
3083 5487 3227 5535 ardua
3250 5501 3457 5548 campos.

2301 5559 2481 5601 Etcum
2507 5551 2733 5600 lueit‘eros
2760 5551 3021 5612 pra-cordia
3045 5561 3223 5612 vesper
3244 5550 3295 5612 _iu
3314 5556 3451 5612 ortus

2303 5613 2566 5673 Distulerit,
2589 5610 2903 5674 sanctumque
2924 5623 3074 5673 super
3094 5610 3405 5660 benedixerit
3430 5611 3612 5673 ignem,

2307 5739 2323 5769 ⁸
2350 5745 2454 5786 Mss.
2486 5743 2606 5795 tres,
2630 5737 2897 5786 adsumam.
2922 5741 3021 5784 Non
3047 5733 3193 5782 male.

2305 5800 2375 5862 (a)
2400 5799 2522 5848 Alias
2541 5805 2590 5860 Εἰ
2607 5797 2744 5847 istola
2771 5811 2846 5846 χι..
