4044 6338
566 445 681 520 ,107

581 564 680 621 ιιιεὶ
721 575 908 619 servus
951 568 1073 616 tuus
1111 575 1204 632 per
1240 561 1412 632 ipsum
1433 602 1446 625 ,
1475 569 1532 616 et
1557 575 1846 619 conservus
1869 563 1968 618 sub
1995 560 2151 632 ipso?

651 649 704 710 5.
752 656 834 708 An
879 653 990 723 ipse
1038 667 1147 708 non
1177 652 1363 722 jubet?
1387 653 1508 707 audi
1535 653 1872 723 Evangelium
1901 672 1913 708 :
1939 653 2149 720 Stabat,

579 746 783 818 inquit,
830 747 1004 812 Iesus,
1045 754 1092 800 et
1125 745 1372 799 clamabat
1419 745 1610 817 (Joan.
1662 761 1766 810 vn,
1824 747 1926 817 57)
1977 765 1990 800 :
2051 744 2152 801 Ve-

579 840 683 894 nite
705 838 774 894 ad
802 856 879 893 nte
901 855 1072 896 omnes
1117 838 1206 910 qui
1244 839 1480 893 laboratis
1515 848 1564 893 et
1597 839 1789 893 onerati
1808 840 1926 894 estis
1946 881 1961 905 ,
1989 849 2034 893 et
2063 856 2152 910 ego

578 948 665 988 vos
696 932 938 1003 reﬁciam.
981 930 1350 1002 Totiitejugum
1393 947 1558 986 meum
1583 947 1733 1001 super
1757 947 1864 998 vos,
1896 940 1941 985 et
1981 931 2152 987 discite

577 1043 610 1080 a
661 1041 740 1081 me
779 1025 897 1096 quia
941 1024 1077 1080 mitis
1108 1039 1220 1078 sunt
1258 1031 1303 1077 et
1341 1023 1545 1078 limitis
1587 1023 1767 1089 corde,
1815 1033 1862 1077 et
1896 1022 2152 1077 invenietis

575 1117 793 1188 requiem
838 1114 1097 1168 animabus
1171 1114 1360 1170 vestris.
1412 1113 1606 1186 Jugum
1651 1114 1780 1168 enim
1824 1130 1990 1168 meum
2043 1115 2155 1169 lene

575 1217 681 1274 est,
727 1215 774 1262 et
823 1208 1020 1262 sarcina
1075 1223 1186 1262 mea
1235 1205 1355 1262 leuis
1408 1216 1500 1262 est.
1543 1206 1750 1280 (Matth.
1805 1205 2150 1278 31,2840).

574 1298 629 1354 Si
665 1299 779 1354 haec
806 1313 912 1353 non
940 1297 1252 1366 audiuntur,
1282 1307 1373 1354 aut
1394 1313 1560 1369 usque
1579 1298 1644 1354 ad
1667 1313 1823 1355 aures
1846 1298 2148 1366 audiuntur,

571 1400 914 1460 exspectasne
932 1431 947 1457 ,
992 1389 1192 1445 Lieenti
1211 1431 1226 1456 ,
1259 1398 1317 1444 ut
1343 1390 1664 1460 Augustinus
1686 1389 1871 1460 jubeat
1895 1404 2153 1445 conservo

570 1496 700 1550 suo,
749 1491 804 1537 et
846 1496 952 1536 non
992 1481 1201 1554 plangat
1231 1481 1410 1554 potius
1435 1481 1630 1538 frustra
1654 1482 1841 1552 jubere
1872 1483 2152 1538 Dominum

569 1592 765 1643 suum;
815 1578 923 1633 imo
968 1592 1073 1632 non
1114 1576 1338 1647 jubere,
1371 1577 1464 1631 sed
1487 1577 1707 1632 invitare
1728 1587 1782 1632 et
1808 1591 1995 1648 rogare
2015 1591 2150 1646 quo-

569 1667 855 1724 dammodo
872 1709 886 1733 ,
919 1677 979 1724 ut
1003 1669 1092 1740 qui
1116 1669 1358 1724 laborant
1387 1668 1693 1724 reficiantur
1717 1669 1786 1724 ab
1809 1671 1915 1725 eo?
1939 1669 2043 1726 Sed
2072 1671 2152 1724 vi-

570 1759 765 1815 delicet
806 1759 1094 1816 fortissimo
1138 1768 1194 1815 et
1237 1760 1528 1831 praeﬁdenti
1557 1761 1723 1826 collo,
1752 1761 1936 1833 jugum
1966 1760 2152 1816 mundi

567 1851 895 1922 jugoChristi
915 1860 994 1907 est
1010 1850 1291 1921 jucundius
1319 1869 1331 1905 :
1359 1848 1514 1922 quisi
1537 1850 1778 1908 laborare
1801 1868 1898 1908 nos
1920 1862 2150 1924 cogeret,

569 1943 688 1999 vide
738 1943 856 2014 quis
905 1953 1154 2014 cogeret,
1207 1960 1308 2014 qua
1351 1944 1595 2000 mercede
1638 1954 1871 2016 cogeret.
1914 1944 2060 2002 Vade
2099 1948 2152 2001 in

568 2037 940 2108 Campaniam,
986 2036 1132 2092 disce
1178 2036 1456 2092 Paulinum
1509 2039 1776 2109 egregium
1830 2048 1884 2093 et
1911 2048 2152 2095 sanctum

568 2130 665 2186 Dei
707 2143 918 2186 servum
947 2169 965 2196 ,
1015 2143 1176 2200 quam
1219 2129 1473 2198 grandem
1519 2129 1710 2185 fastum
1755 2131 1922 2186 seculi
1960 2131 2146 2201 hujus,

566 2231 714 2278 tanto
755 2223 1130 2294 generosiore,
1170 2233 1364 2294 quanto
1399 2224 1679 2280 humiliore
1708 2226 1914 2282 cervice
1936 2226 2153 2281 incunc-

567 2321 743 2369 tanter
767 2315 1088 2379 excusserit,
1120 2322 1178 2370 ut
1199 2331 1315 2370 eam
1341 2313 1596 2370 subderet
1619 2315 1815 2370 Christi
1839 2316 1986 2386 jugo,
2018 2319 2153 2372 sicut

566 2405 836 2480 subdidit;
866 2414 921 2462 et
938 2422 1081 2466 nunc
1105 2404 1197 2469 illo
1219 2406 1556 2464 moderatore
1583 2406 1793 2464 itineris
1821 2408 1906 2464 sui
1943 2409 2152 2478 quietus

564 2507 618 2552 et
670 2496 950 2556 modestus
981 2497 1228 2554 exsultat.
1263 2497 1438 2562 Vade,
1470 2498 1614 2554 disce
1639 2499 1828 2568 quibus
1851 2498 2040 2569 opibus
2068 2499 2156 2554 in-‘v

564 2589 704 2661 genii
751 2589 1011 2645 sacrificia
1054 2589 1222 2648 laudis
1262 2591 1311 2646 ei
1338 2591 1552 2656 oﬂ‘crat,
1585 2590 1869 2646 refundens
1893 2591 1966 2645 illi
1993 2590 2154 2662 quid-

565 2682 689 2752 quid
710 2683 835 2737 boni
857 2683 1063 2752 accepit
1087 2699 1152 2742 ex
1172 2684 1264 2740 illo
1282 2725 1297 2749 ,
1329 2699 1398 2740 ne
1426 2685 1631 2740 amittat
1655 2684 1835 2739 munia
1853 2725 1869 2752 ,
1897 2686 1943 2742 si
1966 2700 2073 2741 non
2095 2688 2150 2741 in

565 2787 632 2828 eo
659 2781 882 2842 reponat
906 2789 936 2828 a
961 2789 1066 2844 quo
1092 2775 1212 2832 hate
1231 2775 1406 2834 habet.

648 2865 701 2920 6.
725 2865 882 2933 Quid
909 2867 1141 2922 metuas?
1164 2867 1290 2938 quid
1315 2867 1583 2923 (lucunas?
1613 2868 1738 2939 quid
1765 2869 2158 2940 imaginationi-‘

566 2955 667 3023 bus
688 2955 1077 3014 mortiferarum
1105 2958 1430 3027 voluptatum
1458 2974 1637 3016 aurern
1661 2961 2031 3016 accommodas
2049 3003 2064 3028 ,
2094 2972 2156 3017 et

565 3051 763 3105 avertis
801 3065 832 3105 a
877 3051 1072 3108 nobis?
1097 3050 1449 3117 Mentiuntur,
1483 3053 1810 3122 moriuntur,
1839 3055 1891 3108 in
1923 3063 2156 3110 mortem

569 3142 806 3196 trahunt.
853 3142 1203 3210 Mentiuntur,
1244 3143 1448 3200 Licenti
1483 3164 1498 3200 :
1529 3146 1618 3202 Sic
1645 3148 1818 3211 nobis,
1860 3149 2011 3202 sicuti
2055 3161 2152 3219 op-

567 3241 665 3299 tas,
704 3249 875 3290 verum
921 3236 1116 3291 ratione
1155 3247 1415 3307 patescat;
1468 3237 1556 3293 Sic
1611 3240 1725 3310 plus
1746 3239 1973 3296 Eridano
1998 3243 2145 3310 ﬂuat.

565 3325 683 3383 Non
729 3328 859 3384 dicit
894 3344 1075 3384 verum
1119 3330 1218 3383 nisi
1261 3331 1466 3385 Veritas
1499 3349 1512 3384 :
1542 3330 1784 3388 Christus
1812 3343 1892 3390 est
1913 3334 2148 3402 veritas;

567 3420 843 3476 veniamus
869 3421 935 3477 ad
963 3437 1083 3476 eum
1103 3465 1117 3488 ,
1143 3438 1212 3479 ne
1230 3423 1546 3480 laboremus.
1570 3425 1641 3482 Ut
1661 3427 1772 3496 ipse
1795 3442 1890 3482 nos
1912 3427 2113 3484 reficiat
2129 3470 2144 3495 ,

567 3511 814 3570 tollamus
851 3512 1040 3584 jugum
1080 3514 1195 3584 ejus
1243 3530 1404 3584 super
1443 3532 1574 3583 nos,
1625 3527 1679 3571 et
1704 3518 1970 3573 discamus
1994 3519 2062 3572 ab
2082 3533 2148 3574 eo

569 3603 812 3671 quoniam
856 3602 1000 3656 mitis
1040 3614 1122 3658 est
1163 3613 1217 3659 et
1255 3605 1467 3662 humilis
1505 3607 1695 3675 corde,
1737 3619 1792 3663 et
1819 3609 2148 3665 inveniemus

567 3694 803 3764 requiem
833 3695 1108 3754 animabus
1133 3699 1348 3754 nostris.
1377 3698 1566 3769 iugum
1597 3701 1737 3756 enim
1760 3701 1874 3771 ejus
1894 3703 2012 3758 lene
2033 3711 2143 3770 est,

566 3794 622 3839 et
657 3785 863 3840 sarcina
890 3785 1005 3854 ejus
1031 3787 1160 3842 levis
1184 3797 1283 3842 est.
1313 3788 1500 3846 Ornari
1530 3791 1624 3845 abs
1655 3800 1707 3846 te
1737 3793 1977 3849 diabolus
2003 3811 2147 3866 quae-

567 3875 654 3929 rit.
702 3874 758 3930 Si
805 3876 1023 3933 calicem
1061 3894 1280 3935 aureum
1317 3881 1610 3940 invenisses
1635 3884 1687 3938 in
1719 3895 1891 3953 terra,
1919 3886 2146 3943 donares

566 3967 712 4022 illum
759 3967 1013 4026 Ecclesiae
1053 3971 1167 4027 Dei.
1209 3973 1472 4043 Aeeepisti
1499 3990 1528 4028 a
1558 3974 1666 4030 Deo
1693 3977 1959 4047 ingenium
1990 3980 2145 4049 spiri-

565 4060 778 4115 tualiter
818 4078 1072 4132 aureum,
1117 4074 1172 4122 et
1203 4065 1468 4122 ministras
1492 4067 1615 4126 inde
1641 4068 1980 4139 libidinibus,
2010 4081 2064 4127 et
2090 4074 2143 4127 in

566 4151 656 4207 illo
695 4163 893 4210 satana:
919 4157 1164 4227 propinas
1189 4159 1450 4230 teipsuml
1479 4160 1625 4226 Noli,
1657 4162 1912 4230 obsecro;
1945 4166 2022 4220 sic
2049 4166 2146 4220 ali-

563 4247 774 4316 quando
821 4251 1017 4304 sentias
1063 4267 1220 4318 quam
1266 4254 1462 4309 misero
1500 4266 1552 4310 et
1595 4257 1897 4312 miserando
1930 4269 2141 4327 pectore

566 4335 680 4393 haec
695 4338 996 4407 scripserim
1014 4353 1030 4403 ;
1045 4345 1100 4392 et
1126 4339 1428 4394 miserearis
1451 4345 1560 4409 jam
1587 4347 1709 4407 mei,
1729 4349 1774 4397 si
1805 4349 1898 4398 tibi
1925 4350 2136 4398 viluisti.

985 4467 1307 4525 EPISTOLA
1349 4469 1582 4526 XXVII.‘
1603 4471 1678 4542 (τι)

565 4559 875 4630 Augustinus
902 4559 1151 4628 Paulino,
1179 4561 1481 4632 amplectens
1507 4563 1645 4616 illius
1674 4565 2075 4631 benevolentiam,
2095 4579 2140 4623 et

634 4661 865 4704 mutuum
890 4651 1150 4706 declarans
1179 4669 1398 4707 amorem
1429 4670 1448 4709 .'
1472 4655 1713 4710 nonnulla
1739 4659 1799 4710 de
1825 4659 2138 4716 Romaniano

636 4752 681 4796 et
706 4743 888 4814 Alypio
907 4786 920 4809 ,
953 4761 1042 4797 nec
1068 4761 1167 4798 non
1193 4746 1255 4799 de
1280 4744 1503 4801 Licentia
1524 4790 1538 4814 ,
1570 4752 1713 4820 cujus
1742 4753 1876 4806 tutati
1895 4753 2138 4809 metuebat

634 4850 697 4888 ne
723 4843 936 4907 vergeret
963 4834 1030 4888 ad
1057 4852 1115 4889 ea
1141 4851 1250 4907 quae
1270 4847 1387 4892 sunt
1416 4841 1608 4894 mundi.

565 4947 788 5003 Domino
843 4964 967 5005 vere
1019 4958 1200 5006 sancto
1251 4957 1304 5005 et
1355 4953 1684 5022 venerabili,
1735 4964 1789 5011 et
1841 4958 2030 5014 eximia
2084 4960 2136 5016 in

633 5038 842 5095 Christo
880 5039 1033 5094 laude
1073 5041 1440 5111 praedicando,
1465 5043 1613 5099 fratri
1647 5045 1908 5115 Panum,
1954 5051 2105 5107 Aueu

630 5147 842 5202 srtuus,
869 5132 925 5189 in
949 5131 1172 5191 Domino
1190 5133 1430 5196 salutem.

631 5249 685 5305 1.
739 5247 786 5304 0
839 5248 979 5305 bone
1021 5248 1102 5304 vir
1139 5256 1197 5306 et
1243 5249 1382 5307 bone
1429 5251 1623 5321 frater,
1668 5255 1867 5312 latebas
1905 5257 2134 5316 animam

563 5353 735 5398 meam
773 5358 788 5397 :
826 5349 881 5397 et
907 5341 956 5397 ei
984 5341 1105 5396 dico
1133 5350 1192 5397 ut
1219 5342 1411 5401 toleret
1437 5346 1578 5416 quod
1603 5347 1774 5402 adhuc
1802 5348 1930 5405 lates
1954 5352 2135 5408 oculos

566 5445 710 5489 meos
727 5474 754 5510 ,.
792 5441 846 5490 et
879 5432 964 5489 vix
989 5431 1121 5488 mihi
1145 5433 1506 5507 obtemperat;
1529 5439 1638 5493 imo
1658 5454 1761 5494 non
1783 5441 2132 5515 obtemperat.

562 5522 645 5578 An
686 5537 813 5581 vero
860 5524 1092 5581 tolerat?
1135 5524 1242 5582 Cur
1264 5542 1393 5599 ergo
1420 5545 1506 5586 me
1529 5532 1792 5588 excruciat
1816 5533 2132 5594 desiderium

623 5703 645 5723 '
673 5706 1962 5776 yeeensitaestatla.bg.bl.c.ee.ﬁgv.j.n.r.s.
1993 5726 2030 5769 t.
2057 5733 2130 5771 vc.

557 5760 782 5840 vd,
809 5766 1002 5840 a_._duos
1023 5769 1097 5840 sb.
1129 5760 1356 5840 (ιιιίῃῆυὲ
1371 5786 1418 5824 v.
1442 5760 1570 5826 etad
1597 5760 1881 5840 Amnis—tl,
1893 5760 2130 5840 62.16%".

619 5824 920 5904 {glebosa
943 5839 1092 5904 aquae
1114 5824 1276 5883 autem
1299 5824 1357 5883 2'7
1383 5824 1504 5897 erat,
1528 5849 1655 5888 nunc
1679 5824 1835 5888 1'63.“
1810 5824 1994 5904 Scrin
2007 5824 2132 5896 ὧιῖὦ

557 5893 819 5943 meantem
840 5901 920 5940 sn.
945 5893 1054 5942 395.

1805 444 1861 506 S.
1903 441 2271 508 Αυριέδτιιιι
2306 445 2607 510 EPl-SCOPl

3737 461 3842 524 168

2261 564 2334 617 tui
2375 566 2512 634 apud
2550 567 2718 636 ipsam
2741 568 2889 625 intus
2912 575 3142 626 animam
3161 569 3187 628 ἲ
3209 567 3339 628 Nam
3365 573 3409 631 si
3430 575 3702 635 molestias
3721 595 3844 638 cor-

2261 657 2403 725 poris
2459 666 2701 728 paterer,
2734 669 2813 719 -et
2861 663 2904 716 si
2955 649 3058 720 non
3114 665 3484 734 perturbarent
3533 657 3841 740 aequitatem

2259 746 2419 801 animi
2462 750 2594 816 mei,
2643 758 2789 807 recte
2834 753 2950 808 illas
2996 755 3223 811 tolerare
3245 757 3629 826 dieercr;cum
3661 769 3840 819 autem

2258 854 2363 892 non
2407 853 2558 907 aequo
2590 841 2766 898 animo
2796 841 2907 898 fero
2929 845 3070 915 quod
3093 855 3143 902 te
3169 863 3272 904 non
3295 849 3478 918 video,
3508 851 3842 912 intolerabile

2257 941 2341 988 est
2383 934 2535 1012 istam
2576 937 2843 1006 appellare
2880 939 3234 999 tolerantiam.
3271 941 3374 996 Sed
3396 943 3606 1012 quando
3635 953 3693 1001 tu
3722 947 3842 1002 talis

2259 1041 2348 1091 es,
2381 1011 2514 1082 'esse
2558 1028 2673 1084 sine
2713 1037 2764 1086 te
2809 1028 3031 1088 fortasse
3078 1011 3462 1091 intolerabilius
3501 1037 3840 1092 toleraretur.

2258 1117 2403 1173 Bene
2447 1128 2528 1174 est
2564 1135 2692 1191 ergo
2709 1164 2723 1187 ,
2760 1123 2883 1194 quia
2911 1138 3064 1194 aequo
3092 1125 3266 1180 animo
3293 1125 3433 1182 ferre
3454 1143 3558 1183 non
3585 1143 3803 1200 possum
3825 1171 3841 1196 ,

2257 1209 2399 1279 quod
2445 1209 2495 1264 si
2533 1227 2686 1282 aequo
2725 1214 2903 1270 animo
2937 1216 3157 1283 ferrem,
3194 1234 3345 1288 teque
3384 1219 3563 1276 animo
3593 1221 3844 1279 ferendus

2259 1315 2364 1354 non
2391 1317 2581 1360 essem.
2611 1303 2800 1358 Mirum
2821 1315 2933 1372 est,
2967 1307 3058 1362 sed
3089 1317 3269 1364 tamen
3299 1321 3500 1377 verum,
3534 1312 3676 1386 quod
3707 1313 3845 1368 mihi

2257 1394 2447 1448 accidit
2485 1412 2497 1447 :
2535 1395 2689 1451 doleo
2715 1395 2853 1467 quod
2893 1407 2943 1452 te
2977 1414 3080 1452 non
3109 1399 3293 1467 video,
3327 1410 3380 1458 et
3410 1417 3492 1456 me
3516 1402 3628 1472 ipse
3651 1417 3849 1460 conso-

2257 1481 2394 1537 latur
2417 1483 2586 1538 dolor.
2625 1486 2704 1541 Ita
2747 1487 2874 1542 mihi
2913 1488 3158 1559 diSplicet
3186 1491 3436 1546 fortitudo
3455 1507 3558 1563 mm
3577 1494 3847 1564 patienter

2257 1574 2423 1628 fertur
2448 1574 2682 1631 absentia
2707 1577 2967 1634 bonorum
2986 1622 3000 1647 ,
3030 1583 3181 1638 sicuti
3212 1565 3446 1642 es.'Nam
3469 1594 3520 1640 et
3542 1583 3846 1644 Jerusalem

2256 1663 2486 1722 futuram
2524 1669 2886 1726 desideramus
2926 1675 3139 1744 utique,
3181 1684 3234 1730 et
3257 1684 3455 1745 quanto
3481 1673 3850 1748 impatientius

2257 1756 2618 1816 desideramus
2681 1761 2847 1831 ipsam
2888 1807 2902 1830 ,
2975 1775 3121 1820 tanto
3187 1765 3470 1836 patientius
3518 1767 3849 1826 sustinemus

2257 1853 2434 1906 omnia
2474 1865 2690 1924 propter
2727 1857 2914 1926 ipsam.
2939 1857 3067 1924 Quis
3097 1859 3253 1929 igitur
3282 1868 3455 1930 potest
3482 1875 3588 1915 non
3610 1861 3850 1934 gaudere

2258 1951 2310 1998 te
2347 1944 2460 2000 viso
2480 1987 2493 2011 ,
2536 1954 2593 2000 ut
2619 1947 2786 2017 possit
2812 1948 3046 2018 quandiu
3071 1958 3121 2004 te
3147 1965 3252 2004 non
3282 1951 3457 2019 videt,
3489 1966 3591 2006 non
3619 1952 3802 2008 dolere
3827 1952 3844 2007 ι

2257 2039 2397 2110 Ergo
2442 2051 2682 2095 neutrum
2729 2055 2979 2112 possum,
3025 2051 3078 2098 et
3121 2043 3366 2112 quoniam
3394 2045 3438 2099 si
3468 2057 3712 2115 possem,
3739 2044 3848 2099 im-

2257 2130 2484 2184 maniter
2511 2145 2754 2201 possem,
2807 2147 2914 2187 non
2962 2146 3118 2202 posse
3166 2133 3434 2202 delector,
3485 2144 3643 2204 atque
3682 2133 3738 2190 in
3777 2116 3849 2190 eo

2257 2221 2396 2291 quod
2447 2222 2684 2278 delector
2730 2224 3046 2279 nonnullum
3091 2224 3333 2278 solatium
3403 2235 3505 2280 est.
3565 2227 3849 2283 Dolentem

2257 2312 2431 2383 itaque
2474 2330 2556 2369 me
2603 2330 2708 2371 non
2751 2319 2996 2383 sedatus,
3021 2316 3114 2372 sed
3141 2316 3510 2372 consideratus
3537 2317 3848 2374 consolatur

2257 2403 2427 2459 dolor.
2474 2406 2550 2460 Ne
2592 2393 2977 2476 reprehendas,
3027 2423 3236 2480 quaso,
3283 2410 3548 2464 sanctiore
3584 2410 3850 2480 gravitate

2257 2512 2358 2568 qua
2410 2499 2667 2568 prtevalcs
2693 2540 2706 2564 ,
2757 2507 2810 2554 et
2850 2499 2993 2554 dicas
3037 2514 3142 2555 non
3175 2508 3323 2556 recte
3355 2517 3437 2556 me
3464 2501 3676 2568 dolere,
3699 2501 3848 2571 quod

2255 2591 2428 2646 adhuc
2452 2600 2504 2646 te
2532 2607 2636 2647 non
2667 2592 2906 2647 noverim
2925 2634 2940 2659 ,
2969 2608 3090 2648 enm
3118 2592 3354 2648 animum
3380 2593 3508 2648 mihi
3540 2602 3706 2658 tuum,
3740 2593 3848 2649 hoc

2256 2691 2339 2737 est
2368 2682 2590 2760 teipsum
2624 2683 2926 2738 interiorem
2957 2683 3316 2754 aspiciendum
3345 2681 3675 2752 patefeceris.
3701 2683 3848 2750 Quid

2153 2784 2155 2786 ‘
2254 2774 2397 2828 enim
2442 2775 2490 2827 si
2519 2775 2724 2844 uspiam
2756 2785 2806 2830 te
2833 2776 2912 2829 vel
2944 2775 2996 2828 in
3027 2783 3239 2830 terrena
3267 2783 3355 2828 tua
3383 2774 3594 2830 civitate
3618 2773 3844 2830 didicis-

2255 2880 2366 2921 sem
2396 2867 2608 2924 fratrem
2659 2875 2715 2922 et
2755 2867 3064 2922 dilectorem
3113 2882 3321 2932 meum,
3350 2876 3403 2922 et
3429 2877 3628 2922 tantum
3654 2867 3704 2922 in
3737 2866 3847 2924 Do-

2257 2959 2403 3014 mino
2445 2975 2510 3016 ac
2552 2959 2706 3018 talem
2737 2960 2910 3014 virum
2928 3001 2941 3022 ,
2970 2959 3242 3014 nullumne
3271 2974 3358 3014 me
3385 2959 3621 3013 dolorem
3649 2972 3843 3014 sensu-

2255 3067 2373 3106 rum
2402 3051 2565 3106 fuisse
2593 3051 2924 3107 arbitrareris
2945 3093 2961 3118 ,
2992 3050 3036 3105 si
3066 3065 3170 3106 non
3200 3048 3406 3106 sinerer
3435 3064 3591 3104 nosse
3620 3049 3844 3106 domum

2257 3143 2444 3198 tuam?
2472 3144 2750 3210 Quomodo
2779 3159 2906 3214 ergo
2932 3157 3036 3198 non
3062 3142 3270 3197 doleam
3293 3184 3305 3206 ,
3336 3142 3477 3212 quod
3503 3141 3734 3197 nondum
3757 3140 3844 3198 fa-

2255 3236 2388 3292 ciem
2435 3244 2576 3289 tuam
2623 3236 2744 3290 novi
2762 3277 2778 3303 ,
2824 3234 2927 3289 hoc
2954 3242 3036 3290 est
3061 3232 3274 3290 domum
3303 3234 3492 3289 animae
3517 3242 3620 3289 tua:
3638 3274 3652 3302 ,
3679 3248 3843 3306 quam

2255 3328 2391 3382 sicut
2417 3343 2586 3384 meam
2613 3326 2778 3382 novi?

2324 3419 2379 3472 2.
2412 3418 2536 3488 Legi
2562 3419 2703 3473 enim
2735 3418 2937 3472 litteras
2964 3424 3079 3472 tuas
3104 3415 3328 3472 ﬂuentes
3349 3415 3428 3471 lac
3455 3423 3510 3472 et
3533 3407 3670 3483 mel,
3692 3429 3840 3486 prat—

2253 3511 2485 3568 ferentes
2527 3511 2917 3582 simplicitatem
2964 3512 3140 3568 cordis
3167 3513 3241 3567 tui
3259 3554 3276 3581 ,
3308 3514 3360 3566 in
3387 3528 3489 3584 qus
3513 3512 3706 3583 quaeris
3725 3511 3842 3566 Do-

2261 3602 2463 3657 minum
2505 3603 2742 3658 sentiens
2769 3602 2833 3656 de
2861 3603 2950 3658 illo
2978 3603 3026 3656 in
3051 3603 3318 3670 bonitate,
3353 3611 3406 3657 et
3435 3601 3712 3658 afferentes
3743 3601 3761 3633 ¹
3782 3599 3840 3658 el

2192 3698 2202 3713 ‘
2253 3694 2542 3750 claritatem
2588 3702 2643 3750 et
2680 3693 2955 3750 honorem.
2984 3694 3247 3764 Legerunt
3273 3693 3499 3758 fratres,
3525 3703 3582 3750 et
3603 3692 3842 3765 gaudent

2258 3785 2651 3856 infatigabiliter
2671 3793 2724 3840 ct
2748 3783 3110 3853 ineﬂ‘abiliter,
3135 3794 3238 3840 tam
3267 3783 3516 3840 uberibus
3541 3793 3593 3840 et
3613 3791 3720 3838 tam
3740 3799 3842 3839 ex-

2251 3879 2558 3935 Cellentibus
2593 3877 2746 3934 donis
2783 3877 2910 3944 Dei,
2953 3876 3106 3932 bonis
3137 3877 3260 3931 tuis.
3284 3877 3554 3947 Quotquot
3574 3891 3665 3931 eas
3688 3875 3841 3946 lege-

2251 3981 2408 4038 runt,
2462 3972 2702 4044 rapiunt,
2753 3972 2872 4043 quia
2931 3970 3205 4040 rapiuntur
3249 3985 3369 4026 cum
3413 3971 3610 4042 legunt.
3659 3969 3836 4038 Quam

2250 4063 2426 4119 suavis
2465 4061 2597 4118 odor
2623 4061 2846 4130 Christi,
2878 4069 2932 4116 et
2957 4077 3116 4131 quam
3142 4061 3340 4132 fragrat
3363 4077 3427 4116 ex
3453 4055 3564 4127 eis,
3595 4061 3699 4116 dici
3722 4076 3839 4117 non

2249 4144 2441 4225 potest.
2476 4155 2580 4220 like
2611 4156 2797 4209 litterae
2824 4168 2942 4207 cum
2975 4163 3023 4208 te
3052 4153 3276 4208 offerunt
3297 4162 3357 4209 ut
3380 4153 3634 4220 videaris,
3657 4169 3837 4224 quan-

2249 4256 2358 4302 tum
2403 4262 2501 4302 nos
2537 4247 2766 4303 excitant
2802 4257 2858 4301 ut
2889 4246 3176 4315 quaeraris;
3203 4261 3324 4300 nam
3349 4253 3404 4300 et
3429 4243 3835 4315 perspicabilem

2247 4338 2446 4392 faciunt
2499 4347 2548 4392 et
2597 4337 3018 4392 desiderabilem.
3069 4337 3277 4400 Quanto
3310 4337 3451 4389 enim
3490 4334 3833 4406 praesentiam

2247 4433 2390 4480 tuam
2436 4426 2589 4480 nobis
2625 4426 3015 4496 quodammodo
3053 4425 3334 4493 exhibent,
3364 4434 3510 4482 tanto
3531 4426 3833 4483 absentiam

2247 4535 2343 4574 nos
2363 4518 2502 4574 ferre
2525 4534 2626 4572 non
2650 4519 2848 4574 sinunt.
2873 4521 3066 4574 Amant
3091 4528 3140 4573 te
3161 4535 3346 4574 omnes
3376 4519 3428 4573 in
3456 4520 3532 4576 eis
3549 4561 3561 4585 ,
3585 4526 3638 4575 ct
3656 4521 3828 4575 amari

2245 4611 2338 4664 abs
2384 4620 2434 4665 te
2473 4610 2708 4679 cupiunt.
2743 4611 3009 4666 Laudatur
3034 4619 3088 4666 et
3111 4609 3442 4666 benedieitur
3474 4611 3643 4675 Deus,
3671 4611 3831 4680 cujus

2244 4703 2408 4774 gratia
2448 4710 2500 4755 tu
2533 4701 2652 4756 talis
2682 4717 2759 4756 cs.
2795 4703 2866 4756 lbi
2898 4703 3156 4757 excitatur
3177 4701 3453 4769 Christus,
3483 4710 3540 4758 ut
3563 4710 3751 4756 ventos
3772 4707 3833 4756 et

2243 4798 2407 4852 maria
2453 4796 2546 4852 tibi
2591 4797 2798 4866 placare
2833 4795 3078 4866 dignetur
3121 4795 3356 4852 tendenti
3390 4795 3458 4852 ad
3485 4795 3830 4850 stabilitatem

2243 4909 2414 4947 suam.
2454 4891 2674 4946 Videtur
2711 4905 2738 4943 a
2770 4890 3066 4960 legentibus
3093 4889 3163 4944 ibi
3192 4892 3415 4960 conjux,
3441 4903 3545 4944 non
3571 4887 3676 4950 dux
3706 4885 3832 4942 "ad

2244 4983 2520 5038 mollitiem
2547 4983 2661 5036 viro
2687 4996 2812 5047 suo,
2845 4979 2939 5037 sed
2965 4980 3031 5036 ad
3057 4979 3418 5037 fortitudinem
3448 4983 3608 5037 redux
3629 4979 3827 5032 incussa

2243 5075 2340 5130 viri
2385 5075 2500 5140 sui;
2539 5089 2697 5143 quam
2739 5073 2791 5126 in
2832 5081 2969 5126 tuam
2996 5073 3249 5127 unitatem
3275 5069 3540 5122 redactam
3566 5075 3619 5122 et
3643 5064 3831 5124 redii-

2243 5177 2384 5232 tam,
2433 5173 2488 5221 et
2522 5163 2882 5236 spiritualibus
2922 5161 3012 5216 tibi
3058 5168 3202 5216 tanto
3239 5159 3592 5226 ﬁrmioribus,
3623 5166 3828 5230 quato

2243 5258 2556 5314 castioribus
2582 5255 2802 5311 nexibus
2825 5254 3122 5326 copulatam
3143 5294 3156 5319 ,
3184 5251 3372 5307 officiis
3392 5259 3583 5334 vestrae
3606 5249 3823 5334 Sancti-

2246 5351 2337 5406 tati
2369 5349 2591 5417 debitis,
2623 5348 2674 5408 iu
2703 5357 2756 5405 te
2781 5363 2885 5405 uno
2911 5346 3262 5404 resalutamus
3285 5345 3329 5402 ⁸.
3360 5343 3436 5403 lbi
3459 5343 3605 5404 cedri
3633 5343 3825 5402 Libani

3469 5593 3618 5644 emet.

2305 5590 2325 5684 ξ
2353 5595 2406 5639 tn
2425 5588 2559 5651 Edd.,
2591 5589 2814 5658 agerem.
2836 5593 3024 5660 arms.
3047 5586 3297 5640 sexdetam
3313 5621 3328 5648 ,
3769 5614 3778 5622 ~

2353 5651 2425 5701 sic
2444 5650 2500 5701 2i
2529 5657 2634 5702 Mss.
2660 5657 2713 5700 Αι
2729 5647 2913 5705 vulgati
2933 5649 3118 5700 habent
3142 5663 3154 5698 :
3175 5647 3250 5699 .td
3265 5654 3338 5699 sta
3473 5656 3567 5700 tem
3585 5657 3724 5698 suam
3746 5651 3855 5705 ds-

2305 5651 2325 5684 ³
2343 5651 2425 5724 _Slc
2444 5650 2500 5724 Ξῖ
2519 5645 2717 5724 ,ιιῖεεῖξλῐ
2729 5645 3118 5724 vulgati‘habent
3142 5647 3250 5724 :lni

2241 5721 2432 5780 gnetm'.
2458 5712 2532 5786 Ibi
2551 5713 2728 5823 cgmgua:
2749 5710 3008 5771 excitatur,
3031 5723 3124 5782 non
3145 5710 3269 5771 dux,
3293 5717 3386 5764 etc
3620 5769 3631 5780 ο

2303 5775 2324 5808 ⁸
2349 5786 2398 5828 ιιι
2420 5789 2553 5844 prius
2672 5808 2706 5833 -ν
2725 5785 2819 5844 imo.
2835 5785 2918 5844 ρνε
2943 5769 3225 5844 salutant“:
3245 5780 3295 5844 ιε
3318 5776 3395 5819 ωε-
3413 5782 3512 5844 una
3534 5776 3702 5844 νων
3731 5785 3848 5844 usa

2239 5847 2395 5891 mente
2416 5829 2747 5888 resalutantis.
2770 5840 2828 5896 At
2849 5832 3020 5884 inaliis
3040 5832 3186 5896 vatio.
3211 5829 3385 5892 tribus,
3402 5835 3455 5882 et
3474 5833 3524 5882 in
3543 5829 3690 5896 qtuud
3703 5829 3835 5888 θείω

2241 5889 2402 5952 tinnis.
2429 5899 2692 5950 exhibetur
2718 5895 2866 5956 lectio
2886 5908 3032 5960 quam
3060 5889 3302 5958 eligimus.
