  <div class='ocr_page' id='page_1' title='image "/cluster/home/n/w/nwhite01/storage/ocr_20150623/33/hvd.32044015471451/060.png"; bbox 0 0 4080 6346; ppageno 0'>
   <div class='ocr_carea' id='block_1_1' title="bbox 1788 218 1813 237">
    <p class='ocr_par' dir='ltr' id='par_1_1' title="bbox 1788 218 1813 237">
     <span class='ocr_line' id='line_1_1' title="bbox 1788 218 1813 237; baseline 0 0"><span class='ocrx_word' id='word_1_1' title='bbox 1788 218 1813 237; x_wconf 58' lang='grc' dir='ltr'><strong>υς</strong></span> 
     </span>
    </p>
   </div>
   <div class='ocr_carea' id='block_1_2' title="bbox 307 400 1811 494">
    <p class='ocr_par' dir='ltr' id='par_1_2' title="bbox 307 400 1811 478">
     <span class='ocr_line' id='line_1_2' title="bbox 307 400 1811 478; baseline 0.015 -22"><span class='ocrx_word' id='word_1_2' title='bbox 307 400 411 458; x_wconf 73' lang='grc'><strong>109</strong></span> <span class='ocrx_word' id='word_1_3' title='bbox 1214 422 1225 437; x_wconf 69' lang='grc'><em>⁷</em></span> <span class='ocrx_word' id='word_1_4' title='bbox 1501 419 1811 478; x_wconf 65' lang='lat' dir='ltr'><strong>EPISTULA</strong></span> 
     </span>
    </p>
   </div>
   <div class='ocr_carea' id='block_1_3' title="bbox 1917 400 2361 494">
    <p class='ocr_par' dir='ltr' id='par_1_3' title="bbox 1917 424 2361 494">
     <span class='ocr_line' id='line_1_3' title="bbox 1917 424 2361 494; baseline 0.034 -15"><span class='ocrx_word' id='word_1_5' title='bbox 1917 424 1978 483; x_wconf 83' lang='grc' dir='ltr'><strong>ΙΜ</strong></span> <span class='ocrx_word' id='word_1_6' title='bbox 2015 428 2284 493; x_wconf 80' lang='lat' dir='ltr'><strong>CLASSIS</strong></span> <span class='ocrx_word' id='word_1_7' title='bbox 2323 438 2361 494; x_wconf 90' lang='grc'><strong>1.</strong></span> 
     </span>
    </p>
   </div>
   <div class='ocr_carea' id='block_1_4' title="bbox 298 514 1874 610">
    <p class='ocr_par' dir='ltr' id='par_1_4' title="bbox 298 514 1874 610">
     <span class='ocr_line' id='line_1_4' title="bbox 298 514 1874 610; baseline 0.019 -43"><span class='ocrx_word' id='word_1_8' title='bbox 298 514 367 568; x_wconf 80' lang='lat' dir='ltr'><strong>ad</strong></span> <span class='ocrx_word' id='word_1_9' title='bbox 404 524 603 573; x_wconf 81' lang='lat' dir='ltr'><strong>terram</strong></span> <span class='ocrx_word' id='word_1_10' title='bbox 639 514 927 590; x_wconf 83' lang='lat' dir='ltr'><strong>depositae,</strong></span> <span class='ocrx_word' id='word_1_11' title='bbox 972 532 1025 582; x_wconf 85' lang='lat' dir='ltr'><strong>et</strong></span> <span class='ocrx_word' id='word_1_12' title='bbox 1060 526 1113 584; x_wconf 90' lang='lat' dir='ltr'><strong>in</strong></span> <span class='ocrx_word' id='word_1_13' title='bbox 1135 543 1273 589; x_wconf 69' lang='lat' dir='ltr'><strong>arca:</strong></span> <span class='ocrx_word' id='word_1_14' title='bbox 1299 529 1544 590; x_wconf 81' lang='lat' dir='ltr'><strong>fabricam</strong></span> <span class='ocrx_word' id='word_1_15' title='bbox 1567 543 1874 610; x_wconf 77' lang='lat' dir='ltr'><strong>compagine</strong></span> 
     </span>
    </p>
   </div>
   <div class='ocr_carea' id='block_1_5' title="bbox 295 603 1872 707">
    <p class='ocr_par' dir='ltr' id='par_1_5' title="bbox 295 603 1872 707">
     <span class='ocr_line' id='line_1_5' title="bbox 295 603 1872 707; baseline 0.02 -48"><span class='ocrx_word' id='word_1_16' title='bbox 295 603 570 667; x_wconf 83' lang='lat' dir='ltr'><strong>cbaritatis</strong></span> <span class='ocrx_word' id='word_1_17' title='bbox 609 623 832 680; x_wconf 80' lang='lat' dir='ltr'><strong>erectae,</strong></span> <span class='ocrx_word' id='word_1_18' title='bbox 874 619 1053 674; x_wconf 90' lang='lat' dir='ltr'><strong>mundi</strong></span> <span class='ocrx_word' id='word_1_19' title='bbox 1089 620 1244 691; x_wconf 86' lang='lat' dir='ltr'><strong>hujus</strong></span> <span class='ocrx_word' id='word_1_20' title='bbox 1273 624 1460 707; x_wconf 82' lang='lat' dir='ltr'><strong>fluctus</strong></span> <span class='ocrx_word' id='word_1_21' title='bbox 1483 628 1872 700; x_wconf 84' lang='lat' dir='ltr'><strong>imputrihiliter</strong></span> 
     </span>
    </p>
   </div>
   <div class='ocr_carea' id='block_1_6' title="bbox 292 700 1869 793">
    <p class='ocr_par' dir='ltr' id='par_1_6' title="bbox 292 700 1869 793">
     <span class='ocr_line' id='line_1_6' title="bbox 292 700 1869 793; baseline 0.022 -43"><span class='ocrx_word' id='word_1_22' title='bbox 292 709 499 753; x_wconf 82' lang='lat' dir='ltr'><strong>secant.</strong></span> <span class='ocrx_word' id='word_1_23' title='bbox 550 700 626 756; x_wconf 89' lang='lat' dir='ltr'><strong>lbi</strong></span> <span class='ocrx_word' id='word_1_24' title='bbox 671 705 835 775; x_wconf 93' lang='lat' dir='ltr'><strong>gloria</strong></span> <span class='ocrx_word' id='word_1_25' title='bbox 884 720 937 765; x_wconf 88' lang='lat' dir='ltr'><strong>ut</strong></span> <span class='ocrx_word' id='word_1_26' title='bbox 984 714 1319 783; x_wconf 89' lang='lat' dir='ltr'><strong>acquiratur,</strong></span> <span class='ocrx_word' id='word_1_27' title='bbox 1374 704 1767 793; x_wconf 82' lang='lat' dir='ltr'><strong>contemnitur,</strong></span> <span class='ocrx_word' id='word_1_28' title='bbox 1815 736 1869 785; x_wconf 90' lang='lat' dir='ltr'><strong>et</strong></span> 
     </span>
    </p>
   </div>
   <div class='ocr_carea' id='block_1_7' title="bbox 290 790 1865 885">
    <p class='ocr_par' dir='ltr' id='par_1_7' title="bbox 290 790 1865 885">
     <span class='ocr_line' id='line_1_7' title="bbox 290 790 1865 885; baseline 0.022 -44"><span class='ocrx_word' id='word_1_29' title='bbox 290 790 526 857; x_wconf 80' lang='lat' dir='ltr'><strong>mundus</strong></span> <span class='ocrx_word' id='word_1_30' title='bbox 568 803 625 848; x_wconf 90' lang='lat' dir='ltr'><strong>ut</strong></span> <span class='ocrx_word' id='word_1_31' title='bbox 663 795 992 869; x_wconf 86' lang='lat' dir='ltr'><strong>obtineatur,</strong></span> <span class='ocrx_word' id='word_1_32' title='bbox 1026 804 1355 877; x_wconf 90' lang='lat' dir='ltr'><strong>relinquitur.</strong></span> <span class='ocrx_word' id='word_1_33' title='bbox 1390 810 1463 865; x_wconf 88' lang='lat' dir='ltr'><strong>lbi</strong></span> <span class='ocrx_word' id='word_1_34' title='bbox 1494 816 1721 885; x_wconf 84' lang='lat' dir='ltr'><strong>parvuli,</strong></span> <span class='ocrx_word' id='word_1_35' title='bbox 1753 818 1865 875; x_wconf 86' lang='lat' dir='ltr'><strong>sive</strong></span> 
     </span>
    </p>
   </div>
   <div class='ocr_carea' id='block_1_8' title="bbox 3458 484 3555 549">
    <p class='ocr_par' dir='ltr' id='par_1_8' title="bbox 3458 484 3555 549">
     <span class='ocr_line' id='line_1_8' title="bbox 3458 484 3555 549; baseline 0.021 -11"><span class='ocrx_word' id='word_1_36' title='bbox 3458 484 3555 549; x_wconf 80' lang='lat' dir='ltr'><strong>H0</strong></span> 
     </span>
    </p>
   </div>
   <div class='ocr_carea' id='block_1_9' title="bbox 1978 547 3553 667">
    <p class='ocr_par' dir='ltr' id='par_1_9' title="bbox 1978 547 3553 667">
     <span class='ocr_line' id='line_1_9' title="bbox 1978 547 3553 667; baseline 0.04 -71"><span class='ocrx_word' id='word_1_37' title='bbox 1978 547 2161 603; x_wconf 75' lang='lat' dir='ltr'><strong>avidus</strong></span> <span class='ocrx_word' id='word_1_38' title='bbox 2205 551 2381 611; x_wconf 88' lang='lat' dir='ltr'><strong>hauris</strong></span> <span class='ocrx_word' id='word_1_39' title='bbox 2424 557 2559 617; x_wconf 89' lang='lat' dir='ltr'><strong>bona</strong></span> <span class='ocrx_word' id='word_1_40' title='bbox 2589 574 2642 621; x_wconf 90' lang='lat' dir='ltr'><strong>et</strong></span> <span class='ocrx_word' id='word_1_41' title='bbox 2685 579 2828 627; x_wconf 87' lang='lat' dir='ltr'><strong>recta</strong></span> <span class='ocrx_word' id='word_1_42' title='bbox 2853 590 2970 645; x_wconf 65' lang='lat' dir='ltr'><strong>qua:</strong></span> <span class='ocrx_word' id='word_1_43' title='bbox 2992 579 3110 636; x_wconf 88' lang='lat' dir='ltr'><strong>data</strong></span> <span class='ocrx_word' id='word_1_44' title='bbox 3142 588 3414 667; x_wconf 90' lang='lat' dir='ltr'><strong>ministro,</strong></span> <span class='ocrx_word' id='word_1_45' title='bbox 3438 576 3553 660; x_wconf 83' lang='lat' dir='ltr'><strong>non</strong></span> 
     </span>
    </p>
   </div>
   <div class='ocr_carea' id='block_1_10' title="bbox 1973 653 3551 753">
    <p class='ocr_par' dir='ltr' id='par_1_10' title="bbox 1973 653 3551 753">
     <span class='ocr_line' id='line_1_10' title="bbox 1973 653 3551 753; baseline 0.039 -63"><span class='ocrx_word' id='word_1_46' title='bbox 1973 653 2095 695; x_wconf 88' lang='lat' dir='ltr'><strong>ores</strong></span> <span class='ocrx_word' id='word_1_47' title='bbox 2133 660 2228 714; x_wconf 91' lang='lat' dir='ltr'><strong>pro</strong></span> <span class='ocrx_word' id='word_1_48' title='bbox 2255 654 2482 717; x_wconf 80' lang='lat' dir='ltr'><strong>peccatis</strong></span> <span class='ocrx_word' id='word_1_49' title='bbox 2508 666 2560 711; x_wconf 90' lang='lat' dir='ltr'><strong>et</strong></span> <span class='ocrx_word' id='word_1_50' title='bbox 2584 662 2770 735; x_wconf 88' lang='lat' dir='ltr'><strong>erratis</strong></span> <span class='ocrx_word' id='word_1_51' title='bbox 2796 658 2912 739; x_wconf 63' lang='lat' dir='ltr'><strong>qua:</strong></span> <span class='ocrx_word' id='word_1_52' title='bbox 2941 671 3051 743; x_wconf 87' lang='lat' dir='ltr'><strong>ipse</strong></span> <span class='ocrx_word' id='word_1_53' title='bbox 3071 664 3362 742; x_wconf 79' lang='lat' dir='ltr'><strong>Committe.</strong></span> <span class='ocrx_word' id='word_1_54' title='bbox 3386 688 3440 745; x_wconf 92' lang='lat' dir='ltr'><strong>lu</strong></span> <span class='ocrx_word' id='word_1_55' title='bbox 3470 692 3551 753; x_wconf 87' lang='lat' dir='ltr'><strong>his</strong></span> 
     </span>
    </p>
   </div>
   <div class='ocr_carea' id='block_1_11' title="bbox 1974 732 3550 857">
    <p class='ocr_par' dir='ltr' id='par_1_11' title="bbox 1974 732 3550 857">
     <span class='ocr_line' id='line_1_11' title="bbox 2748 732 3550 753; baseline 0.016 -18"><span class='ocrx_word' id='word_1_56' title='bbox 2748 732 2749 735; x_wconf 45' lang='grc' dir='ltr'><strong>η</strong></span> <span class='ocrx_word' id='word_1_57' title='bbox 2813 732 2828 739; x_wconf 87' lang='grc'><em>,</em></span> <span class='ocrx_word' id='word_1_58' title='bbox 2958 732 2975 743; x_wconf 85' lang='grc'><em>,</em></span> <span class='ocrx_word' id='word_1_59' title='bbox 3158 732 3166 733; x_wconf 36' lang='grc' dir='ltr'><em>κ</em></span> <span class='ocrx_word' id='word_1_60' title='bbox 3386 732 3440 745; x_wconf 91' lang='grc'><strong>...</strong></span> <span class='ocrx_word' id='word_1_61' title='bbox 3470 732 3550 753; x_wconf 66' lang='grc' dir='ltr'><strong>...υ</strong></span> 
     </span>
     <span class='ocr_line' id='line_1_12' title="bbox 1974 732 3550 857; baseline 0.034 -75"><span class='ocrx_word' id='word_1_62' title='bbox 1974 732 2111 787; x_wconf 89' lang='lat' dir='ltr'><strong>enim</strong></span> <span class='ocrx_word' id='word_1_63' title='bbox 2141 753 2255 805; x_wconf 73' lang='lat' dir='ltr'><strong>qua:</strong></span> <span class='ocrx_word' id='word_1_64' title='bbox 2287 740 2377 795; x_wconf 88' lang='lat' dir='ltr'><strong>tibi</strong></span> <span class='ocrx_word' id='word_1_65' title='bbox 2408 757 2550 803; x_wconf 75' lang='lat' dir='ltr'><strong>recte</strong></span> <span class='ocrx_word' id='word_1_66' title='bbox 2572 793 2585 817; x_wconf 93' lang='lat'><strong>,</strong></span> <span class='ocrx_word' id='word_1_67' title='bbox 2620 752 2663 806; x_wconf 88' lang='lat' dir='ltr'><strong>si</strong></span> <span class='ocrx_word' id='word_1_68' title='bbox 2688 756 3009 831; x_wconf 77' lang='lat' dir='ltr'><strong>advortetis,</strong></span> <span class='ocrx_word' id='word_1_69' title='bbox 3040 766 3422 846; x_wconf 83' lang='lat' dir='ltr'><strong>displiccbunt,</strong></span> <span class='ocrx_word' id='word_1_70' title='bbox 3453 800 3550 857; x_wconf 80' lang='lat' dir='ltr'><strong>ego</strong></span> 
     </span>
     <span class='ocr_line' id='line_1_13' title="bbox 1974 818 2731 857; baseline 0.008 0"><span class='ocrx_word' id='word_1_71' title='bbox 1974 818 2081 857; x_wconf 60' lang='lat' dir='ltr'><strong>inca</strong></span> <span class='ocrx_word' id='word_1_72' title='bbox 2108 829 2404 857; x_wconf 66' lang='lat' dir='ltr'><strong>nnn0-\:A:nn</strong></span> <span class='ocrx_word' id='word_1_73' title='bbox 2424 850 2436 857; x_wconf 78' lang='grc'>.</span> <span class='ocrx_word' id='word_1_74' title='bbox 2466 836 2509 857; x_wconf 54' lang='grc' dir='ltr'><strong>ἓμ</strong></span> <span class='ocrx_word' id='word_1_75' title='bbox 2544 838 2557 857; x_wconf 82' lang='grc' dir='ltr'><strong>ι</strong></span> <span class='ocrx_word' id='word_1_76' title='bbox 2584 840 2594 851; x_wconf 88' lang='grc'><strong>·</strong></span> <span class='ocrx_word' id='word_1_77' title='bbox 2726 854 2731 857; x_wconf 86' lang='grc'><strong><em>-</em></strong></span> 
     </span>
    </p>
   </div>
   <div class='ocr_carea' id='block_1_12' title="bbox 285 881 1857 979">
    <p class='ocr_par' dir='ltr' id='par_1_12' title="bbox 285 881 1857 979">
     <span class='ocr_line' id='line_1_14' title="bbox 285 881 1857 979; baseline 0.02 -46"><span class='ocrx_word' id='word_1_78' title='bbox 285 881 448 936; x_wconf 84' lang='lat' dir='ltr'><strong>etiam</strong></span> <span class='ocrx_word' id='word_1_79' title='bbox 472 886 831 953; x_wconf 79' lang='lat' dir='ltr'><strong>grandiusculi</strong></span> <span class='ocrx_word' id='word_1_80' title='bbox 854 892 943 947; x_wconf 72' lang='lat' dir='ltr'><strong>lilii</strong></span> <span class='ocrx_word' id='word_1_81' title='bbox 969 892 1250 966; x_wconf 78' lang='lat' dir='ltr'><strong>Babylonis</strong></span> <span class='ocrx_word' id='word_1_82' title='bbox 1272 881 1537 959; x_wconf 83' lang='lat' dir='ltr'><strong>eliduntur</strong></span> <span class='ocrx_word' id='word_1_83' title='bbox 1556 906 1619 960; x_wconf 78' lang='lat' dir='ltr'><strong>ad</strong></span> <span class='ocrx_word' id='word_1_84' title='bbox 1634 917 1857 979; x_wconf 83' lang='lat' dir='ltr'><strong>petram,</strong></span> 
     </span>
    </p>
   </div>
   <div class='ocr_carea' id='block_1_13' title="bbox 282 974 1682 1063">
    <p class='ocr_par' dir='ltr' id='par_1_13' title="bbox 282 974 1682 1063">
     <span class='ocr_line' id='line_1_15' title="bbox 282 974 1682 1063; baseline 0.022 -39"><span class='ocrx_word' id='word_1_85' title='bbox 282 974 411 1028; x_wconf 83' lang='lat' dir='ltr'><strong>vitia</strong></span> <span class='ocrx_word' id='word_1_86' title='bbox 444 978 649 1035; x_wconf 87' lang='lat' dir='ltr'><strong>scilicet</strong></span> <span class='ocrx_word' id='word_1_87' title='bbox 672 983 993 1041; x_wconf 80' lang='lat' dir='ltr'><strong>confusionis</strong></span> <span class='ocrx_word' id='word_1_88' title='bbox 1019 990 1386 1063; x_wconf 78' lang='lat' dir='ltr'><strong>superbiaeque</strong></span> <span class='ocrx_word' id='word_1_89' title='bbox 1410 998 1682 1055; x_wconf 83' lang='lat' dir='ltr'><strong>sccularis.</strong></span> 
     </span>
    </p>
   </div>
   <div class='ocr_carea' id='block_1_14' title="bbox 349 1068 1855 1151">
    <p class='ocr_par' dir='ltr' id='par_1_14' title="bbox 349 1068 1855 1151">
     <span class='ocr_line' id='line_1_16' title="bbox 349 1068 1855 1151; baseline 0.019 -28"><span class='ocrx_word' id='word_1_90' title='bbox 349 1068 407 1123; x_wconf 82' lang='lat'><strong>5.</strong></span> <span class='ocrx_word' id='word_1_91' title='bbox 447 1070 573 1128; x_wconf 79' lang='lat' dir='ltr'><strong>llaec</strong></span> <span class='ocrx_word' id='word_1_92' title='bbox 598 1084 754 1145; x_wconf 87' lang='lat' dir='ltr'><strong>atque</strong></span> <span class='ocrx_word' id='word_1_93' title='bbox 774 1076 1073 1148; x_wconf 80' lang='lat' dir='ltr'><strong>hujusmodi</strong></span> <span class='ocrx_word' id='word_1_94' title='bbox 1096 1086 1404 1149; x_wconf 83' lang='lat' dir='ltr'><strong>suavissima</strong></span> <span class='ocrx_word' id='word_1_95' title='bbox 1431 1099 1483 1145; x_wconf 90' lang='lat' dir='ltr'><strong>et</strong></span> <span class='ocrx_word' id='word_1_96' title='bbox 1507 1095 1855 1151; x_wconf 88' lang='lat' dir='ltr'><strong>sacratissima</strong></span> 
     </span>
    </p>
   </div>
   <div class='ocr_carea' id='block_1_15' title="bbox 276 1164 1851 1261">
    <p class='ocr_par' dir='ltr' id='par_1_15' title="bbox 276 1164 1851 1261">
     <span class='ocr_line' id='line_1_17' title="bbox 276 1164 1851 1261; baseline 0.022 -50"><span class='ocrx_word' id='word_1_97' title='bbox 276 1164 580 1227; x_wconf 77' lang='lat' dir='ltr'><strong>spectacula</strong></span> <span class='ocrx_word' id='word_1_98' title='bbox 598 1164 788 1223; x_wconf 72' lang='lat' dir='ltr'><strong>litterae</strong></span> <span class='ocrx_word' id='word_1_99' title='bbox 810 1180 910 1226; x_wconf 65' lang='lat' dir='ltr'><strong>tua!</strong></span> <span class='ocrx_word' id='word_1_100' title='bbox 925 1175 1160 1242; x_wconf 58' lang='lat' dir='ltr'><strong>praebent</strong></span> <span class='ocrx_word' id='word_1_101' title='bbox 1181 1179 1497 1252; x_wconf 75' lang='lat' dir='ltr'><strong>legentibus;</strong></span> <span class='ocrx_word' id='word_1_102' title='bbox 1521 1186 1708 1242; x_wconf 71' lang='lat' dir='ltr'><strong>littera)</strong></span> <span class='ocrx_word' id='word_1_103' title='bbox 1730 1190 1851 1261; x_wconf 69' lang='lat' dir='ltr'><strong>illae,</strong></span> 
     </span>
    </p>
   </div>
   <div class='ocr_carea' id='block_1_16' title="bbox 274 1248 1852 1342">
    <p class='ocr_par' dir='ltr' id='par_1_16' title="bbox 274 1248 1852 1342">
     <span class='ocr_line' id='line_1_18' title="bbox 274 1248 1852 1342; baseline 0.02 -40"><span class='ocrx_word' id='word_1_104' title='bbox 274 1248 470 1305; x_wconf 62' lang='lat' dir='ltr'><strong>littera:</strong></span> <span class='ocrx_word' id='word_1_105' title='bbox 510 1254 633 1311; x_wconf 85' lang='lat' dir='ltr'><strong>ﬁdei</strong></span> <span class='ocrx_word' id='word_1_106' title='bbox 671 1274 773 1313; x_wconf 90' lang='lat' dir='ltr'><strong>non</strong></span> <span class='ocrx_word' id='word_1_107' title='bbox 823 1262 987 1330; x_wconf 64' lang='lat' dir='ltr'><strong>ﬁcte,</strong></span> <span class='ocrx_word' id='word_1_108' title='bbox 1036 1248 1381 1341; x_wconf 28' lang='lat' dir='ltr'><strong>litterze‘spci</strong></span> <span class='ocrx_word' id='word_1_109' title='bbox 1430 1248 1612 1342; x_wconf 81' lang='lat' dir='ltr'><strong>home,</strong></span> <span class='ocrx_word' id='word_1_110' title='bbox 1664 1248 1852 1335; x_wconf 53' lang='lat' dir='ltr'><strong>littera;</strong></span> 
     </span>
    </p>
   </div>
   <div class='ocr_carea' id='block_1_17' title="bbox 270 1346 1846 1437">
    <p class='ocr_par' dir='ltr' id='par_1_17' title="bbox 270 1346 1846 1437">
     <span class='ocr_line' id='line_1_19' title="bbox 270 1346 1846 1437; baseline 0.02 -42"><span class='ocrx_word' id='word_1_111' title='bbox 270 1356 424 1410; x_wconf 76' lang='lat' dir='ltr'><strong>pura:</strong></span> <span class='ocrx_word' id='word_1_112' title='bbox 452 1346 743 1404; x_wconf 88' lang='lat' dir='ltr'><strong>charitatis.</strong></span> <span class='ocrx_word' id='word_1_113' title='bbox 771 1352 1045 1435; x_wconf 83' lang='lat' dir='ltr'><strong>Quomodo</strong></span> <span class='ocrx_word' id='word_1_114' title='bbox 1072 1360 1220 1417; x_wconf 92' lang='lat' dir='ltr'><strong>nobis</strong></span> <span class='ocrx_word' id='word_1_115' title='bbox 1245 1362 1493 1419; x_wconf 82' lang='lat' dir='ltr'><strong>anhelant</strong></span> <span class='ocrx_word' id='word_1_116' title='bbox 1517 1368 1653 1422; x_wconf 88' lang='lat' dir='ltr'><strong>sitim</strong></span> <span class='ocrx_word' id='word_1_117' title='bbox 1675 1378 1846 1437; x_wconf 91' lang='lat' dir='ltr'><strong>tuam,</strong></span> 
     </span>
    </p>
   </div>
   <div class='ocr_carea' id='block_1_18' title="bbox 268 1430 1848 1522">
    <p class='ocr_par' dir='ltr' id='par_1_18' title="bbox 268 1430 1848 1522">
     <span class='ocr_line' id='line_1_20' title="bbox 268 1430 1848 1522; baseline 0.02 -33"><span class='ocrx_word' id='word_1_118' title='bbox 268 1445 323 1490; x_wconf 88' lang='lat' dir='ltr'><strong>et</strong></span> <span class='ocrx_word' id='word_1_119' title='bbox 363 1438 693 1501; x_wconf 82' lang='lat' dir='ltr'><strong>desiderium</strong></span> <span class='ocrx_word' id='word_1_120' title='bbox 738 1430 1103 1522; x_wconf 86' lang='lat' dir='ltr'><strong>defeetumque</strong></span> <span class='ocrx_word' id='word_1_121' title='bbox 1140 1454 1328 1510; x_wconf 64' lang='lat' dir='ltr'><strong>animae</strong></span> <span class='ocrx_word' id='word_1_122' title='bbox 1370 1467 1470 1513; x_wconf 69' lang='lat' dir='ltr'><strong>tum</strong></span> <span class='ocrx_word' id='word_1_123' title='bbox 1507 1461 1556 1513; x_wconf 92' lang='lat' dir='ltr'><strong>iu</strong></span> <span class='ocrx_word' id='word_1_124' title='bbox 1589 1463 1719 1517; x_wconf 87' lang='lat' dir='ltr'><strong>atria</strong></span> <span class='ocrx_word' id='word_1_125' title='bbox 1746 1465 1848 1519; x_wconf 87' lang='lat' dir='ltr'><strong>Do-</strong></span> 
     </span>
    </p>
   </div>
   <div class='ocr_carea' id='block_1_19' title="bbox 263 1530 1845 1627">
    <p class='ocr_par' dir='ltr' id='par_1_19' title="bbox 263 1530 1845 1627">
     <span class='ocr_line' id='line_1_21' title="bbox 263 1530 1845 1627; baseline 0.021 -47"><span class='ocrx_word' id='word_1_126' title='bbox 263 1530 397 1583; x_wconf 85' lang='lat' dir='ltr'><strong>mini</strong></span> <span class='ocrx_word' id='word_1_127' title='bbox 422 1532 438 1586; x_wconf 78' lang='grc'><strong>1</strong></span> <span class='ocrx_word' id='word_1_128' title='bbox 469 1535 595 1604; x_wconf 89' lang='lat' dir='ltr'><strong>quid</strong></span> <span class='ocrx_word' id='word_1_129' title='bbox 621 1540 819 1597; x_wconf 89' lang='lat' dir='ltr'><strong>amoris</strong></span> <span class='ocrx_word' id='word_1_130' title='bbox 845 1545 1161 1621; x_wconf 74' lang='lat' dir='ltr'><strong>sanctissimi</strong></span> <span class='ocrx_word' id='word_1_131' title='bbox 1186 1549 1418 1618; x_wconf 82' lang='lat' dir='ltr'><strong>Spiraut!</strong></span> <span class='ocrx_word' id='word_1_132' title='bbox 1444 1564 1688 1624; x_wconf 84' lang='lat' dir='ltr'><strong>quantam</strong></span> <span class='ocrx_word' id='word_1_133' title='bbox 1713 1574 1845 1627; x_wconf 86' lang='lat' dir='ltr'><strong>opu-</strong></span> 
     </span>
    </p>
   </div>
   <div class='ocr_carea' id='block_1_20' title="bbox 261 1617 1843 1719">
    <p class='ocr_par' dir='ltr' id='par_1_20' title="bbox 261 1617 1843 1719">
     <span class='ocr_line' id='line_1_22' title="bbox 261 1617 1843 1719; baseline 0.023 -47"><span class='ocrx_word' id='word_1_134' title='bbox 261 1617 485 1678; x_wconf 82' lang='lat' dir='ltr'><strong>lentiam</strong></span> <span class='ocrx_word' id='word_1_135' title='bbox 514 1627 705 1684; x_wconf 85' lang='lat' dir='ltr'><strong>sinceri</strong></span> <span class='ocrx_word' id='word_1_136' title='bbox 734 1633 909 1688; x_wconf 86' lang='lat' dir='ltr'><strong>cordis</strong></span> <span class='ocrx_word' id='word_1_137' title='bbox 934 1646 1224 1693; x_wconf 58' lang='lat' dir='ltr'><strong>exaestuant</strong></span> <span class='ocrx_word' id='word_1_138' title='bbox 1250 1643 1261 1695; x_wconf 83' lang='lat' dir='ltr'><strong>l</strong></span> <span class='ocrx_word' id='word_1_139' title='bbox 1295 1658 1425 1713; x_wconf 85' lang='lat' dir='ltr'><strong>quas</strong></span> <span class='ocrx_word' id='word_1_140' title='bbox 1456 1656 1616 1715; x_wconf 84' lang='lat' dir='ltr'><strong>agunt</strong></span> <span class='ocrx_word' id='word_1_141' title='bbox 1643 1652 1843 1719; x_wconf 77' lang='lat' dir='ltr'><strong>gratias</strong></span> 
     </span>
    </p>
   </div>
   <div class='ocr_carea' id='block_1_21' title="bbox 260 1712 1839 1808">
    <p class='ocr_par' dir='ltr' id='par_1_21' title="bbox 260 1712 1839 1808">
     <span class='ocr_line' id='line_1_23' title="bbox 260 1712 1839 1808; baseline 0.02 -39"><span class='ocrx_word' id='word_1_142' title='bbox 260 1712 409 1777; x_wconf 82' lang='lat' dir='ltr'><strong>Deo!</strong></span> <span class='ocrx_word' id='word_1_143' title='bbox 445 1735 580 1787; x_wconf 91' lang='lat' dir='ltr'><strong>quas</strong></span> <span class='ocrx_word' id='word_1_144' title='bbox 606 1723 885 1794; x_wconf 88' lang='lat' dir='ltr'><strong>impetrant</strong></span> <span class='ocrx_word' id='word_1_145' title='bbox 909 1744 936 1780; x_wconf 92' lang='lat' dir='ltr'><strong>a</strong></span> <span class='ocrx_word' id='word_1_146' title='bbox 971 1730 1111 1786; x_wconf 84' lang='lat' dir='ltr'><strong>Deo!</strong></span> <span class='ocrx_word' id='word_1_147' title='bbox 1144 1733 1450 1792; x_wconf 86' lang='lat' dir='ltr'><strong>Blandiores</strong></span> <span class='ocrx_word' id='word_1_148' title='bbox 1478 1752 1630 1808; x_wconf 84' lang='lat' dir='ltr'><strong>sunt,</strong></span> <span class='ocrx_word' id='word_1_149' title='bbox 1662 1758 1728 1797; x_wconf 88' lang='lat' dir='ltr'><strong>an</strong></span> <span class='ocrx_word' id='word_1_150' title='bbox 1754 1761 1839 1800; x_wconf 89' lang='lat' dir='ltr'><strong>ar-</strong></span> 
     </span>
    </p>
   </div>
   <div class='ocr_carea' id='block_1_22' title="bbox 257 1804 1839 1901">
    <p class='ocr_par' dir='ltr' id='par_1_22' title="bbox 257 1804 1839 1901">
     <span class='ocr_line' id='line_1_24' title="bbox 257 1804 1839 1901; baseline 0.021 -42"><span class='ocrx_word' id='word_1_151' title='bbox 257 1804 533 1866; x_wconf 84' lang='lat' dir='ltr'><strong>dentiores</strong></span> <span class='ocrx_word' id='word_1_152' title='bbox 557 1829 571 1879; x_wconf 88' lang='lat'><strong>;</strong></span> <span class='ocrx_word' id='word_1_153' title='bbox 617 1813 1017 1886; x_wconf 89' lang='lat' dir='ltr'><strong>luminosiores,</strong></span> <span class='ocrx_word' id='word_1_154' title='bbox 1050 1838 1113 1877; x_wconf 90' lang='lat' dir='ltr'><strong>an</strong></span> <span class='ocrx_word' id='word_1_155' title='bbox 1146 1824 1516 1885; x_wconf 86' lang='lat' dir='ltr'><strong>fecundiores?</strong></span> <span class='ocrx_word' id='word_1_156' title='bbox 1541 1832 1675 1901; x_wconf 88' lang='lat' dir='ltr'><strong>Quid</strong></span> <span class='ocrx_word' id='word_1_157' title='bbox 1701 1836 1839 1892; x_wconf 89' lang='lat' dir='ltr'><strong>enim</strong></span> 
     </span>
    </p>
   </div>
   <div class='ocr_carea' id='block_1_23' title="bbox 254 1902 1833 1989">
    <p class='ocr_par' dir='ltr' id='par_1_23' title="bbox 254 1902 1833 1989">
     <span class='ocr_line' id='line_1_25' title="bbox 254 1902 1833 1989; baseline 0.022 -40"><span class='ocrx_word' id='word_1_158' title='bbox 254 1905 371 1963; x_wconf 69' lang='grc' dir='ltr'>εει,</span> <span class='ocrx_word' id='word_1_159' title='bbox 419 1902 562 1971; x_wconf 90' lang='lat' dir='ltr'><strong>quod</strong></span> <span class='ocrx_word' id='word_1_160' title='bbox 610 1904 679 1959; x_wconf 84' lang='lat' dir='ltr'><strong>ita</strong></span> <span class='ocrx_word' id='word_1_161' title='bbox 709 1922 803 1962; x_wconf 92' lang='lat' dir='ltr'><strong>nos</strong></span> <span class='ocrx_word' id='word_1_162' title='bbox 832 1911 1100 1982; x_wconf 87' lang='lat' dir='ltr'><strong>mulcent,</strong></span> <span class='ocrx_word' id='word_1_163' title='bbox 1134 1916 1202 1970; x_wconf 88' lang='lat' dir='ltr'><strong>ita</strong></span> <span class='ocrx_word' id='word_1_164' title='bbox 1231 1922 1555 1989; x_wconf 88' lang='lat' dir='ltr'><strong>accendunt,</strong></span> <span class='ocrx_word' id='word_1_165' title='bbox 1592 1925 1659 1980; x_wconf 88' lang='lat' dir='ltr'><strong>ita</strong></span> <span class='ocrx_word' id='word_1_166' title='bbox 1690 1942 1833 1982; x_wconf 82' lang='lat' dir='ltr'><strong>com-</strong></span> 
     </span>
    </p>
   </div>
   <div class='ocr_carea' id='block_1_24' title="bbox 252 1989 1840 2086">
    <p class='ocr_par' dir='ltr' id='par_1_24' title="bbox 252 1989 1840 2086">
     <span class='ocr_line' id='line_1_26' title="bbox 252 1989 1840 2086; baseline 0.021 -44"><span class='ocrx_word' id='word_1_167' title='bbox 252 1989 445 2057; x_wconf 78' lang='lat' dir='ltr'><strong>pluunt</strong></span> <span class='ocrx_word' id='word_1_168' title='bbox 486 2004 543 2050; x_wconf 88' lang='lat' dir='ltr'><strong>et</strong></span> <span class='ocrx_word' id='word_1_169' title='bbox 583 1996 655 2051; x_wconf 87' lang='lat' dir='ltr'><strong>ita</strong></span> <span class='ocrx_word' id='word_1_170' title='bbox 696 2013 898 2057; x_wconf 82' lang='lat' dir='ltr'><strong>serenae</strong></span> <span class='ocrx_word' id='word_1_171' title='bbox 939 2006 1101 2060; x_wconf 90' lang='lat' dir='ltr'><strong>sunt?</strong></span> <span class='ocrx_word' id='word_1_172' title='bbox 1132 2010 1254 2079; x_wconf 90' lang='lat' dir='ltr'><strong>quid</strong></span> <span class='ocrx_word' id='word_1_173' title='bbox 1286 2022 1391 2080; x_wconf 90' lang='lat' dir='ltr'><strong>est,</strong></span> <span class='ocrx_word' id='word_1_174' title='bbox 1424 2031 1605 2085; x_wconf 82' lang='lat' dir='ltr'><strong>quaeso</strong></span> <span class='ocrx_word' id='word_1_175' title='bbox 1632 2027 1715 2086; x_wconf 88' lang='lat' dir='ltr'><strong>te,</strong></span> <span class='ocrx_word' id='word_1_176' title='bbox 1749 2031 1840 2077; x_wconf 87' lang='lat' dir='ltr'><strong>aut</strong></span> 
     </span>
    </p>
   </div>
   <div class='ocr_carea' id='block_1_25' title="bbox 242 2082 1833 2177">
    <p class='ocr_par' dir='ltr' id='par_1_25' title="bbox 242 2082 1833 2177">
     <span class='ocr_line' id='line_1_27' title="bbox 242 2082 1833 2177; baseline 0.022 -44"><span class='ocrx_word' id='word_1_177' title='bbox 242 2082 375 2153; x_wconf 80' lang='lat' dir='ltr'><strong>quid</strong></span> <span class='ocrx_word' id='word_1_178' title='bbox 432 2086 529 2143; x_wconf 87' lang='lat' dir='ltr'><strong>tibi</strong></span> <span class='ocrx_word' id='word_1_179' title='bbox 577 2104 673 2159; x_wconf 89' lang='lat' dir='ltr'><strong>pro</strong></span> <span class='ocrx_word' id='word_1_180' title='bbox 718 2092 795 2148; x_wconf 90' lang='lat' dir='ltr'><strong>eis</strong></span> <span class='ocrx_word' id='word_1_181' title='bbox 840 2097 1164 2167; x_wconf 84' lang='lat' dir='ltr'><strong>rependam,</strong></span> <span class='ocrx_word' id='word_1_182' title='bbox 1217 2102 1315 2169; x_wconf 82' lang='lat' dir='ltr'><strong>nisi</strong></span> <span class='ocrx_word' id='word_1_183' title='bbox 1364 2082 1485 2177; x_wconf 81' lang='lat' dir='ltr'><strong>quia</strong></span> <span class='ocrx_word' id='word_1_184' title='bbox 1529 2117 1669 2164; x_wconf 89' lang='lat' dir='ltr'><strong>totus</strong></span> <span class='ocrx_word' id='word_1_185' title='bbox 1718 2126 1833 2167; x_wconf 90' lang='lat' dir='ltr'><strong>sum</strong></span> 
     </span>
    </p>
   </div>
   <div class='ocr_carea' id='block_1_26' title="bbox 252 2180 1833 2272">
    <p class='ocr_par' dir='ltr' id='par_1_26' title="bbox 252 2180 1833 2272">
     <span class='ocr_line' id='line_1_28' title="bbox 252 2180 1833 2272; baseline 0.019 -41"><span class='ocrx_word' id='word_1_186' title='bbox 252 2184 374 2233; x_wconf 87' lang='lat' dir='ltr'><strong>tuus</strong></span> <span class='ocrx_word' id='word_1_187' title='bbox 426 2180 483 2234; x_wconf 91' lang='lat' dir='ltr'><strong>iu</strong></span> <span class='ocrx_word' id='word_1_188' title='bbox 529 2197 595 2239; x_wconf 87' lang='lat' dir='ltr'><strong>eo</strong></span> <span class='ocrx_word' id='word_1_189' title='bbox 636 2185 784 2255; x_wconf 88' lang='lat' dir='ltr'><strong>cujus</strong></span> <span class='ocrx_word' id='word_1_190' title='bbox 809 2195 952 2244; x_wconf 85' lang='lat' dir='ltr'><strong>totus</strong></span> <span class='ocrx_word' id='word_1_191' title='bbox 974 2192 1076 2247; x_wconf 80' lang='lat' dir='ltr'><strong>es?</strong></span> <span class='ocrx_word' id='word_1_192' title='bbox 1105 2193 1157 2250; x_wconf 94' lang='lat' dir='ltr'><strong>Si</strong></span> <span class='ocrx_word' id='word_1_193' title='bbox 1190 2210 1372 2265; x_wconf 91' lang='lat' dir='ltr'><strong>parum</strong></span> <span class='ocrx_word' id='word_1_194' title='bbox 1402 2210 1512 2267; x_wconf 86' lang='lat' dir='ltr'><strong>est,</strong></span> <span class='ocrx_word' id='word_1_195' title='bbox 1546 2204 1661 2272; x_wconf 86' lang='lat' dir='ltr'><strong>plus</strong></span> <span class='ocrx_word' id='word_1_196' title='bbox 1689 2215 1833 2261; x_wconf 85' lang='lat' dir='ltr'><strong>certe</strong></span> 
     </span>
    </p>
   </div>
   <div class='ocr_carea' id='block_1_27' title="bbox 249 2270 1830 2365">
    <p class='ocr_par' dir='ltr' id='par_1_27' title="bbox 249 2270 1830 2365">
     <span class='ocr_line' id='line_1_29' title="bbox 249 2270 1830 2365; baseline 0.02 -43"><span class='ocrx_word' id='word_1_197' title='bbox 249 2284 353 2325; x_wconf 86' lang='lat' dir='ltr'><strong>non</strong></span> <span class='ocrx_word' id='word_1_198' title='bbox 403 2270 597 2329; x_wconf 87' lang='lat' dir='ltr'><strong>habeo.</strong></span> <span class='ocrx_word' id='word_1_199' title='bbox 649 2276 727 2332; x_wconf 88' lang='lat' dir='ltr'><strong>Tu</strong></span> <span class='ocrx_word' id='word_1_200' title='bbox 768 2290 943 2337; x_wconf 88' lang='lat' dir='ltr'><strong>autem</strong></span> <span class='ocrx_word' id='word_1_201' title='bbox 972 2282 1141 2341; x_wconf 78' lang='lat' dir='ltr'><strong>fecisti</strong></span> <span class='ocrx_word' id='word_1_202' title='bbox 1170 2296 1226 2342; x_wconf 89' lang='lat' dir='ltr'><strong>ut</strong></span> <span class='ocrx_word' id='word_1_203' title='bbox 1252 2305 1353 2344; x_wconf 90' lang='lat' dir='ltr'><strong>non</strong></span> <span class='ocrx_word' id='word_1_204' title='bbox 1385 2293 1513 2348; x_wconf 91' lang='lat' dir='ltr'><strong>mihi</strong></span> <span class='ocrx_word' id='word_1_205' title='bbox 1541 2310 1719 2365; x_wconf 89' lang='lat' dir='ltr'><strong>parum</strong></span> <span class='ocrx_word' id='word_1_206' title='bbox 1751 2297 1830 2352; x_wconf 89' lang='lat' dir='ltr'><strong>vi—</strong></span> 
     </span>
    </p>
   </div>
   <div class='ocr_carea' id='block_1_28' title="bbox 246 2362 1829 2449">
    <p class='ocr_par' dir='ltr' id='par_1_28' title="bbox 246 2362 1829 2449">
     <span class='ocr_line' id='line_1_30' title="bbox 246 2362 1829 2449; baseline 0.02 -35"><span class='ocrx_word' id='word_1_207' title='bbox 246 2362 440 2419; x_wconf 88' lang='lat' dir='ltr'><strong>deatur</strong></span> <span class='ocrx_word' id='word_1_208' title='bbox 462 2407 477 2430; x_wconf 89' lang='lat'><strong>,</strong></span> <span class='ocrx_word' id='word_1_209' title='bbox 524 2369 615 2438; x_wconf 87' lang='lat' dir='ltr'><strong>qui</strong></span> <span class='ocrx_word' id='word_1_210' title='bbox 641 2385 727 2426; x_wconf 91' lang='lat' dir='ltr'><strong>me</strong></span> <span class='ocrx_word' id='word_1_211' title='bbox 753 2372 806 2428; x_wconf 91' lang='lat' dir='ltr'><strong>in</strong></span> <span class='ocrx_word' id='word_1_212' title='bbox 835 2374 921 2430; x_wconf 91' lang='lat' dir='ltr'><strong>illa</strong></span> <span class='ocrx_word' id='word_1_213' title='bbox 953 2377 1176 2449; x_wconf 83' lang='lat' dir='ltr'><strong>epistola</strong></span> <span class='ocrx_word' id='word_1_214' title='bbox 1204 2384 1360 2438; x_wconf 90' lang='lat' dir='ltr'><strong>tantis</strong></span> <span class='ocrx_word' id='word_1_215' title='bbox 1392 2362 1629 2442; x_wconf 83' lang='lat' dir='ltr'><strong>laudibus</strong></span> <span class='ocrx_word' id='word_1_216' title='bbox 1660 2390 1829 2446; x_wconf 88' lang='lat' dir='ltr'><strong>hono-</strong></span> 
     </span>
    </p>
   </div>
   <div class='ocr_carea' id='block_1_29' title="bbox 244 2455 1827 2552">
    <p class='ocr_par' dir='ltr' id='par_1_29' title="bbox 244 2455 1827 2552">
     <span class='ocr_line' id='line_1_31' title="bbox 244 2455 1827 2552; baseline 0.021 -47"><span class='ocrx_word' id='word_1_217' title='bbox 244 2467 365 2508; x_wconf 88' lang='lat' dir='ltr'><strong>rare</strong></span> <span class='ocrx_word' id='word_1_218' title='bbox 405 2455 657 2528; x_wconf 82' lang='lat' dir='ltr'><strong>dignatus</strong></span> <span class='ocrx_word' id='word_1_219' title='bbox 699 2478 757 2529; x_wconf 80' lang='lat' dir='ltr'><strong>es</strong></span> <span class='ocrx_word' id='word_1_220' title='bbox 780 2506 795 2531; x_wconf 92' lang='lat'><strong>,</strong></span> <span class='ocrx_word' id='word_1_221' title='bbox 830 2475 885 2521; x_wconf 91' lang='lat' dir='ltr'><strong>ut</strong></span> <span class='ocrx_word' id='word_1_222' title='bbox 911 2482 1029 2523; x_wconf 91' lang='lat' dir='ltr'><strong>cum</strong></span> <span class='ocrx_word' id='word_1_223' title='bbox 1061 2471 1153 2528; x_wconf 88' lang='lat' dir='ltr'><strong>tibi</strong></span> <span class='ocrx_word' id='word_1_224' title='bbox 1182 2489 1266 2529; x_wconf 88' lang='lat' dir='ltr'><strong>me</strong></span> <span class='ocrx_word' id='word_1_225' title='bbox 1294 2475 1514 2531; x_wconf 86' lang='lat' dir='ltr'><strong>refuudo</strong></span> <span class='ocrx_word' id='word_1_226' title='bbox 1535 2521 1549 2545; x_wconf 91' lang='lat'><strong>,</strong></span> <span class='ocrx_word' id='word_1_227' title='bbox 1574 2481 1616 2535; x_wconf 94' lang='lat' dir='ltr'><strong>si</strong></span> <span class='ocrx_word' id='word_1_228' title='bbox 1644 2497 1827 2552; x_wconf 90' lang='lat' dir='ltr'><strong>parum</strong></span> 
     </span>
    </p>
   </div>
   <div class='ocr_carea' id='block_1_30' title="bbox 243 2543 1827 2638">
    <p class='ocr_par' dir='ltr' id='par_1_30' title="bbox 243 2543 1827 2638">
     <span class='ocr_line' id='line_1_32' title="bbox 243 2543 1827 2638; baseline 0.021 -38"><span class='ocrx_word' id='word_1_229' title='bbox 243 2543 344 2609; x_wconf 84' lang='lat' dir='ltr'><strong>hoc</strong></span> <span class='ocrx_word' id='word_1_230' title='bbox 384 2559 605 2620; x_wconf 87' lang='lat' dir='ltr'><strong>putem,</strong></span> <span class='ocrx_word' id='word_1_231' title='bbox 657 2556 747 2611; x_wconf 87' lang='lat' dir='ltr'><strong>tibi</strong></span> <span class='ocrx_word' id='word_1_232' title='bbox 785 2574 889 2614; x_wconf 91' lang='lat' dir='ltr'><strong>non</strong></span> <span class='ocrx_word' id='word_1_233' title='bbox 924 2562 1213 2638; x_wconf 87' lang='lat' dir='ltr'><strong>credidisse</strong></span> <span class='ocrx_word' id='word_1_234' title='bbox 1232 2570 1530 2627; x_wconf 87' lang='lat' dir='ltr'><strong>convincar.</strong></span> <span class='ocrx_word' id='word_1_235' title='bbox 1555 2573 1722 2631; x_wconf 87' lang='lat' dir='ltr'><strong>Pudet</strong></span> <span class='ocrx_word' id='word_1_236' title='bbox 1744 2594 1827 2633; x_wconf 90' lang='lat' dir='ltr'><strong>me</strong></span> 
     </span>
    </p>
   </div>
   <div class='ocr_carea' id='block_1_31' title="bbox 240 2638 1827 2741">
    <p class='ocr_par' dir='ltr' id='par_1_31' title="bbox 240 2638 1827 2741">
     <span class='ocr_line' id='line_1_33' title="bbox 240 2638 1827 2741; baseline 0.023 -52"><span class='ocrx_word' id='word_1_237' title='bbox 240 2638 457 2707; x_wconf 72' lang='lat' dir='ltr'><strong>quidem</strong></span> <span class='ocrx_word' id='word_1_238' title='bbox 505 2651 706 2701; x_wconf 87' lang='lat' dir='ltr'><strong>tantum</strong></span> <span class='ocrx_word' id='word_1_239' title='bbox 749 2648 875 2705; x_wconf 91' lang='lat' dir='ltr'><strong>boni</strong></span> <span class='ocrx_word' id='word_1_240' title='bbox 917 2651 982 2707; x_wconf 92' lang='lat' dir='ltr'><strong>de</strong></span> <span class='ocrx_word' id='word_1_241' title='bbox 1021 2670 1109 2710; x_wconf 90' lang='lat' dir='ltr'><strong>me</strong></span> <span class='ocrx_word' id='word_1_242' title='bbox 1149 2657 1398 2727; x_wconf 87' lang='lat' dir='ltr'><strong>credere,</strong></span> <span class='ocrx_word' id='word_1_243' title='bbox 1424 2662 1517 2718; x_wconf 90' lang='lat' dir='ltr'><strong>sed</strong></span> <span class='ocrx_word' id='word_1_244' title='bbox 1546 2665 1661 2734; x_wconf 89' lang='lat' dir='ltr'><strong>plus</strong></span> <span class='ocrx_word' id='word_1_245' title='bbox 1685 2667 1827 2741; x_wconf 80' lang='lat' dir='ltr'><strong>piget</strong></span> 
     </span>
    </p>
   </div>
   <div class='ocr_carea' id='block_1_32' title="bbox 239 2730 1822 2817">
    <p class='ocr_par' dir='ltr' id='par_1_32' title="bbox 239 2730 1822 2817">
     <span class='ocr_line' id='line_1_34' title="bbox 239 2730 1822 2817; baseline 0.023 -36"><span class='ocrx_word' id='word_1_246' title='bbox 239 2730 328 2801; x_wconf 75' lang='lat' dir='ltr'><strong>tibi</strong></span> <span class='ocrx_word' id='word_1_247' title='bbox 381 2748 489 2789; x_wconf 91' lang='lat' dir='ltr'><strong>non</strong></span> <span class='ocrx_word' id='word_1_248' title='bbox 539 2738 777 2797; x_wconf 88' lang='lat' dir='ltr'><strong>credere.</strong></span> <span class='ocrx_word' id='word_1_249' title='bbox 827 2742 922 2800; x_wconf 88' lang='lat' dir='ltr'><strong>Est</strong></span> <span class='ocrx_word' id='word_1_250' title='bbox 946 2748 1087 2817; x_wconf 92' lang='lat' dir='ltr'><strong>quod</strong></span> <span class='ocrx_word' id='word_1_251' title='bbox 1112 2748 1299 2806; x_wconf 87' lang='lat' dir='ltr'><strong>faciam</strong></span> <span class='ocrx_word' id='word_1_252' title='bbox 1332 2770 1345 2808; x_wconf 91' lang='lat'>:</span> <span class='ocrx_word' id='word_1_253' title='bbox 1375 2769 1481 2809; x_wconf 89' lang='lat' dir='ltr'><strong>non</strong></span> <span class='ocrx_word' id='word_1_254' title='bbox 1507 2772 1591 2813; x_wconf 90' lang='lat' dir='ltr'><strong>me</strong></span> <span class='ocrx_word' id='word_1_255' title='bbox 1612 2762 1822 2817; x_wconf 85' lang='lat' dir='ltr'><strong>credam</strong></span> 
     </span>
    </p>
   </div>
   <div class='ocr_carea' id='block_1_33' title="bbox 238 2824 1821 2919">
    <p class='ocr_par' dir='ltr' id='par_1_33' title="bbox 238 2824 1821 2919">
     <span class='ocr_line' id='line_1_35' title="bbox 238 2824 1821 2919; baseline 0.021 -42"><span class='ocrx_word' id='word_1_256' title='bbox 238 2824 399 2889; x_wconf 82' lang='lat' dir='ltr'><strong>talem</strong></span> <span class='ocrx_word' id='word_1_257' title='bbox 446 2830 656 2898; x_wconf 87' lang='lat' dir='ltr'><strong>qualem</strong></span> <span class='ocrx_word' id='word_1_258' title='bbox 700 2844 888 2907; x_wconf 88' lang='lat' dir='ltr'><strong>putas,</strong></span> <span class='ocrx_word' id='word_1_259' title='bbox 914 2843 1160 2911; x_wconf 90' lang='lat' dir='ltr'><strong>quoniam</strong></span> <span class='ocrx_word' id='word_1_260' title='bbox 1194 2862 1295 2901; x_wconf 90' lang='lat' dir='ltr'><strong>non</strong></span> <span class='ocrx_word' id='word_1_261' title='bbox 1326 2863 1591 2919; x_wconf 88' lang='lat' dir='ltr'><strong>agnosco;</strong></span> <span class='ocrx_word' id='word_1_262' title='bbox 1623 2862 1675 2909; x_wconf 92' lang='lat' dir='ltr'><strong>et</strong></span> <span class='ocrx_word' id='word_1_263' title='bbox 1703 2870 1821 2910; x_wconf 90' lang='lat' dir='ltr'><strong>cre-</strong></span> 
     </span>
    </p>
   </div>
   <div class='ocr_carea' id='block_1_34' title="bbox 234 2917 1821 3017">
    <p class='ocr_par' dir='ltr' id='par_1_34' title="bbox 234 2917 1821 3017">
     <span class='ocr_line' id='line_1_36' title="bbox 234 2917 1821 3017; baseline 0.02 -46"><span class='ocrx_word' id='word_1_264' title='bbox 234 2917 354 2973; x_wconf 75' lang='lat' dir='ltr'><strong>dam</strong></span> <span class='ocrx_word' id='word_1_265' title='bbox 406 2938 493 2978; x_wconf 84' lang='lat' dir='ltr'><strong>me</strong></span> <span class='ocrx_word' id='word_1_266' title='bbox 543 2926 639 2982; x_wconf 88' lang='lat' dir='ltr'><strong>abs</strong></span> <span class='ocrx_word' id='word_1_267' title='bbox 684 2937 735 2985; x_wconf 88' lang='lat' dir='ltr'><strong>te</strong></span> <span class='ocrx_word' id='word_1_268' title='bbox 777 2930 953 3003; x_wconf 88' lang='lat' dir='ltr'><strong>diligi,</strong></span> <span class='ocrx_word' id='word_1_269' title='bbox 983 2938 1228 3005; x_wconf 85' lang='lat' dir='ltr'><strong>quoniam</strong></span> <span class='ocrx_word' id='word_1_270' title='bbox 1257 2917 1427 2998; x_wconf 82' lang='lat' dir='ltr'><strong>sentio</strong></span> <span class='ocrx_word' id='word_1_271' title='bbox 1448 2955 1501 2999; x_wconf 87' lang='lat' dir='ltr'><strong>et</strong></span> <span class='ocrx_word' id='word_1_272' title='bbox 1524 2945 1680 3016; x_wconf 87' lang='lat' dir='ltr'><strong>plane</strong></span> <span class='ocrx_word' id='word_1_273' title='bbox 1703 2964 1821 3017; x_wconf 86' lang='lat' dir='ltr'><strong>per-</strong></span> 
     </span>
    </p>
   </div>
   <div class='ocr_carea' id='block_1_35' title="bbox 232 3010 1815 3111">
    <p class='ocr_par' dir='ltr' id='par_1_35' title="bbox 232 3010 1815 3111">
     <span class='ocr_line' id='line_1_37' title="bbox 232 3010 1815 3111; baseline 0.021 -46"><span class='ocrx_word' id='word_1_274' title='bbox 232 3010 368 3080; x_wconf 68' lang='lat' dir='ltr'><strong>cipio</strong></span> <span class='ocrx_word' id='word_1_275' title='bbox 419 3032 435 3069; x_wconf 89' lang='lat'><strong>:</strong></span> <span class='ocrx_word' id='word_1_276' title='bbox 480 3016 555 3072; x_wconf 89' lang='lat' dir='ltr'><strong>ita</strong></span> <span class='ocrx_word' id='word_1_277' title='bbox 598 3036 699 3083; x_wconf 78' lang='lat' dir='ltr'><strong>nec</strong></span> <span class='ocrx_word' id='word_1_278' title='bbox 734 3023 789 3079; x_wconf 92' lang='lat' dir='ltr'><strong>in</strong></span> <span class='ocrx_word' id='word_1_279' title='bbox 818 3041 903 3083; x_wconf 93' lang='lat' dir='ltr'><strong>me</strong></span> <span class='ocrx_word' id='word_1_280' title='bbox 929 3032 1268 3101; x_wconf 88' lang='lat' dir='ltr'><strong>temerarius,</strong></span> <span class='ocrx_word' id='word_1_281' title='bbox 1297 3050 1396 3091; x_wconf 91' lang='lat' dir='ltr'><strong>nec</strong></span> <span class='ocrx_word' id='word_1_282' title='bbox 1423 3038 1474 3092; x_wconf 91' lang='lat' dir='ltr'><strong>in</strong></span> <span class='ocrx_word' id='word_1_283' title='bbox 1506 3047 1557 3095; x_wconf 92' lang='lat' dir='ltr'><strong>te</strong></span> <span class='ocrx_word' id='word_1_284' title='bbox 1578 3040 1815 3111; x_wconf 85' lang='lat' dir='ltr'><strong>ingratus</strong></span> 
     </span>
    </p>
   </div>
   <div class='ocr_carea' id='block_1_36' title="bbox 231 3106 1815 3201">
    <p class='ocr_par' dir='ltr' id='par_1_36' title="bbox 231 3106 1815 3201">
     <span class='ocr_line' id='line_1_38' title="bbox 231 3106 1815 3201; baseline 0.02 -43"><span class='ocrx_word' id='word_1_285' title='bbox 231 3106 481 3163; x_wconf 75' lang='lat' dir='ltr'><strong>extitere.</strong></span> <span class='ocrx_word' id='word_1_286' title='bbox 534 3110 604 3166; x_wconf 84' lang='lat' dir='ltr'><strong>Et</strong></span> <span class='ocrx_word' id='word_1_287' title='bbox 641 3128 761 3170; x_wconf 90' lang='lat' dir='ltr'><strong>cum</strong></span> <span class='ocrx_word' id='word_1_288' title='bbox 802 3132 888 3173; x_wconf 88' lang='lat' dir='ltr'><strong>me</strong></span> <span class='ocrx_word' id='word_1_289' title='bbox 931 3120 1021 3176; x_wconf 88' lang='lat' dir='ltr'><strong>tibi</strong></span> <span class='ocrx_word' id='word_1_290' title='bbox 1066 3132 1231 3181; x_wconf 89' lang='lat' dir='ltr'><strong>totum</strong></span> <span class='ocrx_word' id='word_1_291' title='bbox 1269 3128 1469 3198; x_wconf 82' lang='lat' dir='ltr'><strong>otl‘ero,</strong></span> <span class='ocrx_word' id='word_1_292' title='bbox 1500 3146 1682 3201; x_wconf 89' lang='lat' dir='ltr'><strong>parum</strong></span> <span class='ocrx_word' id='word_1_293' title='bbox 1711 3149 1815 3189; x_wconf 93' lang='lat' dir='ltr'><strong>nou</strong></span> 
     </span>
    </p>
   </div>
   <div class='ocr_carea' id='block_1_37' title="bbox 228 3201 1817 3297">
    <p class='ocr_par' dir='ltr' id='par_1_37' title="bbox 228 3201 1817 3297">
     <span class='ocr_line' id='line_1_39' title="bbox 228 3201 1817 3297; baseline 0.021 -47"><span class='ocrx_word' id='word_1_294' title='bbox 228 3206 311 3251; x_wconf 77' lang='lat' dir='ltr'><strong>est</strong></span> <span class='ocrx_word' id='word_1_295' title='bbox 358 3218 375 3253; x_wconf 88' lang='lat'><strong>:</strong></span> <span class='ocrx_word' id='word_1_296' title='bbox 427 3201 597 3259; x_wconf 78' lang='lat' dir='ltr'><strong>oﬂ‘ero</strong></span> <span class='ocrx_word' id='word_1_297' title='bbox 641 3209 782 3265; x_wconf 84' lang='lat' dir='ltr'><strong>enim</strong></span> <span class='ocrx_word' id='word_1_298' title='bbox 828 3228 984 3281; x_wconf 85' lang='lat' dir='ltr'><strong>quem</strong></span> <span class='ocrx_word' id='word_1_299' title='bbox 1022 3212 1487 3280; x_wconf 82' lang='lat' dir='ltr'><strong>vehementissime</strong></span> <span class='ocrx_word' id='word_1_300' title='bbox 1527 3225 1817 3297; x_wconf 86' lang='lat' dir='ltr'><strong>diligis;ct</strong></span> 
     </span>
    </p>
   </div>
   <div class='ocr_carea' id='block_1_38' title="bbox 227 3290 1812 3383">
    <p class='ocr_par' dir='ltr' id='par_1_38' title="bbox 227 3290 1812 3383">
     <span class='ocr_line' id='line_1_40' title="bbox 227 3290 1812 3383; baseline 0.02 -40"><span class='ocrx_word' id='word_1_301' title='bbox 227 3290 432 3362; x_wconf 52' lang='lat' dir='ltr'><strong>odero,</strong></span> <span class='ocrx_word' id='word_1_302' title='bbox 459 3296 505 3351; x_wconf 87' lang='lat' dir='ltr'><strong>si</strong></span> <span class='ocrx_word' id='word_1_303' title='bbox 533 3313 640 3355; x_wconf 89' lang='lat' dir='ltr'><strong>non</strong></span> <span class='ocrx_word' id='word_1_304' title='bbox 670 3303 877 3371; x_wconf 87' lang='lat' dir='ltr'><strong>qualem</strong></span> <span class='ocrx_word' id='word_1_305' title='bbox 906 3323 993 3365; x_wconf 88' lang='lat' dir='ltr'><strong>me</strong></span> <span class='ocrx_word' id='word_1_306' title='bbox 1018 3324 1139 3365; x_wconf 90' lang='lat' dir='ltr'><strong>esse</strong></span> <span class='ocrx_word' id='word_1_307' title='bbox 1164 3311 1465 3383; x_wconf 89' lang='lat' dir='ltr'><strong>arbitraris,</strong></span> <span class='ocrx_word' id='word_1_308' title='bbox 1494 3333 1614 3374; x_wconf 90' lang='lat' dir='ltr'><strong>cum</strong></span> <span class='ocrx_word' id='word_1_309' title='bbox 1639 3327 1812 3374; x_wconf 88' lang='lat' dir='ltr'><strong>tamen</strong></span> 
     </span>
    </p>
   </div>
   <div class='ocr_carea' id='block_1_39' title="bbox 227 3394 1810 3476">
    <p class='ocr_par' dir='ltr' id='par_1_39' title="bbox 227 3394 1810 3476">
     <span class='ocr_line' id='line_1_41' title="bbox 227 3394 1810 3476; baseline 0.021 -41"><span class='ocrx_word' id='word_1_310' title='bbox 227 3394 325 3450; x_wconf 80' lang='lat' dir='ltr'><strong>pro</strong></span> <span class='ocrx_word' id='word_1_311' title='bbox 373 3401 485 3456; x_wconf 87' lang='lat' dir='ltr'><strong>quo</strong></span> <span class='ocrx_word' id='word_1_312' title='bbox 504 3431 518 3453; x_wconf 92' lang='lat'><strong>,</strong></span> <span class='ocrx_word' id='word_1_313' title='bbox 566 3398 624 3446; x_wconf 87' lang='lat' dir='ltr'><strong>ut</strong></span> <span class='ocrx_word' id='word_1_314' title='bbox 658 3394 776 3450; x_wconf 86' lang='lat' dir='ltr'><strong>talis</strong></span> <span class='ocrx_word' id='word_1_315' title='bbox 801 3410 919 3454; x_wconf 86' lang='lat' dir='ltr'><strong>esse</strong></span> <span class='ocrx_word' id='word_1_316' title='bbox 947 3416 1156 3459; x_wconf 89' lang='lat' dir='ltr'><strong>merear</strong></span> <span class='ocrx_word' id='word_1_317' title='bbox 1182 3403 1504 3476; x_wconf 83' lang='lat' dir='ltr'><strong>deprccaris.</strong></span> <span class='ocrx_word' id='word_1_318' title='bbox 1532 3410 1643 3467; x_wconf 88' lang='lat' dir='ltr'><strong>Hoc</strong></span> <span class='ocrx_word' id='word_1_319' title='bbox 1670 3414 1810 3469; x_wconf 87' lang='lat' dir='ltr'><strong>enim</strong></span> 
     </span>
    </p>
   </div>
   <div class='ocr_carea' id='block_1_40' title="bbox 226 3477 1809 3573">
    <p class='ocr_par' dir='ltr' id='par_1_40' title="bbox 226 3477 1809 3573">
     <span class='ocr_line' id='line_1_42' title="bbox 226 3477 1809 3573; baseline 0.02 -44"><span class='ocrx_word' id='word_1_320' title='bbox 226 3477 394 3545; x_wconf 70' lang='lat' dir='ltr'><strong>magis</strong></span> <span class='ocrx_word' id='word_1_321' title='bbox 430 3479 542 3548; x_wconf 81' lang='lat' dir='ltr'><strong>jam</strong></span> <span class='ocrx_word' id='word_1_322' title='bbox 568 3493 692 3553; x_wconf 89' lang='lat' dir='ltr'><strong>peto</strong></span> <span class='ocrx_word' id='word_1_323' title='bbox 720 3486 878 3545; x_wconf 83' lang='lat' dir='ltr'><strong>facias</strong></span> <span class='ocrx_word' id='word_1_324' title='bbox 897 3532 913 3557; x_wconf 93' lang='lat'><strong>,</strong></span> <span class='ocrx_word' id='word_1_325' title='bbox 945 3508 1011 3548; x_wconf 91' lang='lat' dir='ltr'><strong>ne</strong></span> <span class='ocrx_word' id='word_1_326' title='bbox 1034 3496 1211 3552; x_wconf 88' lang='lat' dir='ltr'><strong>minus</strong></span> <span class='ocrx_word' id='word_1_327' title='bbox 1236 3506 1388 3567; x_wconf 85' lang='lat' dir='ltr'><strong>optes</strong></span> <span class='ocrx_word' id='word_1_328' title='bbox 1410 3501 1538 3555; x_wconf 91' lang='lat' dir='ltr'><strong>mihi</strong></span> <span class='ocrx_word' id='word_1_329' title='bbox 1565 3503 1722 3573; x_wconf 87' lang='lat' dir='ltr'><strong>adjici</strong></span> <span class='ocrx_word' id='word_1_330' title='bbox 1745 3505 1809 3561; x_wconf 91' lang='lat' dir='ltr'><strong>ad</strong></span> 
     </span>
    </p>
   </div>
   <div class='ocr_carea' id='block_1_41' title="bbox 224 3566 1807 3667">
    <p class='ocr_par' dir='ltr' id='par_1_41' title="bbox 224 3566 1807 3667">
     <span class='ocr_line' id='line_1_43' title="bbox 224 3566 1807 3667; baseline 0.017 -41"><span class='ocrx_word' id='word_1_331' title='bbox 224 3566 277 3621; x_wconf 78' lang='lat' dir='ltr'><strong>id</strong></span> <span class='ocrx_word' id='word_1_332' title='bbox 318 3571 464 3641; x_wconf 87' lang='lat' dir='ltr'><strong>quod</strong></span> <span class='ocrx_word' id='word_1_333' title='bbox 504 3589 622 3631; x_wconf 87' lang='lat' dir='ltr'><strong>sum</strong></span> <span class='ocrx_word' id='word_1_334' title='bbox 641 3618 656 3646; x_wconf 92' lang='lat'><strong>,</strong></span> <span class='ocrx_word' id='word_1_335' title='bbox 701 3578 827 3639; x_wconf 91' lang='lat' dir='ltr'><strong>dum</strong></span> <span class='ocrx_word' id='word_1_336' title='bbox 854 3598 940 3641; x_wconf 91' lang='lat' dir='ltr'><strong>me</strong></span> <span class='ocrx_word' id='word_1_337' title='bbox 963 3587 1237 3646; x_wconf 81' lang='lat' dir='ltr'><strong>existimas</strong></span> <span class='ocrx_word' id='word_1_338' title='bbox 1254 3591 1363 3663; x_wconf 88' lang='lat' dir='ltr'><strong>jam</strong></span> <span class='ocrx_word' id='word_1_339' title='bbox 1395 3608 1513 3650; x_wconf 89' lang='lat' dir='ltr'><strong>esse</strong></span> <span class='ocrx_word' id='word_1_340' title='bbox 1538 3596 1677 3667; x_wconf 90' lang='lat' dir='ltr'><strong>quod</strong></span> <span class='ocrx_word' id='word_1_341' title='bbox 1704 3613 1807 3653; x_wconf 92' lang='lat' dir='ltr'><strong>non</strong></span> 
     </span>
    </p>
   </div>
   <div class='ocr_carea' id='block_1_42' title="bbox 220 3671 357 3721">
    <p class='ocr_par' dir='ltr' id='par_1_42' title="bbox 220 3671 357 3721">
     <span class='ocr_line' id='line_1_44' title="bbox 220 3671 357 3721; baseline 0.029 -8"><span class='ocrx_word' id='word_1_342' title='bbox 220 3671 357 3721; x_wconf 66' lang='grc' dir='ltr'><strong>ε..</strong></span> 
     </span>
    </p>
   </div>
   <div class='ocr_carea' id='block_1_43' title="bbox 284 3754 1802 3837">
    <p class='ocr_par' dir='ltr' id='par_1_43' title="bbox 284 3754 1802 3837">
     <span class='ocr_line' id='line_1_45' title="bbox 284 3754 1802 3837; baseline 0.018 -30"><span class='ocrx_word' id='word_1_343' title='bbox 284 3754 339 3807; x_wconf 62' lang='grc' dir='ltr'><strong>Δ.</strong></span> <span class='ocrx_word' id='word_1_344' title='bbox 388 3756 531 3812; x_wconf 84' lang='lat' dir='ltr'><strong>Ecce</strong></span> <span class='ocrx_word' id='word_1_345' title='bbox 574 3760 916 3821; x_wconf 87' lang='lat' dir='ltr'><strong>charissimus</strong></span> <span class='ocrx_word' id='word_1_346' title='bbox 954 3783 1105 3826; x_wconf 88' lang='lat' dir='ltr'><strong>meus</strong></span> <span class='ocrx_word' id='word_1_347' title='bbox 1129 3780 1239 3837; x_wconf 87' lang='lat' dir='ltr'><strong>est.</strong></span> <span class='ocrx_word' id='word_1_348' title='bbox 1267 3775 1408 3830; x_wconf 89' lang='lat' dir='ltr'><strong>etab</strong></span> <span class='ocrx_word' id='word_1_349' title='bbox 1433 3776 1648 3835; x_wconf 85' lang='lat' dir='ltr'><strong>ineunte</strong></span> <span class='ocrx_word' id='word_1_350' title='bbox 1672 3779 1802 3834; x_wconf 88' lang='lat' dir='ltr'><strong>ado-</strong></span> 
     </span>
    </p>
   </div>
   <div class='ocr_carea' id='block_1_44' title="bbox 217 3841 1804 3942">
    <p class='ocr_par' dir='ltr' id='par_1_44' title="bbox 217 3841 1804 3942">
     <span class='ocr_line' id='line_1_46' title="bbox 217 3841 1804 3942; baseline 0.015 -40"><span class='ocrx_word' id='word_1_351' title='bbox 217 3841 468 3903; x_wconf 71' lang='lat' dir='ltr'><strong>lescentia</strong></span> <span class='ocrx_word' id='word_1_352' title='bbox 519 3851 649 3906; x_wconf 80' lang='lat' dir='ltr'><strong>mihi</strong></span> <span class='ocrx_word' id='word_1_353' title='bbox 693 3852 1024 3916; x_wconf 80' lang='lat' dir='ltr'><strong>familiariter</strong></span> <span class='ocrx_word' id='word_1_354' title='bbox 1062 3865 1416 3923; x_wconf 83' lang='lat' dir='ltr'><strong>amicissimus</strong></span> <span class='ocrx_word' id='word_1_355' title='bbox 1446 3867 1517 3942; x_wconf 89' lang='lat' dir='ltr'><strong>(a)</strong></span> <span class='ocrx_word' id='word_1_356' title='bbox 1541 3868 1631 3941; x_wconf 89' lang='lat' dir='ltr'><strong>qui</strong></span> <span class='ocrx_word' id='word_1_357' title='bbox 1668 3869 1804 3928; x_wconf 90' lang='lat' dir='ltr'><strong>hanc</strong></span> 
     </span>
    </p>
   </div>
   <div class='ocr_carea' id='block_1_45' title="bbox 216 3934 1799 4033">
    <p class='ocr_par' dir='ltr' id='par_1_45' title="bbox 216 3934 1799 4033">
     <span class='ocr_line' id='line_1_47' title="bbox 216 3934 1799 4033; baseline 0.025 -44"><span class='ocrx_word' id='word_1_358' title='bbox 216 3934 519 3996; x_wconf 77' lang='lat' dir='ltr'><strong>Eximietati</strong></span> <span class='ocrx_word' id='word_1_359' title='bbox 552 3954 651 3999; x_wconf 77' lang='lat' dir='ltr'><strong>tua:</strong></span> <span class='ocrx_word' id='word_1_360' title='bbox 675 3962 737 4001; x_wconf 89' lang='lat' dir='ltr'><strong>ac</strong></span> <span class='ocrx_word' id='word_1_361' title='bbox 767 3954 1213 4018; x_wconf 64' lang='lat' dir='ltr'><strong>prrestantissimaa</strong></span> <span class='ocrx_word' id='word_1_362' title='bbox 1240 3959 1492 4017; x_wconf 84' lang='lat' dir='ltr'><strong>Charitali</strong></span> <span class='ocrx_word' id='word_1_363' title='bbox 1522 3964 1799 4033; x_wconf 86' lang='lat' dir='ltr'><strong>epistolam</strong></span> 
     </span>
    </p>
   </div>
   <div class='ocr_carea' id='block_1_46' title="bbox 215 4034 1794 4125">
    <p class='ocr_par' dir='ltr' id='par_1_46' title="bbox 215 4034 1794 4125">
     <span class='ocr_line' id='line_1_48' title="bbox 215 4034 1794 4125; baseline 0.021 -46"><span class='ocrx_word' id='word_1_364' title='bbox 215 4041 474 4096; x_wconf 62' lang='lat' dir='ltr'><strong>apponat.</strong></span> <span class='ocrx_word' id='word_1_365' title='bbox 524 4034 689 4105; x_wconf 87' lang='lat' dir='ltr'><strong>llujus</strong></span> <span class='ocrx_word' id='word_1_366' title='bbox 736 4055 928 4097; x_wconf 87' lang='lat' dir='ltr'><strong>nomen</strong></span> <span class='ocrx_word' id='word_1_367' title='bbox 975 4054 1057 4101; x_wconf 88' lang='lat' dir='ltr'><strong>est</strong></span> <span class='ocrx_word' id='word_1_368' title='bbox 1092 4048 1142 4101; x_wconf 90' lang='lat' dir='ltr'><strong>in</strong></span> <span class='ocrx_word' id='word_1_369' title='bbox 1176 4049 1310 4105; x_wconf 92' lang='lat' dir='ltr'><strong>libro</strong></span> <span class='ocrx_word' id='word_1_370' title='bbox 1348 4052 1413 4107; x_wconf 91' lang='lat' dir='ltr'><strong>de</strong></span> <span class='ocrx_word' id='word_1_371' title='bbox 1442 4055 1457 4085; x_wconf 82' lang='grc'>¹</span> <span class='ocrx_word' id='word_1_372' title='bbox 1487 4054 1794 4125; x_wconf 79' lang='lat' dir='ltr'><strong>Religione,</strong></span> 
     </span>
    </p>
   </div>
   <div class='ocr_carea' id='block_1_47' title="bbox 215 4118 1795 4199">
    <p class='ocr_par' dir='ltr' id='par_1_47' title="bbox 215 4118 1795 4199">
     <span class='ocr_line' id='line_1_49' title="bbox 215 4118 1795 4199; baseline 0.019 -32"><span class='ocrx_word' id='word_1_373' title='bbox 215 4129 363 4193; x_wconf 76' lang='lat' dir='ltr'><strong>quem</strong></span> <span class='ocrx_word' id='word_1_374' title='bbox 397 4127 484 4172; x_wconf 89' lang='lat' dir='ltr'><strong>tua</strong></span> <span class='ocrx_word' id='word_1_375' title='bbox 516 4118 796 4192; x_wconf 88' lang='lat' dir='ltr'><strong>Sanctitas,</strong></span> <span class='ocrx_word' id='word_1_376' title='bbox 816 4138 1065 4197; x_wconf 90' lang='lat' dir='ltr'><strong>quantum</strong></span> <span class='ocrx_word' id='word_1_377' title='bbox 1094 4133 1281 4191; x_wconf 91' lang='lat' dir='ltr'><strong>litteris</strong></span> <span class='ocrx_word' id='word_1_378' title='bbox 1307 4136 1526 4199; x_wconf 80' lang='lat' dir='ltr'><strong>indicas.</strong></span> <span class='ocrx_word' id='word_1_379' title='bbox 1552 4118 1795 4195; x_wconf 69' lang='lat' dir='ltr'><strong>libentis-</strong></span> 
     </span>
    </p>
   </div>
   <div class='ocr_carea' id='block_1_48' title="bbox 211 4205 1791 4306">
    <p class='ocr_par' dir='ltr' id='par_1_48' title="bbox 211 4205 1791 4306">
     <span class='ocr_line' id='line_1_50' title="bbox 211 4205 1791 4306; baseline 0.022 -49"><span class='ocrx_word' id='word_1_380' title='bbox 211 4205 337 4261; x_wconf 82' lang='lat' dir='ltr'><strong>sime</strong></span> <span class='ocrx_word' id='word_1_381' title='bbox 388 4210 517 4282; x_wconf 78' lang='lat' dir='ltr'><strong>lcgit</strong></span> <span class='ocrx_word' id='word_1_382' title='bbox 566 4232 579 4267; x_wconf 88' lang='lat'><strong>:</strong></span> <span class='ocrx_word' id='word_1_383' title='bbox 627 4215 793 4272; x_wconf 84' lang='lat' dir='ltr'><strong>factus</strong></span> <span class='ocrx_word' id='word_1_384' title='bbox 822 4229 903 4274; x_wconf 87' lang='lat' dir='ltr'><strong>est</strong></span> <span class='ocrx_word' id='word_1_385' title='bbox 926 4224 1064 4277; x_wconf 89' lang='lat' dir='ltr'><strong>enim</strong></span> <span class='ocrx_word' id='word_1_386' title='bbox 1093 4227 1181 4281; x_wconf 91' lang='lat' dir='ltr'><strong>tibi</strong></span> <span class='ocrx_word' id='word_1_387' title='bbox 1210 4229 1365 4282; x_wconf 90' lang='lat' dir='ltr'><strong>etiam</strong></span> <span class='ocrx_word' id='word_1_388' title='bbox 1395 4232 1668 4298; x_wconf 57' lang='lat' dir='ltr'><strong>tanti‘viri,</strong></span> <span class='ocrx_word' id='word_1_389' title='bbox 1703 4237 1791 4306; x_wconf 88' lang='lat' dir='ltr'><strong>qui</strong></span> 
     </span>
    </p>
   </div>
   <div class='ocr_carea' id='block_1_49' title="bbox 210 4299 1790 4397">
    <p class='ocr_par' dir='ltr' id='par_1_49' title="bbox 210 4299 1790 4397">
     <span class='ocr_line' id='line_1_51' title="bbox 210 4299 1790 4397; baseline 0.016 -40"><span class='ocrx_word' id='word_1_390' title='bbox 210 4299 297 4357; x_wconf 77' lang='lat' dir='ltr'><strong>tibi</strong></span> <span class='ocrx_word' id='word_1_391' title='bbox 346 4318 475 4357; x_wconf 87' lang='lat' dir='ltr'><strong>eum</strong></span> <span class='ocrx_word' id='word_1_392' title='bbox 527 4308 710 4377; x_wconf 87' lang='lat' dir='ltr'><strong>misit,</strong></span> <span class='ocrx_word' id='word_1_393' title='bbox 761 4316 1217 4373; x_wconf 85' lang='lat' dir='ltr'><strong>commendatione</strong></span> <span class='ocrx_word' id='word_1_394' title='bbox 1264 4320 1565 4389; x_wconf 84' lang='lat' dir='ltr'><strong>jucundior.</strong></span> <span class='ocrx_word' id='word_1_395' title='bbox 1610 4326 1790 4397; x_wconf 88' lang='lat' dir='ltr'><strong>Neque</strong></span> 
     </span>
    </p>
   </div>
   <div class='ocr_carea' id='block_1_50' title="bbox 208 4394 1781 4486">
    <p class='ocr_par' dir='ltr' id='par_1_50' title="bbox 208 4394 1781 4486">
     <span class='ocr_line' id='line_1_52' title="bbox 208 4394 1781 4486; baseline 0.019 -42"><span class='ocrx_word' id='word_1_396' title='bbox 208 4397 381 4447; x_wconf 83' lang='lat' dir='ltr'><strong>tamen</strong></span> <span class='ocrx_word' id='word_1_397' title='bbox 428 4394 553 4452; x_wconf 85' lang='lat' dir='ltr'><strong>huic</strong></span> <span class='ocrx_word' id='word_1_398' title='bbox 592 4409 696 4454; x_wconf 89' lang='lat' dir='ltr'><strong>tam</strong></span> <span class='ocrx_word' id='word_1_399' title='bbox 742 4402 982 4461; x_wconf 81' lang='lat' dir='ltr'><strong>familiari</strong></span> <span class='ocrx_word' id='word_1_400' title='bbox 1026 4410 1195 4465; x_wconf 90' lang='lat' dir='ltr'><strong>amico</strong></span> <span class='ocrx_word' id='word_1_401' title='bbox 1234 4427 1353 4466; x_wconf 85' lang='lat' dir='ltr'><strong>meo</strong></span> <span class='ocrx_word' id='word_1_402' title='bbox 1388 4415 1542 4469; x_wconf 81' lang='lat' dir='ltr'><strong>velim</strong></span> <span class='ocrx_word' id='word_1_403' title='bbox 1565 4418 1781 4486; x_wconf 85' lang='lat' dir='ltr'><strong>credas,</strong></span> 
     </span>
    </p>
   </div>
   <div class='ocr_carea' id='block_1_51' title="bbox 204 4486 1781 4566">
    <p class='ocr_par' dir='ltr' id='par_1_51' title="bbox 204 4486 1781 4566">
     <span class='ocr_line' id='line_1_53' title="bbox 204 4486 1781 4566; baseline 0.022 -33"><span class='ocrx_word' id='word_1_404' title='bbox 204 4497 315 4553; x_wconf 75' lang='lat' dir='ltr'><strong>qua:</strong></span> <span class='ocrx_word' id='word_1_405' title='bbox 359 4486 433 4542; x_wconf 91' lang='lat' dir='ltr'><strong>de</strong></span> <span class='ocrx_word' id='word_1_406' title='bbox 475 4504 565 4544; x_wconf 88' lang='lat' dir='ltr'><strong>me</strong></span> <span class='ocrx_word' id='word_1_407' title='bbox 609 4490 745 4548; x_wconf 88' lang='lat' dir='ltr'><strong>forte</strong></span> <span class='ocrx_word' id='word_1_408' title='bbox 787 4495 1004 4554; x_wconf 86' lang='lat' dir='ltr'><strong>laudans</strong></span> <span class='ocrx_word' id='word_1_409' title='bbox 1044 4500 1250 4557; x_wconf 86' lang='lat' dir='ltr'><strong>dixerit.</strong></span> <span class='ocrx_word' id='word_1_410' title='bbox 1281 4504 1432 4560; x_wconf 85' lang='lat' dir='ltr'><strong>Sensi</strong></span> <span class='ocrx_word' id='word_1_411' title='bbox 1463 4508 1601 4562; x_wconf 90' lang='lat' dir='ltr'><strong>enim</strong></span> <span class='ocrx_word' id='word_1_412' title='bbox 1626 4511 1781 4566; x_wconf 90' lang='lat' dir='ltr'><strong>ctiam</strong></span> 
     </span>
    </p>
   </div>
   <div class='ocr_carea' id='block_1_52' title="bbox 203 4574 1781 4674">
    <p class='ocr_par' dir='ltr' id='par_1_52' title="bbox 203 4574 1781 4674">
     <span class='ocr_line' id='line_1_54' title="bbox 203 4574 1781 4674; baseline 0.02 -47"><span class='ocrx_word' id='word_1_413' title='bbox 203 4574 368 4646; x_wconf 77' lang='lat' dir='ltr'><strong>ipsum</strong></span> <span class='ocrx_word' id='word_1_414' title='bbox 423 4595 568 4651; x_wconf 58' lang='lat' dir='ltr'><strong>saepe</strong></span> <span class='ocrx_word' id='word_1_415' title='bbox 614 4600 717 4638; x_wconf 92' lang='lat' dir='ltr'><strong>non</strong></span> <span class='ocrx_word' id='word_1_416' title='bbox 749 4590 1036 4646; x_wconf 86' lang='lat' dir='ltr'><strong>mentiendi</strong></span> <span class='ocrx_word' id='word_1_417' title='bbox 1067 4594 1239 4649; x_wconf 81' lang='lat' dir='ltr'><strong>swdio</strong></span> <span class='ocrx_word' id='word_1_418' title='bbox 1259 4638 1273 4664; x_wconf 94' lang='lat'><strong>,</strong></span> <span class='ocrx_word' id='word_1_419' title='bbox 1302 4599 1393 4652; x_wconf 90' lang='lat' dir='ltr'><strong>sed</strong></span> <span class='ocrx_word' id='word_1_420' title='bbox 1425 4602 1632 4656; x_wconf 89' lang='lat' dir='ltr'><strong>amandi</strong></span> <span class='ocrx_word' id='word_1_421' title='bbox 1659 4620 1781 4674; x_wconf 81' lang='lat' dir='ltr'><strong>pro-</strong></span> 
     </span>
    </p>
   </div>
   <div class='ocr_carea' id='block_1_53' title="bbox 198 4671 1776 4763">
    <p class='ocr_par' dir='ltr' id='par_1_53' title="bbox 198 4671 1776 4763">
     <span class='ocr_line' id='line_1_55' title="bbox 198 4671 1776 4763; baseline 0.022 -42"><span class='ocrx_word' id='word_1_422' title='bbox 198 4671 455 4735; x_wconf 85' lang='lat' dir='ltr'><strong>pensione</strong></span> <span class='ocrx_word' id='word_1_423' title='bbox 498 4674 601 4730; x_wconf 89' lang='lat' dir='ltr'><strong>falli</strong></span> <span class='ocrx_word' id='word_1_424' title='bbox 638 4678 961 4757; x_wconf 81' lang='lat' dir='ltr'><strong>judicantem</strong></span> <span class='ocrx_word' id='word_1_425' title='bbox 984 4727 998 4751; x_wconf 92' lang='lat'><strong>,</strong></span> <span class='ocrx_word' id='word_1_426' title='bbox 1027 4695 1077 4741; x_wconf 88' lang='lat' dir='ltr'><strong>et</strong></span> <span class='ocrx_word' id='word_1_427' title='bbox 1107 4689 1348 4746; x_wconf 90' lang='lat' dir='ltr'><strong>arbitrari</strong></span> <span class='ocrx_word' id='word_1_428' title='bbox 1374 4693 1482 4763; x_wconf 89' lang='lat' dir='ltr'><strong>jam</strong></span> <span class='ocrx_word' id='word_1_429' title='bbox 1512 4712 1595 4752; x_wconf 92' lang='lat' dir='ltr'><strong>me</strong></span> <span class='ocrx_word' id='word_1_430' title='bbox 1623 4713 1776 4754; x_wconf 85' lang='lat' dir='ltr'><strong>acce-</strong></span> 
     </span>
    </p>
   </div>
   <div class='ocr_carea' id='block_1_54' title="bbox 193 4763 1777 4862">
    <p class='ocr_par' dir='ltr' id='par_1_54' title="bbox 193 4763 1777 4862">
     <span class='ocr_line' id='line_1_56' title="bbox 193 4763 1777 4862; baseline 0.025 -47"><span class='ocrx_word' id='word_1_431' title='bbox 193 4763 331 4830; x_wconf 69' lang='lat' dir='ltr'><strong>pisse</strong></span> <span class='ocrx_word' id='word_1_432' title='bbox 373 4768 621 4843; x_wconf 57' lang='lat' dir='ltr'><strong>quaedam</strong></span> <span class='ocrx_word' id='word_1_433' title='bbox 643 4814 656 4837; x_wconf 94' lang='lat'><strong>,</strong></span> <span class='ocrx_word' id='word_1_434' title='bbox 688 4776 879 4844; x_wconf 87' lang='lat' dir='ltr'><strong>quibus</strong></span> <span class='ocrx_word' id='word_1_435' title='bbox 907 4780 1224 4850; x_wconf 89' lang='lat' dir='ltr'><strong>accipiendis</strong></span> <span class='ocrx_word' id='word_1_436' title='bbox 1253 4803 1279 4839; x_wconf 91' lang='lat' dir='ltr'><strong>a</strong></span> <span class='ocrx_word' id='word_1_437' title='bbox 1314 4788 1535 4845; x_wconf 91' lang='lat' dir='ltr'><strong>Domino</strong></span> <span class='ocrx_word' id='word_1_438' title='bbox 1568 4806 1777 4862; x_wconf 88' lang='lat' dir='ltr'><strong>patente</strong></span> 
     </span>
    </p>
   </div>
   <div class='ocr_carea' id='block_1_55' title="bbox 188 4860 1772 4956">
    <p class='ocr_par' dir='ltr' id='par_1_55' title="bbox 188 4860 1772 4956">
     <span class='ocr_line' id='line_1_57' title="bbox 188 4860 1772 4956; baseline 0.021 -44"><span class='ocrx_word' id='word_1_439' title='bbox 188 4868 279 4913; x_wconf 77' lang='lat' dir='ltr'><strong>ore</strong></span> <span class='ocrx_word' id='word_1_440' title='bbox 301 4860 485 4916; x_wconf 87' lang='lat' dir='ltr'><strong>cordis</strong></span> <span class='ocrx_word' id='word_1_441' title='bbox 513 4863 791 4922; x_wconf 74' lang='lat' dir='ltr'><strong>iuliiarem.</strong></span> <span class='ocrx_word' id='word_1_442' title='bbox 822 4870 891 4927; x_wconf 84' lang='lat' dir='ltr'><strong>Et</strong></span> <span class='ocrx_word' id='word_1_443' title='bbox 914 4873 959 4928; x_wconf 93' lang='lat' dir='ltr'><strong>si</strong></span> <span class='ocrx_word' id='word_1_444' title='bbox 989 4874 1089 4931; x_wconf 90' lang='lat' dir='ltr'><strong>hoc</strong></span> <span class='ocrx_word' id='word_1_445' title='bbox 1116 4876 1165 4931; x_wconf 94' lang='lat' dir='ltr'><strong>iu</strong></span> <span class='ocrx_word' id='word_1_446' title='bbox 1197 4895 1256 4933; x_wconf 92' lang='lat' dir='ltr'><strong>os</strong></span> <span class='ocrx_word' id='word_1_447' title='bbox 1284 4897 1457 4938; x_wconf 91' lang='lat' dir='ltr'><strong>meum</strong></span> <span class='ocrx_word' id='word_1_448' title='bbox 1478 4927 1490 4951; x_wconf 91' lang='lat'><strong>,</strong></span> <span class='ocrx_word' id='word_1_449' title='bbox 1524 4888 1642 4956; x_wconf 90' lang='lat' dir='ltr'><strong>quis</strong></span> <span class='ocrx_word' id='word_1_450' title='bbox 1669 4906 1772 4946; x_wconf 93' lang='lat' dir='ltr'><strong>non</strong></span> 
     </span>
    </p>
   </div>
   <div class='ocr_carea' id='block_1_56' title="bbox 187 4948 1769 5045">
    <p class='ocr_par' dir='ltr' id='par_1_56' title="bbox 187 4948 1769 5045">
     <span class='ocr_line' id='line_1_58' title="bbox 187 4948 1769 5045; baseline 0.027 -50"><span class='ocrx_word' id='word_1_451' title='bbox 187 4948 439 5013; x_wconf 81' lang='lat' dir='ltr'><strong>conjiciat</strong></span> <span class='ocrx_word' id='word_1_452' title='bbox 467 4966 660 5023; x_wconf 88' lang='lat' dir='ltr'><strong>quanta</strong></span> <span class='ocrx_word' id='word_1_453' title='bbox 692 4958 759 5015; x_wconf 89' lang='lat' dir='ltr'><strong>de</strong></span> <span class='ocrx_word' id='word_1_454' title='bbox 788 4978 872 5019; x_wconf 89' lang='lat' dir='ltr'><strong>me</strong></span> <span class='ocrx_word' id='word_1_455' title='bbox 897 4965 1117 5024; x_wconf 88' lang='lat' dir='ltr'><strong>absente</strong></span> <span class='ocrx_word' id='word_1_456' title='bbox 1142 4972 1357 5026; x_wconf 89' lang='lat' dir='ltr'><strong>meliora</strong></span> <span class='ocrx_word' id='word_1_457' title='bbox 1389 4991 1543 5045; x_wconf 88' lang='lat' dir='ltr'><strong>quam</strong></span> <span class='ocrx_word' id='word_1_458' title='bbox 1566 4981 1769 5037; x_wconf 88' lang='lat' dir='ltr'><strong>veriora</strong></span> 
     </span>
    </p>
   </div>
   <div class='ocr_carea' id='block_1_57' title="bbox 184 5035 1767 5142">
    <p class='ocr_par' dir='ltr' id='par_1_57' title="bbox 184 5035 1767 5142">
     <span class='ocr_line' id='line_1_59' title="bbox 184 5035 1767 5142; baseline 0.027 -56"><span class='ocrx_word' id='word_1_459' title='bbox 184 5035 336 5097; x_wconf 67' lang='lat' dir='ltr'><strong>laetus</strong></span> <span class='ocrx_word' id='word_1_460' title='bbox 379 5040 662 5099; x_wconf 71' lang='lat' dir='ltr'><strong>effundat?</strong></span> <span class='ocrx_word' id='word_1_461' title='bbox 701 5050 975 5112; x_wconf 83' lang='lat' dir='ltr'><strong>Librorum</strong></span> <span class='ocrx_word' id='word_1_462' title='bbox 1019 5068 1195 5115; x_wconf 88' lang='lat' dir='ltr'><strong>autem</strong></span> <span class='ocrx_word' id='word_1_463' title='bbox 1238 5073 1536 5122; x_wconf 89' lang='lat' dir='ltr'><strong>nostrorum</strong></span> <span class='ocrx_word' id='word_1_464' title='bbox 1565 5073 1767 5142; x_wconf 91' lang='lat' dir='ltr'><strong>copiam</strong></span> 
     </span>
    </p>
   </div>
   <div class='ocr_carea' id='block_1_58' title="bbox 181 5130 1763 5240">
    <p class='ocr_par' dir='ltr' id='par_1_58' title="bbox 181 5130 1763 5240">
     <span class='ocr_line' id='line_1_60' title="bbox 181 5130 1763 5240; baseline 0.025 -55"><span class='ocrx_word' id='word_1_465' title='bbox 181 5130 337 5191; x_wconf 72' lang='lat' dir='ltr'><strong>faciet</strong></span> <span class='ocrx_word' id='word_1_466' title='bbox 379 5140 671 5199; x_wconf 75' lang='lat' dir='ltr'><strong>venerabili</strong></span> <span class='ocrx_word' id='word_1_467' title='bbox 707 5146 882 5202; x_wconf 90' lang='lat' dir='ltr'><strong>studio</strong></span> <span class='ocrx_word' id='word_1_468' title='bbox 917 5159 1005 5204; x_wconf 90' lang='lat' dir='ltr'><strong>tuo</strong></span> <span class='ocrx_word' id='word_1_469' title='bbox 1035 5172 1047 5209; x_wconf 92' lang='lat'><strong>:</strong></span> <span class='ocrx_word' id='word_1_470' title='bbox 1075 5173 1195 5213; x_wconf 87' lang='lat' dir='ltr'><strong>nam</strong></span> <span class='ocrx_word' id='word_1_471' title='bbox 1227 5164 1405 5217; x_wconf 89' lang='lat' dir='ltr'><strong>nescio</strong></span> <span class='ocrx_word' id='word_1_472' title='bbox 1430 5181 1512 5221; x_wconf 87' lang='lat' dir='ltr'><strong>me</strong></span> <span class='ocrx_word' id='word_1_473' title='bbox 1534 5169 1729 5240; x_wconf 89' lang='lat' dir='ltr'><strong>aliquid</strong></span> <span class='ocrx_word' id='word_1_474' title='bbox 1751 5213 1763 5234; x_wconf 89' lang='lat'><strong>,</strong></span> 
     </span>
    </p>
   </div>
   <div class='ocr_carea' id='block_1_59' title="bbox 179 5224 1764 5323">
    <p class='ocr_par' dir='ltr' id='par_1_59' title="bbox 179 5224 1764 5323">
     <span class='ocr_line' id='line_1_61' title="bbox 179 5224 1764 5323; baseline 0.025 -44"><span class='ocrx_word' id='word_1_475' title='bbox 179 5224 290 5280; x_wconf 74' lang='lat' dir='ltr'><strong>sive</strong></span> <span class='ocrx_word' id='word_1_476' title='bbox 327 5226 401 5283; x_wconf 84' lang='lat' dir='ltr'><strong>ad</strong></span> <span class='ocrx_word' id='word_1_477' title='bbox 440 5245 624 5287; x_wconf 91' lang='lat' dir='ltr'><strong>eorum</strong></span> <span class='ocrx_word' id='word_1_478' title='bbox 648 5237 737 5307; x_wconf 88' lang='lat' dir='ltr'><strong>qui</strong></span> <span class='ocrx_word' id='word_1_479' title='bbox 758 5249 906 5296; x_wconf 77' lang='lat' dir='ltr'><strong>extra</strong></span> <span class='ocrx_word' id='word_1_480' title='bbox 929 5242 1219 5305; x_wconf 87' lang='lat' dir='ltr'><strong>Ecclesiam</strong></span> <span class='ocrx_word' id='word_1_481' title='bbox 1252 5253 1341 5309; x_wconf 90' lang='lat' dir='ltr'><strong>Dei</strong></span> <span class='ocrx_word' id='word_1_482' title='bbox 1372 5266 1529 5323; x_wconf 88' lang='lat' dir='ltr'><strong>sunt,</strong></span> <span class='ocrx_word' id='word_1_483' title='bbox 1562 5261 1671 5315; x_wconf 89' lang='lat' dir='ltr'><strong>sive</strong></span> <span class='ocrx_word' id='word_1_484' title='bbox 1700 5264 1764 5319; x_wconf 87' lang='lat' dir='ltr'><strong>ad</strong></span> 
     </span>
    </p>
   </div>
   <div class='ocr_carea' id='block_1_60' title="bbox 174 5322 1763 5414">
    <p class='ocr_par' dir='ltr' id='par_1_60' title="bbox 174 5322 1763 5414">
     <span class='ocr_line' id='line_1_62' title="bbox 174 5322 1763 5414; baseline 0.026 -42"><span class='ocrx_word' id='word_1_485' title='bbox 174 5331 335 5376; x_wconf 83' lang='lat' dir='ltr'><strong>aures</strong></span> <span class='ocrx_word' id='word_1_486' title='bbox 380 5322 603 5387; x_wconf 83' lang='lat' dir='ltr'><strong>fratrum</strong></span> <span class='ocrx_word' id='word_1_487' title='bbox 636 5332 945 5404; x_wconf 80' lang='lat' dir='ltr'><strong>scripsisse,</strong></span> <span class='ocrx_word' id='word_1_488' title='bbox 976 5342 1114 5409; x_wconf 89' lang='lat' dir='ltr'><strong>quod</strong></span> <span class='ocrx_word' id='word_1_489' title='bbox 1144 5344 1258 5414; x_wconf 89' lang='lat' dir='ltr'><strong>ipse</strong></span> <span class='ocrx_word' id='word_1_490' title='bbox 1284 5365 1389 5405; x_wconf 91' lang='lat' dir='ltr'><strong>non</strong></span> <span class='ocrx_word' id='word_1_491' title='bbox 1418 5322 1629 5409; x_wconf 86' lang='lat' dir='ltr'><strong>habeat.</strong></span> <span class='ocrx_word' id='word_1_492' title='bbox 1660 5357 1763 5414; x_wconf 88' lang='lat' dir='ltr'><strong>Sed</strong></span> 
     </span>
    </p>
   </div>
   <div class='ocr_carea' id='block_1_61' title="bbox 174 5416 1763 5523">
    <p class='ocr_par' dir='ltr' id='par_1_61' title="bbox 174 5416 1763 5523">
     <span class='ocr_line' id='line_1_63' title="bbox 174 5416 1763 5523; baseline 0.027 -61"><span class='ocrx_word' id='word_1_493' title='bbox 174 5416 231 5463; x_wconf 83' lang='lat' dir='ltr'><strong>tu</strong></span> <span class='ocrx_word' id='word_1_494' title='bbox 275 5427 400 5468; x_wconf 88' lang='lat' dir='ltr'><strong>cum</strong></span> <span class='ocrx_word' id='word_1_495' title='bbox 449 5416 578 5488; x_wconf 78' lang='lat' dir='ltr'><strong>legis</strong></span> <span class='ocrx_word' id='word_1_496' title='bbox 600 5461 613 5485; x_wconf 89' lang='lat'><strong>,</strong></span> <span class='ocrx_word' id='word_1_497' title='bbox 659 5424 730 5479; x_wconf 87' lang='lat' dir='ltr'><strong>mi</strong></span> <span class='ocrx_word' id='word_1_498' title='bbox 770 5438 953 5486; x_wconf 88' lang='lat' dir='ltr'><strong>sancte</strong></span> <span class='ocrx_word' id='word_1_499' title='bbox 980 5431 1196 5491; x_wconf 89' lang='lat' dir='ltr'><strong>Pauline</strong></span> <span class='ocrx_word' id='word_1_500' title='bbox 1216 5481 1229 5504; x_wconf 92' lang='lat'><strong>,</strong></span> <span class='ocrx_word' id='word_1_501' title='bbox 1258 5456 1359 5496; x_wconf 92' lang='lat' dir='ltr'><strong>non</strong></span> <span class='ocrx_word' id='word_1_502' title='bbox 1391 5453 1439 5497; x_wconf 91' lang='lat' dir='ltr'><strong>te</strong></span> <span class='ocrx_word' id='word_1_503' title='bbox 1461 5445 1530 5499; x_wconf 86' lang='lat' dir='ltr'><strong>ita</strong></span> <span class='ocrx_word' id='word_1_504' title='bbox 1558 5450 1763 5523; x_wconf 87' lang='lat' dir='ltr'><strong>rapiant</strong></span> 
     </span>
    </p>
   </div>
   <div class='ocr_carea' id='block_1_62' title="bbox 173 5514 1757 5605">
    <p class='ocr_par' dir='ltr' id='par_1_62' title="bbox 173 5514 1757 5605">
     <span class='ocr_line' id='line_1_64' title="bbox 173 5514 1757 5605; baseline 0.027 -50"><span class='ocrx_word' id='word_1_505' title='bbox 173 5514 293 5568; x_wconf 72' lang='lat' dir='ltr'><strong>qua:</strong></span> <span class='ocrx_word' id='word_1_506' title='bbox 328 5520 429 5573; x_wconf 80' lang='lat' dir='ltr'><strong>per</strong></span> <span class='ocrx_word' id='word_1_507' title='bbox 454 5517 692 5573; x_wconf 81' lang='lat' dir='ltr'><strong>nostram</strong></span> <span class='ocrx_word' id='word_1_508' title='bbox 724 5514 1080 5580; x_wconf 90' lang='lat' dir='ltr'><strong>inﬁrmitatem</strong></span> <span class='ocrx_word' id='word_1_509' title='bbox 1102 5529 1299 5584; x_wconf 88' lang='lat' dir='ltr'><strong>veritas</strong></span> <span class='ocrx_word' id='word_1_510' title='bbox 1323 5532 1586 5605; x_wconf 87' lang='lat' dir='ltr'><strong>loquitur,</strong></span> <span class='ocrx_word' id='word_1_511' title='bbox 1618 5514 1673 5594; x_wconf 76' lang='lat' dir='ltr'><strong>ut</strong></span> <span class='ocrx_word' id='word_1_512' title='bbox 1698 5557 1757 5596; x_wconf 86' lang='lat' dir='ltr'><strong>ea</strong></span> 
     </span>
    </p>
   </div>
   <div class='ocr_carea' id='block_1_63' title="bbox 172 5596 1758 5693">
    <p class='ocr_par' dir='ltr' id='par_1_63' title="bbox 172 5596 1758 5693">
     <span class='ocr_line' id='line_1_65' title="bbox 172 5596 1758 5693; baseline 0.026 -46"><span class='ocrx_word' id='word_1_513' title='bbox 172 5604 291 5660; x_wconf 78' lang='lat' dir='ltr'><strong>quae</strong></span> <span class='ocrx_word' id='word_1_514' title='bbox 330 5596 449 5666; x_wconf 87' lang='lat' dir='ltr'><strong>ipse</strong></span> <span class='ocrx_word' id='word_1_515' title='bbox 486 5601 679 5675; x_wconf 90' lang='lat' dir='ltr'><strong>loquor</strong></span> <span class='ocrx_word' id='word_1_516' title='bbox 712 5611 885 5667; x_wconf 90' lang='lat' dir='ltr'><strong>minus</strong></span> <span class='ocrx_word' id='word_1_517' title='bbox 922 5614 1201 5686; x_wconf 84' lang='lat' dir='ltr'><strong>diligenter</strong></span> <span class='ocrx_word' id='word_1_518' title='bbox 1228 5596 1508 5693; x_wconf 71' lang='lat' dir='ltr'><strong>advertas;</strong></span> <span class='ocrx_word' id='word_1_519' title='bbox 1540 5596 1605 5685; x_wconf 81' lang='lat' dir='ltr'><strong>ne</strong></span> <span class='ocrx_word' id='word_1_520' title='bbox 1633 5632 1758 5689; x_wconf 91' lang='lat' dir='ltr'><strong>dum</strong></span> 
     </span>
    </p>
   </div>
   <div class='ocr_carea' id='block_1_64' title="bbox 233 5746 1754 5845">
    <p class='ocr_par' dir='ltr' id='par_1_64' title="bbox 233 5747 1754 5845">
     <span class='ocr_line' id='line_1_66' title="bbox 233 5747 1754 5845; baseline 0.03 -52"><span class='ocrx_word' id='word_1_521' title='bbox 503 5758 885 5845; x_wconf 48' lang='lat' dir='ltr'><strong>eelqnnefiggone.</strong></span> <span class='ocrx_word' id='word_1_522' title='bbox 903 5774 959 5840; x_wconf 69' lang='lat' dir='ltr'><strong>At</strong></span> <span class='ocrx_word' id='word_1_523' title='bbox 979 5776 1084 5845; x_wconf 56' lang='lat' dir='ltr'><strong>uss.</strong></span> <span class='ocrx_word' id='word_1_524' title='bbox 1101 5772 1270 5845; x_wconf 66' lang='lat' dir='ltr'><strong>viginti</strong></span> <span class='ocrx_word' id='word_1_525' title='bbox 1287 5787 1455 5845; x_wconf 73' lang='lat' dir='ltr'><strong>carent</strong></span> <span class='ocrx_word' id='word_1_526' title='bbox 1468 5796 1608 5845; x_wconf 79' lang='lat' dir='ltr'><strong>voce,</strong></span> <span class='ocrx_word' id='word_1_527' title='bbox 1623 5797 1754 5838; x_wconf 81' lang='lat' dir='ltr'><strong>vera.</strong></span> 
     </span>
    </p>
   </div>
   <div class='ocr_carea' id='block_1_65' title="bbox 161 5807 1753 5931">
    <p class='ocr_par' dir='ltr' id='par_1_65' title="bbox 161 5807 1753 5927">
     <span class='ocr_line' id='line_1_67' title="bbox 161 5807 1753 5927; baseline 0.021 -61"><span class='ocrx_word' id='word_1_528' title='bbox 161 5807 586 5927; x_wconf 17' lang='lat' dir='ltr'><strong>gramm</strong></span> <span class='ocrx_word' id='word_1_529' title='bbox 507 5818 518 5828; x_wconf 89' lang='lat'><strong>-</strong></span> <span class='ocrx_word' id='word_1_530' title='bbox 586 5831 663 5881; x_wconf 70' lang='grc' dir='ltr'><strong>ηε,</strong></span> <span class='ocrx_word' id='word_1_531' title='bbox 1106 5807 1753 5911; x_wconf 55' lang='grc' dir='ltr'><strong>ιξίιειξσιξῑῑῑςῖὲξξζνένΐ</strong></span> 
     </span>
    </p>
   </div>
   <div class='ocr_carea' id='block_1_66' title="bbox 1962 1094 3538 1215">
    <p class='ocr_par' dir='ltr' id='par_1_66' title="bbox 1962 1094 3538 1215">
     <span class='ocr_line' id='line_1_68' title="bbox 1962 1094 3538 1215; baseline 0.037 -70"><span class='ocrx_word' id='word_1_532' title='bbox 1962 1094 2075 1148; x_wconf 90' lang='lat' dir='ltr'><strong>etin</strong></span> <span class='ocrx_word' id='word_1_533' title='bbox 2095 1099 2240 1168; x_wconf 72' lang='lat' dir='ltr'><strong>cujus</strong></span> <span class='ocrx_word' id='word_1_534' title='bbox 2259 1102 2456 1163; x_wconf 90' lang='lat' dir='ltr'><strong>lumine</strong></span> <span class='ocrx_word' id='word_1_535' title='bbox 2474 1101 3538 1215; x_wconf 64' lang='lat' dir='ltr'><strong>videbimuslumcn(P.sal.xxxv,l0),siut;</strong></span> 
     </span>
    </p>
   </div>
   <div class='ocr_carea' id='block_1_67' title="bbox 1958 1187 3535 1321">
    <p class='ocr_par' dir='ltr' id='par_1_67' title="bbox 1958 1187 3535 1321">
     <span class='ocr_line' id='line_1_69' title="bbox 2962 1187 3535 1215; baseline -0.003 -10"><span class='ocrx_word' id='word_1_536' title='bbox 2962 1187 2972 1198; x_wconf 69' lang='grc' dir='ltr'><strong>ι</strong></span> <span class='ocrx_word' id='word_1_537' title='bbox 3191 1187 3535 1215; x_wconf 64' lang='lat' dir='ltr'><strong>&quot;&quot;l&#39;V’gUIIIu</strong></span> 
     </span>
     <span class='ocr_line' id='line_1_70' title="bbox 1958 1187 3535 1321; baseline 0.035 -83"><span class='ocrx_word' id='word_1_538' title='bbox 1958 1187 2255 1259; x_wconf 74' lang='lat' dir='ltr'><strong>aenigmate,</strong></span> <span class='ocrx_word' id='word_1_539' title='bbox 2276 1198 2367 1252; x_wconf 89' lang='lat' dir='ltr'><strong>sed</strong></span> <span class='ocrx_word' id='word_1_540' title='bbox 2393 1202 2521 1258; x_wconf 78' lang='lat' dir='ltr'><strong>facie</strong></span> <span class='ocrx_word' id='word_1_541' title='bbox 2533 1206 2597 1259; x_wconf 92' lang='lat' dir='ltr'><strong>ad</strong></span> <span class='ocrx_word' id='word_1_542' title='bbox 2614 1206 2818 1279; x_wconf 86' lang='lat' dir='ltr'><strong>faciem,</strong></span> <span class='ocrx_word' id='word_1_543' title='bbox 2838 1233 2976 1273; x_wconf 89' lang='lat' dir='ltr'><strong>nunc</strong></span> <span class='ocrx_word' id='word_1_544' title='bbox 2992 1232 3165 1280; x_wconf 89' lang='lat' dir='ltr'><strong>autem</strong></span> <span class='ocrx_word' id='word_1_545' title='bbox 3190 1228 3239 1283; x_wconf 90' lang='lat' dir='ltr'><strong>in</strong></span> <span class='ocrx_word' id='word_1_546' title='bbox 3259 1236 3535 1321; x_wconf 73' lang='lat' dir='ltr'><strong>:enigmate</strong></span> 
     </span>
     <span class='ocr_line' id='line_1_71' title="bbox 1958 1279 3531 1321; baseline 0 0"><span class='ocrx_word' id='word_1_547' title='bbox 1958 1279 2193 1321; x_wconf 72' lang='lat' dir='ltr'><strong>\‘itlmnne</strong></span> <span class='ocrx_word' id='word_1_548' title='bbox 2226 1286 2378 1321; x_wconf 67' lang='lat' dir='ltr'><strong>Ill‘m.</strong></span> <span class='ocrx_word' id='word_1_549' title='bbox 2425 1310 2518 1321; x_wconf 66' lang='grc' dir='ltr'><strong>ν...</strong></span> <span class='ocrx_word' id='word_1_550' title='bbox 2574 1299 2654 1321; x_wconf 70' lang='grc' dir='ltr'>ιω</span> <span class='ocrx_word' id='word_1_551' title='bbox 2711 1300 2758 1321; x_wconf 30' lang='grc' dir='ltr'><strong>πί</strong></span> <span class='ocrx_word' id='word_1_552' title='bbox 2798 1306 2807 1321; x_wconf 86' lang='grc'><em>.</em></span> <span class='ocrx_word' id='word_1_553' title='bbox 2835 1308 2844 1318; x_wconf 80' lang='grc' dir='ltr'><strong>ι</strong></span> <span class='ocrx_word' id='word_1_554' title='bbox 3164 1319 3169 1321; x_wconf 26' lang='grc' dir='ltr'><em>Α</em></span> <span class='ocrx_word' id='word_1_555' title='bbox 3510 1316 3531 1321; x_wconf 41' lang='grc' dir='ltr'>η</span> 
     </span>
    </p>
   </div>
   <div class='ocr_carea' id='block_1_68' title="bbox 1957 1279 3531 1390">
    <p class='ocr_par' dir='ltr' id='par_1_68' title="bbox 1957 1279 3531 1390">
     <span class='ocr_line' id='line_1_72' title="bbox 1957 1279 3531 1390; baseline 0.036 -60"><span class='ocrx_word' id='word_1_556' title='bbox 1957 1279 2195 1339; x_wconf 82' lang='lat' dir='ltr'><strong>videmus</strong></span> <span class='ocrx_word' id='word_1_557' title='bbox 2226 1286 2395 1359; x_wconf 86' lang='lat' dir='ltr'><strong>(lCor.</strong></span> <span class='ocrx_word' id='word_1_558' title='bbox 2425 1310 2538 1362; x_wconf 81' lang='lat' dir='ltr'><strong>xm,</strong></span> <span class='ocrx_word' id='word_1_559' title='bbox 2574 1299 2680 1370; x_wconf 72' lang='grc'><strong>12).</strong></span> <span class='ocrx_word' id='word_1_560' title='bbox 2711 1300 2767 1358; x_wconf 86' lang='lat' dir='ltr'><strong>In</strong></span> <span class='ocrx_word' id='word_1_561' title='bbox 2797 1306 2874 1362; x_wconf 90' lang='lat' dir='ltr'><strong>his</strong></span> <span class='ocrx_word' id='word_1_562' title='bbox 2889 1326 3012 1381; x_wconf 88' lang='lat' dir='ltr'><strong>ergo</strong></span> <span class='ocrx_word' id='word_1_563' title='bbox 3030 1319 3269 1390; x_wconf 50' lang='lat' dir='ltr'><strong>quaiipsc</strong></span> <span class='ocrx_word' id='word_1_564' title='bbox 3286 1279 3531 1386; x_wconf 45' lang='lat' dir='ltr'><strong>def/eteri</strong></span> 
     </span>
     <span class='ocr_line' id='line_1_73' title="bbox 1957 1368 2462 1390; baseline 0.036 -18"><span class='ocrx_word' id='word_1_565' title='bbox 1957 1368 2029 1390; x_wconf 32' lang='grc' dir='ltr'><strong>,η</strong></span> <span class='ocrx_word' id='word_1_566' title='bbox 2164 1387 2171 1390; x_wconf 95' lang='lat'>_</span> <span class='ocrx_word' id='word_1_567' title='bbox 2453 1386 2462 1390; x_wconf 90' lang='lat'><strong><em>_</em></strong></span> 
     </span>
    </p>
   </div>
   <div class='ocr_carea' id='block_1_69' title="bbox 1953 1368 3527 1488">
    <p class='ocr_par' dir='ltr' id='par_1_69' title="bbox 1953 1368 3527 1488">
     <span class='ocr_line' id='line_1_74' title="bbox 2639 1368 3527 1390; baseline 0.017 -20"><span class='ocrx_word' id='word_1_568' title='bbox 2639 1368 2645 1370; x_wconf 45' lang='grc' dir='ltr'><em>ν</em></span> <span class='ocrx_word' id='word_1_569' title='bbox 2947 1368 2976 1381; x_wconf 73' lang='grc' dir='ltr'>ν</span> <span class='ocrx_word' id='word_1_570' title='bbox 3047 1368 3082 1385; x_wconf 43' lang='grc' dir='ltr'><em>,γ</em></span> <span class='ocrx_word' id='word_1_571' title='bbox 3106 1368 3268 1390; x_wconf 52' lang='grc' dir='ltr'><strong>-π-ιν-ιν</strong></span> <span class='ocrx_word' id='word_1_572' title='bbox 3288 1368 3351 1381; x_wconf 73' lang='lat' dir='ltr'><strong>uv</strong></span> <span class='ocrx_word' id='word_1_573' title='bbox 3377 1368 3527 1386; x_wconf 67' lang='lat' dir='ltr'><strong>vvqu</strong></span> 
     </span>
     <span class='ocr_line' id='line_1_75' title="bbox 1953 1368 3527 1488; baseline 0.03 -66"><span class='ocrx_word' id='word_1_574' title='bbox 1953 1368 2211 1431; x_wconf 89' lang='lat' dir='ltr'><strong>fermento</strong></span> <span class='ocrx_word' id='word_1_575' title='bbox 2235 1386 2462 1437; x_wconf 84' lang='lat' dir='ltr'><strong>eructavi</strong></span> <span class='ocrx_word' id='word_1_576' title='bbox 2482 1430 2494 1453; x_wconf 91' lang='lat'><strong>,</strong></span> <span class='ocrx_word' id='word_1_577' title='bbox 2525 1404 2641 1444; x_wconf 93' lang='lat' dir='ltr'><strong>cum</strong></span> <span class='ocrx_word' id='word_1_578' title='bbox 2664 1409 2723 1447; x_wconf 89' lang='lat' dir='ltr'><strong>ea</strong></span> <span class='ocrx_word' id='word_1_579' title='bbox 2751 1395 2927 1468; x_wconf 86' lang='lat' dir='ltr'><strong>legens</strong></span> <span class='ocrx_word' id='word_1_580' title='bbox 2960 1418 3216 1479; x_wconf 87' lang='lat' dir='ltr'><strong>agnosco,</strong></span> <span class='ocrx_word' id='word_1_581' title='bbox 3248 1431 3332 1471; x_wconf 87' lang='lat' dir='ltr'><strong>me</strong></span> <span class='ocrx_word' id='word_1_582' title='bbox 3353 1418 3527 1488; x_wconf 74' lang='lat' dir='ltr'><strong>judico</strong></span> 
     </span>
     <span class='ocr_line' id='line_1_76' title="bbox 1954 1467 2473 1488; baseline 0.01 0"><span class='ocrx_word' id='word_1_583' title='bbox 1954 1476 2068 1488; x_wconf 55' lang='grc' dir='ltr'>Ληηι</span> <span class='ocrx_word' id='word_1_584' title='bbox 2105 1467 2183 1488; x_wconf 54' lang='grc' dir='ltr'><strong>,ΙΑΙ</strong></span> <span class='ocrx_word' id='word_1_585' title='bbox 2201 1486 2211 1488; x_wconf 35' lang='grc' dir='ltr'>μ</span> <span class='ocrx_word' id='word_1_586' title='bbox 2241 1487 2245 1488; x_wconf 41' lang='grc' dir='ltr'><em>ν</em></span> <span class='ocrx_word' id='word_1_587' title='bbox 2342 1473 2352 1485; x_wconf 77' lang='grc'><strong><em>⁸</em></strong></span> <span class='ocrx_word' id='word_1_588' title='bbox 2427 1477 2436 1488; x_wconf 85' lang='grc' dir='ltr'><strong>ι</strong></span> <span class='ocrx_word' id='word_1_589' title='bbox 2465 1480 2473 1488; x_wconf 89' lang='lat'><em>-</em></span> 
     </span>
    </p>
   </div>
   <div class='ocr_carea' id='block_1_70' title="bbox 1952 1467 3530 1568">
    <p class='ocr_par' dir='ltr' id='par_1_70' title="bbox 1952 1467 3530 1568">
     <span class='ocr_line' id='line_1_77' title="bbox 1952 1467 3530 1568; baseline 0.034 -53"><span class='ocrx_word' id='word_1_590' title='bbox 1952 1476 2070 1518; x_wconf 88' lang='lat' dir='ltr'><strong>cum</strong></span> <span class='ocrx_word' id='word_1_591' title='bbox 2100 1467 2308 1537; x_wconf 88' lang='lat' dir='ltr'><strong>dolore;</strong></span> <span class='ocrx_word' id='word_1_592' title='bbox 2341 1473 2389 1528; x_wconf 90' lang='lat' dir='ltr'><strong>in</strong></span> <span class='ocrx_word' id='word_1_593' title='bbox 2425 1477 2505 1531; x_wconf 90' lang='lat' dir='ltr'><strong>his</strong></span> <span class='ocrx_word' id='word_1_594' title='bbox 2534 1496 2660 1549; x_wconf 82' lang='lat' dir='ltr'><strong>vero</strong></span> <span class='ocrx_word' id='word_1_595' title='bbox 2690 1502 2807 1555; x_wconf 63' lang='lat' dir='ltr'><strong>quae</strong></span> <span class='ocrx_word' id='word_1_596' title='bbox 2835 1491 2902 1545; x_wconf 90' lang='lat' dir='ltr'><strong>de</strong></span> <span class='ocrx_word' id='word_1_597' title='bbox 2928 1511 3114 1566; x_wconf 84' lang='lat' dir='ltr'><strong>azymo</strong></span> <span class='ocrx_word' id='word_1_598' title='bbox 3140 1467 3455 1564; x_wconf 64' lang='lat' dir='ltr'><strong>sinceritatis</strong></span> <span class='ocrx_word' id='word_1_599' title='bbox 3476 1524 3530 1568; x_wconf 82' lang='lat' dir='ltr'><strong>et</strong></span> 
     </span>
    </p>
   </div>
   <div class='ocr_carea' id='block_1_71' title="bbox 1950 1558 3525 1670">
    <p class='ocr_par' dir='ltr' id='par_1_71' title="bbox 1950 1558 3525 1670">
     <span class='ocr_line' id='line_1_78' title="bbox 1950 1558 3525 1670; baseline 0.033 -62"><span class='ocrx_word' id='word_1_600' title='bbox 1950 1558 2184 1617; x_wconf 70' lang='lat' dir='ltr'><strong>veritatis</strong></span> <span class='ocrx_word' id='word_1_601' title='bbox 2225 1564 2363 1621; x_wconf 91' lang='lat' dir='ltr'><strong>dono</strong></span> <span class='ocrx_word' id='word_1_602' title='bbox 2410 1570 2500 1624; x_wconf 77' lang='lat' dir='ltr'><strong>Dei</strong></span> <span class='ocrx_word' id='word_1_603' title='bbox 2544 1574 2679 1642; x_wconf 84' lang='lat' dir='ltr'><strong>dixi,</strong></span> <span class='ocrx_word' id='word_1_604' title='bbox 2712 1583 2919 1638; x_wconf 85' lang='lat' dir='ltr'><strong>exsulto</strong></span> <span class='ocrx_word' id='word_1_605' title='bbox 2940 1602 3059 1643; x_wconf 91' lang='lat' dir='ltr'><strong>cum</strong></span> <span class='ocrx_word' id='word_1_606' title='bbox 3103 1601 3348 1653; x_wconf 88' lang='lat' dir='ltr'><strong>tremore.</strong></span> <span class='ocrx_word' id='word_1_607' title='bbox 3389 1603 3525 1670; x_wconf 87' lang='lat' dir='ltr'><strong>Quid</strong></span> 
     </span>
    </p>
   </div>
   <div class='ocr_carea' id='block_1_72' title="bbox 1949 1648 3525 1748">
    <p class='ocr_par' dir='ltr' id='par_1_72' title="bbox 1949 1648 3525 1748">
     <span class='ocr_line' id='line_1_79' title="bbox 3204 1648 3525 1670; baseline 0.028 -20"><span class='ocrx_word' id='word_1_608' title='bbox 3204 1648 3229 1650; x_wconf 51' lang='grc' dir='ltr'>η</span> <span class='ocrx_word' id='word_1_609' title='bbox 3247 1648 3286 1651; x_wconf 71' lang='grc'><strong>,-</strong></span> <span class='ocrx_word' id='word_1_610' title='bbox 3304 1648 3348 1653; x_wconf 72' lang='lat'><strong>--</strong></span> <span class='ocrx_word' id='word_1_611' title='bbox 3394 1648 3525 1670; x_wconf 55' lang='grc' dir='ltr'><strong>νη.</strong></span> 
     </span>
     <span class='ocr_line' id='line_1_80' title="bbox 1949 1648 3525 1748; baseline 0.029 -46"><span class='ocrx_word' id='word_1_612' title='bbox 1949 1648 2087 1702; x_wconf 89' lang='lat' dir='ltr'><strong>enim</strong></span> <span class='ocrx_word' id='word_1_613' title='bbox 2116 1651 2368 1711; x_wconf 85' lang='lat' dir='ltr'><strong>habemus</strong></span> <span class='ocrx_word' id='word_1_614' title='bbox 2388 1702 2401 1723; x_wconf 92' lang='lat'><strong>,</strong></span> <span class='ocrx_word' id='word_1_615' title='bbox 2433 1664 2571 1730; x_wconf 85' lang='lat' dir='ltr'><strong>quod</strong></span> <span class='ocrx_word' id='word_1_616' title='bbox 2599 1682 2699 1720; x_wconf 90' lang='lat' dir='ltr'><strong>non</strong></span> <span class='ocrx_word' id='word_1_617' title='bbox 2723 1675 3023 1742; x_wconf 86' lang='lat' dir='ltr'><strong>accepimus</strong></span> <span class='ocrx_word' id='word_1_618' title='bbox 3044 1679 3066 1733; x_wconf 85' lang='lat'><strong>?</strong></span> <span class='ocrx_word' id='word_1_619' title='bbox 3087 1683 3153 1736; x_wconf 88' lang='lat' dir='ltr'><strong>At</strong></span> <span class='ocrx_word' id='word_1_620' title='bbox 3178 1687 3316 1741; x_wconf 91' lang='lat' dir='ltr'><strong>enim</strong></span> <span class='ocrx_word' id='word_1_621' title='bbox 3339 1694 3525 1748; x_wconf 83' lang='lat' dir='ltr'><strong>melior</strong></span> 
     </span>
    </p>
   </div>
   <div class='ocr_carea' id='block_1_73' title="bbox 1946 1745 3523 1845">
    <p class='ocr_par' dir='ltr' id='par_1_73' title="bbox 1946 1745 3523 1845">
     <span class='ocr_line' id='line_1_81' title="bbox 1946 1745 3523 1845; baseline 0.03 -51"><span class='ocrx_word' id='word_1_622' title='bbox 1946 1745 2135 1815; x_wconf 86' lang='lat' dir='ltr'><strong>estqui</strong></span> <span class='ocrx_word' id='word_1_623' title='bbox 2163 1748 2450 1817; x_wconf 88' lang='lat' dir='ltr'><strong>majoribus</strong></span> <span class='ocrx_word' id='word_1_624' title='bbox 2479 1763 2533 1810; x_wconf 92' lang='lat' dir='ltr'><strong>et</strong></span> <span class='ocrx_word' id='word_1_625' title='bbox 2560 1759 2797 1827; x_wconf 87' lang='lat' dir='ltr'><strong>pluribus</strong></span> <span class='ocrx_word' id='word_1_626' title='bbox 2816 1806 2831 1831; x_wconf 94' lang='lat'><strong>,</strong></span> <span class='ocrx_word' id='word_1_627' title='bbox 2861 1783 3016 1837; x_wconf 89' lang='lat' dir='ltr'><strong>quam</strong></span> <span class='ocrx_word' id='word_1_628' title='bbox 3044 1775 3131 1845; x_wconf 91' lang='lat' dir='ltr'><strong>qui</strong></span> <span class='ocrx_word' id='word_1_629' title='bbox 3160 1781 3451 1840; x_wconf 88' lang='lat' dir='ltr'><strong>minoribus</strong></span> <span class='ocrx_word' id='word_1_630' title='bbox 3471 1798 3523 1842; x_wconf 89' lang='lat' dir='ltr'><strong>ct</strong></span> 
     </span>
    </p>
   </div>
   <div class='ocr_carea' id='block_1_74' title="bbox 1944 1833 3521 1944">
    <p class='ocr_par' dir='ltr' id='par_1_74' title="bbox 1944 1833 3521 1944">
     <span class='ocr_line' id='line_1_82' title="bbox 1944 1833 3521 1944; baseline 0.032 -61"><span class='ocrx_word' id='word_1_631' title='bbox 1944 1833 2281 1905; x_wconf 87' lang='lat' dir='ltr'><strong>paucioribus</strong></span> <span class='ocrx_word' id='word_1_632' title='bbox 2331 1842 2482 1900; x_wconf 91' lang='lat' dir='ltr'><strong>donis</strong></span> <span class='ocrx_word' id='word_1_633' title='bbox 2540 1848 2629 1904; x_wconf 88' lang='lat' dir='ltr'><strong>Dei</strong></span> <span class='ocrx_word' id='word_1_634' title='bbox 2684 1853 2828 1911; x_wconf 88' lang='lat' dir='ltr'><strong>dives</strong></span> <span class='ocrx_word' id='word_1_635' title='bbox 2880 1868 2976 1915; x_wconf 90' lang='lat' dir='ltr'><strong>est.</strong></span> <span class='ocrx_word' id='word_1_636' title='bbox 3024 1864 3151 1935; x_wconf 82' lang='lat' dir='ltr'><strong>Quis</strong></span> <span class='ocrx_word' id='word_1_637' title='bbox 3193 1874 3385 1944; x_wconf 86' lang='lat' dir='ltr'><strong>negat?</strong></span> <span class='ocrx_word' id='word_1_638' title='bbox 3428 1880 3521 1943; x_wconf 88' lang='lat' dir='ltr'><strong>sed</strong></span> 
     </span>
    </p>
   </div>
   <div class='ocr_carea' id='block_1_75' title="bbox 1942 1931 3519 2038">
    <p class='ocr_par' dir='ltr' id='par_1_75' title="bbox 1942 1931 3519 2038">
     <span class='ocr_line' id='line_1_83' title="bbox 1942 1931 3519 2038; baseline 0.032 -63"><span class='ocrx_word' id='word_1_639' title='bbox 1942 1937 2127 1977; x_wconf 81' lang='lat' dir='ltr'><strong>rursus</strong></span> <span class='ocrx_word' id='word_1_640' title='bbox 2157 1931 2344 1985; x_wconf 90' lang='lat' dir='ltr'><strong>melius</strong></span> <span class='ocrx_word' id='word_1_641' title='bbox 2369 1945 2475 2000; x_wconf 86' lang='lat' dir='ltr'><strong>est,</strong></span> <span class='ocrx_word' id='word_1_642' title='bbox 2511 1940 2594 1995; x_wconf 91' lang='lat' dir='ltr'><strong>vel</strong></span> <span class='ocrx_word' id='word_1_643' title='bbox 2624 1941 2691 1998; x_wconf 89' lang='lat' dir='ltr'><strong>de</strong></span> <span class='ocrx_word' id='word_1_644' title='bbox 2718 1960 2882 2013; x_wconf 86' lang='lat' dir='ltr'><strong>parvo</strong></span> <span class='ocrx_word' id='word_1_645' title='bbox 2912 1952 2999 2008; x_wconf 83' lang='lat' dir='ltr'><strong>Dei</strong></span> <span class='ocrx_word' id='word_1_646' title='bbox 3032 1955 3173 2015; x_wconf 90' lang='lat' dir='ltr'><strong>dono</strong></span> <span class='ocrx_word' id='word_1_647' title='bbox 3201 1931 3393 2032; x_wconf 66' lang='lat' dir='ltr'><strong>gratias</strong></span> <span class='ocrx_word' id='word_1_648' title='bbox 3421 1969 3519 2038; x_wconf 90' lang='lat' dir='ltr'><strong>ipsi</strong></span> 
     </span>
    </p>
   </div>
   <div class='ocr_carea' id='block_1_76' title="bbox 1940 2025 3516 2129">
    <p class='ocr_par' dir='ltr' id='par_1_76' title="bbox 1940 2025 3516 2129">
     <span class='ocr_line' id='line_1_84' title="bbox 1940 2025 3516 2129; baseline 0.035 -66"><span class='ocrx_word' id='word_1_649' title='bbox 1940 2027 2115 2083; x_wconf 81' lang='lat' dir='ltr'><strong>agere,</strong></span> <span class='ocrx_word' id='word_1_650' title='bbox 2140 2034 2294 2088; x_wconf 87' lang='lat' dir='ltr'><strong>quam</strong></span> <span class='ocrx_word' id='word_1_651' title='bbox 2319 2025 2417 2081; x_wconf 72' lang='lat' dir='ltr'><strong>sibi</strong></span> <span class='ocrx_word' id='word_1_652' title='bbox 2443 2030 2525 2098; x_wconf 84' lang='lat' dir='ltr'><strong>agi</strong></span> <span class='ocrx_word' id='word_1_653' title='bbox 2548 2033 2681 2088; x_wconf 84' lang='lat' dir='ltr'><strong>velle</strong></span> <span class='ocrx_word' id='word_1_654' title='bbox 2707 2035 2770 2091; x_wconf 91' lang='lat' dir='ltr'><strong>de</strong></span> <span class='ocrx_word' id='word_1_655' title='bbox 2793 2055 3000 2112; x_wconf 88' lang='lat' dir='ltr'><strong>magno.</strong></span> <span class='ocrx_word' id='word_1_656' title='bbox 3028 2030 3151 2105; x_wconf 67' lang='lat' dir='ltr'><strong>[hec</strong></span> <span class='ocrx_word' id='word_1_657' title='bbox 3178 2062 3235 2108; x_wconf 88' lang='lat' dir='ltr'><strong>ut</strong></span> <span class='ocrx_word' id='word_1_658' title='bbox 3254 2071 3319 2111; x_wconf 80' lang='lat' dir='ltr'><strong>ex</strong></span> <span class='ocrx_word' id='word_1_659' title='bbox 3340 2061 3516 2129; x_wconf 84' lang='lat' dir='ltr'><strong>animo</strong></span> 
     </span>
    </p>
   </div>
   <div class='ocr_carea' id='block_1_77' title="bbox 1939 2114 3514 2213">
    <p class='ocr_par' dir='ltr' id='par_1_77' title="bbox 1939 2114 3514 2213">
     <span class='ocr_line' id='line_1_85' title="bbox 1939 2114 3514 2213; baseline 0.032 -54"><span class='ocrx_word' id='word_1_660' title='bbox 1939 2118 2148 2177; x_wconf 88' lang='lat' dir='ltr'><strong>semper</strong></span> <span class='ocrx_word' id='word_1_661' title='bbox 2192 2114 2474 2187; x_wconf 87' lang='lat' dir='ltr'><strong>conﬁtear,</strong></span> <span class='ocrx_word' id='word_1_662' title='bbox 2524 2138 2805 2199; x_wconf 81' lang='lat' dir='ltr'><strong>meumque</strong></span> <span class='ocrx_word' id='word_1_663' title='bbox 2855 2148 2947 2187; x_wconf 93' lang='lat' dir='ltr'><strong>cor</strong></span> <span class='ocrx_word' id='word_1_664' title='bbox 2989 2152 3017 2190; x_wconf 90' lang='lat' dir='ltr'><strong>a</strong></span> <span class='ocrx_word' id='word_1_665' title='bbox 3058 2139 3232 2213; x_wconf 88' lang='lat' dir='ltr'><strong>lingua</strong></span> <span class='ocrx_word' id='word_1_666' title='bbox 3266 2164 3380 2204; x_wconf 88' lang='lat' dir='ltr'><strong>mea</strong></span> <span class='ocrx_word' id='word_1_667' title='bbox 3409 2140 3514 2208; x_wconf 92' lang='lat' dir='ltr'><strong>non</strong></span> 
     </span>
     <span class='ocr_line' id='line_1_86' title="bbox 1944 2194 2166 2213; baseline 0.032 -7"><span class='ocrx_word' id='word_1_668' title='bbox 1944 2194 2009 2213; x_wconf 48' lang='grc' dir='ltr'><strong>,η</strong></span> <span class='ocrx_word' id='word_1_669' title='bbox 2160 2210 2166 2213; x_wconf 89' lang='lat'>_</span> 
     </span>
    </p>
   </div>
   <div class='ocr_carea' id='block_1_78' title="bbox 1936 2194 3511 2302">
    <p class='ocr_par' dir='ltr' id='par_1_78' title="bbox 1936 2194 3511 2302">
     <span class='ocr_line' id='line_1_87' title="bbox 2719 2194 3511 2213; baseline 0.04 -37"><span class='ocrx_word' id='word_1_670' title='bbox 2719 2194 2736 2199; x_wconf 81' lang='lat'>_</span> <span class='ocrx_word' id='word_1_671' title='bbox 3134 2194 3232 2213; x_wconf 52' lang='grc' dir='ltr'><strong>οη</strong></span> <span class='ocrx_word' id='word_1_672' title='bbox 3266 2194 3380 2204; x_wconf 73' lang='lat'><strong>--.-..</strong></span> <span class='ocrx_word' id='word_1_673' title='bbox 3409 2194 3511 2208; x_wconf 79' lang='grc' dir='ltr'><strong>..νη</strong></span> 
     </span>
     <span class='ocr_line' id='line_1_88' title="bbox 1936 2194 3511 2302; baseline 0.032 -54"><span class='ocrx_word' id='word_1_674' title='bbox 1936 2194 2199 2268; x_wconf 85' lang='lat' dir='ltr'><strong>dissonet,</strong></span> <span class='ocrx_word' id='word_1_675' title='bbox 2249 2222 2339 2261; x_wconf 90' lang='lat' dir='ltr'><strong>ora</strong></span> <span class='ocrx_word' id='word_1_676' title='bbox 2383 2225 2480 2279; x_wconf 89' lang='lat' dir='ltr'><strong>pro</strong></span> <span class='ocrx_word' id='word_1_677' title='bbox 2512 2230 2628 2283; x_wconf 91' lang='lat' dir='ltr'><strong>me,</strong></span> <span class='ocrx_word' id='word_1_678' title='bbox 2659 2216 2838 2276; x_wconf 80' lang='lat' dir='ltr'><strong>frater.</strong></span> <span class='ocrx_word' id='word_1_679' title='bbox 2867 2223 2967 2279; x_wconf 89' lang='lat' dir='ltr'><strong>Ora</strong></span> <span class='ocrx_word' id='word_1_680' title='bbox 2991 2268 3005 2294; x_wconf 90' lang='lat'><strong>,</strong></span> <span class='ocrx_word' id='word_1_681' title='bbox 3037 2231 3288 2302; x_wconf 86' lang='lat' dir='ltr'><strong>obsecro,</strong></span> <span class='ocrx_word' id='word_1_682' title='bbox 3322 2222 3380 2295; x_wconf 89' lang='lat' dir='ltr'><strong>ut</strong></span> <span class='ocrx_word' id='word_1_683' title='bbox 3406 2258 3511 2300; x_wconf 91' lang='lat' dir='ltr'><strong>non</strong></span> 
     </span>
    </p>
   </div>
   <div class='ocr_carea' id='block_1_79' title="bbox 1936 2284 3514 2401">
    <p class='ocr_par' dir='ltr' id='par_1_79' title="bbox 1936 2284 3514 2401">
     <span class='ocr_line' id='line_1_89' title="bbox 1936 2284 3514 2401; baseline 0.035 -64"><span class='ocrx_word' id='word_1_684' title='bbox 1936 2284 2136 2344; x_wconf 89' lang='lat' dir='ltr'><strong>laudari</strong></span> <span class='ocrx_word' id='word_1_685' title='bbox 2182 2296 2398 2367; x_wconf 87' lang='lat' dir='ltr'><strong>volens,</strong></span> <span class='ocrx_word' id='word_1_686' title='bbox 2447 2305 2539 2358; x_wconf 86' lang='lat' dir='ltr'><strong>sed</strong></span> <span class='ocrx_word' id='word_1_687' title='bbox 2584 2306 2804 2366; x_wconf 83' lang='lat' dir='ltr'><strong>laudans</strong></span> <span class='ocrx_word' id='word_1_688' title='bbox 2845 2315 3082 2376; x_wconf 87' lang='lat' dir='ltr'><strong>invocem</strong></span> <span class='ocrx_word' id='word_1_689' title='bbox 3115 2325 3427 2401; x_wconf 90' lang='lat' dir='ltr'><strong>Dominum,</strong></span> <span class='ocrx_word' id='word_1_690' title='bbox 3459 2348 3514 2393; x_wconf 89' lang='lat' dir='ltr'><strong>et</strong></span> 
     </span>
     <span class='ocr_line' id='line_1_90' title="bbox 1936 2377 2515 2401; baseline 0.033 -13"><span class='ocrx_word' id='word_1_691' title='bbox 1936 2377 1997 2401; x_wconf 48' lang='grc' dir='ltr'>λι,</span> <span class='ocrx_word' id='word_1_692' title='bbox 2028 2380 2058 2401; x_wconf 26' lang='grc' dir='ltr'><strong>,λ</strong></span> <span class='ocrx_word' id='word_1_693' title='bbox 2213 2386 2222 2396; x_wconf 94' lang='grc'><em>.</em></span> <span class='ocrx_word' id='word_1_694' title='bbox 2371 2390 2385 2401; x_wconf 91' lang='grc'><em>.</em></span> <span class='ocrx_word' id='word_1_695' title='bbox 2502 2396 2515 2401; x_wconf 91' lang='grc'><strong>-</strong></span> 
     </span>
    </p>
   </div>
   <div class='ocr_carea' id='block_1_80' title="bbox 1933 2377 2755 2463">
    <p class='ocr_par' dir='ltr' id='par_1_80' title="bbox 1933 2377 2755 2463">
     <span class='ocr_line' id='line_1_91' title="bbox 1933 2377 2755 2463; baseline 0.029 -31"><span class='ocrx_word' id='word_1_696' title='bbox 1933 2377 2000 2433; x_wconf 89' lang='lat' dir='ltr'><strong>ab</strong></span> <span class='ocrx_word' id='word_1_697' title='bbox 2027 2380 2252 2441; x_wconf 89' lang='lat' dir='ltr'><strong>inimicis</strong></span> <span class='ocrx_word' id='word_1_698' title='bbox 2280 2390 2413 2446; x_wconf 81' lang='lat' dir='ltr'><strong>meis</strong></span> <span class='ocrx_word' id='word_1_699' title='bbox 2441 2396 2618 2463; x_wconf 85' lang='lat' dir='ltr'><strong>salvus</strong></span> <span class='ocrx_word' id='word_1_700' title='bbox 2642 2415 2755 2458; x_wconf 87' lang='lat' dir='ltr'><strong>ero.</strong></span> 
     </span>
    </p>
   </div>
   <div class='ocr_carea' id='block_1_81' title="bbox 2002 2473 3500 2583">
    <p class='ocr_par' dir='ltr' id='par_1_81' title="bbox 2002 2473 3500 2583">
     <span class='ocr_line' id='line_1_92' title="bbox 2002 2473 3500 2583; baseline 0.033 -57"><span class='ocrx_word' id='word_1_701' title='bbox 2002 2473 2054 2527; x_wconf 82' lang='lat'><strong>5.</strong></span> <span class='ocrx_word' id='word_1_702' title='bbox 2086 2475 2178 2533; x_wconf 88' lang='lat' dir='ltr'><strong>Est</strong></span> <span class='ocrx_word' id='word_1_703' title='bbox 2217 2481 2373 2557; x_wconf 85' lang='lat' dir='ltr'><strong>etiam</strong></span> <span class='ocrx_word' id='word_1_704' title='bbox 2406 2486 2543 2542; x_wconf 86' lang='lat' dir='ltr'><strong>aliud</strong></span> <span class='ocrx_word' id='word_1_705' title='bbox 2574 2506 2677 2561; x_wconf 89' lang='lat' dir='ltr'><strong>quo</strong></span> <span class='ocrx_word' id='word_1_706' title='bbox 2705 2495 2859 2552; x_wconf 91' lang='lat' dir='ltr'><strong>istum</strong></span> <span class='ocrx_word' id='word_1_707' title='bbox 2915 2500 3129 2579; x_wconf 78' lang='lat' dir='ltr'><strong>fratrem</strong></span> <span class='ocrx_word' id='word_1_708' title='bbox 3167 2514 3398 2583; x_wconf 91' lang='lat' dir='ltr'><strong>amplius</strong></span> <span class='ocrx_word' id='word_1_709' title='bbox 3420 2519 3500 2574; x_wconf 82' lang='lat' dir='ltr'><strong>di-</strong></span> 
     </span>
    </p>
   </div>
   <div class='ocr_carea' id='block_1_82' title="bbox 1930 2560 3507 2668">
    <p class='ocr_par' dir='ltr' id='par_1_82' title="bbox 1930 2560 3507 2668">
     <span class='ocr_line' id='line_1_93' title="bbox 1930 2560 3507 2668; baseline 0.036 -55"><span class='ocrx_word' id='word_1_710' title='bbox 1930 2560 2102 2632; x_wconf 88' lang='lat' dir='ltr'><strong>ligas:</strong></span> <span class='ocrx_word' id='word_1_711' title='bbox 2144 2584 2264 2623; x_wconf 86' lang='lat' dir='ltr'><strong>nam</strong></span> <span class='ocrx_word' id='word_1_712' title='bbox 2309 2583 2389 2628; x_wconf 87' lang='lat' dir='ltr'><strong>est</strong></span> <span class='ocrx_word' id='word_1_713' title='bbox 2427 2592 2678 2655; x_wconf 87' lang='lat' dir='ltr'><strong>cognatus</strong></span> <span class='ocrx_word' id='word_1_714' title='bbox 2718 2569 3056 2665; x_wconf 67' lang='lat' dir='ltr'><strong>venerabilis,</strong></span> <span class='ocrx_word' id='word_1_715' title='bbox 3094 2608 3150 2656; x_wconf 88' lang='lat' dir='ltr'><strong>et</strong></span> <span class='ocrx_word' id='word_1_716' title='bbox 3193 2560 3317 2662; x_wconf 55' lang='lat' dir='ltr'><strong>vere</strong></span> <span class='ocrx_word' id='word_1_717' title='bbox 3360 2608 3507 2668; x_wconf 76' lang='lat' dir='ltr'><strong>beati</strong></span> 
     </span>
    </p>
   </div>
   <div class='ocr_carea' id='block_1_83' title="bbox 1929 2654 3507 2767">
    <p class='ocr_par' dir='ltr' id='par_1_83' title="bbox 1929 2654 3507 2767">
     <span class='ocr_line' id='line_1_94' title="bbox 1929 2654 3507 2767; baseline 0.034 -61"><span class='ocrx_word' id='word_1_718' title='bbox 1929 2654 2159 2727; x_wconf 89' lang='lat' dir='ltr'><strong>episcopi</strong></span> <span class='ocrx_word' id='word_1_719' title='bbox 2187 2661 2358 2734; x_wconf 81' lang='lat' dir='ltr'><strong>Alypii</strong></span> <span class='ocrx_word' id='word_1_720' title='bbox 2390 2709 2402 2732; x_wconf 91' lang='lat'><strong>,</strong></span> <span class='ocrx_word' id='word_1_721' title='bbox 2452 2686 2609 2739; x_wconf 91' lang='lat' dir='ltr'><strong>quem</strong></span> <span class='ocrx_word' id='word_1_722' title='bbox 2659 2686 2769 2733; x_wconf 88' lang='lat' dir='ltr'><strong>toto</strong></span> <span class='ocrx_word' id='word_1_723' title='bbox 2810 2654 3421 2767; x_wconf 41' lang='lat' dir='ltr'><strong>pectore&#39;amplecteris,</strong></span> <span class='ocrx_word' id='word_1_724' title='bbox 3452 2716 3507 2760; x_wconf 90' lang='lat' dir='ltr'><strong>et</strong></span> 
     </span>
    </p>
   </div>
   <div class='ocr_carea' id='block_1_84' title="bbox 1927 2748 3504 2861">
    <p class='ocr_par' dir='ltr' id='par_1_84' title="bbox 1927 2748 3504 2861">
     <span class='ocr_line' id='line_1_95' title="bbox 1927 2748 3504 2861; baseline 0.034 -63"><span class='ocrx_word' id='word_1_725' title='bbox 1927 2748 2153 2827; x_wconf 89' lang='lat' dir='ltr'><strong>merito;</strong></span> <span class='ocrx_word' id='word_1_726' title='bbox 2189 2769 2311 2810; x_wconf 90' lang='lat' dir='ltr'><strong>nam</strong></span> <span class='ocrx_word' id='word_1_727' title='bbox 2338 2761 2575 2832; x_wconf 81' lang='lat' dir='ltr'><strong>quisquis</strong></span> <span class='ocrx_word' id='word_1_728' title='bbox 2603 2769 2669 2824; x_wconf 91' lang='lat' dir='ltr'><strong>de</strong></span> <span class='ocrx_word' id='word_1_729' title='bbox 2688 2770 2781 2827; x_wconf 92' lang='lat' dir='ltr'><strong>illo</strong></span> <span class='ocrx_word' id='word_1_730' title='bbox 2808 2776 2922 2831; x_wconf 89' lang='lat' dir='ltr'><strong>viro</strong></span> <span class='ocrx_word' id='word_1_731' title='bbox 2945 2779 3169 2854; x_wconf 88' lang='lat' dir='ltr'><strong>benigne</strong></span> <span class='ocrx_word' id='word_1_732' title='bbox 3191 2790 3404 2861; x_wconf 83' lang='lat' dir='ltr'><strong>cogitat,</strong></span> <span class='ocrx_word' id='word_1_733' title='bbox 3434 2793 3504 2852; x_wconf 89' lang='lat' dir='ltr'><strong>de</strong></span> 
     </span>
    </p>
   </div>
   <div class='ocr_carea' id='block_1_85' title="bbox 1928 2844 3501 2939">
    <p class='ocr_par' dir='ltr' id='par_1_85' title="bbox 1928 2844 3501 2939">
     <span class='ocr_line' id='line_1_96' title="bbox 1928 2844 3501 2939; baseline 0.033 -50"><span class='ocrx_word' id='word_1_734' title='bbox 1928 2852 2117 2917; x_wconf 84' lang='lat' dir='ltr'><strong>magna</strong></span> <span class='ocrx_word' id='word_1_735' title='bbox 2150 2844 2243 2899; x_wconf 92' lang='lat' dir='ltr'><strong>Dei</strong></span> <span class='ocrx_word' id='word_1_736' title='bbox 2292 2851 2655 2914; x_wconf 85' lang='lat' dir='ltr'><strong>misericordia</strong></span> <span class='ocrx_word' id='word_1_737' title='bbox 2679 2903 2691 2925; x_wconf 94' lang='lat'><strong>,</strong></span> <span class='ocrx_word' id='word_1_738' title='bbox 2726 2872 2777 2919; x_wconf 90' lang='lat' dir='ltr'><strong>et</strong></span> <span class='ocrx_word' id='word_1_739' title='bbox 2807 2866 2872 2923; x_wconf 90' lang='lat' dir='ltr'><strong>de</strong></span> <span class='ocrx_word' id='word_1_740' title='bbox 2900 2870 3224 2933; x_wconf 86' lang='lat' dir='ltr'><strong>mirabilibus</strong></span> <span class='ocrx_word' id='word_1_741' title='bbox 3256 2880 3345 2937; x_wconf 90' lang='lat' dir='ltr'><strong>Dei</strong></span> <span class='ocrx_word' id='word_1_742' title='bbox 3384 2900 3501 2939; x_wconf 91' lang='lat' dir='ltr'><strong>mu-</strong></span> 
     </span>
    </p>
   </div>
   <div class='ocr_carea' id='block_1_86' title="bbox 1925 2935 3498 3046">
    <p class='ocr_par' dir='ltr' id='par_1_86' title="bbox 1925 2935 3498 3046">
     <span class='ocr_line' id='line_1_97' title="bbox 1925 2935 3498 3046; baseline 0.029 -58"><span class='ocrx_word' id='word_1_743' title='bbox 1925 2935 2141 2993; x_wconf 89' lang='lat' dir='ltr'><strong>neribus</strong></span> <span class='ocrx_word' id='word_1_744' title='bbox 2161 2944 2373 3013; x_wconf 87' lang='lat' dir='ltr'><strong>cogitat.</strong></span> <span class='ocrx_word' id='word_1_745' title='bbox 2410 2946 2597 3020; x_wconf 86' lang='lat' dir='ltr'><strong>Itaque</strong></span> <span class='ocrx_word' id='word_1_746' title='bbox 2615 2970 2732 3010; x_wconf 91' lang='lat' dir='ltr'><strong>cum</strong></span> <span class='ocrx_word' id='word_1_747' title='bbox 2754 2958 2966 3031; x_wconf 80' lang='lat' dir='ltr'><strong>legisset</strong></span> <span class='ocrx_word' id='word_1_748' title='bbox 2998 2968 3299 3035; x_wconf 89' lang='lat' dir='ltr'><strong>petitionem</strong></span> <span class='ocrx_word' id='word_1_749' title='bbox 3334 2985 3498 3046; x_wconf 88' lang='lat' dir='ltr'><strong>tuam,</strong></span> 
     </span>
    </p>
   </div>
   <div class='ocr_carea' id='block_1_87' title="bbox 1923 3030 3496 3126">
    <p class='ocr_par' dir='ltr' id='par_1_87' title="bbox 1923 3030 3496 3126">
     <span class='ocr_line' id='line_1_98' title="bbox 1923 3030 3496 3126; baseline 0.029 -46"><span class='ocrx_word' id='word_1_750' title='bbox 1923 3042 2021 3097; x_wconf 89' lang='lat' dir='ltr'><strong>qua</strong></span> <span class='ocrx_word' id='word_1_751' title='bbox 2063 3030 2365 3093; x_wconf 88' lang='lat' dir='ltr'><strong>desiderare</strong></span> <span class='ocrx_word' id='word_1_752' title='bbox 2411 3049 2460 3094; x_wconf 91' lang='lat' dir='ltr'><strong>te</strong></span> <span class='ocrx_word' id='word_1_753' title='bbox 2503 3043 2744 3103; x_wconf 87' lang='lat' dir='ltr'><strong>indicasti</strong></span> <span class='ocrx_word' id='word_1_754' title='bbox 2796 3062 2852 3105; x_wconf 93' lang='lat' dir='ltr'><strong>ut</strong></span> <span class='ocrx_word' id='word_1_755' title='bbox 2895 3053 3163 3115; x_wconf 90' lang='lat' dir='ltr'><strong>historiam</strong></span> <span class='ocrx_word' id='word_1_756' title='bbox 3210 3079 3358 3122; x_wconf 90' lang='lat' dir='ltr'><strong>suam</strong></span> <span class='ocrx_word' id='word_1_757' title='bbox 3408 3070 3496 3126; x_wconf 88' lang='lat' dir='ltr'><strong>tibi</strong></span> 
     </span>
    </p>
   </div>
   <div class='ocr_carea' id='block_1_88' title="bbox 1916 3123 3491 3231">
    <p class='ocr_par' dir='ltr' id='par_1_88' title="bbox 1916 3123 3491 3231">
     <span class='ocr_line' id='line_1_99' title="bbox 1916 3123 3491 3231; baseline 0.027 -57"><span class='ocrx_word' id='word_1_758' title='bbox 1916 3123 2137 3195; x_wconf 88' lang='lat' dir='ltr'><strong>scribat,</strong></span> <span class='ocrx_word' id='word_1_759' title='bbox 2159 3135 2210 3181; x_wconf 89' lang='lat' dir='ltr'><strong>et</strong></span> <span class='ocrx_word' id='word_1_760' title='bbox 2240 3130 2443 3188; x_wconf 82' lang='lat' dir='ltr'><strong>volebat</strong></span> <span class='ocrx_word' id='word_1_761' title='bbox 2463 3135 2637 3193; x_wconf 85' lang='lat' dir='ltr'><strong>facere</strong></span> <span class='ocrx_word' id='word_1_762' title='bbox 2658 3154 2872 3212; x_wconf 90' lang='lat' dir='ltr'><strong>propter</strong></span> <span class='ocrx_word' id='word_1_763' title='bbox 2887 3135 3305 3211; x_wconf 86' lang='lat' dir='ltr'><strong>benevolentiam</strong></span> <span class='ocrx_word' id='word_1_764' title='bbox 3332 3167 3491 3231; x_wconf 89' lang='lat' dir='ltr'><strong>tuam,</strong></span> 
     </span>
    </p>
   </div>
   <div class='ocr_carea' id='block_1_89' title="bbox 1919 3214 3494 3314">
    <p class='ocr_par' dir='ltr' id='par_1_89' title="bbox 1919 3214 3494 3314">
     <span class='ocr_line' id='line_1_100' title="bbox 1919 3214 3494 3314; baseline 0.028 -46"><span class='ocrx_word' id='word_1_765' title='bbox 1919 3222 1974 3268; x_wconf 89' lang='lat' dir='ltr'><strong>et</strong></span> <span class='ocrx_word' id='word_1_766' title='bbox 2002 3214 2213 3272; x_wconf 87' lang='lat' dir='ltr'><strong>nolebat</strong></span> <span class='ocrx_word' id='word_1_767' title='bbox 2240 3232 2455 3291; x_wconf 90' lang='lat' dir='ltr'><strong>propter</strong></span> <span class='ocrx_word' id='word_1_768' title='bbox 2480 3231 2847 3289; x_wconf 87' lang='lat' dir='ltr'><strong>verecundiam</strong></span> <span class='ocrx_word' id='word_1_769' title='bbox 2878 3252 3025 3294; x_wconf 92' lang='lat' dir='ltr'><strong>suam</strong></span> <span class='ocrx_word' id='word_1_770' title='bbox 3053 3260 3065 3295; x_wconf 90' lang='lat'><strong>:</strong></span> <span class='ocrx_word' id='word_1_771' title='bbox 3094 3261 3251 3314; x_wconf 89' lang='lat' dir='ltr'><strong>quem</strong></span> <span class='ocrx_word' id='word_1_772' title='bbox 3277 3266 3393 3305; x_wconf 78' lang='lat' dir='ltr'><strong>curn</strong></span> <span class='ocrx_word' id='word_1_773' title='bbox 3416 3244 3494 3311; x_wconf 83' lang='lat' dir='ltr'><strong>vi-</strong></span> 
     </span>
    </p>
   </div>
   <div class='ocr_carea' id='block_1_90' title="bbox 1919 3298 3492 3412">
    <p class='ocr_par' dir='ltr' id='par_1_90' title="bbox 1919 3298 3492 3412">
     <span class='ocr_line' id='line_1_101' title="bbox 1919 3298 3492 3412; baseline 0.027 -51"><span class='ocrx_word' id='word_1_774' title='bbox 1919 3298 2102 3364; x_wconf 83' lang='lat' dir='ltr'><strong>derem</strong></span> <span class='ocrx_word' id='word_1_775' title='bbox 2135 3312 2271 3370; x_wconf 88' lang='lat' dir='ltr'><strong>inter</strong></span> <span class='ocrx_word' id='word_1_776' title='bbox 2290 3331 2524 3375; x_wconf 90' lang='lat' dir='ltr'><strong>amorem</strong></span> <span class='ocrx_word' id='word_1_777' title='bbox 2558 3325 2919 3400; x_wconf 87' lang='lat' dir='ltr'><strong>pudoremque</strong></span> <span class='ocrx_word' id='word_1_778' title='bbox 2961 3330 3323 3412; x_wconf 80' lang='lat' dir='ltr'><strong>fluctuantem,</strong></span> <span class='ocrx_word' id='word_1_779' title='bbox 3359 3363 3492 3405; x_wconf 89' lang='lat' dir='ltr'><strong>onus</strong></span> 
     </span>
    </p>
   </div>
   <div class='ocr_carea' id='block_1_91' title="bbox 1926 3401 3492 3499">
    <p class='ocr_par' dir='ltr' id='par_1_91' title="bbox 1926 3401 3492 3499">
     <span class='ocr_line' id='line_1_102' title="bbox 1926 3401 3492 3499; baseline 0.029 -48"><span class='ocrx_word' id='word_1_780' title='bbox 1926 3401 1993 3455; x_wconf 91' lang='lat' dir='ltr'><strong>ab</strong></span> <span class='ocrx_word' id='word_1_781' title='bbox 2038 3402 2127 3456; x_wconf 94' lang='lat' dir='ltr'><strong>illo</strong></span> <span class='ocrx_word' id='word_1_782' title='bbox 2158 3405 2206 3458; x_wconf 93' lang='lat' dir='ltr'><strong>in</strong></span> <span class='ocrx_word' id='word_1_783' title='bbox 2241 3407 2489 3467; x_wconf 87' lang='lat' dir='ltr'><strong>lmmeros</strong></span> <span class='ocrx_word' id='word_1_784' title='bbox 2528 3430 2675 3471; x_wconf 90' lang='lat' dir='ltr'><strong>meos</strong></span> <span class='ocrx_word' id='word_1_785' title='bbox 2725 3425 2999 3491; x_wconf 88' lang='lat' dir='ltr'><strong>transtuli;</strong></span> <span class='ocrx_word' id='word_1_786' title='bbox 3049 3445 3171 3485; x_wconf 93' lang='lat' dir='ltr'><strong>nam</strong></span> <span class='ocrx_word' id='word_1_787' title='bbox 3221 3420 3321 3490; x_wconf 88' lang='lat' dir='ltr'><strong>hoc</strong></span> <span class='ocrx_word' id='word_1_788' title='bbox 3364 3442 3492 3499; x_wconf 88' lang='lat' dir='ltr'><strong>mihi</strong></span> 
     </span>
    </p>
   </div>
   <div class='ocr_carea' id='block_1_92' title="bbox 1915 3491 3491 3586">
    <p class='ocr_par' dir='ltr' id='par_1_92' title="bbox 1915 3491 3491 3586">
     <span class='ocr_line' id='line_1_103' title="bbox 1915 3491 3491 3586; baseline 0.023 -37"><span class='ocrx_word' id='word_1_789' title='bbox 1915 3491 2071 3549; x_wconf 85' lang='lat' dir='ltr'><strong>etiam</strong></span> <span class='ocrx_word' id='word_1_790' title='bbox 2096 3510 2190 3564; x_wconf 92' lang='lat' dir='ltr'><strong>per</strong></span> <span class='ocrx_word' id='word_1_791' title='bbox 2215 3499 2489 3568; x_wconf 89' lang='lat' dir='ltr'><strong>epistolam</strong></span> <span class='ocrx_word' id='word_1_792' title='bbox 2509 3503 2687 3575; x_wconf 86' lang='lat' dir='ltr'><strong>jussit.</strong></span> <span class='ocrx_word' id='word_1_793' title='bbox 2722 3510 2838 3566; x_wconf 89' lang='lat' dir='ltr'><strong>Cito</strong></span> <span class='ocrx_word' id='word_1_794' title='bbox 2866 3530 3009 3586; x_wconf 87' lang='lat' dir='ltr'><strong>ergo,</strong></span> <span class='ocrx_word' id='word_1_795' title='bbox 3043 3519 3087 3573; x_wconf 92' lang='lat' dir='ltr'><strong>si</strong></span> <span class='ocrx_word' id='word_1_796' title='bbox 3116 3521 3366 3583; x_wconf 90' lang='lat' dir='ltr'><strong>Dominus</strong></span> <span class='ocrx_word' id='word_1_797' title='bbox 3392 3524 3491 3585; x_wconf 34' lang='lat' dir='ltr'><strong>ads</strong></span> 
     </span>
    </p>
   </div>
   <div class='ocr_carea' id='block_1_93' title="bbox 1905 3582 3490 3686">
    <p class='ocr_par' dir='ltr' id='par_1_93' title="bbox 1905 3582 3490 3686">
     <span class='ocr_line' id='line_1_104' title="bbox 1905 3582 3490 3686; baseline 0.026 -50"><span class='ocrx_word' id='word_1_798' title='bbox 1905 3582 2123 3657; x_wconf 85' lang='lat' dir='ltr'><strong>juverit,</strong></span> <span class='ocrx_word' id='word_1_799' title='bbox 2152 3597 2315 3645; x_wconf 86' lang='lat' dir='ltr'><strong>totum</strong></span> <span class='ocrx_word' id='word_1_800' title='bbox 2348 3594 2589 3665; x_wconf 79' lang='lat' dir='ltr'><strong>Alypium</strong></span> <span class='ocrx_word' id='word_1_801' title='bbox 2622 3600 2849 3657; x_wconf 89' lang='lat' dir='ltr'><strong>inseram</strong></span> <span class='ocrx_word' id='word_1_802' title='bbox 2874 3612 3176 3676; x_wconf 81' lang='lat' dir='ltr'><strong>praecordiis</strong></span> <span class='ocrx_word' id='word_1_803' title='bbox 3205 3619 3337 3686; x_wconf 83' lang='lat' dir='ltr'><strong>tuis;</strong></span> <span class='ocrx_word' id='word_1_804' title='bbox 3367 3637 3490 3678; x_wconf 88' lang='lat' dir='ltr'><strong>nam</strong></span> 
     </span>
    </p>
   </div>
   <div class='ocr_carea' id='block_1_94' title="bbox 1912 3675 3488 3786">
    <p class='ocr_par' dir='ltr' id='par_1_94' title="bbox 1912 3675 3488 3786">
     <span class='ocr_line' id='line_1_105' title="bbox 1912 3675 3488 3786; baseline 0.028 -57"><span class='ocrx_word' id='word_1_805' title='bbox 1912 3675 2013 3731; x_wconf 90' lang='lat' dir='ltr'><strong>hoc</strong></span> <span class='ocrx_word' id='word_1_806' title='bbox 2054 3694 2170 3734; x_wconf 91' lang='lat' dir='ltr'><strong>sum</strong></span> <span class='ocrx_word' id='word_1_807' title='bbox 2198 3698 2296 3753; x_wconf 91' lang='lat' dir='ltr'><strong>ego</strong></span> <span class='ocrx_word' id='word_1_808' title='bbox 2326 3688 2553 3745; x_wconf 90' lang='lat' dir='ltr'><strong>maxime</strong></span> <span class='ocrx_word' id='word_1_809' title='bbox 2582 3695 2781 3751; x_wconf 87' lang='lat' dir='ltr'><strong>veritus</strong></span> <span class='ocrx_word' id='word_1_810' title='bbox 2807 3739 2822 3762; x_wconf 90' lang='lat'><strong>,</strong></span> <span class='ocrx_word' id='word_1_811' title='bbox 2852 3715 2921 3755; x_wconf 91' lang='lat' dir='ltr'><strong>ne</strong></span> <span class='ocrx_word' id='word_1_812' title='bbox 2951 3702 3041 3759; x_wconf 89' lang='lat' dir='ltr'><strong>ille</strong></span> <span class='ocrx_word' id='word_1_813' title='bbox 3067 3722 3338 3767; x_wconf 88' lang='lat' dir='ltr'><strong>vereretur</strong></span> <span class='ocrx_word' id='word_1_814' title='bbox 3363 3730 3488 3786; x_wconf 74' lang='lat' dir='ltr'><strong>ape~</strong></span> 
     </span>
    </p>
   </div>
   <div class='ocr_carea' id='block_1_95' title="bbox 1908 3767 3485 3869">
    <p class='ocr_par' dir='ltr' id='par_1_95' title="bbox 1908 3767 3485 3869">
     <span class='ocr_line' id='line_1_106' title="bbox 3378 3767 3460 3793; baseline 0.024 -21"><span class='ocrx_word' id='word_1_815' title='bbox 3378 3767 3460 3793; x_wconf 19' lang='lat' dir='ltr'><strong>vr-</strong></span> 
     </span>
     <span class='ocr_line' id='line_1_107' title="bbox 1908 3767 3485 3869; baseline 0.03 -50"><span class='ocrx_word' id='word_1_816' title='bbox 1908 3767 2015 3822; x_wconf 89' lang='lat' dir='ltr'><strong>rire</strong></span> <span class='ocrx_word' id='word_1_817' title='bbox 2058 3772 2235 3827; x_wconf 90' lang='lat' dir='ltr'><strong>omnia</strong></span> <span class='ocrx_word' id='word_1_818' title='bbox 2278 3792 2395 3846; x_wconf 79' lang='lat' dir='ltr'><strong>quae</strong></span> <span class='ocrx_word' id='word_1_819' title='bbox 2433 3779 2481 3833; x_wconf 93' lang='lat' dir='ltr'><strong>in</strong></span> <span class='ocrx_word' id='word_1_820' title='bbox 2514 3798 2632 3837; x_wconf 89' lang='lat' dir='ltr'><strong>eum</strong></span> <span class='ocrx_word' id='word_1_821' title='bbox 2666 3786 2918 3845; x_wconf 89' lang='lat' dir='ltr'><strong>Dominus</strong></span> <span class='ocrx_word' id='word_1_822' title='bbox 2950 3798 3191 3869; x_wconf 84' lang='lat' dir='ltr'><strong>contulit,</strong></span> <span class='ocrx_word' id='word_1_823' title='bbox 3223 3819 3289 3859; x_wconf 89' lang='lat' dir='ltr'><strong>ne</strong></span> <span class='ocrx_word' id='word_1_824' title='bbox 3331 3794 3485 3869; x_wconf 82' lang='lat' dir='ltr'><strong>alicui</strong></span> 
     </span>
    </p>
   </div>
   <div class='ocr_carea' id='block_1_96' title="bbox 1906 3863 3485 3968">
    <p class='ocr_par' dir='ltr' id='par_1_96' title="bbox 1906 3863 3485 3968">
     <span class='ocr_line' id='line_1_108' title="bbox 1906 3863 3485 3968; baseline 0.026 -52"><span class='ocrx_word' id='word_1_825' title='bbox 1906 3863 2082 3919; x_wconf 89' lang='lat' dir='ltr'><strong>minus</strong></span> <span class='ocrx_word' id='word_1_826' title='bbox 2104 3863 2410 3938; x_wconf 85' lang='lat' dir='ltr'><strong>iutelligcnti</strong></span> <span class='ocrx_word' id='word_1_827' title='bbox 2441 3870 2580 3945; x_wconf 83' lang='lat' dir='ltr'><strong>(non</strong></span> <span class='ocrx_word' id='word_1_828' title='bbox 2608 3878 2747 3934; x_wconf 88' lang='lat' dir='ltr'><strong>enim</strong></span> <span class='ocrx_word' id='word_1_829' title='bbox 2779 3883 2873 3938; x_wconf 89' lang='lat' dir='ltr'><strong>abs</strong></span> <span class='ocrx_word' id='word_1_830' title='bbox 2899 3894 2948 3940; x_wconf 90' lang='lat' dir='ltr'><strong>te</strong></span> <span class='ocrx_word' id='word_1_831' title='bbox 2980 3890 3094 3943; x_wconf 91' lang='lat' dir='ltr'><strong>solo</strong></span> <span class='ocrx_word' id='word_1_832' title='bbox 3122 3892 3207 3946; x_wconf 90' lang='lat' dir='ltr'><strong>illa</strong></span> <span class='ocrx_word' id='word_1_833' title='bbox 3240 3895 3485 3968; x_wconf 78' lang='lat' dir='ltr'><strong>legeren-</strong></span> 
     </span>
    </p>
   </div>
   <div class='ocr_carea' id='block_1_97' title="bbox 1905 3953 3482 4055">
    <p class='ocr_par' dir='ltr' id='par_1_97' title="bbox 1905 3953 3482 4055">
     <span class='ocr_line' id='line_1_109' title="bbox 1905 3953 3482 4055; baseline 0.028 -48"><span class='ocrx_word' id='word_1_834' title='bbox 1905 3953 2035 4025; x_wconf 79' lang='lat' dir='ltr'><strong>tur),</strong></span> <span class='ocrx_word' id='word_1_835' title='bbox 2084 3972 2189 4011; x_wconf 89' lang='lat' dir='ltr'><strong>non</strong></span> <span class='ocrx_word' id='word_1_836' title='bbox 2231 3960 2402 4016; x_wconf 86' lang='lat' dir='ltr'><strong>divina</strong></span> <span class='ocrx_word' id='word_1_837' title='bbox 2451 3982 2665 4022; x_wconf 91' lang='lat' dir='ltr'><strong>munera</strong></span> <span class='ocrx_word' id='word_1_838' title='bbox 2717 3987 2963 4032; x_wconf 87' lang='lat' dir='ltr'><strong>concessa</strong></span> <span class='ocrx_word' id='word_1_839' title='bbox 3020 3974 3336 4055; x_wconf 89' lang='lat' dir='ltr'><strong>hominibus,</strong></span> <span class='ocrx_word' id='word_1_840' title='bbox 3388 3997 3482 4051; x_wconf 88' lang='lat' dir='ltr'><strong>scd</strong></span> 
     </span>
    </p>
   </div>
   <div class='ocr_carea' id='block_1_98' title="bbox 1903 4038 3480 4149">
    <p class='ocr_par' dir='ltr' id='par_1_98' title="bbox 1903 4038 3480 4149">
     <span class='ocr_line' id='line_1_110' title="bbox 1903 4038 3480 4149; baseline 0.025 -49"><span class='ocrx_word' id='word_1_841' title='bbox 1903 4044 2076 4129; x_wconf 80' lang='lat' dir='ltr'><strong>ipsum</strong></span> <span class='ocrx_word' id='word_1_842' title='bbox 2118 4038 2405 4119; x_wconf 67' lang='lat' dir='ltr'><strong>praedicare</strong></span> <span class='ocrx_word' id='word_1_843' title='bbox 2437 4059 2725 4127; x_wconf 85' lang='lat' dir='ltr'><strong>videretur,</strong></span> <span class='ocrx_word' id='word_1_844' title='bbox 2756 4076 2809 4120; x_wconf 91' lang='lat' dir='ltr'><strong>et</strong></span> <span class='ocrx_word' id='word_1_845' title='bbox 2843 4077 2895 4121; x_wconf 90' lang='lat' dir='ltr'><strong>tu</strong></span> <span class='ocrx_word' id='word_1_846' title='bbox 2924 4073 3009 4141; x_wconf 87' lang='lat' dir='ltr'><strong>qui</strong></span> <span class='ocrx_word' id='word_1_847' title='bbox 3047 4078 3181 4130; x_wconf 90' lang='lat' dir='ltr'><strong>nosti</strong></span> <span class='ocrx_word' id='word_1_848' title='bbox 3214 4086 3480 4149; x_wconf 87' lang='lat' dir='ltr'><strong>quomodo</strong></span> 
     </span>
    </p>
   </div>
   <div class='ocr_carea' id='block_1_99' title="bbox 1904 4136 3474 4230">
    <p class='ocr_par' dir='ltr' id='par_1_99' title="bbox 1904 4136 3474 4230">
     <span class='ocr_line' id='line_1_111' title="bbox 1904 4136 3474 4230; baseline 0.025 -40"><span class='ocrx_word' id='word_1_849' title='bbox 1904 4136 2015 4193; x_wconf 63' lang='lat' dir='ltr'><strong>hinc</strong></span> <span class='ocrx_word' id='word_1_850' title='bbox 2045 4141 2204 4211; x_wconf 89' lang='lat' dir='ltr'><strong>legas,</strong></span> <span class='ocrx_word' id='word_1_851' title='bbox 2255 4157 2469 4217; x_wconf 88' lang='lat' dir='ltr'><strong>propter</strong></span> <span class='ocrx_word' id='word_1_852' title='bbox 2510 4150 2731 4208; x_wconf 90' lang='lat' dir='ltr'><strong>aliorum</strong></span> <span class='ocrx_word' id='word_1_853' title='bbox 2779 4163 3066 4217; x_wconf 88' lang='lat' dir='ltr'><strong>cavendam</strong></span> <span class='ocrx_word' id='word_1_854' title='bbox 3115 4166 3474 4230; x_wconf 86' lang='lat' dir='ltr'><strong>inﬁrmitatem</strong></span> 
     </span>
    </p>
   </div>
   <div class='ocr_carea' id='block_1_100' title="bbox 1898 4227 3473 4327">
    <p class='ocr_par' dir='ltr' id='par_1_100' title="bbox 1898 4227 3473 4327">
     <span class='ocr_line' id='line_1_112' title="bbox 1898 4227 3473 4327; baseline 0.025 -45"><span class='ocrx_word' id='word_1_855' title='bbox 1898 4227 2146 4285; x_wconf 86' lang='lat' dir='ltr'><strong>fraternae</strong></span> <span class='ocrx_word' id='word_1_856' title='bbox 2179 4237 2375 4291; x_wconf 82' lang='lat' dir='ltr'><strong>notiti:e</strong></span> <span class='ocrx_word' id='word_1_857' title='bbox 2397 4239 2576 4294; x_wconf 90' lang='lat' dir='ltr'><strong>debito</strong></span> <span class='ocrx_word' id='word_1_858' title='bbox 2602 4242 2923 4303; x_wconf 77' lang='lat' dir='ltr'><strong>fraudareris</strong></span> <span class='ocrx_word' id='word_1_859' title='bbox 2957 4270 2968 4304; x_wconf 91' lang='lat'><strong>:</strong></span> <span class='ocrx_word' id='word_1_860' title='bbox 3001 4256 3141 4324; x_wconf 86' lang='lat' dir='ltr'><strong>quod</strong></span> <span class='ocrx_word' id='word_1_861' title='bbox 3176 4258 3283 4327; x_wconf 91' lang='lat' dir='ltr'><strong>jam</strong></span> <span class='ocrx_word' id='word_1_862' title='bbox 3315 4261 3473 4319; x_wconf 87' lang='lat' dir='ltr'><strong>fecis-</strong></span> 
     </span>
    </p>
   </div>
   <div class='ocr_carea' id='block_1_101' title="bbox 1897 4324 3469 4413">
    <p class='ocr_par' dir='ltr' id='par_1_101' title="bbox 1897 4324 3469 4413">
     <span class='ocr_line' id='line_1_113' title="bbox 1897 4324 3469 4413; baseline 0.025 -39"><span class='ocrx_word' id='word_1_863' title='bbox 1897 4334 2032 4388; x_wconf 87' lang='lat' dir='ltr'><strong>sem,</strong></span> <span class='ocrx_word' id='word_1_864' title='bbox 2061 4324 2277 4394; x_wconf 87' lang='lat' dir='ltr'><strong>jamque</strong></span> <span class='ocrx_word' id='word_1_865' title='bbox 2314 4329 2460 4383; x_wconf 90' lang='lat' dir='ltr'><strong>illum</strong></span> <span class='ocrx_word' id='word_1_866' title='bbox 2493 4332 2716 4401; x_wconf 78' lang='lat' dir='ltr'><strong>legeres,</strong></span> <span class='ocrx_word' id='word_1_867' title='bbox 2751 4338 2848 4390; x_wconf 91' lang='lat' dir='ltr'><strong>nisi</strong></span> <span class='ocrx_word' id='word_1_868' title='bbox 2880 4344 3134 4409; x_wconf 83' lang='lat' dir='ltr'><strong>profectio</strong></span> <span class='ocrx_word' id='word_1_869' title='bbox 3160 4347 3339 4409; x_wconf 88' lang='lat' dir='ltr'><strong>fratris</strong></span> <span class='ocrx_word' id='word_1_870' title='bbox 3368 4358 3469 4413; x_wconf 90' lang='lat' dir='ltr'><strong>im-</strong></span> 
     </span>
    </p>
   </div>
   <div class='ocr_carea' id='block_1_102' title="bbox 1896 4415 3467 4507">
    <p class='ocr_par' dir='ltr' id='par_1_102' title="bbox 1896 4415 3467 4507">
     <span class='ocr_line' id='line_1_114' title="bbox 1896 4415 3467 4507; baseline 0.028 -43"><span class='ocrx_word' id='word_1_871' title='bbox 1896 4415 2103 4483; x_wconf 89' lang='lat' dir='ltr'><strong>provisa</strong></span> <span class='ocrx_word' id='word_1_872' title='bbox 2157 4427 2372 4485; x_wconf 85' lang='lat' dir='ltr'><strong>repente</strong></span> <span class='ocrx_word' id='word_1_873' title='bbox 2426 4421 2729 4491; x_wconf 82' lang='lat' dir='ltr'><strong>placuisset.</strong></span> <span class='ocrx_word' id='word_1_874' title='bbox 2787 4428 2951 4505; x_wconf 86' lang='lat' dir='ltr'><strong>Quem</strong></span> <span class='ocrx_word' id='word_1_875' title='bbox 3006 4436 3084 4491; x_wconf 92' lang='lat' dir='ltr'><strong>sic</strong></span> <span class='ocrx_word' id='word_1_876' title='bbox 3148 4450 3467 4507; x_wconf 86' lang='lat' dir='ltr'><strong>commendo</strong></span> 
     </span>
    </p>
   </div>
   <div class='ocr_carea' id='block_1_103' title="bbox 1893 4504 3463 4609">
    <p class='ocr_par' dir='ltr' id='par_1_103' title="bbox 1893 4504 3463 4609">
     <span class='ocr_line' id='line_1_115' title="bbox 1893 4504 3463 4609; baseline 0.025 -54"><span class='ocrx_word' id='word_1_877' title='bbox 1893 4504 2038 4557; x_wconf 89' lang='lat' dir='ltr'><strong>cordi</strong></span> <span class='ocrx_word' id='word_1_878' title='bbox 2082 4517 2143 4561; x_wconf 85' lang='lat' dir='ltr'><strong>e&#39;.</strong></span> <span class='ocrx_word' id='word_1_879' title='bbox 2182 4506 2371 4579; x_wconf 83' lang='lat' dir='ltr'><strong>linguae</strong></span> <span class='ocrx_word' id='word_1_880' title='bbox 2405 4522 2505 4566; x_wconf 69' lang='lat' dir='ltr'><strong>ture</strong></span> <span class='ocrx_word' id='word_1_881' title='bbox 2530 4555 2545 4581; x_wconf 94' lang='lat'><strong>,</strong></span> <span class='ocrx_word' id='word_1_882' title='bbox 2579 4526 2633 4570; x_wconf 90' lang='lat' dir='ltr'><strong>ut</strong></span> <span class='ocrx_word' id='word_1_883' title='bbox 2662 4517 2732 4573; x_wconf 87' lang='lat' dir='ltr'><strong>ita</strong></span> <span class='ocrx_word' id='word_1_884' title='bbox 2776 4524 2999 4579; x_wconf 90' lang='lat' dir='ltr'><strong>comiter</strong></span> <span class='ocrx_word' id='word_1_885' title='bbox 3041 4528 3089 4583; x_wconf 91' lang='lat' dir='ltr'><strong>ci</strong></span> <span class='ocrx_word' id='word_1_886' title='bbox 3118 4539 3168 4586; x_wconf 90' lang='lat' dir='ltr'><strong>te</strong></span> <span class='ocrx_word' id='word_1_887' title='bbox 3208 4539 3463 4609; x_wconf 64' lang='lat' dir='ltr'><strong>praebeas,</strong></span> 
     </span>
    </p>
   </div>
   <div class='ocr_carea' id='block_1_104' title="bbox 1889 4597 3465 4692">
    <p class='ocr_par' dir='ltr' id='par_1_104' title="bbox 1889 4597 3465 4692">
     <span class='ocr_line' id='line_1_116' title="bbox 1889 4597 3465 4692; baseline 0.027 -44"><span class='ocrx_word' id='word_1_888' title='bbox 1889 4597 2037 4665; x_wconf 91' lang='lat' dir='ltr'><strong>quasi</strong></span> <span class='ocrx_word' id='word_1_889' title='bbox 2078 4615 2182 4653; x_wconf 92' lang='lat' dir='ltr'><strong>non</strong></span> <span class='ocrx_word' id='word_1_890' title='bbox 2212 4617 2352 4657; x_wconf 89' lang='lat' dir='ltr'><strong>nunc</strong></span> <span class='ocrx_word' id='word_1_891' title='bbox 2375 4605 2544 4674; x_wconf 89' lang='lat' dir='ltr'><strong>illum,</strong></span> <span class='ocrx_word' id='word_1_892' title='bbox 2578 4610 2671 4665; x_wconf 86' lang='lat' dir='ltr'><strong>sed</strong></span> <span class='ocrx_word' id='word_1_893' title='bbox 2699 4627 2904 4670; x_wconf 81' lang='lat' dir='ltr'><strong>mecum</strong></span> <span class='ocrx_word' id='word_1_894' title='bbox 2946 4630 3069 4676; x_wconf 87' lang='lat' dir='ltr'><strong>ante</strong></span> <span class='ocrx_word' id='word_1_895' title='bbox 3098 4622 3363 4685; x_wconf 84' lang='lat' dir='ltr'><strong>didiceris.</strong></span> <span class='ocrx_word' id='word_1_896' title='bbox 3409 4638 3465 4692; x_wconf 82' lang='lat' dir='ltr'><strong>Si</strong></span> 
     </span>
    </p>
   </div>
   <div class='ocr_carea' id='block_1_105' title="bbox 1890 4691 3466 4788">
    <p class='ocr_par' dir='ltr' id='par_1_105' title="bbox 1890 4691 3466 4788">
     <span class='ocr_line' id='line_1_117' title="bbox 1890 4691 3466 4788; baseline 0.024 -43"><span class='ocrx_word' id='word_1_897' title='bbox 1890 4691 2031 4745; x_wconf 85' lang='lat' dir='ltr'><strong>enim</strong></span> <span class='ocrx_word' id='word_1_898' title='bbox 2061 4692 2207 4748; x_wconf 87' lang='lat' dir='ltr'><strong>cordi</strong></span> <span class='ocrx_word' id='word_1_899' title='bbox 2237 4704 2324 4749; x_wconf 88' lang='lat' dir='ltr'><strong>tuo</strong></span> <span class='ocrx_word' id='word_1_900' title='bbox 2371 4714 2473 4753; x_wconf 87' lang='lat' dir='ltr'><strong>non</strong></span> <span class='ocrx_word' id='word_1_901' title='bbox 2504 4701 2821 4762; x_wconf 88' lang='lat' dir='ltr'><strong>dubitaverit</strong></span> <span class='ocrx_word' id='word_1_902' title='bbox 2843 4714 3048 4779; x_wconf 86' lang='lat' dir='ltr'><strong>aperire</strong></span> <span class='ocrx_word' id='word_1_903' title='bbox 3073 4719 3340 4788; x_wconf 82' lang='lat' dir='ltr'><strong>seipsum,</strong></span> <span class='ocrx_word' id='word_1_904' title='bbox 3373 4740 3466 4783; x_wconf 91' lang='lat' dir='ltr'><strong>aut</strong></span> 
     </span>
    </p>
   </div>
   <div class='ocr_carea' id='block_1_106' title="bbox 1886 4784 3457 4886">
    <p class='ocr_par' dir='ltr' id='par_1_106' title="bbox 1886 4784 3457 4886">
     <span class='ocr_line' id='line_1_118' title="bbox 1886 4784 3457 4886; baseline 0.025 -52"><span class='ocrx_word' id='word_1_905' title='bbox 1886 4797 1950 4836; x_wconf 85' lang='lat' dir='ltr'><strong>ex</strong></span> <span class='ocrx_word' id='word_1_906' title='bbox 1979 4784 2142 4844; x_wconf 84' lang='lat' dir='ltr'><strong>omni.</strong></span> <span class='ocrx_word' id='word_1_907' title='bbox 2178 4795 2268 4841; x_wconf 90' lang='lat' dir='ltr'><strong>aut</strong></span> <span class='ocrx_word' id='word_1_908' title='bbox 2307 4804 2371 4843; x_wconf 85' lang='lat' dir='ltr'><strong>ex</strong></span> <span class='ocrx_word' id='word_1_909' title='bbox 2415 4806 2601 4862; x_wconf 87' lang='lat' dir='ltr'><strong>magna</strong></span> <span class='ocrx_word' id='word_1_910' title='bbox 2629 4804 2777 4864; x_wconf 88' lang='lat' dir='ltr'><strong>parte</strong></span> <span class='ocrx_word' id='word_1_911' title='bbox 2816 4803 3085 4859; x_wconf 87' lang='lat' dir='ltr'><strong>sanabitur</strong></span> <span class='ocrx_word' id='word_1_912' title='bbox 3108 4824 3200 4877; x_wconf 90' lang='lat' dir='ltr'><strong>per</strong></span> <span class='ocrx_word' id='word_1_913' title='bbox 3226 4813 3457 4886; x_wconf 85' lang='lat' dir='ltr'><strong>linguam</strong></span> 
     </span>
    </p>
   </div>
   <div class='ocr_carea' id='block_1_107' title="bbox 1882 4876 3457 4965">
    <p class='ocr_par' dir='ltr' id='par_1_107' title="bbox 1882 4876 3457 4965">
     <span class='ocr_line' id='line_1_119' title="bbox 1882 4876 3457 4965; baseline 0.025 -38"><span class='ocrx_word' id='word_1_914' title='bbox 1882 4882 2048 4929; x_wconf 88' lang='lat' dir='ltr'><strong>tuam.</strong></span> <span class='ocrx_word' id='word_1_915' title='bbox 2072 4876 2206 4932; x_wconf 77' lang='lat' dir='ltr'><strong>Volo</strong></span> <span class='ocrx_word' id='word_1_916' title='bbox 2228 4880 2365 4933; x_wconf 89' lang='lat' dir='ltr'><strong>enim</strong></span> <span class='ocrx_word' id='word_1_917' title='bbox 2388 4896 2512 4937; x_wconf 90' lang='lat' dir='ltr'><strong>eum</strong></span> <span class='ocrx_word' id='word_1_918' title='bbox 2532 4892 2863 4946; x_wconf 89' lang='lat' dir='ltr'><strong>numerosius</strong></span> <span class='ocrx_word' id='word_1_919' title='bbox 2884 4900 3135 4954; x_wconf 89' lang='lat' dir='ltr'><strong>contundi</strong></span> <span class='ocrx_word' id='word_1_920' title='bbox 3158 4918 3341 4963; x_wconf 92' lang='lat' dir='ltr'><strong>eorum</strong></span> <span class='ocrx_word' id='word_1_921' title='bbox 3360 4925 3457 4965; x_wconf 90' lang='lat' dir='ltr'><strong>vo-</strong></span> 
     </span>
    </p>
   </div>
   <div class='ocr_carea' id='block_1_108' title="bbox 1880 4966 3172 5061">
    <p class='ocr_par' dir='ltr' id='par_1_108' title="bbox 1880 4966 3172 5061">
     <span class='ocr_line' id='line_1_120' title="bbox 1880 4966 3172 5061; baseline 0.023 -42"><span class='ocrx_word' id='word_1_922' title='bbox 1880 4966 2049 5033; x_wconf 90' lang='lat' dir='ltr'><strong>cibus,</strong></span> <span class='ocrx_word' id='word_1_923' title='bbox 2079 4970 2168 5038; x_wconf 88' lang='lat' dir='ltr'><strong>qui</strong></span> <span class='ocrx_word' id='word_1_924' title='bbox 2199 4971 2425 5028; x_wconf 88' lang='lat' dir='ltr'><strong>amicum</strong></span> <span class='ocrx_word' id='word_1_925' title='bbox 2464 4991 2568 5031; x_wconf 89' lang='lat' dir='ltr'><strong>non</strong></span> <span class='ocrx_word' id='word_1_926' title='bbox 2596 4981 2905 5040; x_wconf 86' lang='lat' dir='ltr'><strong>seculariter</strong></span> <span class='ocrx_word' id='word_1_927' title='bbox 2928 4987 3172 5061; x_wconf 86' lang='lat' dir='ltr'><strong>diligunt.</strong></span> 
     </span>
    </p>
   </div>
   <div class='ocr_carea' id='block_1_109' title="bbox 1949 5061 3452 5160">
    <p class='ocr_par' dir='ltr' id='par_1_109' title="bbox 1949 5061 3452 5160">
     <span class='ocr_line' id='line_1_121' title="bbox 1949 5061 3452 5160; baseline 0.023 -45"><span class='ocrx_word' id='word_1_928' title='bbox 1949 5061 2001 5115; x_wconf 85' lang='grc'><strong>6.</strong></span> <span class='ocrx_word' id='word_1_929' title='bbox 2021 5062 2211 5118; x_wconf 89' lang='lat' dir='ltr'><strong>Filium</strong></span> <span class='ocrx_word' id='word_1_930' title='bbox 2230 5075 2404 5121; x_wconf 88' lang='lat' dir='ltr'><strong>autem</strong></span> <span class='ocrx_word' id='word_1_931' title='bbox 2425 5069 2560 5139; x_wconf 89' lang='lat' dir='ltr'><strong>ejus,</strong></span> <span class='ocrx_word' id='word_1_932' title='bbox 2580 5072 2743 5129; x_wconf 88' lang='lat' dir='ltr'><strong>ﬁlium</strong></span> <span class='ocrx_word' id='word_1_933' title='bbox 2762 5087 2998 5137; x_wconf 87' lang='lat' dir='ltr'><strong>nostrum</strong></span> <span class='ocrx_word' id='word_1_934' title='bbox 3012 5085 3107 5155; x_wconf 85' lang='lat' dir='ltr'><strong>(a),</strong></span> <span class='ocrx_word' id='word_1_935' title='bbox 3128 5090 3276 5160; x_wconf 88' lang='lat' dir='ltr'><strong>cujus</strong></span> <span class='ocrx_word' id='word_1_936' title='bbox 3293 5095 3452 5151; x_wconf 91' lang='lat' dir='ltr'><strong>etiam</strong></span> 
     </span>
    </p>
   </div>
   <div class='ocr_carea' id='block_1_110' title="bbox 1878 5155 3449 5248">
    <p class='ocr_par' dir='ltr' id='par_1_110' title="bbox 1878 5155 3449 5248">
     <span class='ocr_line' id='line_1_122' title="bbox 1878 5155 3449 5248; baseline 0.024 -43"><span class='ocrx_word' id='word_1_937' title='bbox 1878 5167 2070 5208; x_wconf 88' lang='lat' dir='ltr'><strong>nomen</strong></span> <span class='ocrx_word' id='word_1_938' title='bbox 2110 5155 2161 5209; x_wconf 89' lang='lat' dir='ltr'><strong>in</strong></span> <span class='ocrx_word' id='word_1_939' title='bbox 2206 5156 2470 5227; x_wconf 86' lang='lat' dir='ltr'><strong>aliquibus</strong></span> <span class='ocrx_word' id='word_1_940' title='bbox 2512 5167 2704 5219; x_wconf 75' lang='lat' dir='ltr'><strong>nostris</strong></span> <span class='ocrx_word' id='word_1_941' title='bbox 2748 5168 2894 5227; x_wconf 80' lang='lat' dir='ltr'><strong>libris</strong></span> <span class='ocrx_word' id='word_1_942' title='bbox 2935 5172 3203 5248; x_wconf 86' lang='lat' dir='ltr'><strong>invenies,</strong></span> <span class='ocrx_word' id='word_1_943' title='bbox 3244 5185 3342 5240; x_wconf 91' lang='lat' dir='ltr'><strong>etsi</strong></span> <span class='ocrx_word' id='word_1_944' title='bbox 3382 5179 3449 5243; x_wconf 84' lang='lat' dir='ltr'><strong>ad</strong></span> 
     </span>
    </p>
   </div>
   <div class='ocr_carea' id='block_1_111' title="bbox 1877 5243 3449 5340">
    <p class='ocr_par' dir='ltr' id='par_1_111' title="bbox 1877 5243 3449 5340">
     <span class='ocr_line' id='line_1_123' title="bbox 1877 5243 3449 5340; baseline 0.025 -45"><span class='ocrx_word' id='word_1_945' title='bbox 1877 5250 1980 5297; x_wconf 83' lang='lat' dir='ltr'><strong>tuae</strong></span> <span class='ocrx_word' id='word_1_946' title='bbox 2011 5243 2283 5302; x_wconf 89' lang='lat' dir='ltr'><strong>charilatis</strong></span> <span class='ocrx_word' id='word_1_947' title='bbox 2314 5254 2649 5318; x_wconf 60' lang='lat' dir='ltr'><strong>prtesentiam</strong></span> <span class='ocrx_word' id='word_1_948' title='bbox 2678 5255 2792 5328; x_wconf 84' lang='lat' dir='ltr'><strong>ipse</strong></span> <span class='ocrx_word' id='word_1_949' title='bbox 2819 5277 2925 5318; x_wconf 91' lang='lat' dir='ltr'><strong>non</strong></span> <span class='ocrx_word' id='word_1_950' title='bbox 2956 5282 3221 5340; x_wconf 83' lang='lat' dir='ltr'><strong>pergeret,</strong></span> <span class='ocrx_word' id='word_1_951' title='bbox 3249 5285 3449 5334; x_wconf 85' lang='lat' dir='ltr'><strong>statue-</strong></span> 
     </span>
    </p>
   </div>
   <div class='ocr_carea' id='block_1_112' title="bbox 1873 5339 3444 5439">
    <p class='ocr_par' dir='ltr' id='par_1_112' title="bbox 1873 5339 3444 5439">
     <span class='ocr_line' id='line_1_124' title="bbox 1873 5339 3444 5439; baseline 0.022 -48"><span class='ocrx_word' id='word_1_952' title='bbox 1873 5352 1986 5392; x_wconf 86' lang='lat' dir='ltr'><strong>ram</strong></span> <span class='ocrx_word' id='word_1_953' title='bbox 2016 5339 2205 5397; x_wconf 86' lang='lat' dir='ltr'><strong>litteris</strong></span> <span class='ocrx_word' id='word_1_954' title='bbox 2249 5343 2303 5397; x_wconf 93' lang='lat' dir='ltr'><strong>in</strong></span> <span class='ocrx_word' id='word_1_955' title='bbox 2342 5360 2557 5401; x_wconf 89' lang='lat' dir='ltr'><strong>manum</strong></span> <span class='ocrx_word' id='word_1_956' title='bbox 2590 5358 2729 5406; x_wconf 88' lang='lat' dir='ltr'><strong>tuam</strong></span> <span class='ocrx_word' id='word_1_957' title='bbox 2778 5356 2985 5415; x_wconf 88' lang='lat' dir='ltr'><strong>tradere</strong></span> <span class='ocrx_word' id='word_1_958' title='bbox 3027 5339 3403 5424; x_wconf 86' lang='lat' dir='ltr'><strong>consolandum</strong></span> <span class='ocrx_word' id='word_1_959' title='bbox 3428 5415 3444 5439; x_wconf 94' lang='lat'><strong>,</strong></span> 
     </span>
    </p>
   </div>
   <div class='ocr_carea' id='block_1_113' title="bbox 1871 5429 3447 5529">
    <p class='ocr_par' dir='ltr' id='par_1_113' title="bbox 1871 5429 3447 5529">
     <span class='ocr_line' id='line_1_125' title="bbox 1871 5429 3447 5529; baseline 0.023 -48"><span class='ocrx_word' id='word_1_960' title='bbox 1871 5429 2277 5500; x_wconf 78' lang='lat' dir='ltr'><strong>exhortandum,</strong></span> <span class='ocrx_word' id='word_1_961' title='bbox 2306 5436 2692 5513; x_wconf 85' lang='lat' dir='ltr'><strong>instruendum,</strong></span> <span class='ocrx_word' id='word_1_962' title='bbox 2709 5460 2815 5500; x_wconf 90' lang='lat' dir='ltr'><strong>non</strong></span> <span class='ocrx_word' id='word_1_963' title='bbox 2842 5455 2950 5504; x_wconf 89' lang='lat' dir='ltr'><strong>tam</strong></span> <span class='ocrx_word' id='word_1_964' title='bbox 2976 5453 3088 5507; x_wconf 90' lang='lat' dir='ltr'><strong>oris</strong></span> <span class='ocrx_word' id='word_1_965' title='bbox 3114 5468 3265 5521; x_wconf 83' lang='lat' dir='ltr'><strong>sono,</strong></span> <span class='ocrx_word' id='word_1_966' title='bbox 3289 5474 3447 5529; x_wconf 88' lang='lat' dir='ltr'><strong>quam</strong></span> 
     </span>
    </p>
   </div>
   <div class='ocr_carea' id='block_1_114' title="bbox 1870 5523 3447 5611">
    <p class='ocr_par' dir='ltr' id='par_1_114' title="bbox 1870 5523 3447 5611">
     <span class='ocr_line' id='line_1_126' title="bbox 1870 5523 3447 5611; baseline 0.02 -34"><span class='ocrx_word' id='word_1_967' title='bbox 1870 5523 2116 5593; x_wconf 79' lang='lat' dir='ltr'><strong>exemplo</strong></span> <span class='ocrx_word' id='word_1_968' title='bbox 2168 5526 2380 5583; x_wconf 88' lang='lat' dir='ltr'><strong>roboris</strong></span> <span class='ocrx_word' id='word_1_969' title='bbox 2426 5531 2521 5585; x_wconf 91' lang='lat' dir='ltr'><strong>tui.</strong></span> <span class='ocrx_word' id='word_1_970' title='bbox 2567 5534 2747 5590; x_wconf 87' lang='lat' dir='ltr'><strong>Ardeo</strong></span> <span class='ocrx_word' id='word_1_971' title='bbox 2776 5539 2970 5611; x_wconf 88' lang='lat' dir='ltr'><strong>quippe</strong></span> <span class='ocrx_word' id='word_1_972' title='bbox 2991 5582 3004 5607; x_wconf 90' lang='lat'><strong>,</strong></span> <span class='ocrx_word' id='word_1_973' title='bbox 3038 5551 3094 5599; x_wconf 90' lang='lat' dir='ltr'><strong>ut</strong></span> <span class='ocrx_word' id='word_1_974' title='bbox 3123 5545 3244 5600; x_wconf 89' lang='lat' dir='ltr'><strong>dum</strong></span> <span class='ocrx_word' id='word_1_975' title='bbox 3272 5523 3447 5609; x_wconf 78' lang='lat' dir='ltr'><strong>adhuc</strong></span> 
     </span>
    </p>
   </div>
   <div class='ocr_carea' id='block_1_115' title="bbox 1868 5615 3443 5702">
    <p class='ocr_par' dir='ltr' id='par_1_115' title="bbox 1868 5615 3443 5702">
     <span class='ocr_line' id='line_1_127' title="bbox 1868 5615 3443 5702; baseline 0.024 -37"><span class='ocrx_word' id='word_1_976' title='bbox 1868 5622 2001 5669; x_wconf 67' lang='lat' dir='ltr'><strong>(etas</strong></span> <span class='ocrx_word' id='word_1_977' title='bbox 2028 5615 2144 5685; x_wconf 84' lang='lat' dir='ltr'><strong>ejus</strong></span> <span class='ocrx_word' id='word_1_978' title='bbox 2173 5615 2230 5671; x_wconf 81' lang='lat' dir='ltr'><strong>in‘</strong></span> <span class='ocrx_word' id='word_1_979' title='bbox 2256 5619 2407 5675; x_wconf 89' lang='lat' dir='ltr'><strong>viridi</strong></span> <span class='ocrx_word' id='word_1_980' title='bbox 2430 5622 2553 5678; x_wconf 83' lang='lat' dir='ltr'><strong>feno</strong></span> <span class='ocrx_word' id='word_1_981' title='bbox 2580 5634 2683 5694; x_wconf 86' lang='lat' dir='ltr'><strong>est,</strong></span> <span class='ocrx_word' id='word_1_982' title='bbox 2711 5629 2911 5686; x_wconf 84' lang='lat' dir='ltr'><strong>zizania</strong></span> <span class='ocrx_word' id='word_1_983' title='bbox 2941 5646 3214 5696; x_wconf 86' lang='lat' dir='ltr'><strong>convertat</strong></span> <span class='ocrx_word' id='word_1_984' title='bbox 3252 5643 3305 5699; x_wconf 91' lang='lat' dir='ltr'><strong>in</strong></span> <span class='ocrx_word' id='word_1_985' title='bbox 3334 5645 3443 5702; x_wconf 85' lang='lat' dir='ltr'><strong>fru-</strong></span> 
     </span>
    </p>
   </div>
   <div class='ocr_carea' id='block_1_116' title="bbox 1869 5711 3442 5803">
    <p class='ocr_par' dir='ltr' id='par_1_116' title="bbox 1869 5711 3442 5803">
     <span class='ocr_line' id='line_1_128' title="bbox 1869 5711 3442 5803; baseline 0.022 -43"><span class='ocrx_word' id='word_1_986' title='bbox 1869 5722 2010 5777; x_wconf 88' lang='lat' dir='ltr'><strong>gem,</strong></span> <span class='ocrx_word' id='word_1_987' title='bbox 2040 5716 2095 5762; x_wconf 89' lang='lat' dir='ltr'><strong>ct</strong></span> <span class='ocrx_word' id='word_1_988' title='bbox 2120 5711 2301 5769; x_wconf 84' lang='lat' dir='ltr'><strong>credat</strong></span> <span class='ocrx_word' id='word_1_989' title='bbox 2333 5717 2563 5784; x_wconf 79' lang='lat' dir='ltr'><strong>expertis</strong></span> <span class='ocrx_word' id='word_1_990' title='bbox 2588 5721 2727 5790; x_wconf 91' lang='lat' dir='ltr'><strong>quod</strong></span> <span class='ocrx_word' id='word_1_991' title='bbox 2754 5718 2981 5792; x_wconf 82' lang='lat' dir='ltr'><strong>experiri</strong></span> <span class='ocrx_word' id='word_1_992' title='bbox 3012 5732 3306 5799; x_wconf 90' lang='lat' dir='ltr'><strong>periculose</strong></span> <span class='ocrx_word' id='word_1_993' title='bbox 3349 5738 3442 5803; x_wconf 86' lang='lat' dir='ltr'><strong>de-</strong></span> 
     </span>
    </p>
   </div>
   <div class='ocr_carea' id='block_1_117' title="bbox 1868 5798 3437 5899">
    <p class='ocr_par' dir='ltr' id='par_1_117' title="bbox 1868 5798 3437 5899">
     <span class='ocr_line' id='line_1_129' title="bbox 1868 5798 3437 5899; baseline 0.022 -45"><span class='ocrx_word' id='word_1_994' title='bbox 1868 5798 2084 5854; x_wconf 80' lang='lat' dir='ltr'><strong>siderat.</strong></span> <span class='ocrx_word' id='word_1_995' title='bbox 2113 5800 2265 5859; x_wconf 89' lang='lat' dir='ltr'><strong>Nunc</strong></span> <span class='ocrx_word' id='word_1_996' title='bbox 2314 5821 2442 5878; x_wconf 87' lang='lat' dir='ltr'><strong>ergo</strong></span> <span class='ocrx_word' id='word_1_997' title='bbox 2474 5825 2539 5864; x_wconf 86' lang='lat' dir='ltr'><strong>ex</strong></span> <span class='ocrx_word' id='word_1_998' title='bbox 2565 5810 2681 5881; x_wconf 88' lang='lat' dir='ltr'><strong>ejus</strong></span> <span class='ocrx_word' id='word_1_999' title='bbox 2707 5818 2959 5883; x_wconf 85' lang='lat' dir='ltr'><strong>carmine,</strong></span> <span class='ocrx_word' id='word_1_1000' title='bbox 3003 5833 3058 5878; x_wconf 88' lang='lat' dir='ltr'><strong>et</strong></span> <span class='ocrx_word' id='word_1_1001' title='bbox 3101 5842 3168 5881; x_wconf 69' lang='lat' dir='ltr'><strong>ex</strong></span> <span class='ocrx_word' id='word_1_1002' title='bbox 3212 5830 3437 5899; x_wconf 86' lang='lat' dir='ltr'><strong>epistola</strong></span> 
     </span>
    </p>
   </div>
   <div class='ocr_carea' id='block_1_118' title="bbox 1922 5916 3436 6009">
    <p class='ocr_par' dir='ltr' id='par_1_118' title="bbox 1922 5916 3436 6009">
     <span class='ocr_line' id='line_1_130' title="bbox 1922 5916 3436 6009; baseline 0.02 -43"><span class='ocrx_word' id='word_1_1003' title='bbox 1922 5917 1993 5981; x_wconf 89' lang='lat' dir='ltr'><strong>(a)</strong></span> <span class='ocrx_word' id='word_1_1004' title='bbox 2012 5916 2289 5983; x_wconf 74' lang='lat' dir='ltr'><strong>licentium,</strong></span> <span class='ocrx_word' id='word_1_1005' title='bbox 2304 5926 2442 5989; x_wconf 85' lang='lat' dir='ltr'><strong>cujus</strong></span> <span class='ocrx_word' id='word_1_1006' title='bbox 2456 5942 2633 5979; x_wconf 86' lang='lat' dir='ltr'><strong>nomen</strong></span> <span class='ocrx_word' id='word_1_1007' title='bbox 2648 5931 2697 5981; x_wconf 88' lang='lat' dir='ltr'><strong>in</strong></span> <span class='ocrx_word' id='word_1_1008' title='bbox 3341 5954 3436 5999; x_wconf 73' lang='lat' dir='ltr'><strong>etc.</strong></span> 
     </span>
    </p>
   </div>
  </div>
