4080 6346
619 472 714 533 ill

618 603 781 660 quam
809 588 874 644 ad
897 603 1020 644 eum
1049 587 1168 644 misi
1189 585 1281 659 (α)
1299 628 1314 654 ,
1346 585 1587 656 intelligit
1606 583 2102 640 benevolentissima
2131 591 2184 638 et

619 683 1044 738 mansuetissima
1085 679 1367 751 prudentia
1396 687 1502 741 tua,
1547 675 1673 746 quid
1711 675 1777 731 de
1819 676 1910 731 illo
1951 675 2182 744 doleam,

619 772 744 842 quid
773 773 1008 838 timeam,
1035 771 1162 842 quid
1204 771 1428 839 cupiam.
1460 765 1592 840 Nec
1639 766 1862 837 despero
1899 765 2195 821 affuturum

617 863 932 927 Dominum,
961 872 1018 917 ut
1042 877 1136 932 per
1159 870 1212 916 te
1253 858 1552 914 ministrum
1594 857 1710 927 ejus
1741 857 1900 910 tantis
1937 871 2183 910 curarum

616 954 834 1009 aestibus
853 955 1062 1009 liberer.
1089 952 1228 1007 Sane
1255 951 1376 1021 quia
1399 950 1562 1004 multa
1589 948 1783 1018 scripta
1804 955 1988 1002 nostra
2014 947 2183 1001 lectu-

617 1062 710 1102 rus
734 1046 820 1111 es,
843 1046 1010 1100 multo
1038 1044 1140 1099 erit
1168 1041 1294 1097 mihi
1317 1041 1515 1112 gratior
1539 1040 1755 1096 dilectio
1784 1050 1892 1106 tua,
1935 1039 1978 1094 si
2006 1054 2073 1094 ex
2098 1037 2182 1093 bis

613 1153 732 1209 qua:
754 1137 846 1190 tibi
877 1135 1257 1205 displicuerint,
1283 1133 1646 1190 emendaveris
1671 1148 1757 1188 me
1789 1132 1963 1202 justus
1993 1131 2044 1185 in
2076 1130 2182 1184 mi-

609 1227 917 1294 sericordia,
945 1234 1000 1282 et
1035 1225 1271 1296 argueris
1297 1240 1401 1279 me.
1423 1223 1538 1279 Non
1566 1225 1705 1280 enim
1758 1224 1877 1278 talis
1921 1238 2002 1287 es,
2033 1222 2192 1299 cujus

613 1321 731 1375 oleo
771 1320 984 1373 timeam
1029 1316 1341 1387 impinguari
1381 1325 1539 1385 caput
1587 1329 1783 1370 meum.
1816 1313 2032 1369 Fratres
2073 1328 2181 1367 non

610 1411 781 1464 solum
809 1409 895 1479 qui
922 1407 1193 1463 nobiscum
1223 1407 1476 1472 habitant,
1507 1414 1562 1462 et
1581 1405 1669 1476 qui
1694 1404 1915 1459 ubilibet
1933 1403 2180 1458 habitan-

608 1509 689 1554 tcs
711 1499 1034 1568 Deo'pariter
1053 1498 1305 1563 serviunt,
1339 1497 1433 1553 sed
1461 1512 1622 1568 prepe
1650 1511 1836 1551 omnes
1864 1497 1952 1566 qui
1989 1511 2086 1550 nos
2121 1496 2173 1551 in

609 1590 821 1644 Christo
841 1589 1067 1645 libenter
1096 1597 1380 1653 noverunt,
1423 1587 1686 1653 salutant,
1714 1597 2052 1649 venerantur,
2083 1585 2178 1640 de.

607 1681 840 1736 siderant
870 1680 1277 1737 Gcrmanilatcm
1299 1722 1315 1747 ,
1339 1680 1720 1734 Beatitudinem
1744 1720 1758 1744 ,
1790 1679 2178 1734 Humanitatem

607 1780 772 1827 tuam.
798 1772 912 1826 Non
940 1773 1108 1826 audeo
1137 1779 1349 1841 petere;
1379 1771 1471 1824 sed
1500 1771 1542 1823 si
1572 1770 1662 1824 tibi
1702 1770 1769 1822 ab
1808 1769 2179 1825 ecclesiasticis

608 1853 912 1912 muneribus
939 1866 1119 1921 vacat,
1143 1855 1289 1910 vides
1317 1854 1442 1925 quid
1471 1868 1684 1910 mecum
1712 1853 1856 1910 sitiat
1879 1853 2056 1910 Africa
2087 1855 2128 1910 ί.

1023 1944 1345 2002 EPISTOLA
1382 1944 1630 2001 xxvm-
1661 1944 1756 2015 (ιι).

607 2039 916 2110 Augustinus
942 2036 1276 2108 Hieronymo,
1305 2036 1368 2090 de
1386 2052 1512 2090 nova
1531 2044 1640 2107 post
1662 2033 1814 2090 LXX
1867 2033 2052 2090 Veteris
2077 2033 2175 2090 Te-

675 2129 906 2185 stamenti
921 2129 1178 2194 versione;
1194 2129 1349 2199 deque
1366 2125 1518 2182 Petro
1538 2127 1834 2198 reprehenso
1863 2143 1894 2180 a
1917 2126 2084 2181 Paulo
2109 2123 2177 2180 ad

675 2221 844 2277 Galat.
863 2237 920 2289 ιι,
935 2223 1255 2292 expostulatis
1273 2221 1334 2274 de
1347 2229 1573 2290 suscepto
1594 2221 1710 2274 hinc
1729 2219 2013 2291 patrocinio
2044 2235 2180 2274 men-

675 2316 807 2369 dacii
833 2305 1054 2385 elficiosi.
1727 2331 1729 2334 ‘
1988 2327 1990 2329 '
2174 2327 2178 2332 '

607 2407 832 2462 Domino
860 2405 1235 2472 dilectissimo,
1269 2413 1328 2460 et
1353 2403 1498 2460 cultu
1525 2402 1883 2460 sincerissimo
1907 2402 2178 2457 cliaritatis

671 2498 1008 2568 obsequendo
1049 2508 1205 2568 atque
1249 2496 1617 2567 amplectende
1657 2495 1806 2551 fratri
1850 2503 1905 2551 et
1934 2509 2179 2566 compre-

671 2589 888 2661 sbytero
912 2591 934 2621 ³
963 2588 1286 2654 Ηιιιιοιςιιιο,
1312 2587 1660 2643 Aucusrluus.

1086 2699 1313 2756 CAPUT
1350 2699 1630 2756 PRIMUM.

670 2795 723 2848 1.
761 2792 1050 2862 Nunquam
1078 2807 1228 2863 teque
1253 2791 1526 2862 quisquam
1556 2800 1663 2846 tam
1690 2790 1823 2846 facie
1846 2789 2063 2846 cuilibet
2089 2789 2172 2845 in-

601 2877 1017 2956 notuit,"q‘uam
1058 2883 1189 2942 mihi
1232 2893 1444 2939 tuorum
1499 2884 1550 2938 in
1606 2883 1830 2937 Domino
1883 2880 2176 2937 studiorum

598 2977 796 3048 quieta,
823 2976 939 3031 lzeta
969 2976 1011 3042 ⁸,
1041 2986 1094 3032 et
1109 2991 1234 3032 vere
1262 2973 1842 3031 exercitatiolibcralis.
1862 2973 2175 3043 Quanquam

599 3085 728 3142 ergo
777 3071 1082 3141 percupiam
1127 3070 1345 3125 omnino
1386 3079 1438 3126 te
1481 3084 1668 3135 nosse;
1712 3079 1889 3123 tamen
1931 3069 2174 3138 exiguum

600 3161 850 3231 quiddam
880 3161 954 3216 tui
981 3161 1156 3216 minus
1182 3161 1372 3228 habeo,
1423 3160 1760 3232 praesentiam
1791 3159 2033 3214 videlicet
2066 3173 2179 3240 cor-

605 3254 749 3323 poris
780 3246 975 3324 :quam
1004 3254 1169 3323 ipsam
1194 3254 1352 3308 etiam
1383 3261 1723 3322 posteaquam
1753 3261 1806 3306 te
1837 3233 2176 3306 beatissimus

597 3359 740 3399 nunc
784 3345 1096 3414 episcopus,
1130 3356 1239 3399 tum
1285 3359 1411 3400 vero
1451 3343 1561 3414 jam
1593 3345 1900 3414 episcopatu
1945 3341 2172 3412 dignus,

596 3434 761 3492 frater
799 3437 1018 3507 Alypius
1043 3436 1192 3504 vidit,
1226 3451 1578 3507 remeansque
1603 3452 1634 3491 a
1662 3451 1746 3491 me
1767 3437 1910 3490 visus
1932 3443 2014 3490 est
2031 3476 2045 3501 ,
2082 3449 2178 3489 ne-

597 3542 724 3598 gare
768 3543 873 3582 non
922 3543 1135 3598 possum
1178 3543 1366 3599 magna
1395 3545 1459 3584 ex
1501 3539 1651 3598 parte
1699 3529 1824 3582 milii
1851 3543 1968 3583 esse
2007 3527 2174 3582 relatu

596 3619 714 3689 ejus
738 3618 1077 3688 impressam;
1107 3627 1161 3676 et
1188 3629 1312 3675 ante
1340 3619 1592 3687 reditum,
1615 3635 1734 3675 cum
1765 3629 1814 3674 te
1856 3619 1944 3673 ille
1972 3619 2042 3672 ibi
2091 3617 2174 3672 vi-

596 3711 775 3776 debat,
805 3727 904 3783 ego
931 3711 1192 3778 videbam,
1225 3711 1317 3768 sed
1345 3713 1509 3768 oculis
1525 3716 1660 3784 ejus.
1683 3712 1798 3768 Non
1828 3712 1967 3767 enim
1997 3709 2174 3766 animo

594 3817 683 3858 me
706 3810 862 3872 atque
889 3802 1058 3866 illum,
1088 3801 1184 3858 sed
1209 3818 1432 3872 corpore
1461 3803 1616 3870 duos,
1647 3803 1734 3872 qui
1764 3803 1987 3868 noverit,
2011 3800 2174 3856 dixe-

600 3892 692 3960 rit,
720 3893 999 3948 concordia
1025 3891 1278 3948 duntaxat
1299 3903 1352 3949 et
1378 3892 1734 3948 familiaritate
1765 3892 2035 3958 fidissima,
2065 3905 2172 3946 non

599 3987 803 4040 meritis
844 3987 1031 4056 quibus
1060 3987 1149 4042 ille
1173 3987 1460 4041 antecellit.
1498 3986 1630 4052 Quia
1658 4001 1786 4056 ergo
1815 4000 1900 4039 me
1928 3985 2172 4054 primitus

595 4080 966 4134 communione
991 4079 1206 4150 spiritus
1231 4095 1337 4150 quo
1366 4079 1416 4133 in
1447 4095 1606 4133 unum
1652 4079 1933 4145 nectimur,
1978 4075 2172 4134 deinde
2269 4109 2276 4116 -

596 4170 734 4226 illius
758 4188 822 4225 cx
843 4188 935 4228 ore
956 4173 1066 4242 jam
1087 4172 1289 4242 diligis;
1317 4189 1647 4242 nequaquam
1671 4170 2000 4242 impudenter
2020 4169 2170 4240 quasi

597 4261 790 4331 aliquis
832 4263 1046 4331 ignotus
1077 4263 1394 4318 commendo
1437 4263 1783 4317 Gcrmanitati
1827 4271 1926 4314 tum
1954 4260 2168 4315 fratrem

598 4353 938 4407 Profuturum
962 4352 1033 4423 (c)
1055 4394 1070 4420 ,
1115 4368 1270 4422 quem
1305 4355 1501 4406 nostris
1527 4353 1821 4415 conatibus,
1850 4352 2042 4406 deinde
2071 4351 2168 4406 ad-

588 4442 786 4512 jutorio
814 4453 902 4498 tuo
928 4459 1052 4499 vere
1073 4443 1404 4514 profuturum
1427 4457 1730 4511 speramus;
1757 4441 1856 4494 nisi
1877 4440 2008 4494 forte
2029 4441 2168 4510 quod

653 4554 669 4586 ¹
694 4553 828 4620 εδδ-,η
840 4553 1062 4620 venia_s_rt
1084 4551 1244 4620 videas
1259 4549 1376 4620 quid
1394 4563 1579 4620 mecum
1597 4548 1766 4620 sentiat
1793 4547 1967 4620 africa.
1985 4557 2038 4620 at
2061 4558 2167 4600 Mss.

588 4623 758 4683 carent
784 4611 860 4665 his
886 4616 1049 4683 verbis
1069 4613 1242 4683 varias
1259 4611 1324 4670 et.
1348 4614 1627 4683 habentque
1655 4611 1787 4662 rides
1806 4611 1942 4683 quid,
1974 4619 2091 4683 etc.2
2113 4623 2172 4663 ac

588 4676 784 4738 demum
807 4690 870 4725 ex
900 4677 959 4726 iis
980 4685 1102 4736 tres,
1125 4674 1242 4738 quid
1263 4687 1451 4738 mecum
1467 4672 1630 4734 sitiat;
1652 4686 1750 4738 quo
1777 4672 1928 4722 verbo
1948 4672 2168 4738 pulchre

775 4749 893 4800 aug.
918 4739 976 4786 ad
998 4735 1261 4788 siceitatem
1283 4737 1448 4786 Africa:
1468 4769 1482 4796 ,
1506 4743 1560 4784 ut
1583 4735 1694 4784 facit
1724 4747 1916 4784 rursum
1945 4735 1996 4783 in
2022 4736 2168 4798 Epist.

648 4835 668 4890 ί
693 4834 888 4910 Eiiterc.
915 4868 993 4909 Ms.
1022 4874 1034 4908 :
1064 4859 1366 4932 observando
1399 4864 1540 4968 atoue
1562 4856 1888 4922 subsequendo
1923 4855 2168 4922 magisque

648 4919 933 4970 tntaetendo.
961 4929 1077 4970 etc..
1101 4933 1152 4970 in
1178 4931 1376 4970 Domino
1394 4933 1448 4970 sa
1471 4927 1613 4970 atem.

587 4921 938 4993 amplectenda,
961 4929 1077 4979 etc..
1101 4921 1376 4994 summitto
1394 4921 1613 4992 salutem.
1716 4921 1719 4922 ⁷

646 4985 672 5055 ξ
690 4982 844 5055 βάρη.
854 4989 1014 5044 quieta
1036 4983 1098 5033 ιω
1115 4991 1220 5055 ilia.
1245 4982 1572 5055 Mss:_altqu0t,
1598 4981 1722 5055 (telo.

646 5043 666 5062 ‘
689 5051 743 5094 tn
765 5040 910 5107 hujus
931 5046 1263 5107 recognitione
1276 5043 1436 5095 collati
1450 5040 1628 5107 rimata.
1645 5040 1713 5092 bl.
1730 5043 1814 5092 bu.
1837 5055 1909 5093 cc.
1928 5043 1972 5106 j.
1993 5041 2053 5092 fs.
2073 5056 2164 5092 mr.

587 5119 672 5178 ggl.
688 5119 731 5178 η.
746 5105 884 5178 ξιιμ.
907 5119 980 5156 vc.
1005 5105 1176 5178 decem
1200 5121 1248 5156 v.
1275 5113 1328 5156 et
1347 5114 1471 5166 Δια,
1492 5105 1622 5164 Rath,
1642 5111 1735 5163 Er.,
1750 5111 1859 5154 Lov.

672 5168 722 5292 ag
746 5168 891 5276 Epist.
917 5169 1186 5231 superiore.
1266 5183 1268 5186 '
1503 5182 1506 5190 '

672 5227 699 5278 ι)
745 5235 776 5276 Α
800 5228 920 5292 φξβ
945 5243 957 5278 :
983 5241 1093 5292 qua:
1123 5237 1286 5280 autem
1315 5227 1377 5278 28
1409 5234 1540 5290 erat,
1572 5239 1699 5277 nunc
1730 5225 1834 5276 166.
1884 5233 1938 5275 se

647 5225 722 5292 (ιι)
745 5225 920 5277 Αιὶειεὸ
945 5225 1093 5292 {quae
1123 5237 1286 5280 autem
1315 5227 1377 5278 28
1409 5234 1540 5290 erat,
1572 5239 1699 5277 nunc
1730 5225 1834 5276 166.
1884 5225 2063 5288 scrlpta
2082 5238 2162 5276 an.

583 5289 678 5338 594
700 5295 785 5339 aut
804 5290 914 5339 395.
1134 5324 1138 5328 .

643 5325 964 5414 dum
997 5325 1227 5414 proﬁcisci
1260 5352 1492 5414 disponit,
1517 5355 1710 5414 creatur
1744 5345 1999 5414 episcopus
2031 5353 2083 5394 et
2116 5348 2165 5396 in

579 5409 719 5484 brevi
742 5414 942 5484 moritur
959 5447 975 5473 ,
997 5409 1066 5463 ex
1090 5413 1297 5484 epistola
1313 5409 1400 5474 7'1;
1424 5409 1646 5484 adeoque
1679 5409 1789 5484 istae
1807 5409 2031 5484 litterfe,
2044 5421 2166 5484 quas

584 5473 762 5544 primas
782 5473 842 5522 ad
864 5469 1227 5539 Hieronymum,
1254 5482 1306 5524 et
1327 5488 1354 5523 a
1375 5469 1432 5523 se
1455 5469 1608 5522 adhuc
1623 5473 1912 5580 presbytero
1932 5469 2067 5518 datas
2097 5470 2165 5518 ait

581 5533 765 5584 ibidem
787 5538 1106 5592 Augustinus,
1132 5537 1332 5592 perlatae
1353 5547 1450 5584 non
1479 5539 1591 5592 sunt
1655 5544 1714 5582 oc
1734 5538 1973 5592 tempore.
1998 5530 2163 5592 Profu-

582 5549 765 5584 tntaem
787 5549 1106 5598 augusunus,
1132 5549 1332 5599 perth
1353 5549 1450 5584 non
1479 5549 1591 5583 sunt
1624 5549 1714 5582 noc
1734 5549 1973 5592 tempore.
1999 5549 2163 5578 ιίυιυ-

582 5600 726 5644 turus
747 5608 890 5658 porro
910 5598 955 5648 is
975 5611 1087 5648 esse
1110 5597 1437 5658 videtur,iqui
1469 5597 1519 5658 in
1549 5591 1635 5658 lib,
1659 5592 1738 5648 de,
1756 5593 1897 5641 unico
1927 5591 2163 5658 Baptismo

581 5661 711 5720 cont.
737 5651 870 5706 ﬁetil.
897 5672 942 5708 c.
965 5659 1057 5720 16,_
1067 5658 1283 5708 laudatur
1554 5655 1832 5720 episcopus,
1860 5659 1918 5720 et_
1933 5651 1993 5700 ad
2014 5665 2164 5720 quem
2257 5679 2259 5682 ι

577 5715 764 5784 directa
787 5714 1090 5784 esseea
1110 5720 1189 5784 se
1212 5717 1424 5784 κεωίειίι
1445 5714 1676 5784 syades.
1686 5714 1922 5784 meum
1943 5714 2164 5784 ramus

577 5778 631 5828 in
653 5779 894 5843 epist,r'52.
914 5775 1116 5836 Evodius
1134 5781 1330 5830 demum
1351 5779 1401 5828 in
1424 5775 1565 5843 epist.
1590 5775 1769 5843 138,_n.
1792 5775 2163 5843 9,__Profuturum

580 5835 732 5902 quem
753 5839 867 5890 olim
890 5843 939 5890 in
961 5843 1254 5891 monasterio
1275 5835 1494 5900 noverat,
1517 5835 1794 5902 apparuisse
1817 5835 1910 5887 sibi
1929 5847 2019 5900 per
2041 5848 2163 5886 som-

582 5900 738 5965 nium,
761 5907 815 5954 et
836 5902 1050 5954 futurum
1070 5903 1250 5969 aliquid
1271 5900 1618 5968 prmunﬁaSSc
1653 5900 1826 5954 refert.

2065 6021 2170 6034 “.4‘-

1836 468 1896 526 S.
1937 466 2305 526 AUGUSTINI
2340 466 2638 527 EPlSCOPl

3758 475 3862 532 “2

2291 583 2413 637 talis
2457 592 2558 649 cst,
2607 591 2664 638 ut
2697 583 2810 653 ipse
2849 581 2944 638 tibi
2969 597 3065 654 per
3093 595 3214 639 cum
3244 583 3364 639 fiam
3398 584 3850 656 commendatior,

2289 689 2446 744 quam
2477 675 2566 729 ille
2591 689 2688 744 per
2716 689 2820 729 me.
2850 673 3114 732 Hactenus
3141 673 3363 731 fortasse
3391 675 3625 731 scribere
3652 676 3854 733 debue-

2290 764 2411 830 rim,
2441 765 2485 818 si
2511 778 2630 819 esse
2654 753 2841 820 vellem
2873 764 3212 834 epistularum
3233 765 3548 821 solemnium
3565 781 3712 823 more
3735 783 3856 823 eon-

2288 862 2496 921 tentus;
2521 853 2612 910 sed
2642 863 2808 909 scatet
2827 855 3033 911 animus
3060 855 3113 910 in
3130 855 3364 927 loquelas
3388 841 3852 914 communicandas

2288 953 2460 1000 tecum
2509 945 2577 1000 de
2611 944 2799 1000 studiis
2833 945 3062 1014 nostris,
3112 963 3230 1017 quae
3277 946 3532 1003 habemus
3558 948 3610 1003 in
3639 948 3850 1005 Christo

2285 1034 2411 1092 Jesu
2439 1037 2662 1092 Domino
2709 1047 2923 1106 nostro;
2964 1039 3053 1109 qui
3100 1039 3253 1095 nobis
3293 1041 3487 1096 multas
3520 1041 3771 1098 utilitates
3800 1052 3854 1097 et

2286 1127 2473 1183 viatica
2503 1128 2744 1199 quaedam
2773 1129 3118 1185 demonstrati
3148 1145 3178 1184 a
3215 1145 3274 1186 se
3304 1131 3507 1186 itineris
3527 1172 3542 1197 ,
3571 1132 3727 1187 etiam
3759 1146 3854 1202 per

2287 1227 2432 1276 tuam
2457 1220 2765 1278 charitatem
2784 1237 2888 1277 non
2907 1221 3244 1279 mediocriter
3261 1212 3560 1279 ministrare
3585 1223 3848 1294 dignatur.

2844 1353 2847 1356 ·
2907 1333 3132 1392 CAPUT
3171 1333 3236 1390 ll.

2359 1422 2412 1478 2.
2446 1424 2680 1481 Petimus
2702 1441 2847 1497 ergo,
2894 1434 2949 1481 et
2975 1426 3247 1482 nobiscum
3275 1426 3406 1498 petit
3441 1427 3615 1482 omnis
3651 1428 3854 1483 Africa-

2284 1530 2471 1569 narum
2505 1516 2857 1572 Ecclesiarum
2879 1517 3112 1572 studiosa
3140 1519 3384 1586 societas,
3417 1527 3474 1573 ut
3497 1519 3853 1589 interpretan-

2283 1603 2364 1658 dis
2392 1620 2572 1660 eorum
2614 1606 2782 1672 libris,
2813 1607 2901 1678 qui
2943 1623 3112 1679 graece
3139 1608 3434 1677 Scripturas
3463 1618 3673 1665 nostras
3697 1624 3854 1680 quam

2283 1695 2478 1763 Optime
2510 1705 2861 1752 tractaverunt
2886 1739 2901 1765 ,
2930 1714 3108 1754 curam
3131 1709 3287 1770 atque
3313 1714 3526 1770 operam
3549 1701 3862 1776 impendere.

2289 1799 2394 1839 non
2439 1787 2690 1856 graveris.
2725 1788 2881 1844 Potes
2915 1791 3053 1845 enim
3081 1790 3294 1846 efficere
3319 1799 3374 1844 ut
3401 1806 3498 1845 nos
3524 1807 3731 1862 quoque
3760 1792 3856 1847 ba-

2282 1874 2502 1932 beamus
2529 1878 2657 1934 tales
2687 1879 2803 1934 illos
2825 1881 2985 1945 viros,
3013 1889 3067 1935 ct
3095 1897 3256 1935 unum
3286 1881 3613 1951 potissimum
3640 1925 3653 1946 ,
3695 1898 3850 1953 quem

2283 1973 2338 2019 tu
2370 1965 2618 2024 libentius
2645 1970 2695 2024 in
2720 1971 2821 2026 tuis
2853 1971 3042 2026 litteris
3071 1986 3249 2026 sonas.
3279 1972 3354 2027 De
3387 1972 3653 2028 vertendis
3677 1984 3852 2029 autem

2281 2056 2337 2111 in
2363 2058 2577 2114 latinam
2605 2061 2834 2132 linguam
2853 2063 3052 2118 sanctis
3071 2062 3285 2119 Litteris
3310 2064 3581 2119 canonicis
3607 2064 3852 2120 laborare

2283 2160 2334 2206 te
2355 2152 2571 2220 nollem,
2599 2154 2702 2210 nisi
2729 2171 2793 2211 eo
2828 2156 2986 2211 modo
3007 2172 3112 2226 quo
3151 2155 3251 2211 Joh
3275 2156 3647 2226 interpretatus
3667 2172 3760 2224 es;
3792 2165 3878 2211 nt'

2281 2241 2446 2310 signis
2491 2244 2738 2302 adhibitis
2767 2236 2911 2318 'quid
2966 2247 3104 2302 inter
3148 2239 3308 2304 hanc'
3351 2255 3491 2300 tuam
3531 2255 3586 2301 et
3631 2245 3858 2316 Septua-

2279 2332 2442 2402 ginta,
2471 2349 2694 2404 quorum
2735 2345 2818 2392 est
2857 2338 3167 2408 gravissima
3196 2337 3499 2408 auctoritas,
3533 2337 3857 2408 interpreta-

2282 2427 2477 2483 tionem
2505 2429 2685 2499 distet,
2728 2442 2996 2502 appareat.
3029 2431 3172 2487 Satis
3209 2442 3385 2488 autein
3413 2448 3618 2503 nequeo
3647 2429 3849 2499 mirari,

2279 2517 2326 2571 si
2346 2519 2543 2588 aliquid
2571 2521 2746 2577 adhuc
2771 2523 2822 2577 in
2865 2522 3095 2579 hebraeis
3138 2523 3523 2594 exemplaribus
3567 2523 3848 2589 invenitur,

2281 2608 2421 2679 quod
2451 2621 2526 2668 tot
2553 2615 2869 2683 interpretes
2893 2614 3034 2669 illius
3055 2612 3249 2685 lingua:
3275 2615 3622 2684 peritissimos
3639 2613 3851 2685 fugerit.

2280 2707 2478 2763 Omitto
2505 2707 2646 2762 enim
2671 2707 3008 2777 Septuaginta
3037 2748 3052 2775 ,
3084 2706 3152 2762 de
3175 2722 3397 2778 quorum
3426 2707 3510 2761 vel
3533 2707 3735 2762 consilii
3765 2706 3852 2760 vel

2281 2801 2495 2870 spiritus
2523 2799 2721 2869 majore
2749 2798 3050 2864 concordia,
3083 2813 3240 2868 quam
3266 2798 3308 2852 si
3340 2813 3474 2853 unus
3500 2797 3659 2852 homo
3687 2805 3850 2866 esset,

2281 2905 2386 2946 non
2405 2891 2572 2945 audeo
2595 2891 2648 2944 in
2667 2889 2895 2960 aliquam
2919 2900 3120 2960 partem
3136 2899 3333 2944 certam
3353 2890 3489 2945 ferre
3506 2889 3845 2958 sententiam,

2281 2983 2381 3036 uisi
2410 2981 2552 3052 quod
2580 2982 2657 3036 eis
2685 2979 3112 3051 prmeminentem
3135 2979 3498 3036 auctoritatem
3520 2980 3572 3034 in
3604 2980 3703 3035 hoc
3725 2995 3848 3034 mu—

2281 3088 2409 3128 nere
2449 3073 2564 3128 sine
2589 3071 2944 3127 controversia
2983 3070 3313 3126 tribuendam
3351 3065 3616 3125 existimo.
3659 3070 3735 3124 llli
3763 3083 3854 3125 me

2279 3165 2402 3236 plus
2420 3172 2652 3229 movent,
2676 3163 2764 3234 qui
2789 3179 2907 3218 cum
2935 3163 3258 3232 posteriores
3282 3162 3770 3232 interpretarentur,
3791 3169 3853 3217 et

2279 3247 2562 3310 verborum
2607 3255 3033 3324 locutionumque
3059 3254 3386 3309 hebraearum
3425 3253 3562 3307 viam
3589 3251 3662 3325 (a)
3691 3260 3856 3322 atque

2279 3351 2489 3420 regulas
2516 3348 2783 3404 mordicus
2813 3348 2852 3412 ¹,
2897 3357 2952 3402 ιιι
2992 3346 3178 3415 fertur,
3225 3355 3482 3412 tenerent,
3527 3360 3630 3399 non
3677 3343 3854 3398 solum

2281 3439 2420 3495 inter
2466 3454 2524 3495 se
2562 3455 2666 3495 non
2722 3446 3124 3504 consenserunt,
3179 3437 3272 3493 sed
3325 3439 3481 3493 etiam
3525 3436 3857 3506 reliquerunt

2279 3532 2465 3598 multa,
2487 3548 2605 3603 qua:
2636 3541 2780 3586 tanto
2805 3539 2921 3601 post
2959 3531 3188 3586 eruenda
3213 3539 3268 3585 et
3299 3529 3566 3600 prodenda
3604 3543 3854 3584 remane-

2279 3635 2417 3680 rent.
2448 3625 2515 3679 Et
2536 3633 2624 3678 aut
2643 3625 2867 3679 obscura
2889 3635 3031 3686 sunt,
3059 3633 3150 3677 aut
3175 3621 3449 3677 manifesta
3483 3639 3496 3676 :
3524 3623 3567 3676 si
3592 3622 3730 3690 enim
3750 3618 3857 3674 ob-

2278 3733 2431 3773 scura
2461 3725 2620 3782 sunt,
2654 3725 2705 3771 te
2732 3731 2941 3786 quoque
2982 3715 3035 3770 in
3065 3717 3142 3770 eis
3167 3714 3274 3769 falli
3314 3714 3548 3785 potuisse
3571 3713 3803 3768 creditur
3823 3728 3851 3778 ς

2279 3808 2325 3862 si
2351 3807 2652 3884 manifesta,
2681 3807 2800 3862 illos
2845 3807 2896 3860 in
2921 3806 3001 3861 eis
3047 3805 3153 3860 falli
3187 3806 3417 3876 potuisse
3461 3819 3563 3858 non
3593 3803 3851 3859 creditur.

2277 3899 2446 3972 Hujus
2493 3900 2649 3970 igitur
2673 3899 2748 3954 rei
2781 3913 2878 3968 pro
2917 3907 3002 3953 tua
3045 3897 3324 3964 charitate,
3362 3897 3618 3968 expositis
3645 3893 3844 3964 causis,

2276 4001 2480 4048 certum
2502 4007 2586 4047 me
2612 3991 2771 4046 facias
2799 3990 3206 4046 obsecraverim.

2273 4110 2284 4184 '_
2547 4105 2770 4162 CAPUT
2799 4104 2886 4160 ΙΙΙ.
2913 4103 3279 4158 -—Perniciosa
3303 4102 3576 4157 simulatio.

2347 4201 2400 4255 3.
2432 4201 2557 4270 Legi
2583 4202 2741 4256 etiam
2761 4199 3000 4270 quaedam
3024 4198 3238 4267 scripta,
3264 4213 3381 4268 qua:
3409 4206 3490 4250 tua
3519 4195 3854 4260 dicerentur,

2275 4291 2329 4347 in
2358 4292 2622 4363 Epistolas
2649 4292 2871 4362 apostoli
2899 4290 3077 4354 Pauli;
3105 4305 3323 4360 quarum
3362 4287 3427 4342 ad
3457 4287 3691 4350 Galatas,
3720 4300 3852 4339 cum

2277 4383 2509 4438 enodare
2528 4382 2715 4446 velles,
2745 4382 2886 4434 venit
2914 4381 2966 4434 in
2993 4394 3180 4434 manus
3209 4368 3356 4433 locus
3377 4377 3480 4442 ille,
3511 4392 3616 4446 quo
3635 4383 3860 4444 aposto-

2267 4473 2360 4546 ‘lns
2379 4473 2567 4528 Petrus
2587 4488 2618 4526 a
2647 4472 2938 4541 perniciosa
2969 4471 3301 4525 simulatione
3331 4477 3624 4524 revocatur.
3649 4467 3720 4523 lbi
3749 4482 3856 4537 pa-

2268 4551 2552 4618 trocinium
2607 4563 2865 4618 mendacii
2908 4571 3206 4631 susceptum
3234 4576 3352 4617 esse
3403 4563 3484 4616 vel
3538 4561 3630 4616 abs
3674 4568 3726 4614 te
3757 4559 3860 4616 tali

2276 4651 2416 4722 viro,
2458 4654 2599 4709 vela
2629 4654 2913 4725 quopiam,
2947 4653 2991 4708 si
3040 4655 3173 4707 alius
3229 4653 3313 4707 illa
3365 4653 3597 4722 scripsit,
3653 4650 3856 4719 fateor,

2276 4763 2381 4802 non
2409 4747 2746 4802 mediocriter
2767 4736 2942 4812 doleo,
2971 4745 3140 4802 donec
3170 4745 3478 4800 refellantur
3505 4743 3570 4815 (si
3600 4744 3734 4798 forte
3754 4758 3856 4799 re-

2272 4835 2383 4892 felli
2414 4835 2676 4907 possunt),
2701 4851 2763 4891 ea
2789 4851 2906 4906 quae
2933 4851 3017 4890 me
3056 4845 3285 4889 movent.
3315 4833 3436 4888 Mihi
3464 4833 3606 4888 enim
3637 4831 3862 4889 videtur

2273 4926 2646 4983 exitiosissimc
2673 4925 2837 4991 credi,
2872 4923 3086 4994 aliquod
3113 4925 3164 4978 in
3192 4923 3368 4978 Libris
3416 4923 3613 4979 sanctis
3658 4923 3861 4978 haberi

2273 5018 2634 5081 mendacium;
2669 5015 2720 5070 id
2761 5025 2843 5070 est
2866 5029 2958 5070 eos
2987 5015 3248 5081 homines,
3286 5031 3384 5086 per
3410 5030 3543 5085 quos
3570 5014 3723 5067 nobis
3754 5012 3859 5068 illa

2271 5109 2544 5179 Scriptura
2579 5107 2870 5162 ministrata
2896 5114 2978 5160 est
3001 5115 3161 5175 atque
3184 5105 3507 5171 conscripta,
3551 5099 3746 5170 aliquid
3792 5101 3857 5159 in

2271 5202 2419 5256 libris
2447 5201 2557 5254 suis
2579 5198 2743 5252 fuisse
2768 5197 3037 5252 mentitos.
3087 5195 3204 5250 Alia
3249 5195 3443 5264 quippe
3487 5193 3708 5263 quaestio
3737 5204 3856 5262 est,

2270 5293 2409 5348 sitne
2428 5289 2710 5361 aliquando
2735 5290 2944 5344 mentiri
2971 5289 3069 5343 viri
3097 5287 3220 5342 boni
3244 5302 3259 5352 ;
3286 5299 3339 5341 et
3367 5285 3468 5340 alia
3495 5285 3715 5356 qua-suo
3738 5294 3858 5350 est,

2271 5393 2449 5438 utrum
2499 5366 2816 5453 scriptorem
2863 5391 3166 5436 sanctarum
3197 5378 3590 5448 Scripturarum
3630 5375 3861 5433 mentiri
3943 5421 3946 5424 .

2270 5463 2563 5546 oportuerit
2589 5492 2602 5530 :
2635 5477 2741 5532 imo
2767 5491 2892 5531 vero
2918 5491 3020 5529 non
3051 5474 3172 5540 alia,
3205 5471 3297 5528 sed
3321 5471 3461 5527 nulla
3492 5470 3715 5540 quaestio
3741 5479 3858 5523 est.

2270 5570 2518 5625 Admisso
2533 5569 2674 5625 enim
2703 5570 2870 5625 semel
2889 5569 2942 5623 in
2969 5576 3170 5622 tantum
3192 5563 3520 5622 auctoritatis
3540 5561 3815 5631 fastigium
3834 5563 3863 5594 ⁸

2331 5717 2348 5781 ξ
2374 5721 2495 5775 Am.,
2521 5714 2632 5763 Bad.
2651 5721 2704 5764 et
2722 5720 2831 5781 uss,
2854 5725 3043 5781 omnes,
3066 5707 3371 5781 meretricius,
3381 5715 3439 5761 At
3455 5715 3568 5758 Lor.
3585 5714 3651 5753 ex
3663 5701 3865 5754 ham

2328 5779 2349 5808 ¹
2369 5772 2489 5844 Mss.
2504 5783 2608 5826 tres
2620 5786 2710 5825 :Jn
2730 5779 2874 5844 tanta:
2894 5772 3187 5826 auctoritatis
3209 5772 3410 5836 fastigio.
3753 5811 3756 5820 .

2264 5840 2565 5888 correctione
2582 5871 2597 5896 ,
2611 5834 2869 5885 mordicus.

2330 5900 2404 5962 (α)
2426 5905 2583 5960 Forte,
2605 5897 2712 5952 vim.
