4044 6338
247 402 342 460 113

244 523 476 581 ofﬁcioso
495 523 688 595 aliquo
709 520 1013 588 mendacio,
1036 520 1175 577 nulla
1202 521 1409 576 illorum
1436 520 1691 575 librorum
1716 534 1838 590 par-

250 619 394 676 ticula
421 617 759 683 remanebit,
792 633 912 687 qua:
943 631 1046 670 non
1072 625 1128 670 ut
1153 614 1344 686 cuique
1371 614 1634 669 videbitur
1660 614 1741 668 vel
1771 612 1837 667 ad

246 728 416 769 mores
444 710 689 765 difﬁcilis
716 709 805 764 vel
832 708 898 763 ad
922 707 1077 762 ﬁdem
1108 706 1432 763 incredibilis
1457 748 1471 773 ,
1501 705 1686 760 eadem
1718 720 1837 774 per-

244 802 599 859 niciosissima
631 802 821 870 regula
851 799 917 855 ad
958 799 1262 855 mentientis
1295 798 1526 853 auctoris
1553 796 1834 873 consilium

240 896 577 965 ofﬁciumque
596 892 886 949 referatur.

305 988 357 1041 1.
391 986 446 1040 Si
479 987 627 1041 enim
657 984 1018 1039 mentiebatur
1042 983 1315 1054 apostolus
1345 980 1537 1037 Paulus
1560 996 1681 1036 cum
1707 995 1835 1049 apo-

242 1080 431 1135 stolum
464 1078 690 1133 Petrum
719 1076 1007 1146 objurgans
1034 1075 1255 1141 diceret,
1287 1072 1349 1130 Si
1395 1083 1449 1128 tu
1498 1090 1611 1127 cum
1634 1074 1702 1126 sis
1730 1070 1831 1125 Ju-

236 1175 388 1237 daeus,
443 1172 709 1244 gentiliter
747 1181 793 1225 et
824 1154 935 1225 ~non
971 1170 1178 1242 judaice
1221 1169 1362 1233 viris,
1411 1166 1830 1245 quemadmodum

235 1278 396 1342 gentes
428 1267 573 1338 cogis
603 1265 919 1336 judaizare.’
942 1273 995 1319 et
1030 1272 1175 1319 recte
1214 1262 1286 1318 illi
1330 1261 1606 1317 videbatur
1640 1260 1828 1315 Petrus

234 1363 437 1423 fecisse,
473 1377 639 1432 quem
673 1375 780 1414 non
812 1369 955 1414 recte
982 1356 1168 1413 fecisse
1196 1366 1247 1412 et
1273 1356 1404 1411 dixit
1433 1365 1484 1410 et
1509 1355 1737 1424 scripsit,
1770 1362 1828 1409 ut

232 1456 370 1525 quasi
396 1453 614 1509 animos
641 1451 1071 1506 tumultuantium
1099 1445 1499 1520 deliniret(Ga!.
1527 1462 1585 1515 tt,
1609 1443 1821 1515 il-M);

231 1546 345 1617 quid
385 1545 867 1615 respondebimus,
894 1558 1012 1598 cum
1045 1540 1440 1597 exsurrexerint
1467 1539 1698 1610 perversi
1730 1540 1826 1592 ho-

232 1638 413 1703 mines,
441 1637 794 1707 prohibentes
815 1636 1044 1704 nuptias,
1071 1647 1204 1704 quos
1225 1631 1427 1687 futuros
1448 1631 1560 1702 ipse
1580 1646 1826 1701 praenun-

231 1733 365 1787 tiavit
395 1731 445 1802 (ι
468 1732 608 1785 Tim.
636 1747 707 1797 iv,
734 1731 813 1800 5),
840 1737 895 1785 et
919 1728 1144 1784 dixerint
1167 1736 1333 1782 totum
1356 1726 1502 1789 illud,
1522 1725 1665 1797 quod
1683 1724 1821 1779 idem

227 1826 499 1896 apostolus
543 1825 613 1899 de
652 1823 1109 1879 matrimooiorum
1147 1820 1267 1892 jure
1307 1818 1568 1875 ﬁrmando
1615 1818 1822 1873 locutus

228 1927 303 1974 est
341 1916 400 1989 (Ι
430 1917 554 1971 Cor.
604 1933 697 1979 vn,
749 1915 941 1986 lO-l6)
970 1955 984 1980 ,
1018 1912 1509 1993 propterbomines
1550 1910 1637 1980 qui
1682 1909 1820 1965 diis.

224 2011 395 2066 ctione
416 2009 541 2079 conj
550 2025 710 2079 ugum
735 2004 1040 2062 tumultuari
1058 2011 1321 2075 poterant,
1339 2002 1499 2058 fuisse
1517 2001 1815 2066 mentitum;

220 2104 424 2159 scilicet
456 2118 564 2158 non
593 2102 735 2171 quod
763 2101 866 2156 hoc
894 2100 1140 2164 senserit,
1173 2098 1267 2153 sed
1296 2108 1354 2153 ut
1391 2095 1602 2152 illorum
1632 2096 1818 2167 placa-

218 2206 371 2252 retur
396 2194 729 2250 adversitas?
761 2192 876 2248 Non
905 2207 1040 2263 Opus
1064 2200 1145 2247 est
1181 2190 1345 2245 multa
1373 2202 1813 2245 commemorare.

220 2289 463 2344 Possunt
487 2288 624 2343 enim
649 2287 819 2343 videri
846 2287 1005 2342 etiam
1050 2285 1116 2340 de
1164 2284 1406 2340 laudibus
1434 2282 1527 2337 Dei
1556 2296 1673 2337 esse
1699 2280 1817 2335 offi-

220 2381 361 2434 ciosa
405 2378 705 2443 mendacia,
739 2387 798 2433 ut
839 2378 977 2448 apud
1020 2376 1262 2431 homines
1302 2374 1559 2445 pigriores
1602 2372 1816 2427 dilectio

218 2473 328 2542 ejus
357 2472 645 2537 ardescat;
678 2480 841 2541 atque
873 2473 941 2525 ita
968 2484 1223 2539 nusquam
1252 2476 1397 2521 certa
1431 2466 1535 2520 erit
1562 2465 1614 2519 in
1643 2463 1816 2518 Libris

218 2564 412 2619 sanctis
454 2571 621 2618 casta:
663 2562 903 2617 veritatis
928 2560 1235 2616 auctoritas.
1265 2557 1451 2612 Nonne
1493 2555 1815 2610 attendimus

216 2654 461 2711 eamdem
501 2654 812 2724 apostolum
839 2668 959 2708 cum
991 2650 1188 2721 ingenti
1225 2664 1350 2705 cura
1377 2645 1813 2705 commendanda}

216 2747 451 2804 veritatis
475 2747 693 2802 dicere:
724 2745 785 2801 Si
805 2755 971 2799 autent
1008 2743 1237 2799 Christus
1257 2760 1358 2797 non
1385 2740 1675 2802 resurrexit,
1707 2740 1815 2792 ina-

217 2842 367 2895 aisest
384 2840 690 2912 prtedicatio
712 2848 904 2904 nostra,
931 2837 1093 2892 inanis
1109 2845 1178 2891 est
1200 2844 1247 2889 et
1266 2834 1391 2905 ﬁdes
1408 2843 1599 2888 vestra:
1614 2832 1808 2885 inveni-

217 2949 319 2986 mur
330 2943 503 2985 autem
516 2939 563 2985 et
581 2930 703 3003 falsi
719 2940 863 2985 testes
876 2928 992 2994 Dei;
1010 2929 1126 3000 quia
1140 2927 1475 2983 testimonium
1488 2925 1706 2979 diximus
1718 2924 1812 2978 ad-

216 3038 376 3078 versus
391 3022 585 3088 Deum,
603 3022 742 3093 quod
762 3022 1012 3076 suscitavit
1032 3019 1303 3085 Christum,
1324 3035 1469 3089 quem
1485 3034 1585 3072 non
1600 3018 1811 3072 suscita-

213 3118 274 3171 sit
292 3116 399 3183 (Id.
418 3133 517 3181 xv,
539 3117 610 3171 Ui
626 3114 749 3186 t5)?
766 3116 818 3170 Si
836 3116 953 3186 quis
972 3115 1090 3169 huic
1105 3114 1305 3171 diceret
1318 3111 1473 3180 :Quid
1489 3110 1539 3166 in
1554 3110 1655 3166 hoc
1667 3126 1810 3167 men-

212 3206 358 3261 dacio
383 3206 785 3277 perhorrescis.
815 3222 935 3262 cum
964 3206 1014 3262 id
1041 3207 1257 3275 dixeris,
1292 3209 1430 3278 quod
1455 3211 1614 3266 etiam
1637 3211 1681 3265 si
1705 3208 1806 3265 fal-

212 3316 324 3357 sum
350 3302 444 3364 sit,
473 3301 545 3356 ad
579 3301 788 3356 laudem
819 3302 912 3356 Dci
941 3302 1169 3357 maxime
1194 3303 1459 3373 pertinet?
1486 3303 1673 3359 Nonne
1702 3304 1805 3359 bu-

210 3393 292 3463 jus
316 3394 622 3449 detestatus
653 3394 935 3458 insaniam,
954 3396 1144 3466 quibus
1161 3404 1340 3466 posset
1365 3397 1541 3453 verbis
1562 3407 1616 3453 et
1632 3399 1807 3473 gigni-

211 3486 568 3555 ﬁcationibus,
598 3488 651 3543 in
684 3488 856 3543 lucem
888 3490 1176 3559 penetralia
1216 3490 1297 3545 sui
1346 3490 1521 3546 cordis
1549 3490 1799 3561 aperiret,

210 3580 444 3634 clamans
466 3595 577 3633 non
602 3580 809 3635 minore
838 3587 930 3634 aut
954 3580 1177 3637 fortasse
1202 3582 1363 3637 etiam
1384 3582 1584 3651 majore
1601 3583 1804 3638 scelere

209 3669 258 3724 in
282 3670 389 3724 Deo
424 3670 634 3726 laudari
660 3669 965 3735 falsitatem,
998 3687 1154 3742 quam
1177 3673 1460 3742 vituperari
1488 3674 1803 3730 veritatem?

207 3763 483 3833 Agendum
510 3772 594 3818 est
627 3763 785 3835 igitur
804 3771 865 3818 ut
883 3764 948 3819 ad
969 3765 1321 3836 cognitionem
1344 3766 1640 3821 divinarum
1660 3767 1803 3823 Scri-

208 3863 481 3924 pturarum
505 3854 627 3909 talis
655 3855 816 3909 homo
836 3856 1071 3923 accedat,
1086 3858 1175 3928 qui
1200 3856 1268 3912 de
1293 3858 1487 3914 sanctis
1506 3858 1676 3914 Libris
1693 3866 1799 3913 tam

205 3957 384 4003 sancte
414 3956 473 4002 et
502 3948 768 4004 veraciter
801 3950 1087 4016 existimet,
1121 3959 1177 4004 ut
1221 3952 1353 4005 nolit
1395 3952 1567 4022 aliqua
1614 3968 1799 4007 eorum

206 4048 349 4110 parte
376 4041 639 4096 delectari
682 4058 779 4111 per
811 4041 1045 4097 ofﬁciosa
1084 4044 1381 4111 mendacia,
1418 4046 1695 4114 potiusque
1724 4046 1797 4111 id,

206 4132 340 4201 quod
366 4147 476 4186 non
528 4132 797 4203 intelligit,
830 4141 1089 4200 transeat,
1123 4150 1280 4204 quam
1309 4150 1404 4190 cor
1427 4151 1578 4189 suum
1611 4135 1824 4205 prasfcr

206 4232 283 4277 rat
320 4224 398 4277 illi
436 4224 671 4279 veritati.
714 4223 958 4280 Profecto
1000 4226 1140 4282 enim
1185 4241 1305 4280 cum
1356 4226 1456 4279 hoc
1480 4227 1626 4292 dicit,
1654 4228 1798 4283 credi

204 4314 302 4369 sibi
348 4317 580 4386 expetit,
610 4324 665 4372 et
705 4316 758 4371 id
806 4318 933 4388 agit,
966 4324 1021 4372 ut
1065 4317 1361 4373 divinarum
1406 4318 1796 4387 Scripturarutn

203 4409 613 4465 auctoritatibus
642 4425 745 4464 non
773 4408 1071 4463 credamus.

273 4502 331 4556 5.
360 4502 428 4555 Et
473 4516 575 4571 ego
632 4500 847 4570 quidem
890 4502 1361 4571 qualibuscumque
1408 4502 1627 4569 viribus,
1666 4518 1798 4571 quas

206 4592 465 4647 Dominus
492 4593 748 4662 suggerit,
776 4593 950 4647 omnia
974 4593 1058 4647 illa
1084 4594 1404 4660 testimonia,
1429 4610 1548 4664 quae
1563 4595 1797 4651 adhibita

204 4694 331 4738 sunt
357 4684 666 4740 astruende
697 4686 908 4740 utilitati
938 4687 1219 4754 mendacii,
1254 4688 1408 4743 aliter
1438 4700 1684 4760 oportere
1715 4690 1797 4744 ina

200 4775 369 4845 telligi
415 4777 777 4840 ostenderem,
824 4786 881 4830 ut
941 4776 1134 4847 ubique
1176 4794 1361 4834 eorum
1403 4779 1555 4834 ﬁrma
1602 4782 1796 4837 veritas

201 4867 508 4923 doceretur.
538 4868 709 4935 Quam
738 4868 879 4923 enim
910 4871 1210 4925 testimonia
1241 4872 1513 4927 mendacia
1544 4888 1663 4928 esse
1690 4890 1794 4929 non

198 4959 417 5024 debent,
445 4968 551 5015 tam
576 4976 678 5016 non
706 4962 901 5016 debent
920 4962 1095 5018 favere
1122 4964 1419 5021 mendacio.
1445 4965 1548 5021 Sed
1579 4965 1682 5022 hoc
1712 4972 1795 5026 in-

200 5053 513 5123 telligentim
549 5054 791 5123 relinquo
823 5064 943 5108 tum.
973 5056 1200 5111 Admota
1247 5059 1389 5113 enim
1436 5058 1648 5114 lectioni
1674 5061 1795 5115 dili-

197 5146 430 5216 gentiori
460 5145 908 5211 consideratione,
942 5149 1109 5202 multo
1140 5148 1190 5202 id
1223 5148 1448 5204 fortasse
1479 5150 1685 5207 facilius
1714 5153 1795 5207 vi-

196 5238 354 5293 debis
407 5254 568 5309 quam
619 5255 739 5309 ego.
785 5238 866 5292 Ad
908 5239 1044 5294 hanc
1087 5250 1262 5296 autem
1313 5242 1791 5301 considerationem

196 5340 356 5399 coget
394 5339 448 5385 te
492 5332 688 5403 pietas,
713 5346 817 5402 qua
839 5334 1114 5402 cognoscis
1144 5332 1398 5389 fluctuare
1424 5338 1791 5394 auctoritatem

196 5420 597 5490 Scripturarum
643 5422 962 5489 divinarum,
992 5432 1048 5477 ut
1078 5423 1129 5479 in
1160 5424 1236 5479 eis
1265 5424 1405 5496 quod
1429 5428 1541 5481 vult
1568 5429 1792 5499 quisque

194 5514 404 5583 credat,
432 5517 575 5588 quod
606 5532 709 5571 non
733 5517 848 5571 vult
869 5533 971 5573 non
1000 5519 1198 5587 credat,
1231 5520 1274 5574 si
1301 5521 1465 5577 semel
1493 5522 1646 5579 fuerit
1668 5540 1789 5594 per-

195 5621 415 5663 suasum
445 5609 625 5678 aliqua
662 5608 782 5664 illos
806 5610 968 5678 viros,
1000 5626 1095 5681 per
1119 5626 1253 5682 quos
1292 5613 1445 5668 nobis
1478 5614 1593 5670 lucc
1637 5616 1792 5670 mini-

195 5706 363 5753 strata
395 5710 543 5765 saut,
576 5700 629 5754 in
660 5700 935 5771 scripturis
965 5702 1074 5757 suis
1112 5702 1347 5759 ofﬁciose
1374 5705 1607 5775 potuisse
1636 5722 1788 5762 men-

192 5787 300 5845 tiri.
328 5789 446 5845 Nisi
486 5790 633 5845 forte
678 5791 889 5862 regulas
933 5793 1186 5863 quasdam
1234 5794 1454 5853 daturus
1494 5813 1574 5865 es,
1602 5799 1793 5869 quibus

195 5885 510 5942 noverimus
552 5882 647 5941 ubi
681 5892 926 5956 oporteat
966 5887 1199 5957 mentiri,
1235 5888 1328 5946 ubi
1371 5904 1478 5948 non
1525 5901 1787 5964 oporteat.

1464 398 1941 458 EPISTOLARUM
1978 403 2252 467 CLASSIS
2288 412 2331 466 ι.

3421 425 3526 488 {id

1944 520 2095 623 Quod
2182 526 2295 583 ﬁeri
2314 538 2508 623 potest,
2533 536 2677 592 nullo
2696 538 2856 594 modo
2877 541 3221 601 mendacibus
3242 546 3523 623 dubiisque

1941 616 2233 673 rationibus
2277 622 2326 676 id
2367 625 2617 695 explices,
2648 646 2861 701 quasso;
2889 650 2990 691 nec
3017 651 3103 691 me
3126 653 3409 697 onerosum
3431 616 3525 699 aut

1940 705 2302 776 impudentem
2342 713 2568 784 judices,
2598 735 2695 790 per
2719 722 3095 782 humanitatem
3124 731 3518 788 veracissimam

1940 797 2149 855 Domini
2180 806 2365 860 nostri.
2394 806 2546 875 Nam,
2579 819 2637 865 ut
2678 829 2782 868 non
2832 815 3005 872 dicam
3049 818 3212 886 nulla,
3239 831 3386 879 certe
3411 839 3518 881 non

1942 906 2129 964 magna
2159 897 2315 968 culpa
2342 915 2490 955 meus
2512 917 2663 959 error
2683 907 2891 964 veritati
2917 908 3074 979 favet,
3106 912 3153 968 si
3196 922 3342 972 recte
3382 915 3438 972 in
3465 924 3518 972 te

1937 992 2115 1053 potest
2138 989 2331 1045 veritas
2360 990 2539 1049 favere
2564 998 2860 1054 mendacio.

2571 1128 2793 1187 CAPUT
2819 1132 2906 1189 IV.

1950 1226 1953 1231 “
2004 1227 2055 1282 6.
2099 1229 2256 1286 Multa
2298 1233 2398 1287 alia
2450 1250 2569 1291 cum
2621 1239 2981 1298 sincerissimo
3022 1247 3183 1303 corde
3226 1258 3314 1305 tuo
3369 1253 3513 1324 loqui

1932 1332 2218 1389 cuperem,
2247 1333 2299 1378 et
2338 1326 2406 1381 de
2440 1329 2727 1386 christiano
2757 1334 2931 1390 studio
2966 1338 3225 1405 conferre;
3264 1343 3358 1398 sed
3390 1344 3511 1401 huic

1931 1409 2195 1468 desiderio
2220 1430 2339 1470 meo
2362 1420 2501 1473 nulla
2520 1421 2741 1491 epistola
2761 1426 2890 1479 satis
2906 1434 3005 1481 est.
3027 1427 3254 1485 Uberius
3280 1432 3511 1504 idipsum

1926 1518 2147 1573 possum
2187 1522 2284 1576 per
2328 1508 2563 1579 fratrem,
2595 1530 2751 1585 quem
2800 1519 3127 1597 miscendum
3166 1516 3218 1579 et
3261 1526 3509 1584 alendum

1930 1594 2170 1653 dulcibus
2192 1609 2350 1672 atque
2376 1605 2592 1661 utilibus
2619 1594 3153 1671 sermocinationibus
3179 1619 3281 1674 tuis
3297 1622 3507 1679 misisse

1930 1703 2015 1743 me
2056 1690 2279 1759 gaudeo.
2332 1694 2401 1749 Et
2452 1708 2644 1763 tamen,
2691 1712 2945 1771 quantum
2997 1707 3205 1774 vellem,
3251 1726 3349 1767 nec
3393 1713 3509 1783 ipse

1928 1777 2091 1855 (quod
2125 1799 2254 1854 pace
2300 1787 2414 1857 ejus
2460 1790 2722 1863 dixerim)
2750 1793 2969 1853 forsitan
3003 1801 3174 1870 capit;
3206 1777 3508 1875 quanquam

1926 1874 2093 1930 nihilo
2119 1894 2204 1933 me
2231 1878 2304 1933 illi
2333 1884 2672 1951 praetulerim.
2704 1887 2816 1959 Ego
2844 1891 2986 1945 enim
3016 1909 3102 1948 me
3129 1893 3298 1951 fateor
3325 1874 3396 1952 tui
3414 1914 3507 1953 ca-

1926 1968 2226 2037 paciorcm;
2260 1972 2354 2027 sed
2394 1973 2564 2044 ipsum
2604 1977 2760 2034 video
2805 1980 2915 2036 ﬁeri
2949 1983 3263 2054 pleniorem,
3287 2004 3394 2058 quo
3421 2007 3509 2047 me

1924 2058 2041 2113 sine
2076 2059 2401 2117 dubitatione
2442 2068 2709 2123 antecellit
2744 2089 2758 2125 :
2788 2080 2843 2126 et
2877 2081 3218 2145 posteaquam
3265 2078 3503 2148 redierit,

1924 2149 2066 2218 quod
2112 2150 2339 2208 Domino
2375 2155 2656 2226 adjuvante
2694 2174 3062 2232 prosperatum
3094 2166 3155 2220 iri
3181 2184 3358 2237 spero,
3382 2186 3502 2226 cum

1923 2241 2040 2310 ejus
2070 2245 2298 2312 pectoris
2322 2248 2417 2304 abs
2445 2256 2495 2303 te
2524 2252 2769 2308 cumulati
2798 2256 3058 2329 particeps
3082 2257 3253 2327 fuero,
3289 2258 3392 2317 non
3422 2273 3508 2320 est

1923 2333 2257 2404 impleturus,
2288 2339 2428 2408 quod
2459 2341 2510 2396 in
2540 2359 2624 2398 me
2648 2344 2821 2402 adhuc
2847 2364 3068 2403 vacuum
3092 2352 3194 2406 erit
3213 2361 3370 2425 atque
3395 2356 3506 2409 avi-

1921 2424 2046 2481 dum
2077 2442 2326 2484 sensuum
2356 2440 2585 2488 tuorum.
2628 2436 2702 2490 Ita
2739 2439 2829 2493 lict
2875 2448 2933 2495 ut
2970 2450 3022 2495 et
3062 2459 3159 2512 ego
3187 2445 3346 2500 etiam
3379 2455 3505 2502 tunc

1920 2520 2162 2588 egentior
2197 2522 2319 2587 sint,
2352 2524 2435 2579 ille
2469 2528 2751 2596 copiosior.
2781 2530 2919 2586 Sane
2949 2533 3086 2588 idem
3128 2534 3290 2590 frater
3327 2538 3502 2609 aliqua

1920 2612 2111 2681 scripta
2140 2624 2315 2670 nostra
2345 2616 2446 2672 fert
2472 2635 2682 2682 secum;
2706 2624 2896 2693 quibus
2923 2626 3155 2697 legendis
3176 2629 3219 2683 si
3241 2628 3503 2700 dignatio-

1920 2718 2040 2759 nem
2068 2706 2391 2775 adhibueris,
2424 2713 2583 2768 etiam
2618 2715 2878 2772 sinceram
2914 2729 3070 2790 atque
3100 2720 3385 2778 fraternam
3417 2740 3502 2780 sc-

1917 2797 2195 2852 veritatem
2239 2800 2494 2857 adhibeas
2534 2821 2733 2874 quaso.
2764 2808 2876 2863 Non
2906 2811 3048 2866 enim
3087 2814 3241 2868 aliter
3268 2816 3501 2887 intelligo

1916 2886 2056 2956 quod
2097 2890 2349 2960 scriptum
2381 2902 2480 2960 est,
2510 2893 2812 2952 Emendabit
2837 2917 2915 2952 me
2930 2903 3103 2972 justus
3133 2905 3187 2957 in
3215 2907 3499 2960 misericor-

1915 2978 2022 3045 dia,
2047 2989 2091 3033 et
2116 2991 2290 3053 arguet
2316 3000 2421 3051 me;
2454 2985 2618 3040 oleum
2650 3000 2816 3043 autent
2853 2994 3125 3061 peccatoris
3166 3012 3264 3048 non
3306 2998 3495 3067 impin-

1912 3081 2028 3141 guet
2048 3082 2198 3142 caput
2225 3091 2388 3129 meum
2414 3075 2582 3146 (Psal.
2611 3094 2732 3147 CXL,
2764 3083 2843 3151 5);
2873 3084 2973 3137 nisi
3005 3086 3125 3155 quia
3157 3088 3322 3157 magis
3350 3098 3495 3143 amat

1912 3162 2220 3234 objurgator
2265 3184 2491 3234 sanans,
2539 3188 2696 3242 quam
2745 3175 2987 3231 adulator
3028 3196 3265 3252 unguens
3313 3195 3491 3256 caput.

1912 3255 2024 3327 Ego
2049 3266 2223 3312 autem
2247 3258 2556 3317 difficillime
2582 3263 2747 3319 bonus
2767 3267 2927 3336 judex
2952 3270 3067 3341 lego
3097 3275 3233 3342 quod
3260 3255 3492 3347 scripse-

1910 3349 2033 3413 rim,
2060 3351 2153 3405 sed
2181 3361 2271 3406 aut
2295 3353 2524 3409 timidior
2542 3366 2704 3422 recto,
2733 3369 2822 3413 aut
2841 3362 3101 3431 cupidior.
3128 3365 3293 3421 Video
3332 3369 3493 3424 etiam

1913 3442 2176 3497 interdum
2210 3446 2331 3499 vitia
2364 3463 2516 3512 mea;
2551 3450 2641 3504 sed
2676 3450 2786 3507 haec
2817 3455 2955 3509 malo
2986 3458 3168 3514 audire
3197 3475 3226 3513 a
3255 3462 3494 3516 meliori-

1910 3533 2038 3588 bus1
2057 3577 2070 3598 ,
2098 3551 2165 3591 ne
2185 3552 2302 3591 cum
2330 3554 2414 3593 me
2440 3551 2582 3596 recte
2607 3541 2831 3599 fortasse
2860 3548 3275 3619 reprehendero,
3310 3568 3494 3609 rursus

1909 3626 2040 3680 mihi
2079 3627 2337 3698 blandiar,
2370 3642 2423 3686 et
2455 3634 2817 3692 meticulosam
2865 3643 3042 3709 potius
3078 3644 3207 3699 mihi
3234 3645 3412 3701 videar
3441 3647 3493 3705 in

1908 3733 2016 3787 me,
2039 3735 2195 3790 quam
2220 3720 2419 3792 justam
2447 3726 2630 3782 tulisse
2655 3732 2994 3787 sententiam.

2336 3859 2666 3919 EPISTULA
2708 3866 2937 3922 XXIX.‘
2973 3870 3068 3942 (α).

1906 3969 2219 4042 Augustinus
2245 3975 2517 4046 presbyter,
2542 3977 2725 4049 Alypio
2746 3979 3077 4053 Thagastensi
3097 3986 3350 4058 episcopo.
3376 4006 3497 4042 uar-

1942 4096 1945 4099 -
1979 4081 2098 4119 rans
2118 4067 2296 4135 quibus
2317 4068 2750 4125 adhortationibus
2772 4073 3035 4128 obtinuerit
3056 4076 3253 4130 demum
3276 4092 3326 4131 ut
3355 4080 3493 4150 Ilip-

1980 4176 2221 4229 ponenses
2237 4162 2468 4215 catholici
2489 4163 2814 4218 abhorrerent
2856 4185 2886 4219 (ι
2926 4168 3196 4223 luxuriosis
3230 4174 3487 4239 conviviis,

1977 4266 2088 4313 qum
2116 4251 2167 4303 in
2194 4261 2481 4306 sanctorum
2506 4256 2748 4308 natalitiis
2776 4261 2913 4327 apud
2944 4258 3209 4327 Africanas
3236 4261 3492 4320 Ecclesias

1972 4341 2225 4397 celebrare
2249 4362 2355 4400 mos
2377 4356 2502 4400 erat.

1908 4454 2144 4526 Epistola
2170 4458 2470 4533 Presbyteri
2516 4463 3231 4539 Hipponensium-rcgiorum
3260 4471 3324 4526 ad
3346 4472 3488 4530 Aur-

1976 4564 2097 4602 rtuu
2116 4550 2421 4620 episc0pum
2442 4552 2901 4623 Thagastensium,
2922 4559 2985 4613 de
3002 4559 3088 4615 die
3105 4560 3304 4617 Natalis
3326 4564 3491 4621 Leon-

1974 4639 2030 4691 tii
2056 4637 2131 4711 (b)
2163 4643 2427 4711 quondam
2456 4645 2687 4714 episcopi
2721 4648 3096 4717 Hipponensis.

1974 4751 2025 4803 1.
2062 4752 2134 4805 De
2156 4755 2366 4823 negotio
2388 4755 2595 4810 interim
2618 4759 2757 4827 quod
2785 4777 2889 4814 non
2912 4778 3098 4818 curare
3116 4780 3218 4819 non
3246 4782 3484 4839 possum,

1901 4843 2031 4897 nihil
2057 4854 2260 4899 certum
2289 4848 2519 4902 scribere
2552 4850 2713 4917 potui,
2745 4851 2964 4908 absente
3004 4854 3163 4912 fratre
3195 4859 3486 4928 Machario,

1899 4936 1986 5004 qui
2012 4936 2118 4989 cito
2144 4936 2333 4990 dicitur
2364 4939 2659 5007 rediturus;
2681 4945 2892 5012 etquod
2918 4946 3023 5001 Deo
3048 4949 3333 5017 adjuvautc
3361 4970 3485 5023 per-

1899 5026 1980 5096 agi
2010 5026 2261 5095 potuerit,
2297 5038 2598 5098 peragetur.
2635 5032 2709 5086 De
2760 5044 2936 5089 nostra
2962 5047 3136 5093 autem
3166 5057 3265 5111 pro
3285 5043 3359 5097 eis
3379 5044 3489 5098 sol-

1900 5117 2197 5185 licitudine,
2227 5135 2526 5189 quanquam
2558 5122 2746 5179 fratres
2778 5128 2943 5180 nostri
2974 5130 3117 5183 cives
3146 5134 3233 5200 qui
3261 5132 3486 5190 aderant

1898 5225 2115 5266 securos
2142 5215 2301 5268 suos”
2321 5212 2494 5270 facere
2517 5227 2768 5287 possent;
2799 5228 2974 5276 tamen
2995 5223 3149 5295 digna
3178 5240 3262 5281 res
3288 5227 3485 5296 episto-

1964 5346 1981 5421 ξ
2004 5352 2111 5421 atss.
2137 5354 2359 5421 quatuor,
2383 5348 2665 5403 senioribus.
2691 5361 2836 5417 Unus,
2860 5356 3138 5421 majoribus.

1961 5410 1982 5473 ξ
2004 5414 2141 5473 Forte
2162 5410 2263 5473 leg.
2288 5424 2481 5462 securos
2503 5427 2598 5464 vos.

1934 5478 1935 5481 ‘
1959 5470 1978 5487 ‘
2003 5471 2133 5543 Edita
2156 5470 2282 5522 nunc
2304 5475 2611 5544 primum,__e_t_
2628 5485 2737 5544 post
2760 5480 3021 5531 editionem
3044 5484 3295 5544 recognita
3316 5485 3375 5535 ad
3398 5501 3489 5538 an-

1895 5533 2213 5601 tiquissimum
2231 5533 2804 5601 exemplarbihliotbecte
2819 5550 2898 5592 PP.
2912 5533 3301 5596 mstcrciensium
3314 5533 3490 5601 ἐίϐἶιῖο

1894 5596 1966 5644 cis
1990 5596 2037 5643 in
2060 5596 2327 5646 Jerusalem
2351 5596 2399 5647 in
2422 5599 2565 5649 Urbe.

1958 5656 2030 5779 éa;
2055 5664 2197 5707 Porro
2219 5672 2329 5722 quae
2351 5659 2471 5711 alias
2491 5661 2553 5711 29
2578 5670 2701 5724 erat,
2725 5677 2852 5714 nunc
2875 5665 2979 5715 167.
3005 5668 3185 5730 Scripta
3206 5683 3283 5721 an.
3308 5672 3419 5724 595.

1984 5717 2009 5765 b
2055 5720 2288 5770 laudatur
2308 5730 2351 5770 δ.
2390 5726 2618 5775 Leontius
2650 5729 2701 5775 in
2730 5739 2959 5776 sermone
2992 5730 3053 5777 15
3071 5730 3136 5779 de
3157 5731 3338 5779 divers.
3363 5749 3408 5779 ο.

1984 5717 2288 5796 bilaudatur
2308 5730 2351 5796 ξε
2371 5717 2701 5796 ‘l.eon_tiusmiti
2730 5739 2959 5796 sermone
2992 5730 3053 5777 15
3071 5717 3136 5780 de
3157 5717 3419 5785 div—ersde
3432 5735 3483 5796 3,

1895 5780 2168 5857 diciturque
2191 5783 2485 5857 condidisse
2516 5787 3078 5857 basiliqunuappellatam
3124 5806 3187 5843 ex
3222 5780 3485 5857 ipsius};-

1894 5842 2029 5915 mine
2061 5842 2364 5915 teontianam
2403 5861 2414 5895 :
2454 5861 2549 5910 qua
2584 5847 2633 5895 in
2904 5842 3194 5915 pronuntiati
3229 5842 3486 5911 serui—GBS

1894 5904 2078 5968 aliquot
2098 5908 2348 5971 Augustini
2369 5904 2712 5972 praenotantur.
