4080 6346
517 393 614 450 ΙΙὸ

511 511 608 572 lari
631 508 919 583 colloquio,
943 519 1164 582 genus
1184 511 1408 568 invicem
1433 508 1790 573 consolamur,
1814 522 1844 561 a
1866 505 2091 561 Domino

509 605 746 677 μεθύω
774 615 891 670 est;
919 605 971 660 in
996 620 1108 676 quo
1133 603 1487 676 promerendo
1506 602 1730 658 multum
1758 614 1857 658 nos
1885 601 2093 672 adiutos

508 711 629 754 esse
651 696 924 755 credimus
951 697 1065 769 ipsa
1087 708 1261 754 vestra
1305 695 1680 761 sollicitudine,
1709 710 1829 766 qua:
1853 693 2094 766 profecto

504 788 622 845 sitio
649 788 1023 861 deprecatione
1045 803 1146 862 pro
1171 790 1322 845 nobis
1347 793 1468 844 esse
1495 803 1601 844 non
1628 788 1813 858 potuit.

573 884 630 938 2.
651 883 836 955 Itaque
873 901 939 942 ne
973 885 1441 957 praetermittamus
1468 891 1658 938 vestrae
1685 882 1942 937 Charitati
1972 897 2093 936 nar-

502 990 623 1031 rare
653 977 777 1046 quid
805 988 1011 1047 gestum
1039 978 1128 1044 sit,
1159 984 1216 1030 ut
1254 975 1526 1030 nobiscum
1565 976 1674 1030 Deo
1699 976 1894 1045 gratias
1922 975 2092 1044 agatis

500 1067 569 1122 de
607 1080 823 1139 accepto
866 1067 1141 1130 beneficio,
1175 1068 1264 1140 qui
1295 1069 1570 1124 nobiscum
1614 1069 1797 1137 prooes
1844 1066 1911 1120 de
1947 1065 2088 1119 acci-

501 1157 699 1229 piendo
729 1157 1111 1214 fudistis:cum
1157 1169 1276 1230 post
1323 1158 1705 1230 profectionem
1749 1169 1888 1214 tuam
1935 1156 2090 1211 nobis

501 1251 798 1308 nuntiatum
815 1261 959 1308 esset
979 1253 1283 1308 tumultuari
1311 1253 1578 1321 homines,
1600 1261 1654 1307 et
1673 1251 1853 1309 dicere
1874 1267 1932 1306 se
1948 1249 2091 1307 ferre

498 1358 607 1399 non
649 1357 808 1417 posse
849 1353 905 1400 ut
949 1345 1038 1401 illa
1073 1345 1380 1403 solemnitas
1411 1345 1779 1417 prohiberetur
1804 1343 1900 1417 (a),
1930 1360 2090 1415 quam

500 1434 763 1490 Lmtitiam
804 1437 1165 1505 nominantes,
1195 1437 1497 1493 vinolentia:
1539 1452 1731 1492 nomen
1773 1434 1965 1492 frustra
1993 1452 2087 1492 co-

495 1535 691 1583 nantur
718 1528 1066 1596 abscondere,
1098 1531 1236 1586 sicut
1273 1531 1431 1585 etiam
1475 1539 1526 1586 te
1567 1539 1827 1603 prresente
1870 1531 2089 1603 jamjam

499 1621 874 1690 nuntiabatur;
902 1632 1200 1696 Opportune
1230 1624 1381 1680 nobis
1410 1623 1602 1679 accidit
1641 1623 1848 1683 occulta
1877 1624 2090 1679 ordina-

499 1714 645 1770 tione
670 1717 1048 1786 omnipotentis
1077 1717 1188 1786 Dei,
1223 1727 1278 1771 ut
1301 1728 1486 1788 quarta
1515 1715 1643 1772 feria
1675 1715 1801 1771 illud
1835 1717 1885 1770 in
1914 1716 2090 1772 Evan-

497 1806 639 1876 gelio
666 1808 952 1878 capitulum
981 1816 1371 1877 consequenter
1394 1816 1738 1862 tractaretur:
1767 1806 1940 1862 Nolite
1968 1807 2091 1861 dare

495 1909 726 1953 sanctum
759 1901 985 1965 canibus,
1019 1917 1176 1971 neque
1217 1900 1527 1972 projeceritis
1560 1901 1863 1972 margaritas
1901 1911 2088 1957 vestras

495 2002 613 2046 ante
631 2009 808 2064 porcos
842 1991 1050 2065 (Matth.
1064 2009 1160 2059 vn,
1179 1991 1255 2066 6).
1276 1992 1578 2048 Tractatum
1597 2002 1823 2064 estergo
1846 1991 1914 2048 de
1937 1995 2086 2047 cani-

494 2081 595 2138 b‘us
621 2082 772 2138 etde
811 2083 1010 2155 porcis,
1044 2067 1114 2138 ita
1138 2096 1194 2138 ut
1219 2093 1272 2139 et
1296 2084 1560 2156 pervicaci
1606 2085 1797 2139 latratu
1833 2084 2087 2165 adversus

494 2175 592 2248 Dei
621 2183 884 2247 prmcepta
921 2176 1179 2244 rixantes,
1213 2185 1265 2231 et
1289 2176 1619 2246 voluptatum
1648 2177 1937 2231 carnalium
1968 2191 2087 2231 sor-

492 2267 648 2323 dibus
690 2267 852 2323 dediti
903 2268 1218 2331 erubescere
1264 2275 1614 2338 cogerentur;
1668 2269 2088 2340 conclusumque

491 2356 585 2424 ita,
612 2367 669 2412 ut
694 2357 934 2414 viderent
973 2374 1130 2430 quam
1174 2368 1317 2414 esset
1364 2359 1624 2414 nefarium
1669 2360 1805 2413 intra
1847 2359 2089 2414 ecclesiae

491 2450 724 2520 parietes
750 2451 800 2506 id
826 2466 986 2522 agere
1031 2451 1246 2506 nomine
1288 2450 1576 2522 religionis,
1607 2449 1749 2521 quod
1777 2450 1827 2504 in
1854 2451 1964 2505 suis
1993 2449 2089 2505 do-

491 2544 670 2600 mibus
695 2545 740 2600 si
761 2560 918 2616 agere
945 2553 1367 2615 perseverarent,
1397 2560 1428 2600 a
1457 2553 1650 2600 sancto
1691 2553 1744 2600 et
1787 2546 2089 2616 margaritis

491 2637 866 2693 ecclesiasticis
890 2653 984 2694 eos
1010 2637 1181 2693 arceri
1202 2647 1493 2708 Oporteret.

567 2731 621 2787 3.
655 2730 760 2788 Sed
790 2731 904 2787 haec
941 2731 1181 2803 quamvis
1220 2740 1368 2803 grate
1406 2740 1620 2800 accepta
1663 2727 1879 2796 fuerint,
1911 2740 2087 2786 tamen

493 2824 617 2896 quia
648 2824 801 2896 pauci
828 2832 1218 2891 convenerant,
1266 2837 1370 2877 non
1415 2830 1530 2877 erat
1573 2820 1897 2876 satisfactum
1939 2830 2088 2876 tanto

491 2917 727 2988 negotio.
755 2915 859 2973 lste
897 2926 1072 2971 autem
1116 2930 1294 2971 sermo
1341 2930 1462 2970 cum
1511 2913 1578 2968 ab
1618 2914 1697 2969 eis
1727 2913 1814 2985 qui
1841 2914 2086 2979 aderant,

491 3025 589 3080 pro
613 3010 872 3082 cuiusque
904 3009 1148 3065 facultate
1188 3024 1252 3064 ac
1307 3008 1482 3062 studio
1503 3049 1519 3075 ,
1551 3005 1681 3062 foris
1718 3007 2083 3074 ventilaretur,

492 3103 692 3158 multos
723 3102 906 3157 habuit
929 3101 1369 3157 contradictores.
1404 3100 1595 3154 Postea
1623 3115 1751 3154 vero
1788 3113 1942 3168 quam
1973 3099 2090 3153 dies

491 3193 922 3264 Quadragesimaa
949 3192 1230 3258 illuxisset,
1255 3199 1309 3246 et
1335 3190 1580 3261 frequens
1601 3189 1884 3245 multitudo
1907 3189 1973 3243 ad
1992 3189 2090 3243 ho-

492 3301 605 3340 ram
638 3284 968 3340 tractationis
989 3283 1238 3347 occurrit,
1269 3283 1463 3336 lectum
1485 3290 1567 3336 est
1594 3282 1732 3336 istud
1759 3281 1811 3336 in
1845 3282 2087 3351 Evange-

492 3375 586 3443 lio,
618 3376 707 3433 ubi
733 3375 982 3431 Dominus
1010 3374 1077 3429 de
1107 3374 1302 3444 templo
1328 3373 1564 3443 expulsis
1585 3372 1947 3428 venditoribus
1974 3373 2089 3427 ani-

495 3467 737 3532 malium,
769 3475 822 3522 et
844 3467 1048 3522 eversis
1079 3467 1278 3520 mensis
1308 3464 1804 3531 nummulariorum,
1837 3465 1970 3519 dixit
1995 3464 2090 3520 do-

496 3575 642 3615 mum
671 3559 840 3616 Patris
866 3559 949 3614 sui
967 3575 1062 3629 pro
1088 3559 1245 3613 domo
1261 3559 1560 3613 orationum
1587 3557 1896 3627 Speluncam
1928 3558 2090 3612 latro-

495 3667 625 3707 num
671 3666 788 3707 esse
829 3650 1022 3706 factam
1067 3647 1190 3722 (Id.
1237 3664 1355 3715 xxx,
1400 3648 1506 3720 12)
1540 3665 1554 3703 :
1583 3648 1725 3720 quod
1766 3648 2086 3718 capitulum,

495 3761 619 3801 cum
650 3759 742 3800 eos
767 3744 999 3799 intentos
1022 3743 1291 3814 proposita
1316 3742 1619 3796 vinolentiae
1643 3742 1937 3811 quaestione
1964 3741 2084 3808 feci,

494 3846 551 3894 et
588 3837 700 3908 ipse
738 3851 950 3907 quoque
996 3835 1238 3900 recitavi,
1275 3833 1600 3904 adjunxlque
1649 3832 2085 3903 diSputationem,

495 3943 600 4000 qua
644 3927 981 3984 ostenderem
1029 3933 1228 3996 quanto
1267 3925 1585 3980 commotius
1627 3933 1682 3979 et
1723 3923 2091 3979 vehementius

496 4023 756 4079 Dominus
804 4030 985 4080 noster
1028 4020 1237 4076 ebriosa
1277 4019 1542 4086 convivia,
1567 4035 1689 4090 quae
1733 4018 1928 4089 ubique
1965 4027 2090 4074 sunt

495 4115 693 4188 turpia,
711 4115 780 4172 de
801 4115 1001 4185 templo
1018 4113 1328 4185 expelleret,
1353 4114 1492 4168 unde
1514 4113 1592 4168 sic
1611 4113 1814 4182 expulit
1833 4126 2089 4168 concessa

494 4208 836 4274 commercia,
859 4222 982 4264 cum
1023 4221 1086 4261 ea
1128 4205 1506 4272 venderentur,
1536 4220 1653 4274 quae
1679 4205 1956 4260 sacrificiis
1997 4205 2089 4260 illo

494 4309 740 4371 tempore
777 4299 938 4354 licitis
979 4308 1160 4354 essent
1199 4299 1533 4364 necessaria;
1577 4311 1824 4367 quaerens
1867 4296 1936 4350 ab
1976 4299 2085 4363 eis,

497 4394 693 4464 quibus
720 4392 1029 4447 similiorem
1059 4399 1305 4460 putarent
1334 4390 1642 4460 speluncam
1679 4390 1966 4461 latronum,
1995 4407 2090 4447 ne-

495 4485 728 4540 cessaria
749 4483 1120 4548 vendentibus,
1146 4499 1212 4538 an
1234 4482 1581 4538 immoderate
1605 4483 1927 4540 bibentibus.

567 4580 620 4636 4.
662 4579 730 4634 Et
765 4578 1040 4650 quoniam.
1068 4577 1194 4632 mihi
1235 4585 1543 4648 praeparatae
1584 4578 1842 4634 lectiones
1887 4596 2088 4652 sugge-

496 4669 680 4728 rendae
703 4670 1040 4736 tenebantur,
1086 4669 1301 4738 adjunxi
1331 4668 1529 4723 deinde
1573 4670 1742 4740 ipsum
1774 4671 1947 4726 adhuc
1974 4689 2092 4727 car-

496 4763 672 4820 nalem
693 4763 946 4835 populum
967 4761 1292 4829 Iudaeorum,
1313 4761 1364 4816 in
1387 4762 1478 4816 illo
1497 4762 1717 4833 templo,
1734 4763 1825 4818 ubi
1855 4765 2087 4835 nondum

497 4871 692 4929 corpus
736 4865 790 4910 et
851 4856 1066 4928 sanguis
1107 4855 1316 4910 Domini
1359 4853 1710 4923 offerebatur,
1757 4873 1863 4911 non
1916 4857 2089 4912 solum

495 4947 792 5015 vinolenta,
822 4947 914 5004 sed
942 4963 1040 5004 nec
1065 4946 1243 5002 sobria
1283 4946 1496 5016 quidem
1530 4963 1762 5017 unquam
1791 4949 2091 5005 celebrasse

498 5040 778 5107 convivia;
807 5055 907 5096 nec
925 5055 1016 5095 eos
1043 5039 1250 5110 publice
1268 5038 1537 5110 religionis
1563 5040 1779 5094 nomine
1806 5039 2091 5096 inebriatos

497 5131 730 5191 inveniri
773 5134 827 5189 in
864 5133 1102 5200 historia,
1135 5132 1236 5187 nisi
1263 5147 1386 5187 cum
1431 5130 1563 5186 festa
1609 5131 1862 5187 fabricato
1901 5132 2042 5188 idolo
2072 5135 2089 5166 ί

565 5311 996 5386 tredecim
1015 5307 1508 5386 WlfaW
1529 5307 1702 5386 ‘42’51-
1744 5373 1758 5386 .
1794 5374 1806 5386 .
1886 5375 1915 5386 _.

562 5370 826 5440 (a)_ltxsiat
854 5370 1382 5440 Hipponensisconcilii
1413 5384 1540 5423 anno
1560 5370 1918 5440 393'celebrati
1941 5387 2094 5440 canon

501 5435 706 5498 concilio
737 5444 790 5488 ill
819 5435 1181 5498 cardiaginensi
1211 5437 1453 5494 insertus,
1485 5451 1508 5482 ti
1531 5443 1586 5498 l_)t.
1616 5435 1735 5485 nulli
1769 5437 1982 5498 episcopi
2013 5439 2096 5489 vel

507 5515 533 5547 ι
553 5497 719 5551 clerici
733 5500 783 5549 in
796 5495 1351 5562 eodesiioonviventur.
1362 5532 1395 5546 ..
1412 5495 1576 5562 Populi
1593 5499 1741 5548 etiam
1751 5495 1814 5547 ab
1823 5495 2095 5562 hujusmodi

511 5578 536 5608 ι
557 5562 807 5623 conviviis,
820 5569 1052 5624 quantum
1073 5560 1180 5610 ﬁeri
1204 5567 1382 5624 potest,
1402 5561 1774 5620 prohibeantur:
1798 5578 1820 5606 ι
1837 5560 1920 5623 qui
1942 5575 2096 5613 canon

501 5631 794 5734 procurante
823 5623 952 5673 haud
988 5624 1138 5695 dubie
1175 5623 1438 5692 Augustino
1468 5627 1583 5671 tunc
1620 5625 1905 5686 presbytero
1937 5625 2097 5675 editus

521 5691 610 5734 uit.
636 5693 820 5734 onmno
843 5684 1088 5734 Aurelium
1109 5685 1535 5734 Carthaginiensem
1559 5681 1701 5734 paulo
1722 5692 1836 5734 ante
1857 5693 2097 5734 contesta-

521 5683 610 5738 ltit.
636 5688 820 5749 Quippe
843 5684 1088 5749 Aurelium
1109 5681 1535 5749 Carthagmensem
1559 5681 1701 5746 paulo
1722 5681 1839 5749 ante
1857 5693 2097 5737 contesta-

503 5752 584 5799 tus
609 5745 786 5800 oratiu
807 5749 953 5808 Epist.
977 5746 1056 5808 22,
1077 5755 1134 5800 ut
1155 5747 1247 5797 viis
1267 5745 1494 5796 omnibus
1524 5745 1809 5797 occurreret
1829 5748 1943 5798 huic
1972 5749 2100 5799 malo

503 5816 768 5882 portatam
789 5808 990 5882 micam
1011 5810 1190 5860 dudum
1213 5808 1485 5882 grassanti;
1503 5808 1649 5872 idque
1682 5811 1773 5874 ipsi
1796 5811 1888 5861 nisi
1911 5811 2100 5862 concilii

506 5869 792 5924 auctoritate
814 5869 920 5924 tolli
941 5885 1038 5923 non
1061 5883 1206 5935 posse
1223 5869 1509 5922 insinuaret.
1568 5869 1583 5872 ⁷
1683 5901 1690 5912 .-

1741 393 1802 451 s.
1845 355 2208 466 sucusrtivt
2252 389 2550 447 Episcopi

3685 395 3787 458 ΗΘ

2201 505 2537 560 exsolverent
2567 505 2757 579 (Exod.
2791 523 2976 576 xxxu,
3007 508 3084 582 6.)
3112 507 3241 578 Quae
3264 519 3385 566 eum
3405 509 3665 582 dicerem,
3694 529 3788 569 co-

2199 587 2370 654 dicem
2412 600 2570 655 etiam
2617 603 2793 671 accepi
2817 643 2830 667 ,
2863 613 2917 658 et
2955 604 3171 658 recitavi
3208 611 3374 659 totum
3417 606 3564 661 illum
3588 607 3786 663 locum.

2200 691 2393 748 Addidi
2417 695 2576 748 etiam
2608 709 2728 749 cum
2747 694 2932 750 dolore
2954 712 3058 767 quo
3086 697 3250 766 potui,
3284 698 3534 768 quoniam
3560 702 3792 770 Aposto-

2199 784 2284 839 lus
2310 787 2404 853 ait,
2423 785 2488 839 ad
2505 785 2917 842 discernendum
2934 789 3185 859 populum
3203 790 3549 844 christianum
3576 805 3606 846 a
3634 791 3788 847 duri-

2200 875 2272 930 tie
2305 877 2630 944 Judmorum,
2655 878 2946 948 Epistulam
2969 896 3118 934 suam
3139 895 3242 935 non
3266 881 3317 935 in
3347 882 3541 938 tabulis
3567 883 3789 953 lapideis

2199 968 2475 1038 scriptam,
2514 970 2608 1024 sed
2633 970 2685 1024 in
2715 971 2909 1026 tabulis
2937 972 3113 1027 cordis
3141 974 3442 1028 carnalibus
3475 978 3488 1032 l
3500 973 3540 1027 ll
3565 974 3679 1028 Cor.
3707 992 3788 1044 ιιι,

2199 1060 2274 1130 5),
2308 1076 2427 1114 cum
2457 1061 2664 1133 Moyses
2695 1062 2923 1118 famulus
2952 1065 3079 1132 Dei,
3105 1075 3319 1136 propter
3349 1067 3466 1120 illos
3496 1066 3785 1137 principes,

2197 1151 2349 1207 binas
2374 1153 2607 1223 lapideas
2637 1155 2842 1210 tabulas
2859 1155 3208 1228 confregisset
3234 1156 3428 1231 (Exod.
3461 1174 3631 1227 xxxii,
3666 1160 3784 1230 l9),

2197 1245 2463 1314 quomodo
2497 1262 2607 1322 non
2639 1261 2919 1317 possemus
2953 1249 3176 1303 istorum
3223 1250 3384 1304 corda
3429 1250 3790 1322 confringere,

2196 1336 2286 1406 qui
2335 1337 2583 1392 homines
2635 1337 2766 1393 Novi
2815 1339 3181 1408 Testamenti,
3250 1351 3556 1397 sanctorum
3601 1340 3793 1399 diebus

2197 1430 2531 1488 celebrandis
2583 1447 2647 1490 ea
2702 1435 2896 1490 vellent
2951 1436 3259 1491 solemniter
3317 1437 3611 1505 exhibere,
3668 1451 3797 1508 quae

2197 1525 2426 1592 populus
2449 1523 2664 1581 Veteris
2689 1525 3020 1582 Testatncnti
3063 1534 3118 1582 et
3162 1525 3328 1584 semel
3369 1537 3423 1584 et
3459 1528 3602 1585 idolo
3643 1529 3794 1586 cele-

2195 1615 2393 1672 bravit.

2266 1712 2325 1767 5.
2371 1711 2519 1768 Tunc
2546 1711 2755 1768 reddito
2796 1713 2964 1768 Exodi
3009 1713 3214 1780 codice,
3243 1715 3446 1771 crimen
3492 1715 3791 1783 ebrietatis,

2198 1814 2454 1874 quantum
2478 1814 2686 1877 tempus
2709 1806 2937 1875 sinebat,
2967 1821 3313 1879 exaggerans,
3337 1809 3541 1879 sumpsi
3571 1819 3794 1879 aposto-

2196 1897 2306 1951 lum
2322 1897 2564 1966 Paulum,
2588 1909 2643 1954 et
2670 1899 2807 1953 inter
2822 1913 2941 1970 quae
2967 1908 3183 1971 peccata
3206 1900 3374 1971 posita
3392 1910 3530 1956 esset
3557 1902 3786 1968 ostendi,

2198 1988 2381 2059 legens
2410 1990 2556 2044 illum
2587 1975 2782 2057 locum,
2814 1989 2876 2047 Si
2919 1993 3032 2063 quis
3068 1993 3226 2063 frater
3251 1993 3537 2046 nominetur
3563 2002 3652 2046 aut
3675 1994 3798 2063 {or-

2196 2082 2410 2150 nicator,
2457 2094 2543 2137 aut
2583 2084 2733 2140 idolis
2758 2086 2998 2153 serviens,
3030 2096 3120 2140 aut
3142 2102 3348 2154 avarus,
3377 2097 3466 2141 aut
3490 2087 3789 2153 maledicus,

2196 2183 2285 2228 aut
2325 2176 2548 2231 ebriosus
2577 2219 2590 2244 ,
2651 2187 2738 2231 aut
2789 2193 2995 2249 rapax;
3033 2195 3148 2234 cum
3192 2181 3442 2250 ejusmodi
3490 2197 3581 2234 nec
3623 2180 3793 2235 cibum

2196 2283 2393 2320 sumere
2419 2267 2463 2336 (Ι
2500 2265 2620 2323 Cor.
2655 2285 2708 2336 v,
2746 2269 2866 2341 li);
2901 2272 3298 2341 ingemiscenda
3327 2272 3621 2330 admonens
3662 2288 3788 2329 cum

2197 2368 2394 2428 quanto
2432 2361 2669 2430 periculo
2696 2363 3102 2418 convivaremur
3126 2380 3249 2418 cum
3275 2365 3351 2420 eis
3372 2366 3462 2436 qui
3491 2366 3573 2420 vel
3604 2365 3656 2420 in
3682 2367 3790 2421 do-

2197 2452 2372 2506 mibus
2418 2453 2808 2509 inebriarentur
2856 2456 2893 2509 ¹.
2941 2455 3067 2526 Legi
3107 2457 3266 2511 etiam
3310 2457 3434 2512 illud
3487 2457 3630 2529 quod
3680 2474 3790 2514 non

2198 2541 2359 2613 longo
2382 2545 2662 2600 intervallo
2689 2547 2929 2617 sequitur
2961 2564 2974 2600 :
3008 2546 3183 2602 Nolite
3207 2564 3410 2613 errare;
3430 2566 3588 2620 neque
3618 2551 3788 2622 forni-

2197 2647 2415 2703 catores,
2447 2656 2604 2709 neque
2627 2640 2777 2694 idolis
2813 2642 3112 2704 servientes,
3161 2659 3317 2715 neque
3353 2643 3589 2710 adulteri,
3630 2660 3792 2716 neque

2196 2729 2400 2796 molles,
2435 2747 2590 2800 neque
2630 2734 2970 2786 masculorum
3023 2733 3366 2789 concubitores
3395 2777 3409 2802 ,
3443 2751 3600 2806 neque
3628 2739 3786 2808 fures,

2196 2837 2356 2890 neque
2376 2825 2533 2890 avari,
2560 2840 2719 2894 neque
2747 2824 2944 2890 ebriosi,
2965 2841 3122 2892 neque
3148 2827 3402 2894 maledici,
3425 2845 3581 2898 neque
3610 2840 3790 2898 rapto-

2196 2929 2276 2967 res
2309 2931 2518 2985 regnum
2562 2916 2656 2970 Dei
2684 2918 3024 2987 possidebunt.
3060 2919 3127 2972 Et
3179 2920 3287 2975 Ittec
3330 2921 3531 2985 quidem
3578 2923 3790 2993 fuistis;

2196 3006 2286 3059 sed
2315 3005 2475 3060 abluti
2504 3009 2638 3073 estis,
2690 3009 2782 3064 sed
2795 3012 3068 3082 justi/icati
3105 3014 3224 3068 estis
3256 3015 3309 3067 in
3354 3015 3555 3069 nomine
3580 3013 3792 3070 Domini

2195 3098 2319 3154 Jesu
2345 3097 2554 3168 Christi,
2574 3111 2620 3155 et
2647 3103 2830 3172 spiritu
2853 3103 2947 3158 Dei
2967 3107 3122 3159 nostri
3153 3105 3339 3177 (lbid.,
3357 3122 3431 3174 vr,
3455 3106 3636 3178 9-H).
3661 3109 3800 3174 Qui--

2195 3191 2296 3246 bus
2327 3193 2505 3255 lectis,
2554 3194 2662 3248 dixi
2704 3204 2758 3249 ut
2805 3197 3206 3253 considerarent
3259 3201 3528 3269 quomodo
3571 3211 3802 3270 possent-

2198 3284 2382 3340 fideles
2412 3285 2617 3352 audire,
2645 3289 2733 3342 sed
2753 3288 2912 3344 abluti
2937 3291 3075 3358 estis,
3100 3291 3189 3362 qui
3217 3292 3390 3348 adhuc
3420 3294 3538 3347 talis
3583 3309 3788 3350 concu-

2196 3375 2472 3444 piscemiae
2515 3379 2726 3443 sordes,
2755 3390 2940 3434 contra
2969 3397 3102 3451 quas
3133 3382 3397 3438 clauditur
3421 3400 3642 3454 regnum
3671 3399 3789 3440 coe-

2197 3470 2393 3535 lorum,
2441 3473 2492 3525 in
2533 3472 2695 3528 corde
2728 3488 2848 3540 suo,
2878 3475 2928 3528 id
2958 3483 3040 3530 est
3069 3475 3122 3529 in
3159 3477 3412 3532 interiore
3456 3479 3547 3532 Dei
3593 3480 3789 3549 templo

2196 3579 2316 3618 esse
2345 3564 2635 3633 patiuntur.
2669 3564 2794 3619 Inde
2820 3576 3036 3620 ventum
3076 3577 3157 3622 est
3183 3568 3248 3622 ad
3279 3568 3408 3623 illud
3449 3571 3740 3639 capitulum
3768 3587 3783 3623 :

2195 3653 2613 3712 Gonoenientibus
2643 3674 2762 3730 ergo
2801 3661 2938 3714 vobis
2965 3661 3016 3714 in
3047 3677 3225 3727 unum,
3267 3679 3368 3717 non
3390 3671 3462 3717 est
3482 3664 3787 3718 dominicam

2197 3765 2391 3803 canam
2429 3750 2680 3804 celebrare
2715 3766 2734 3805 :
2776 3753 3115 3823 unusquisque
3139 3755 3270 3808 enim
3306 3755 3564 3824 propriam
3595 3771 3789 3810 caenam

2198 3841 2454 3910 praesumit
2476 3841 2526 3894 in
2555 3841 2951 3906 manducando;
2976 3853 3022 3895 et
3053 3844 3185 3897 alius
3208 3845 3410 3914 quidem
3441 3847 3615 3913 esurit,
3656 3847 3806 3901 alius.

2194 3930 2362 3987 ebrius
2383 3941 2473 3986 est.
2508 3932 2773 4004 Numquid
2807 3934 2984 3989 domos
3023 3952 3122 3989 non
3145 3935 3336 3991 habetis
3376 3937 3444 3991 ad
3469 3937 3787 3991 manducan-

2196 4025 2317 4079 dum
2342 4035 2388 4078 et
2413 4026 2719 4081 bibendum?
2748 4023 2813 4081 ait
2837 4027 3117 4084 Ecclesium
3138 4029 3230 4085 Dei
3251 4033 3566 4087 contemnitis
3595 4031 3782 4104 (Ibid.,

2194 4133 2269 4182 xi,
2293 4117 2516 4189 20-29)?
2557 4136 2662 4189 quo
2705 4122 2928 4176 recitato
2959 4121 3258 4193 diligentius
3285 4125 3686 4192 commendavi,
3719 4142 3790 4182 ne

2199 4213 2421 4268 honesta
2451 4214 2663 4284 quidem
2694 4224 2748 4270 et
2769 4215 2945 4269 sobria
2968 4217 3210 4271 convivia
3256 4217 3452 4274 debere
3474 4220 3526 4274 in
3559 4220 3787 4276 ecclesia

2195 4307 2453 4362 celebrari
2475 4325 2489 4373 ;
2517 4308 2942 4379 quandoquidem
2963 4310 3248 4381 Apostolus
3267 4328 3376 4367 non
3400 4313 3613 4382 dixerit,
3633 4313 3789 4370 Num-

2196 4398 2321 4466 quid
2343 4397 2531 4452 domos
2563 4414 2666 4453 non
2693 4399 2902 4454 habetis
2931 4400 2997 4455 ad
3028 4402 3366 4458 inebriandos
3392 4408 3526 4459 vos?
3556 4414 3613 4461 ut
3635 4408 3786 4477 quasi

2197 4488 2567 4542 tantummodo
2616 4489 2867 4544 inebriari
2912 4491 2964 4544 in
3010 4492 3234 4550 ecclesia
3273 4509 3378 4548 non
3411 4496 3634 4552 liceret:
3667 4498 3783 4566 sed,

2196 4579 2265 4632 ad
2284 4579 2694 4634 manducandum
2728 4589 2775 4634 et
2818 4581 3120 4651 bibendum,
3161 4586 3302 4656 quod
3353 4597 3524 4656 potest
3563 4588 3787 4646 honeste

2196 4672 2312 4728 fieri
2331 4714 2345 4738 ,
2379 4672 2472 4727 sed
2496 4680 2689 4742 praeter
2718 4674 3020 4742 ecclesiam,
3046 4677 3113 4732 ab
3142 4678 3219 4732 eis
3247 4679 3336 4749 qui
3363 4679 3550 4735 domos
3569 4681 3784 4750 habent,

2196 4766 2286 4820 ubi
2313 4766 2580 4820 alimentis
2605 4768 2923 4823 necessariis
2951 4768 3098 4823 refici
3122 4772 3361 4841 possint;
3403 4782 3456 4828 et
3488 4781 3662 4829 tamen
3688 4792 3788 4832 nos

2199 4858 2265 4912 ad
2298 4859 2392 4912 has
2421 4861 2693 4928 angustias
2721 4869 3097 4931 corruptorum
3127 4871 3421 4933 temporum
3447 4875 3502 4921 et
3537 4865 3789 4923 difﬂuen-

2197 4945 2328 5003 tium
2357 4965 2566 5005 morum
2612 4965 2733 5005 esse
2772 4952 3078 5020 perductos,
3111 4963 3169 5009 ut
3197 4956 3260 5010 iis
3291 4957 3522 5012 nondum
3550 4959 3790 5015 modesta

2196 5043 2467 5110 convivia,
2499 5043 2593 5098 sed
2631 5043 2818 5098 saltem
2859 5043 3210 5101 domesticum
3253 5063 3477 5120 regnum
3517 5049 3789 5107 ebrietatis

2197 5143 2462 5205 optemus.

2271 5226 2325 5281 6.
2367 5223 2797 5282 Commemoravi
2817 5228 2976 5283 etiam
3012 5229 3284 5301 Evangelii
3318 5233 3607 5303 capitulum
3645 5234 3789 5305 quod

2198 5318 2368 5390 pridie
2397 5326 2773 5386 tractaveram,
2807 5319 2892 5374 ubi
2941 5320 3008 5376 de
3053 5322 3534 5395 pseudoprophetis
3576 5325 3779 5382 dictum

2199 5420 2281 5467 est
2309 5429 2322 5466 :
2357 5409 2441 5466 Ea:
2469 5411 2716 5481 fructibus
2743 5427 2918 5466 eorum
2947 5415 3256 5483 cognoscetis
3283 5431 3370 5471 eos
3413 5415 3626 5490 (Matth.
3677 5433 3785 5486 vn,

2201 5504 2311 5574 16).
2347 5502 2546 5558 Deinde
2596 5507 2649 5558 in
2698 5502 3010 5559 memoriam
3038 5508 3282 5561 revocavi
3317 5509 3519 5565 fructus
3562 5524 3629 5564 eo
3670 5510 3790 5565 loco

2203 5614 2308 5652 non
2336 5598 2652 5668 appellatos,
2686 5599 2788 5653 nisi
2818 5611 3017 5667 opera;
3075 5607 3182 5652 tum
3223 5602 3441 5670 (ιιιωείνί
3476 5603 3614 5657 inter
3655 5617 3788 5673 quos

2203 5691 2407 5746 fructus
2437 5691 2704 5746 nominata
2731 5698 2874 5744 esset
2911 5687 3159 5758 ebrietas,
3201 5699 3253 5747 et
3276 5692 3490 5749 recitavi
3535 5691 3665 5749 illud
3709 5693 3780 5764 ad

2269 5877 2288 5910 ί
2311 5875 2386 5924 sic
2408 5880 2514 5926 ius.
2542 5869 2921 5938 [inebriatur].
