4080 6346
289 399 390 456 ll?

287 512 506 570 Galatas
537 527 550 564 :
581 507 860 578 Manifesta
881 517 1048 572 autem
1073 515 1192 562 sunt
1217 523 1367 574 opera
1393 508 1556 558 carnis
1575 547 1587 568 ,
1613 520 1724 568 tmte
1751 511 1866 556 sunt

287 602 670 672 fornicationes,
697 599 1046 668 inmunditiae,
1076 599 1306 660 luxuriw,
1337 595 1584 650 idolorum
1633 595 1862 660 servitus,

283 693 548 762 mreﬁcia,
562 692 858 756 inimicitiae,
875 691 1230 754 contentiones,
1246 687 1604 750 (cunctationes,
1625 685 1865 738 animosi-

283 793 444 846 tates,
473 781 838 846 dissensiones,
867 780 1077 834 hereses
1094 819 1107 844 ,
1133 779 1360 842 invidiae,
1380 777 1630 830 ebrietates
1646 817 1658 836 ,
1681 790 1870 828 comes-

283 873 532 938 sationes,
561 881 608 926 et
642 872 720 925 his
767 871 989 934 similia;
1014 886 1128 938 qua:
1149 871 1367 940 prwdico
1397 868 1549 933 vobis,
1578 869 1702 922 sicut
1737 882 1870 936 prae—

285 963 420 1026 dixi,
447 961 686 1032 quoniam
708 961 790 1031 qui
831 960 956 1014 talia
991 969 1148 1032 agunt
1185 976 1392 1030 regnum
1433 957 1526 1012 Dei
1559 975 1658 1012 non
1701 955 1865 1028 possi-

287 1055 476 1120 debunt
507 1051 650 1128 (Gai.
677 1068 732 1122 v,
791 1051 898 1122 l9).
917 1052 1042 1108 Post
1062 1067 1178 1120 quae
1204 1052 1362 1106 verba
1387 1050 1704 1120 interrogavi
1729 1065 1864 1120 quo-

287 1144 452 1200 modo
491 1141 559 1198 de
597 1143 768 1198 fructu
809 1142 1078 1198 ebrietatis
1124 1156 1532 1212 agnosceremur
1559 1139 1864 1206 christiani,

287 1251 424 1306 quos
466 1235 536 1290 de
575 1233 832 1288 fructibus
868 1233 1081 1304 agnosci
1122 1233 1374 1288 Dominus
1411 1231 1586 1302 jussit.
1637 1231 1868 1300 Adjunxi

289 1329 452 1384 etiam
497 1325 780 1396 legendum
822 1323 962 1396 quod
1006 1325 1262 1396 sequitur,
1298 1323 1518 1378 Fructus
1561 1333 1725 1378 autem
1758 1323 1864 1394 spi-

291 1423 418 1476 ritus
437 1431 512 1475 est
533 1421 774 1486 caerites,
799 1420 1059 1492 gaudium,
1085 1434 1206 1486 pax,
1235 1418 1610 1488 longanimitas,
1643 1415 1870 1486 benigni-

289 1523 387 1580 tas,
413 1513 632 1578 bonitas,
664 1511 812 1580 ﬁdes,
828 1509 1174 1576 mansuetudo,
1203 1509 1504 1564 continentia
1527 1507 1708 1578 (1ὺὶά.,
1733 1505 1820 1578 22)
1851 1523 1862 1560 :

291 1607 476 1676 egique
503 1615 560 1660 ut
575 1605 970 1660 considerarent
999 1617 1154 1674 quam
1193 1609 1336 1656 esset
1367 1599 1664 1669 pudendum
1713 1607 1868 1668 atque

285 1697 646 1768 plangendum
683 1739 698 1764 ,
747 1695 888 1767 quod
941 1695 1008 1751 de
1055 1695 1160 1750 illis
1215 1693 1472 1748 fructibus
1527 1693 1701 1746 carnis
1763 1706 1868 1746 non

285 1791 462 1848 solum
495 1789 742 1860 privatim
779 1789 974 1852 vivere,
1005 1787 1098 1842 sed
1135 1785 1292 1842 etiam
1325 1785 1577 1840 honorem
1617 1783 1868 1838 Ecclesia:

281 1879 500 1936 deferre
526 1889 802 1950 cuperent,
829 1889 882 1936 et
919 1880 965 1934 si
1001 1889 1232 1950 potestas
1274 1878 1508 1943 daretur,
1556 1887 1720 1930 totum
1762 1885 1868 1930 tam

284 1990 494 2044 magna:
521 1974 753 2028 basilicae
785 1973 1008 2042 spatium
1045 1972 1214 2026 turbis
1235 1971 1556 2040 epulantium
1576 1967 1842 2022 ebriorum

283 2083 392 2137 que
412 2067 742 2136 complerent
767 2083 783 2130 ;
819 2066 886 2122 de
914 2061 1273 2134 splritualibus
1295 2071 1470 2116 autem
1493 2057 1770 2122 frtICtilius,
1799 2055 1868 2112 ad

283 2175 422 2230 quos
447 2168 502 2214 et
527 2159 826 2212 divinarum
849 2157 1238 2226 Scripturarum
1267 2153 1578 2208 auctoritate
1600 2159 1652 2206 et
1673 2147 1868 2204 nostris

281 2251 573 2324 gemitibus
601 2252 964 2314 invitarentur,
997 2249 1182 2304 nolunt
1205 2247 1396 2302 all'erre
1417 2247 1524 2300 Deo
1551 2260 1790 2308 munera,
1814 2252 1868 2298 et

285 2343 370 2397 his
395 2342 732 2412 potissimum
757 2341 1028 2396 celebrare
1051 2338 1184 2396 festa
1227 2345 1548 2394 sanctorum.

355 2434 412 2488 7.
452 2432 659 2498 Quibus
701 2431 950 2502 peractis,
975 2431 1212 2500 codicem
1259 2430 1484 2496 reddidi,
1510 2437 1563 2484 et
1613 2429 1865 2496 imperata

283 2523 556 2586 oratione.
581 2535 834 2594 quantum
865 2523 1024 2588 valui,
1049 2531 1102 2578 et
1125 2530 1378 2594 quantum
1399 2537 1487 2576 me.
1517 2522 1686 2590 ipsum
1727 2520 1870 2590 peri-

285 2615 472 2672 culum
504 2615 743 2685 urgebat,
773 2624 826 2668 et
855 2614 993 2668 vires
1021 2613 1389 2668 administrare
1411 2611 1660 2666 Dominus
1681 2610 1867 2678 digna-

287 2703 462 2772 batur,
497 2706 746 2760 constitui
774 2707 850 2760 cis
877 2715 998 2760 ante
1033 2705 1214 2760 oculos
1237 2718 1517 2758 commune
1547 2701 1866 2772 periculum,

287 2806 340 2850 et
365 2797 604 2868 ipsorum
633 2800 724 2868 qui
753 2797 905 2852 nobis
933 2793 1205 2850 commissi
1227 2803 1429 2860 essent,
1459 2803 1508 2848 et
1531 2799 1764 2848 nostrum
1779 2791 1870 2862 qui

287 2889 351 2944 de
379 2887 490 2942 illis
514 2889 774 2943 rationem
801 2886 1054 2942 reddituri
1071 2901 1309 2942 essemus
1333 2894 1598 2956 pastorum
1621 2882 1866 2954 principi,

285 2995 383 3050 per
405 2979 558 3049 cujus
577 2979 944 3040 humilitatem.
964 2977 1195 3048 insignes
1209 2977 1574 3038 contumelias,
1592 2976 1792 3046 alapas,
1816 2981 1870 3028 et

287 3081 441 3140 epota
492 3072 544 3124 in
579 3071 782 3136 faciem,
815 3079 866 3126 et
905 3069 1128 3142 palmas,
1159 3077 1210 3124 et
1237 3069 1474 3138 spineam
1503 3083 1772 3132 coronam,
1819 3075 1872 3122 ct

287 3177 502 3218 crucem
539 3178 602 3217 ac
629 3163 938 3232 sanguinem
981 3161 1275 3228 obsecravi,
1313 3170 1368 3215 ut
1397 3161 1517 3214 sise
1550 3160 1648 3230 ipsi
1673 3159 1868 3227 aliquid

289 3251 672 3322 offendissent,
703 3253 787 3306 vel
833 3253 998 3306 nostri
1049 3253 1446 3316 misererentur,
1499 3259 1552 3304 et
1579 3251 1870 3318 cogitarent

287 3343 606 3396 venerabilis
631 3343 773 3398 senis
803 3341 996 3397 Valerii
1022 3343 1160 3398 circa
1189 3358 1270 3396 me
1293 3341 1610 3396 ineli'abilem
1641 3341 1870 3394 Charita-

289 3442 416 3500 tem,
445 3435 534 3506 qui
559 3433 686 3490 mihi
717 3434 974 3488 tractandi
1007 3435 1164 3489 verba
1198 3435 1431 3488 veritatis
1464 3445 1566 3488 tam
1609 3435 1870 3504 periculo-

291 3541 408 3580 sum
435 3541 575 3582 Onus
601 3543 706 3582 non
733 3527 983 3580 dubitarit
1009 3536 1223 3596 pr0pter
1246 3543 1340 3582 eos
1359 3527 1653 3596 imponere,
1686 3527 1870 3597 eisque

288 3635 436 3690 saepe
479 3621 670 3676 dixerit
695 3621 836 3690 quod
869 3621 1136 3676 orationes
1159 3621 1273 3690 ejus
1298 3621 1559 3674 exaudiuc
1595 3631 1774 3676 essent
1803 3620 1868 3674 de

291 3721 478 3768 nostro
498 3713 724 3766 adventu
751 3730 765 3778 ;
794 3727 927 3782 quos
955 3727 1058 3766 non
1087 3713 1266 3782 utique
1282 3711 1346 3766 ad
1367 3727 1702 3766 communem
1730 3728 1872 3764 mor-

290 3813 396 3859 tem
409 3805 496 3859 vel
513 3805 868 3873 spectaculum
887 3805 1072 3858 mortis
1089 3805 1320 3868 illorum,
1337 3804 1428 3858 sed
1441 3803 1517 3856 ad
1535 3819 1868 3858 eonnnnnem

289 3903 540 3950 conatum
571 3897 620 3949 in
646 3885 898 3949 mtérnam
938 3893 1098 3948 vitam
1130 3893 1194 3948 ad
1224 3909 1281 3950 se
1303 3895 1510 3949 venisse
1535 3895 1742 3949 lanatas
1765 3903 1866 3948 est.

289 3985 574 4040 Postremo
599 3986 756 4040 etiam
787 3985 894 4040 dixi
911 3993 1114 4040 eertum
1135 3997 1258 4040 esse
1277 3999 1380 4051 me,
1404 3993 1456 4038 et
1483 3985 1646 4040 fidere
1675 3986 1726 4038 in
1747 3997 1868 4039 eum

290 4079 378 4147 qui
409 4073 626 4134 mentiri
661 4079 848 4144 nescit,
873 4079 962 4147 qui
985 4091 1079 4148 per
1111 4091 1170 4132 os
1199 4077 1469 4146 prtrphetze
1495 4077 1578 4132 sui
1608 4077 1869 4146 pollicitus

291 4179 374 4224 est
401 4169 470 4226 de
497 4169 724 4226 Domino
749 4179 932 4224 nostro
963 4169 1090 4226 Jesu
1109 4168 1320 4224 Christo
1337 4169 1546 4235 dicens,
1575 4169 1634 4224 Si
1659 4169 1872 4238 relique-

293 4263 394 4315 rint
421 4262 518 4332 [iiii
557 4263 664 4332 ejus
697 4262 856 4334 legem
897 4279 1082 4326 aream,
1131 4271 1174 4317 et
1211 4263 1266 4316 in
1315 4263 1572 4333 praeeptis
1601 4263 1734 4336 meis
1773 4279 1872 4316 non

291 4353 674 4418 ambulaverint,
700 4355 744 4410 si
767 4355 1148 4424 iustiﬁcationes
1179 4370 1316 4410 meas
1341 4353 1872 4424 profttnauerint,visi-

293 4445 409 4500 tabo
445 4446 496 4500 in
517 4447 658 4518 virga
683 4446 912 4516 facinora
938 4463 1126 4510 eorum,
1167 4453 1214 4500 et
1241 4446 1294 4498 in
1320 4445 1536 4518 ﬂagellis
1567 4445 1744 4498 delicta
1790 4461 1874 4500 eo-

291 4554 442 4602 rum;
461 4538 854 4596 misericordiam
877 4547 1042 4592 autem
1069 4555 1231 4594 meam
1272 4555 1370 4592 non
1395 4541 1626 4610 auferam
1649 4537 1869 4606 (Psalm.

293 4642 572 4694 Lxxxvm,
597 4627 786 4700 ἵει-54)
817 4647 830 4684 :
859 4629 910 4684 in
931 4644 1050 4684 eum
1069 4643 1192 4698 ergo
1210 4643 1294 4684 me
1321 4627 1504 4694 ﬁdere,
1528 4628 1668 4698 quod
1691 4629 1734 4682 si
1763 4629 1875 4684 lia'c

293 4727 444 4774 tanta
464 4736 582 4790 qua:
599 4721 698 4776 sibi
721 4729 900 4776 essent
917 4721 1050 4776 lecta
1069 4729 1124 4776 et
1143 4720 1280 4774 dicta
1302 4727 1722 4786 contemnerent,
1751 4723 1875 4776 visi-

293 4819 502 4868 taturus
526 4819 670 4866 esset
689 4811 744 4866 in
765 4812 908 4882 virga
930 4811 1050 4866 etin
1083 4809 1310 4882 ﬂagello,
1333 4826 1428 4864 nec
1457 4827 1550 4866 eos
1583 4813 1874 4880 permissu-

293 4917 386 4958 rus
412 4917 534 4958 cum
567 4903 668 4958 hoc
689 4903 885 4958 mundo
913 4902 1170 4958 damnari.
1197 4902 1250 4956 ln
1275 4917 1376 4972 qua
1397 4904 1774 4971 conquestione
1801 4905 1876 4958 sic

297 5003 500 5062 actum,
519 5003 576 5048 ut
600 5009 696 5063 pro
717 4995 912 5066 negotii
933 5003 1090 5064 atque
1103 4994 1320 5064 periculi
1351 4994 1707 5063 magnitudine
1737 5003 1877 5050 tutor

295 5095 350 5141 et
371 5069 696 5157 gubernator
717 5097 896 5142 noster
919 5087 1124 5141 animos
1152 5087 1558 5156 facultatemque
1589 5087 1871 5156 prmbebat.

295 5179 416 5234 Non
440 5195 540 5251 ego
565 5180 776 5236 illorum
818 5179 1078 5251 laerymas
1107 5179 1238 5234 meis
1285 5179 1533 5250 laerymis
1583 5179 1754 5244 movi;
1783 5179 1874 5234 sed

297 5285 422 5326 cum
452 5272 574 5326 talia
607 5272 946 5338 dicerentur,
973 5271 1159 5336 fateor,
1188 5285 1373 5326 eorum
1403 5271 1530 5328 lletu
1577 5279 1877 5342 praeventus

299 5377 479 5418 meum
509 5363 776 5420 abstinere
800 5379 904 5418 non
928 5363 1091 5433 potui.
1113 5361 1182 5417 Et
1202 5377 1322 5418 cum
1349 5362 1454 5432 jam
1484 5363 1680 5434 pariter
1703 5363 1880 5420 ﬂevis-

298 5465 504 5520 semus,
527 5451 834 5523 plenissima
863 5469 958 5524 spe
975 5453 1324 5510 correctionis
1349 5453 1580 5522 illorum,
1617 5456 1734 5510 linis
1757 5471 1868 5511 scr-

299 5545 478 5600 Inonis
502 5545 604 5599 mei
648 5545 814 5600 factus
841 5553 942 5602 est.

373 5633 430 5688 8.
469 5633 732 5692 Postridie
755 5633 834 5707 (a)
855 5649 1006 5704 vero,
1035 5649 1156 5692 cum
1184 5635 1442 5692 illuxisset
1467 5635 1584 5692 die;
1625 5637 1708 5694 cui
1742 5639 1880 5695 sole-

368 5823 446 5890 (a)
463 5831 642 5878 praeter
662 5827 804 5880 istam
825 5826 996 5882 natalis
1014 5835 1060 5881 s.
1083 5830 1264 5883 Leontii
1283 5797 1668 5896 solemnitatem,
1698 5844 1808 5896 quae
1829 5834 1881 5885 in

1501 373 1974 450 EPISTULARUM
2011 388 2246 446 (πλέκεις
2287 389 2327 447 ι.

3429 397 3533 460 ita
3567 373 3574 380 ’

1975 502 2098 556 bant
2125 503 2300 558 fauces
2319 514 2630 576 ventresque
2649 520 2706 562 se
2726 521 2931 576 parare,
2955 509 3226 568 nuntiatur
3251 511 3382 568 mihi
3407 529 3538 568 non-

1975 594 2165 658 nullos,
2193 609 2378 648 eorum
2410 597 2565 650 etiam
2603 597 2690 668 qui
2717 601 2946 654 sermoni
2967 599 3206 668 aderant,
3245 601 3476 658 nondum
3508 621 3536 662 a

1975 686 2390 740 murmuratione
2411 700 2667 754 cessasse,
2691 697 2997 764 tantumque
3038 691 3092 748 in
3124 695 3202 750 eis
3228 695 3407 750 valere
3434 695 3538 752 vim

1975 775 2216 845 pessima:
2246 777 2660 846 consuetudinis,
2695 790 2751 834 ut
2767 782 2882 852 ejus
2903 791 3102 838 tantum
3125 799 3252 842 voce
3267 797 3540 844 uterentur

1974 874 2026 920 et
2055 865 2321 922 dicerent:
2363 865 2534 934 Quare
2561 869 2756 926 modo?
2802 871 2916 928 Non
2946 877 3108 942 enim,
3136 886 3287 930 antea
3311 878 3398 948 qui
3428 875 3542 934 haec
3569 947 3574 954 _

1977 971 2080 1010 non
2111 955 2513 1026 prohibuerunt,
2563 959 2833 1016 christiani
2863 981 2964 1018 non
2995 974 3164 1019 erant.
3195 965 3311 1034 Quo
3337 965 3534 1036 audito,

1976 1064 2107 1119 quas
2128 1051 2354 1120 majores
2371 1053 2736 1108 commovendi
2759 1070 2852 1110 eos
2875 1055 3143 1112 machinas
3165 1073 3538 1128 praepararem,

1975 1139 2192 1194 omnino
2237 1141 2538 1194 nesciebam
2569 1160 2580 1196 :
2612 1139 2956 1212 disponebam
2995 1153 3194 1212 tamen,
3230 1149 3270 1202 si
3299 1165 3540 1218 perseve-

1975 1235 2194 1290 randum
2225 1244 2498 1303 putarent,
2528 1235 2664 1290 lecto
2695 1237 2782 1290 illo
2821 1238 2937 1294 loco
2986 1239 3052 1294 de
3105 1239 3354 1312 propheta
3413 1241 3543 1296 Eze-

1975 1325 2168 1390 chiele,
2191 1325 2510 1396 Explorator
2533 1327 2820 1382 absolvitur
2839 1371 2853 1396 ,
2879 1330 2921 1384 si
2949 1331 3235 1400 periculum
3266 1333 3544 1388 denuntia-

1974 1417 2128 1480 verit,
2149 1416 2356 1472 etiamsi
2381 1417 2454 1470 illi
2471 1417 2660 1486 quibus
2682 1417 3038 1484 denuntiatur,
3070 1437 3257 1476 cavere
3281 1419 3544 1478 noluerint

1978 1508 2186 1580 (Ezech.
2233 1525 2422 1578 xxxm,
2455 1507 2544 1581 9),
2589 1512 2902 1568 vestimenta
2925 1541 2934 1554 -
2961 1528 3076 1568 mea
3115 1523 3360 1569 excutere
3388 1525 3544 1586 atque

1977 1601 2266 1658 discedere.
2297 1603 2426 1658 Tum
2458 1620 2583 1658 vero
2611 1603 2862 1660 Dominus
2889 1607 3118 1662 ostendit
3145 1609 3287 1678 quod
3311 1625 3406 1664 nos
3436 1623 3542 1665 non

1975 1693 2206 1760 deserat,
2227 1703 2280 1750 et
2308 1696 2496 1764 quibus
2527 1695 2698 1750 modis
2727 1697 2780 1752 in
2809 1712 2867 1752 se
2896 1707 3348 1768 utpriesumamus
3363 1699 3542 1756 horte-

1975 1794 2060 1840 tur
2091 1803 2104 1840 :
2133 1803 2359 1856 namque
2387 1795 2508 1842 ante
2535 1789 2718 1842 horam
2760 1805 2861 1862 qua
2905 1789 3192 1846 exhedram
3227 1789 3544 1846 ascendere-

1975 1892 2114 1943 mus,
2155 1878 2372 1948 ingressi
2404 1889 2528 1934 sunt
2559 1878 2622 1933 ad
2653 1895 2737 1933 me
2783 1879 2940 1936 iidem
2971 1880 3066 1950 ipsi
3104 1895 3236 1952 quos
3277 1881 3544 1936 audieram

1975 1969 2042 2024 de
2071 1971 2456 2040 Oppugnatione
2476 1979 2694 2026 vetustae
2719 1973 3112 2028 consuetudinis
3135 1971 3296 2028 fuisse
3315 1987 3546 2044 conque-

1975 2069 2116 2128 stos;
2159 2076 2290 2132 quos
2313 2061 2500 2116 blande
2523 2072 2787 2132 acceptos,
2815 2063 2992 2132 paucis
3017 2063 3192 2120 verbis
3235 2063 3289 2118 in
3323 2073 3542 2120 senten-

1976 2149 2100 2208 tiam
2124 2168 2302 2208 sanam
2325 2137 2607 2220 transtuli;
2641 2163 2796 2224 atque
2841 2155 2930 2210 ubi
2955 2163 3170 2211 ventum
3209 2164 3291 2210 est
3316 2155 3380 2210 ad
3404 2164 3543 2210 tem-

1977 2262 2073 2316 pus
2087 2237 2474 2318 disputationis,
2494 2249 2686 2304 omissa
2698 2248 2924 2302 lectione
2937 2263 3092 2318 quam
3107 2263 3543 2317 pramaraveram,

1974 2339 2093 2408 quia
2119 2340 2409 2394 necessaria
2438 2339 2546 2410 jam
2573 2354 2676 2394 non
2697 2339 2996 2406 videbatur,
3025 2339 3092 2394 de
3123 2340 3218 2394 hac
3245 2339 3358 2408 ipsa
3398 2355 3545 2408 qum-

1975 2429 2146 2484 stioue
2177 2445 2338 2498 pauca
2366 2430 2606 2496 disserui,
2627 2429 2756 2484 nihil
2786 2445 2882 2485 nos
2907 2445 3002 2486 nec
3025 2429 3237 2486 brevius
3261 2445 3358 2486 nec
3369 2431 3548 2486 verius

1977 2535 2130 2590 posse
2160 2521 2348 2576 afferre
2385 2521 2637 2576 adversus
2661 2535 2752 2576 eos
2782 2522 2870 2592 qui
2897 2521 3107 2588 dicunt,
3149 2521 3324 2588 Quare
3357 2519 3549 2576 modo?

1975 2611 2076 2664 nisi
2105 2619 2160 2666 et
2179 2625 2276 2666 nos
2305 2612 2562 2678 dicamus,
2597 2612 2691 2666 Vel
2719 2612 2895 2666 modo.

2047 2701 2098 2756 9.
2147 2701 2516 2758 Verumtamen
2548 2719 2614 2760 ne
2635 2703 2729 2770 illi,
2761 2705 2849 2774 qui
2871 2711 2993 2760 ante
3021 2719 3118 2758 nos
3137 2713 3244 2760 tam
3271 2703 3546 2760 manifesta

1977 2795 2235 2864 imperita;
2285 2795 2633 2852 multitudinis
2674 2797 2898 2852 crimina
2944 2797 3026 2852 vel
3065 2798 3418 2868 permiserunt
3463 2796 3548 2852 vel

1977 2885 2257 2954 prohibere
2286 2903 2388 2942 non
2420 2887 2530 2942 ausi
2577 2895 2718 2952 sunt,
2753 2889 2927 2959 aliqua
2953 2905 2980 2940 a
3017 2889 3170 2943 nobis
3200 2887 3335 2944 affici
3359 2897 3548 2942 contu-

1977 2977 2130 3032 melia
2151 2977 2472 3045 viderentur,
2506 2979 2721 3048 exposui
2753 2979 2828 3034 eis
2864 2995 2967 3048 qua
3009 2978 3320 3034 necessitate
3359 2977 3455 3032 ista
3491 2977 3546 3034 in

1976 3069 2214 3124 Ecclesia
2240 3071 2542 3126 viderentur
2562 3081 2742 3126 exorta
2771 3071 2848 3144 (a)
2877 3091 2890 3128 :
2920 3073 3118 3130 scilicet
3150 3081 3268 3140 post
3296 3087 3542 3141 persecuo

1979 3161 2149 3218 tiones
2195 3172 2298 3216 tam
2329 3163 2554 3228 utilitas,
2585 3172 2795 3233 tamque
2843 3161 3186 3220 vehementes
3207 3202 3221 3226 ,
3260 3177 3378 3216 cum
3410 3161 3544 3216 facta
3585 3207 3596 3214 .

1979 3267 2126 3322 pace,
2161 3253 2326 3306 turbm
2357 3252 2644 3308 Gentilium
2676 3253 2726 3306 in
2768 3252 3110 3308 christianum
3144 3268 3335 3306 nomen
3368 3253 3546 3307 venire

1977 3343 2250 3412 cupientes
2273 3343 2369 3396 hoc
2391 3343 2786 3412 impedirentur,
2813 3343 2952 3414 quod
2978 3343 3090 3398 dies
3105 3343 3265 3397 festos
3291 3357 3409 3396 cum
3437 3341 3550 3395 ido~

1923 3471 1930 3483 .
1977 3434 2042 3490 lis
2070 3435 2178 3488 suis
2207 3436 2438 3489 solerent
2467 3436 2517 3488 in
2563 3434 2882 3490 abundantia
2909 3435 3178 3506 epularum
3216 3443 3268 3488 et
3296 3433 3549 3488 ebrietate

1976 3541 2312 3592 consumere,
2343 3543 2439 3582 nec
2471 3527 2620 3580 facile
2650 3527 2716 3580 ab
2755 3526 2838 3582 his
2869 3526 3328 3598 perniciosissimis
3351 3533 3404 3580 et
3444 3533 3549 3578 tam

1977 3619 2350 3672 vetustissimis
2373 3617 2729 3687 voluptatibus
2747 3633 2804 3672 se
2819 3625 3038 3680 possent
3061 3615 3345 3678 abstinere,
3377 3615 3550 3670 visum

1977 3707 2142 3762 fuisse
2189 3709 2474 3778 majoribus
2519 3708 2752 3775 nostris,
2805 3718 2864 3762 ut
2905 3707 3028 3763 huic
3071 3707 3386 3762 infirmitatis
3412 3706 3550 3776 parti

1979 3801 2188 3854 interim
2215 3810 2540 3870 parceretur,
2565 3800 2780 3870 diesque
2809 3787 2992 3866 festos,
3025 3807 3142 3870 post
3182 3814 3276 3854 eos
3301 3813 3431 3868 quos
3459 3813 3548 3851 re-

1980 3891 2305 3960 linquebant,
2354 3893 2486 3946 alios
2513 3891 2563 3944 in
2609 3890 2862 3946 honorem
2911 3899 3212 3946 sanctorum
3258 3899 3550 3960 martyrum

1979 3985 2062 4040 vel
2096 4001 2201 4038 non
2225 3985 2382 4040 simili
2407 3984 2700 4054 sacrilegio,
2725 3981 2963 4054 quamvis
2992 3982 3148 4036 simili
3172 3983 3292 4034 luxu
3315 3979 3554 4036 celebra-

1978 4085 2161 4132 rentur
2191 4095 2201 4130 :
2226 4075 2334 4146 jam
2353 4073 2544 4130 Christi
2571 4074 2784 4130 nomine
2805 4073 3081 4143 colligatis,
3110 4083 3163 4127 et
3190 4081 3348 4126 tanta:
3369 4077 3552 4126 auclo-

1978 4168 2148 4222 ritatis
2170 4168 2297 4236 jugo
2320 4165 2541 4220 subditis
2571 4166 2816 4220 salutaria
2843 4165 3139 4218 sobrietatis
3163 4172 3420 4232 praecepta
3445 4171 3552 4216 tra-

1979 4255 2252 4322 derentur,
2303 4258 2492 4327 quibus
2515 4256 2624 4326 jam
2656 4265 2870 4326 propter
2911 4253 3262 4324 praecipientis
3293 4253 3548 4310 honorem

1981 4365 2044 4406 ac
2073 4353 2310 4404 timorem
2343 4351 2590 4404 resistere
2603 4363 2708 4404 non
2735 4349 2998 4412 valerent;
3023 4347 3264 4418 quocirca
3281 4347 3388 4416 jam
3417 4358 3550 4402 tem—

1978 4493 2150 4532 mense
2175 4480 2416 4530 februario
2431 4516 2446 4537 ,
2469 4480 2574 4530 sive
2607 4485 2712 4541 post
2731 4480 2860 4528 diem
2881 4479 3266 4542 Quadi-egestione
3285 4491 3428 4542 supra
3449 4493 3500 4532 ιι.
3523 4481 3556 4532 Β

1978 4543 2284 4620 designatum
2307 4543 2840 4620 _proititne_occurrebat
2859 4543 2960 4620 hoc
2971 4541 3094 4614 anno
3113 4541 3232 4620 δοξξ,
3257 4541 3359 4620 quo
3381 4542 3556 4620 [faselis

1979 4605 2029 4653 in
2051 4601 2114 4654 23
2133 4605 2288 4653 martii
2306 4601 2493 4664 incidit;
2513 4603 2662 4652 altera
2685 4601 3022 4652 celebrabatur
3046 4604 3168 4651 circa
3193 4601 3366 4652 testam
3381 4613 3556 4654 Ascen-

1980 4667 2143 4724 siouis,
2171 4668 2238 4714 uti
2263 4665 2416 4728 liquet
2449 4679 2509 4714 ex
2535 4675 2764 4728 sermone
2791 4665 2850 4728 l3
2868 4665 2932 4714 de
2963 4665 3141 4728 divers.
3169 4665 3338 4728 habito
3370 4679 3432 4716 eo
3453 4666 3552 4722 die,

1979 4729 2060 4791 gui
2100 4725 2390 4791 ascensione
2421 4727 2630 4784 Domini,
2667 4733 2718 4775 et
2755 4725 2906 4791 ipsius
2933 4727 3450 4791 Leontiidepositione
3479 4741 3555 4791 so-

1979 4785 2157 4860 lemnis
2179 4795 2300 4838 erat.
2323 4797 2600 4860 Quanquam
2619 4801 2692 4860 sul
2709 4785 2832 4858 ra
2857 4787 3140 4860 ε’)ξμδιῄωιςὶ
3171 4785 3281 4860 quis
3311 4791 3459 4860 possit
3481 4787 3554 4860 le-

1980 4851 2192 4912 gentium
2218 4845 2356 4908 esse,
2383 4845 2488 4898 dies
2507 4845 2872 4912 mtadragt'sima
2893 4845 3152 4908 iliuiisset,
3179 4845 3224 4898 id
3252 4845 3326 4899 est
3347 4849 3455 4898 dics
3477 4857 3556 4912 As-

1981 4909 2222 4960 censiouis
2245 4925 2256 4959 :
2285 4913 2494 4960 maxime
2517 4909 2635 4972 Quia
2651 4909 2882 4958 conviviis
2905 4919 2956 4958 et.
2977 4911 3429 4970 compotationitius,
3452 4911 3555 4972 qui-

1981 4971 2074 5036 bus
2101 4986 2228 5036 sese
2261 4973 2446 5036 dedere
2479 4971 2702 5036 Catholici
2733 4973 3018 5032 cupiebant,
3040 4974 3317 5036 quibusque
3347 4979 3443 5022 toto
3468 4971 3556 5036 illo

1981 5033 2062 5082 die
2084 5033 2232 5096 dediti
2257 5034 2512 5096 Donatistae
2535 5033 2730 5082 fuerunt
2745 5068 2762 5096 ,
2787 5045 3018 5095 nusquam
3051 5033 3127 5082 hic
3152 5033 3322 5096 jejuuii
3353 5035 3558 5096 quadra-

1981 5093 2228 5158 gesimalis
2248 5095 2538 5158 religionem
2558 5093 2851 5158 Augustinus
2869 5093 3104 5158 opposuit.

2047 5157 2118 5218 (a)
2134 5164 2260 5220 itane
2281 5157 2428 5218 ipsam
2451 5158 2514 5204 ob
2529 5157 2720 5205 causam
2740 5157 2996 5220 Gregorius
3016 5157 3555 5220 'l'baumaturgugtcstn

1981 5219 2100 5268 vita:
2131 5219 2279 5279 ipsius
2300 5220 2408 5278 scri-l
2429 5225 2532 5266 tore
2563 5219 2790 5282 Gregorio
2811 5219 3300 5282 Eyssenoﬁnstitutis
3331 5219 3380 5268 in
3413 5219 3558 5268 hoin-

1982 5293 2090 5342 rem
2111 5287 2386 5342 sanctorum
2413 5279 2676 5342 martyrum
2693 5279 2870 5342 diebus
2899 5281 3036 5342 uastis
3055 5279 3274 5338 indulsit,
3298 5287 3350 5328 ut
3371 5293 3486 5330 sese
3509 5285 3556 5330 Li

1983 5341 2044 5406 iis
2064 5341 2236 5391 ﬁdeles
2257 5339 2794 5406 exmlararent._ttodem
2815 5341 3011 5406 oonsilio
3033 5342 3262 5406 adductus
3285 5349 3361 5406 est
3381 5351 3560 5406 Grego-

1983 5404 2085 5452 rius
2103 5411 2124 5467 _t
2145 5416 2262 5466 papa
2277 5437 2290 5462 ,
2315 5412 2368 5452 ut
2391 5403 2496 5467 haec
2525 5403 2574 5452 in
2597 5402 2680 5452 lib.
2701 5403 2764 5467 _9,
2792 5405 2932 5467 epist.
2957 5405 3046 5466 71,
3069 5401 3244 5467 Mellito
3273 5404 3432 5467 abbati
3463 5401 3560 5456 tiri-

1983 5464 2192 5537 tauuiain
2207 5464 2440 5537 pergenti
2463 5464 2838 5537 commendaret
2849 5479 2872 5537 :_
2893 5483 2920 5537 ει
2941 5473 2994 5516 Et
3013 5464 3126 5537 quia
3153 5467 3307 5537 boves
3327 5464 3488 5537 solent
3509 5469 3560 5519 in

1991 5543 2015 5572 ι
2034 5523 2264 5588 sacriﬁcio
2283 5523 2554 5576 diennunm
2575 5525 2754 5578 multos
2774 5527 3016 5588 occidere,
3031 5523 3186 5588 debet
3209 5527 3282 5576 eis
3305 5527 3450 5576 etiam
3471 5528 3561 5580 hac

1992 5603 2016 5633 ι
2035 5587 2100 5638 de
2121 5602 2178 5652 re
2200 5586 2358 5652 aliqua
2379 5589 2658 5639 solemuitas
2679 5591 2944 5649 immutari,
2968 5586 3029 5652 ut
3038 5587 3122 5652 die
3144 5589 3456 5640 dedicationis
3479 5591 3561 5640 vel

1991 5663 2016 5696 ι
2037 5648 2266 5716 natalitiis
2281 5648 2566 5716 sanctorum
2596 5648 2936 5716 martyrum...
2958 5649 3198 5716 religiosis
3225 5654 3456 5704 conviviis
3483 5667 3560 5702 so-

1991 5667 2016 5696 ι
2037 5667 2266 5702 natamus
2292 5667 2566 5702 secutorum
2596 5667 2932 5716 martyrum....
2958 5667 3048 5699 ιἐιι
3077 5667 3198 5700 ἰοὸιδ
3225 5667 3456 5704 εουνινιιε
3483 5667 3558 5702 $0-

1991 5725 2018 5757 ι
2036 5707 2338 5788 teretem
2359 5711 2697 5788 celebretis-2e
2719 5719 2772 5788 ut
2787 5717 2914 5788 sunt,
2931 5712 3004 5788 eis
3018 5667 3182 5788 aliqua
3207 5717 3424 5788 caeritis
3443 5727 3558 5788 seu:

1992 5788 2015 5817 ι
2035 5771 2113 5838 dia
2144 5783 2484 5836 reservantur,
2518 5773 2576 5824 ad
2608 5775 2838 5827 interiora
2867 5773 3040 5838 gaudia
3071 5771 3348 5829 consentire
3377 5771 3563 5832 bullit!

1993 5849 2017 5880 ι
2037 5833 2242 5886 valeant.
2267 5851 2290 5881 ι
2359 5895 2394 5930 .
