4080 6346
275 508 515 555 murum
539 495 860 570 suspendere,
882 502 930 552 et
953 495 1257 553 desiderium
1278 498 1520 553 sermonis
1543 500 1614 553 tui
1639 500 1869 569 cupidis-

202 606 211 617 '
278 595 467 649 simum
515 604 809 663 temperare.
852 591 1161 662 Scripsimus
1206 594 1374 663 itaque
1413 595 1591 649 iterato
1632 612 1783 660 nunc,
1828 596 1871 649 si

280 690 478 759 priores
515 690 581 740 ad
628 696 675 740 te
712 685 890 741 litterte
925 695 1111 741 nostra:
1148 674 1401 757 pervenire
1428 699 1754 756 meruerunt;
1784 699 1871 744 aut

282 781 472 851 primo,
504 779 550 833 si
582 776 689 831 illis
722 778 775 831 in
809 793 987 831 manus
1025 786 1139 832 tuas
1173 780 1490 849 perveniendi
1520 780 1733 853 felicitas
1772 798 1871 837 non

278 871 398 941 fuit.

350 961 410 1014 Ξ.
453 960 563 1017 Sed
601 970 673 1027 tu,
699 963 857 1032 frater
882 961 1161 1030 spiritualis
1188 962 1205 994 ί
1246 963 1415 1017 omnia
1438 964 1701 1035 judicans,
1727 982 1870 1019 amo-

226 1036 241 1051 Δ
278 1070 391 1109 rem
420 1054 473 1106 in
507 1064 553 1107 te
592 1062 819 1107 nostrum
849 1069 910 1106 ne
936 1052 1127 1121 pendas
1160 1054 1321 1124 ofﬁcio
1360 1054 1467 1109 solo
1488 1097 1502 1122 ,
1538 1064 1623 1109 aut
1654 1066 1872 1127 tempore

278 1144 589 1199 litterarum.
616 1142 864 1197 Dominus
883 1143 1014 1196 enim
1043 1145 1178 1197 testis
1200 1153 1292 1210 est,
1316 1144 1398 1215 qui
1424 1162 1553 1200 unus
1571 1158 1717 1217 atque
1739 1148 1872 1201 idem

278 1244 524 1305 aperatur
562 1235 615 1288 in
651 1234 757 1289 suis
800 1234 978 1304 ubique
1014 1234 1321 1295 charitatem
1346 1253 1509 1302 suam,
1540 1238 1655 1308 jam
1692 1238 1873 1294 abinde

278 1328 443 1391 nobis,
466 1343 533 1380 ea:
556 1342 653 1397 quo
684 1336 730 1379 te
758 1327 993 1395 beneﬁcio
1014 1327 1367 1381 uenerabilium
1393 1329 1738 1401 episcoporum
1760 1332 1870 1384 Au-

277 1418 391 1473 relii
418 1428 465 1471 et
492 1418 685 1489 Alypii,
711 1436 800 1490 per
830 1429 916 1473 tua
940 1420 990 1473 in
1012 1418 1324 1475 Manichwos
1349 1438 1505 1491 opera
1527 1425 1868 1495 cognovimus,

277 1513 348 1566 ita
375 1513 591 1565 inditam
617 1511 931 1566 dilectionem
960 1522 1096 1566 tuam
1116 1554 1131 1580 ,
1159 1523 1212 1566 ut
1251 1514 1395 1569 nobis
1437 1531 1536 1568 non
1574 1532 1750 1570 novam
1776 1518 1872 1571 ali-

278 1623 431 1677 quam
455 1606 733 1659 amicitiam
772 1623 997 1673 sumere,
1024 1606 1111 1661 sed
1144 1609 1290 1679 quasi
1330 1617 1535 1663 veterem
1577 1602 1891 1665 charitatem’

279 1713 535 1751 resumere
571 1697 872 1752 videremur.
915 1697 1143 1767 Denique
1186 1716 1319 1753 nunc
1356 1701 1451 1754 etsi
1484 1716 1729 1767 sermone,
1771 1718 1870 1756 non

279 1798 445 1843 tamen
467 1798 707 1860 tanquam
733 1798 781 1842 et
808 1788 993 1856 a/fectu
1014 1790 1163 1844 rudes
1188 1790 1466 1856 scribimus,
1493 1801 1632 1863 teque
1654 1793 1871 1846 vicissim

278 1882 462 1950 spiritu
510 1897 600 1950 per
641 1880 929 1935 interiorem
967 1882 1248 1950 hominem,
1276 1884 1419 1953 quasi
1448 1885 1866 1954 recognoscimus.

280 1972 391 2028 Nec
422 1973 607 2026 mirum
635 1973 675 2026 si
707 1982 754 2026 et
787 1973 1009 2027 absentes
1037 1974 1278 2028 adsumus
1305 1976 1463 2040 nobis,
1488 1985 1534 2029 et
1565 1977 1723 2047 ignoti
1747 1994 1869 2030 nos-

279 2076 377 2119 met
398 2066 629 2119 novimus
651 2082 670 2129 ;
702 2082 816 2118 cum
842 2066 991 2119 unius
1017 2067 1242 2137 corporis
1263 2067 1480 2121 membra
1509 2069 1685 2136 simus,
1714 2085 1870 2122 unum

278 2158 553 2213 habeamus
583 2168 758 2228 caput,
782 2175 885 2212 una
911 2160 1275 2231 perfundamur
1298 2160 1482 2229 gratia,
1511 2176 1610 2214 uno
1640 2177 1769 2231 pane
1798 2161 1871 2215 vi-

278 2267 475 2316 vamus,
524 2267 626 2304 una
671 2250 964 2305 incedamus
1012 2251 1110 2315 via,
1154 2252 1327 2304 eadem
1376 2251 1652 2307 habitemus
1698 2251 1866 2306 domo.

278 2343 511 2415 Denique
539 2345 592 2397 in
619 2360 765 2397 omne
786 2344 922 2414 quod
949 2361 1142 2412 sumus,
1171 2353 1273 2399 tota
1297 2361 1387 2415 spe
1410 2361 1469 2398 ac
1496 2346 1614 2413 ﬁde,
1642 2362 1742 2416 qua
1766 2355 1871 2401 sta-

278 2454 388 2491 mus
426 2437 482 2489 in
526 2437 781 2504 prwsenti,
810 2436 1017 2489 nitimur
1052 2437 1107 2491 in
1150 2439 1395 2509 futurum,
1433 2444 1535 2490 tam
1571 2438 1623 2490 in
1666 2438 1866 2509 spiritu,

278 2546 432 2597 quam
458 2530 513 2582 in
541 2545 752 2598 corpore
777 2528 981 2583 Domini
1010 2546 1165 2583 unum
1190 2546 1385 2605 sumus,
1409 2546 1469 2583 ne
1492 2529 1647 2585 simus
1677 2531 1802 2585 nihil
1826 2530 1870 2586 si

278 2622 339 2677 ab
372 2638 475 2675 una
501 2622 812 2675 excidemus.

347 2714 402 2768 '5.
431 2712 744 2780 Quantulum
765 2729 883 2783 ergo
909 2721 1000 2781 est,
1024 2714 1159 2784 quod
1182 2713 1406 2768 absentia
1425 2712 1703 2785 corporalis
1729 2714 1870 2770 nobis

340 2852 359 2883 ί
382 2849 522 2911 me,
545 2847 845 2912 spiritaliter.
870 2854 925 2899 At
946 2856 1075 2910 Mss,
1100 2846 1347 2914 spiritalis.

1483 384 1958 446 EPISTOLARUM
1994 388 2271 452 CLASSIS
2303 393 2371 450 ll.

3450 410 3557 468 122

1972 503 2158 558 invidet
2200 507 2374 571 nostri,
2408 508 2504 562 nisi
2535 525 2659 565 sane
2683 514 2901 582 fructum
2929 514 3081 571 istum
3100 558 3115 583 ,
3141 533 3238 590 quo
3277 531 3555 591 pascuntur

1973 596 2108 650 oculi
2127 600 2475 668 temporalium
2498 607 2905 671 exspectatores?
2930 609 3153 677 quamvis
3170 628 3258 665 nec
3279 614 3556 683 corporalis

1972 687 2172 757 quidem
2201 690 2394 758 gratia,
2432 694 2723 762 temporalis
2749 695 2801 748 in
2834 698 3179 766 spiritualibus
3205 700 3306 755 dici
3342 703 3552 772 debeat,

1971 778 2148 850 quibus
2169 781 2314 834 etiam
2337 798 2605 851 corporum
2625 788 2953 841 aeternitatem
2976 778 3269 847 resurrectio
3294 794 3555 865 largietur,

1879 916 1885 923 .
1971 880 2027 925 ut
2054 872 2298 927 audemus
2338 875 2390 928 in
2427 876 2609 931 virtute
2648 876 2836 933 Christi
2870 888 2913 933 et
2942 880 3160 937 bonitate
3183 884 3199 915 ¹
3226 883 3322 938 Dei
3362 883 3554 953 Patris,

1971 966 2050 1019 vel
2080 966 2274 1039 indigni
2301 986 2618 1040 prwsumere.
2668 974 2834 1039 Quare
2858 975 3053 1029 utinam
3078 977 3170 1032 hoc
3198 994 3390 1049 quoque
3418 980 3559 1034 nobis

1971 1075 2153 1113 munus
2178 1072 2417 1116 annueret
2452 1065 2615 1135 gratia
2650 1064 2766 1133 Dei,
2798 1084 2887 1138 per
2915 1066 3187 1123 Dominum
3214 1080 3439 1125 nostrum
3463 1069 3557 1125 Je-

1971 1167 2081 1205 sum
2103 1151 2375 1221 Christum,
2397 1163 2450 1208 ut
2471 1157 2621 1210 etiam
2642 1158 2692 1211 in
2715 1175 2865 1213 carne
2887 1161 3067 1232 faciem
3088 1172 3224 1216 tuam
3244 1164 3558 1219 videremus!

1972 1262 2072 1299 non
2101 1247 2264 1301 solum
2293 1248 2552 1303 desideriis
2596 1252 2777 1306 nostris
2816 1270 3054 1324 magnum
3090 1258 3400 1325 conferretur
3422 1273 3554 1329 gau-

1972 1336 2153 1401 dium;
2181 1338 2269 1392 sed
2299 1340 2446 1393 etiam
2486 1342 2732 1396 mentibus
2760 1344 2926 1398 lumen
2951 1359 3265 1414 accresceret,
3295 1358 3341 1403 et
3372 1366 3434 1404 ea:
3472 1358 3559 1404 tua

1971 1432 2117 1500 capia
2145 1432 2534 1502 locupletaretur
2561 1435 2734 1506 inopia
2761 1445 2954 1491 nostra.
2984 1439 3132 1505 Quod
3163 1441 3362 1512 quidem
3395 1452 3440 1496 et
3468 1444 3561 1497 ab-

1970 1522 2188 1578 sentibus
2214 1523 2390 1595 largiri
2420 1536 2579 1597 potes,
2604 1528 2699 1581 hac
2725 1531 3003 1599 praesertim
3026 1535 3306 1601 occasione,
3331 1553 3430 1606 qua
3460 1536 3558 1606 ﬁlii

1971 1613 2127 1666 nostri
2154 1615 2413 1669 unanimes
2448 1624 2492 1670 et
2523 1617 2807 1672 charissimi
2840 1621 2979 1675 nobis
3002 1622 3055 1675 in
3092 1621 3332 1692 Domino,
3365 1625 3561 1680 Roma-

1971 1718 2066 1758 nus
2088 1713 2134 1757 et
2156 1704 2335 1776 Agilis,
2364 1723 2488 1777 quos
2511 1716 2565 1761 ut
2601 1725 2689 1762 nos
2714 1708 2897 1764 alteros
2936 1712 3023 1765 tibi
3051 1713 3476 1780 commendamus,
3502 1716 3559 1770 in

1970 1796 2168 1850 nomine
2191 1796 2398 1852 Domini
2425 1809 2749 1866 revertentur,
2777 1818 2924 1871 apere
2951 1802 3209 1858 eharitatis
3236 1805 3473 1876 impleto;
3501 1808 3555 1860 in

1969 1902 2068 1956 quo
2098 1896 2197 1941 tua:
2232 1888 2488 1943 charitatis
2514 1890 2698 1957 affectu
2733 1894 3015 1964 specialiter
3043 1905 3267 1959 utuntur,
3296 1882 3556 1968 rOgamus.

1973 1976 2122 2031 Nosti
2150 1982 2280 2032 enim
2305 1996 2455 2050 quam
2482 1982 2615 2035 celsa
2644 1984 2905 2053 promittat
2938 1984 3226 2041 Altissimus
3260 1988 3406 2060 fratri
3442 1993 3556 2060 fra-

1972 2077 2097 2123 trem
2138 2070 2416 2141 adjuvanti.
2456 2071 2558 2125 Per
2591 2072 2716 2141 hos,
2744 2075 2788 2128 si
2825 2092 2921 2145 quo
2964 2093 3042 2129 me
3076 2078 3251 2147 gratia:
3271 2121 3283 2144 ,
3315 2095 3427 2148 qua:
3462 2079 3551 2134 tibi

1971 2162 2091 2215 data
2116 2172 2208 2231 est,
2234 2163 2366 2217 dono
2395 2166 2704 2219 remunerari
2727 2165 2879 2232 voles,
2909 2176 3014 2221 tuto
3036 2170 3208 2239 facies.
3239 2170 3370 2225 Sunt
3397 2170 3553 2236 enim,

1970 2255 2119 2308 velim
2143 2254 2338 2320 credas,
2366 2273 2519 2309 unum
2547 2272 2633 2310 cor
2658 2266 2704 2310 et
2730 2274 2830 2311 una
2860 2258 2911 2311 in
2934 2257 3158 2312 Domino
3185 2260 3357 2313 anima
3385 2260 3558 2314 nobis-

1971 2361 2103 2399 cum.
2130 2343 2303 2400 Gratia
2332 2345 2427 2401 Dei
2454 2356 2635 2413 tecum,
2659 2357 2711 2402 ut
2732 2358 2825 2415 est,
2852 2349 2904 2407 iu
2928 2360 3170 2404 teternum
3198 2361 3419 2419 maneat,
3443 2355 3557 2422 fra-

1973 2443 2046 2491 ter
2066 2436 2117 2490 in
2141 2436 2338 2491 Christo
2363 2437 2581 2492 Domino
2601 2441 2857 2506 unanime,
2882 2442 3195 2509 venerabilis,
3218 2442 3559 2509 dilectissime,

1970 2538 2017 2582 et
2046 2527 2407 2584 desiderabilis.
2449 2529 2633 2586 Omnes
2668 2533 2722 2586 in
2753 2533 2951 2587 Christo
2983 2545 3181 2590 sanctos
3201 2576 3216 2604 ,
3257 2535 3429 2607 quales
3466 2535 3554 2591 tibi

1972 2621 2221 2676 conterere
2264 2640 2365 2677 non
2408 2623 2617 2678 dubium
2659 2632 2751 2694 est,
2779 2643 2811 2680 a
2850 2625 2991 2681 nobis
3030 2627 3216 2682 saluta.
3261 2626 3566 2684 Commenda

1972 2728 2063 2769 nos
2083 2714 2311 2768 omnibus
2334 2716 2540 2782 sanctis,
2565 2726 2617 2771 ut
2639 2725 2801 2771 tecum
2825 2736 2915 2789 pro
2936 2718 3079 2774 nobis
3104 2735 3251 2773 orare
3271 2721 3559 2791 dignentur.

2037 2848 2055 2881 ί
2080 2854 2186 2899 Mss.
2210 2849 2598 2913 quatuordecim,
2625 2854 2672 2901 et
2689 2848 2927 2903 bonitatis.

3392 2977 3519 2987 ‘-_-——‘

1182 3049 1357 3155 SE
1372 3046 1912 3154 CUNDA
1986 3046 2631 3158 CLASSIS.

273 3244 500 3311 Epistula:
518 3256 641 3310 quas
663 3242 957 3307 Augustinus
971 3239 1070 3304 jam
1095 3239 1368 3309 episcopus,
1399 3243 1513 3308 ante
1544 3234 1872 3314 collationem.

1083 3302 1234 3349 Africa
1254 3297 1435 3362 Pelagii
1459 3298 1685 3347 baeresun
1707 3310 1872 3358 smpsn

1972 3233 2309 3297 thaginensem
2331 3247 2441 3284 cum
2467 3234 2725 3284 Donatistis
2755 3234 2985 3297 habitam,
3011 3241 3064 3286 et
3093 3242 3209 3286 ante
3231 3235 3474 3287 detectam
3516 3236 3573 3290 in

1972 3296 2004 3345 b
2023 3309 2149 3346 anno
2371 3296 2465 3349 396
2489 3296 2552 3346 ad
2587 3296 2695 3347 410.

1690 3431 2165 3513 monere»

724 3556 1051 3613 EPISTOLA
1093 3555 1266 3611 XXXI
1293 3561 1309 3579 α
1333 3558 1432 3628 (α).

188 3684 193 3689 ~
278 3653 501 3711 Paulino
523 3669 615 3725 pro
639 3653 869 3708 secundis
897 3652 1073 3706 litteris
1099 3651 1160 3705 ab
1203 3668 1258 3705 eo
1292 3651 1522 3721 receptis,
1554 3650 1685 3721 grati
1714 3649 1872 3702 animi

346 3748 636 3818 obsequium
676 3745 889 3812 exhibet,
923 3760 1070 3815 seque
1116 3742 1314 3797 Valerio
1347 3743 1695 3813 coepiscOpum
1744 3740 1873 3810 Hip-

345 3855 617 3911 ponensem
651 3839 940 3891 ordinatum
979 3852 1084 3890 esse
1122 3835 1434 3900 renuntians,
1480 3841 1682 3905 exaptat
1726 3842 1778 3886 ut
1818 3832 1872 3886 in

344 3932 576 4003 Africam
614 3932 845 4001 trajicere
887 3930 995 4000 ipse
1021 3928 1154 3993 velit,
1187 3944 1369 3998 magno
1403 3943 1515 3980 cum
1548 3926 1640 3980 sibi
1668 3925 1866 3991 solatio,

347 4036 454 4078 tum
480 4024 672 4079 ceteris
698 4023 986 4077 christianis
1015 4022 1242 4091 exemplo
1271 4026 1492 4093 futurus.

280 4117 520 4172 Dominis
549 4114 908 4171 dilectissimis
937 4122 992 4168 et
1018 4113 1412 4179 sineerissimis,
1458 4126 1584 4167 vere
1626 4108 1873 4166 beatissi-

347 4208 452 4262 mis
489 4217 648 4276 atque
694 4203 1147 4260 abundantissima
1178 4202 1270 4257 Dei
1295 4202 1462 4272 gratia
1490 4200 1870 4272 prmstantissi-

347 4302 452 4355 mis
502 4299 770 4365 fratribus,
818 4299 1052 4353 PAULINO
1080 4306 1134 4352 et
1169 4297 1475 4362 Tanusius,
1516 4296 1867 4362 AUGUSTINUS,

348 4394 402 4449 in
431 4393 658 4447 Domino
689 4391 937 4446 salutem.

351 4488 405 4542 1.
430 4484 564 4540 Cum
602 4485 806 4540 litteras
860 4498 1045 4549 meas,
1093 4480 1285 4553 quibus
1318 4479 1567 4551 respondi
1607 4478 1872 4551 prioribus

277 4579 491 4644 vestris,
520 4577 567 4632 si
598 4585 770 4633 tamen
802 4576 995 4630 vestris
1038 4574 1229 4629 litteris
1264 4574 1371 4628 ullo
1408 4572 1568 4627 modo
1591 4587 1621 4626 a
1654 4586 1741 4626 me
1788 4586 1873 4626 re-

279 4670 528 4742 Sponderi
561 4678 753 4741 potest,
780 4668 1058 4725 celerrime
1081 4667 1372 4738 optaverim
1394 4666 1575 4721 venire
1596 4665 1649 4719 in
1682 4672 1872 4720 vestra:

281 4762 570 4818 Charitatis
595 4777 804 4827 manus,
830 4768 887 4813 ut
913 4773 1125 4830 quoquo
1142 4766 1296 4828 pacto
1316 4756 1511 4812 absens
1530 4755 1635 4811 cito
1662 4770 1871 4825 possem

280 4868 399 4910 esse
423 4854 720 4920 vobiscum,
750 4852 954 4906 lucrum
970 4849 1100 4905 mihi
1149 4857 1341 4906 vestrae
1389 4847 1627 4918 epistolae
1654 4847 1876 4902 contulit

281 4946 503 5007 tarditas
544 4960 683 4999 mea.
721 4944 899 4999 Bonus
948 4943 1222 5008 Dominus,
1274 4942 1363 5012 qni
1388 4955 1494 4995 non
1513 4940 1692 4995 tribuit
1731 4955 1875 5010 saepe

278 5039 419 5109 quod
467 5038 743 5103 volumus,
775 5046 835 5091 ut
884 5035 1024 5107 quod
1064 5028 1342 5090 mallemus
1389 5032 1687 5087 attribuat.‘
1716 5032 1874 5087 Aliud

278 5133 422 5186 enim
448 5139 552 5198 est,
579 5130 721 5201 quod
750 5138 965 5199 accepta
995 5127 1218 5198 epistola
1271 5140 1389 5181 mea
1433 5124 1679 5195 scripturi
1721 5125 1871 5190 estis,

277 5223 422 5278 aliud
473 5223 613 5293 quod
652 5238 757 5277 non
798 5218 1109 5290 accipiendo
1135 5218 1440 5288 scripsistis.
1465 5217 1615 5284 Quod
1640 5231 1759 5270 cum
1787 5216 1877 5270 la:-

281 5317 488 5372 tissime
516 5316 821 5387 legerimus,
848 5312 1101 5369 defuisset
1121 5310 1274 5366 nobis
1295 5318 1439 5366 certe
1459 5309 1559 5364 ista
1576 5308 1777 5375 laetitia,
1806 5308 1870 5375 si,

280 5418 337 5463 ut
366 5408 666 5478 optavimus
693 5407 1030 5475 maximeque
1056 5403 1337 5468 voluimus,
1384 5402 1489 5457 cito
1530 5401 1595 5456 ad
1641 5409 1874 5456 vestram

278 5498 629 5555 Sanctitatem
672 5507 868 5553 nostra:
912 5496 1100 5550 litterae
1141 5499 1522 5565 permeassent.
1562 5492 1712 5547 Nunc
1748 5507 1876 5547 vero

344 5614 361 5629 ‘
380 5612 640 5663 Emendata
663 5618 740 5662 est
760 5611 881 5660 ada.
1011 5607 1081 5658 bl.
1106 5608 1189 5658 bn.
1215 5620 1260 5656 c.
1284 5619 1354 5656 oc.
1380 5606 1432 5655 ff.
1456 5621 1507 5670 g.
1532 5621 1615 5669 gv.
1634 5607 1672 5669 j.
1698 5621 1747 5655 n.
1772 5620 1873 5685 r.‘s.

344 5688 420 5722 vc.
461 5676 541 5722 vd.
566 5675 688 5722 duos
707 5687 752 5722 a.
775 5673 901 5722 duos
994 5706 1007 5720 .
1031 5672 1251 5722 nutuque
1286 5683 1333 5718 v.
1372 5676 1425 5719 et
1459 5669 1518 5718 ad
1539 5677 1637 5717 Am.
1663 5669 1772 5718 Bad.
1796 5675 1872 5719 hr.

276 5680 317 5725 ι.
343 5688 420 5724 vc.
461 5676 541 5725 vd.
566 5675 688 5723 duos
707 5687 752 5723 a.
775 5673 901 5723 duos
931 5669 1007 5722 Sb.
1031 5672 1251 5735 quinque
1286 5683 1333 5718 v.
1372 5676 1425 5719 et
1459 5669 1518 5718 ad
1539 5677 1637 5717 Am.
1663 5669 1772 5718 Bad.
1796 5675 1872 5719 Er.

278 5742 418 5910 mla;
416 5796 790 5910 931M554:qu
807 5803 973 5850 autem
992 5794 1050 5846 3i
1078 5801 1201 5858 erat,
1225 5806 1353 5845 nunc
1366 5792 1444 5846 25.
1469 5794 1649 5859 scripta
1670 5792 1876 5856 ineunte

278 5870 361 5910 an.
488 5901 499 5910 .

277 5870 361 5910 ω.
386 5870 499 5911 ὖυῧ,

1976 3560 2032 3608 et
2054 3550 2171 3607 haec
2196 3551 2392 3608 habere
2434 3554 2649 3625 scripta,
2682 3562 2736 3611 et
2759 3555 2845 3611 illa
2877 3571 3095 3627 sperare
3134 3559 3412 3629 rescripta,
3434 3572 3569 3630 gau-

1976 3645 2065 3701 dio
2090 3647 2438 3702 cumulatiore
2463 3647 2708 3704 delectat.
2740 3651 2812 3704 Ita
2841 3667 2938 3707 nec
2969 3662 3150 3708 nostra
3170 3654 3321 3724 culpa
3352 3668 3570 3710 accusa-

1977 3738 2022 3792 ri
2054 3746 2248 3808 potest,
2279 3747 2334 3795 et
2362 3740 2569 3795 Domini
2594 3741 2790 3813 largior
2821 3744 3117 3815 benignitas
3146 3746 3271 3802 fecit
3290 3746 3432 3817 quod
3474 3760 3572 3802 no-

1976 3837 2089 3885 stro
2114 3829 2381 3886 desiderio
2406 3831 2790 3889 conducibilius
2818 3850 2938 3890 esse
2963 3835 3237 3906 judicavit.

2046 3921 2101 3974 2.
2128 3920 2349 3977 Sanctos
2372 3921 2563 3979 fratres
2588 3924 2887 3980 Romanum
2917 3934 2972 3981 et
3009 3928 3241 3998 Agilem,
3272 3928 3429 3983 aliam
3457 3928 3571 3998 epi-

1976 4011 2167 4067 stolam
2194 4023 2442 4080 vestram,
2472 4015 2774 4071 audientem
2798 4031 2957 4073 voces
2983 4026 3143 4087 atque
3169 4019 3571 4081 reddentem,et

1977 4104 2343 4159 suavissimam
2368 4114 2572 4175 partem
2605 4118 2796 4163 vestra:
2825 4110 3143 4179 prmsentiae,
3175 4111 3268 4167 sed
3293 4126 3396 4181 qua
3417 4112 3569 4168 vobis

1977 4192 2212 4249 visendis
2249 4194 2577 4253 inltiaremus
2621 4199 2846 4266 avidius,
2878 4216 2997 4255 cum
3046 4216 3233 4271 magna
3266 4204 3317 4256 in
3343 4203 3570 4258 Domino

1971 4286 2300 4356 jucunditate
2328 4291 2676 4361 suscepimus.
2715 4291 2886 4359 Unde,
2919 4301 3011 4349 aut
3046 4294 3278 4365 quando,
3311 4303 3403 4350 aut
3439 4310 3581 4366 (μισ--

1975 4378 2137 4433 modo
2161 4379 2245 4435 vel
2269 4396 2361 4437 vos
2390 4391 2665 4451 praestare,
2696 4384 2782 4440 vel
2816 4399 2914 4440 nos
2946 4399 3223 4456 possemus
3253 4386 3485 4456 exigere,
3514 4394 3574 4442 ut

1976 4486 2075 4527 nos
2103 4471 2170 4527 de
2202 4468 2353 4527 vobis
2376 4482 2520 4528 tanta
2549 4475 2828 4531 scribendo
2847 4476 3129 4545 doeeretis,
3160 4486 3356 4548 quanta
3382 4492 3571 4535 eorum

1976 4575 2072 4618 ore
2100 4561 2415 4620 didicimus?
2443 4563 2642 4620 Aderat
2661 4567 2843 4636 etiam,
2877 4567 3019 4638 quod
3035 4567 3169 4622 nulli
3192 4568 3390 4624 charta:
3411 4568 3566 4625 ades-

1977 4670 2037 4710 se
2076 4664 2271 4725 potest,
2322 4664 2526 4712 tantum
2569 4659 2623 4713 in
2668 4661 3008 4716 narrantibus
3049 4660 3316 4732 gaudium,
3368 4670 3425 4718 ut
3471 4678 3568 4732 per

1977 4746 2149 4816 ipsum
2182 4748 2340 4802 etiam
2388 4748 2590 4804 vultum
2632 4751 2920 4821 oculosque
2952 4752 3279 4822 loquentium
3306 4795 3321 4819 ,
3374 4768 3471 4809 vos
3515 4753 3573 4810 in

1978 4837 2227 4893 cordibus
2252 4852 2437 4893 eorum
2465 4840 2693 4910 scriptos
2720 4857 2840 4896 cum
2872 4842 3126 4898 ineffabili
3149 4844 3328 4899 laetitia
3365 4845 3572 4917 legere-

1978 4943 2118 4984 mus.
2149 4929 2262 4988 Hoc
2281 4946 2489 5001 quoque
2520 4934 2749 5003 amplius
2773 4943 2910 5002 erat,
2943 4936 3082 5005 quod
3111 4937 3297 5009 pagina
3327 4938 3575 5008 quaelibet

1979 5030 2404 5093 quantacumque
2430 5025 2567 5079 bona
2594 5027 2789 5096 scripta
2819 5030 3108 5095 contineat,
3140 5031 3270 5085 nihil
3311 5032 3421 5102 ipsa
3454 5048 3578 5101 pro-

1980 5112 2109 5179 ﬁcit,
2137 5114 2378 5182 quamvis
2408 5114 2473 5169 ad
2497 5117 2790 5185 profectum
2821 5120 3115 5189 explicetur
3139 5122 3362 5176 aliorum
3390 5139 3403 5177 :
3435 5122 3575 5177 hanc

1981 5211 2158 5258 autem
2186 5205 2462 5274 epistolam
2493 5216 2745 5275 vestram,
2770 5209 3058 5265 fraternam
3089 5212 3291 5266 scilicet
3315 5213 3571 5282 animam,

1981 5294 2058 5350 sic
2094 5295 2145 5348 in
2189 5310 2372 5350 eorum
2422 5298 2687 5368 colloquio
2733 5300 3058 5370 legebamus,
3102 5309 3162 5356 ut
3199 5312 3346 5357 tanto
3372 5303 3577 5360 beatior

1980 5394 2257 5455 appareret
2275 5386 2447 5455 nobis,
2465 5398 2662 5458 quanto
2680 5389 2891 5445 uberius
2906 5392 3203 5463 conscripta
3226 5402 3367 5448 esset
3392 5409 3455 5449 ex
3483 5409 3577 5449 vo-

1982 5476 2081 5532 bis.
2133 5476 2311 5547 ltaque
2343 5478 2486 5533 illam
2529 5478 2596 5534 ad
2635 5480 2873 5549 ejusdem
2904 5482 3172 5538 beatitatis
3202 5472 3572 5551 imitationem,

1980 5569 2368 5626 studiosissime
2396 5571 2463 5626 de
2492 5572 2644 5627 vobis
2670 5574 2846 5627 omnia
2869 5575 3282 5645 percunctando,
3316 5577 3368 5632 in
3395 5586 3574 5633 nostra

1980 5662 2141 5716 corda
2172 5663 2621 5733 transcripsimus.

1996 5778 1997 5781 η
2052 5754 2104 5809 5.
2136 5754 2245 5809 Nec
2285 5754 2405 5811 ideo
2449 5765 2626 5812 tamen
2654 5771 2747 5813 eos
2777 5766 2882 5811 tam
2910 5758 3016 5815 cito
3055 5774 3083 5814 a
3113 5762 3287 5830 nobis,
3330 5763 3454 5819 licet
3504 5761 3575 5818 ad

1980 5862 2076 5909 vos
2106 5856 2426 5919 remeantes,
2475 5850 2593 5908 sine
2639 5851 2882 5912 molestia
2939 5856 3083 5926 passi
3129 5874 3331 5917 sumus.
3382 5856 3572 5921 Videte

2292 6006 2319 6021 ο
