4044 6338
1906 313 1978 329 Ῐξκ⁴
2006 322 2036 330 ορ
2065 322 2073 329 Α

495 407 598 469 ηδ

488 522 655 593 enim,
676 533 857 594 quisse
879 536 994 590 vos,
1015 521 1211 594 quibus
1234 521 1602 594 quatiebamur
1621 520 1910 577 affectibus.
1932 519 2074 576 Tan-

488 621 544 669 to
572 616 750 685 utique
774 613 1070 670 dimittendi
1100 622 1254 670 erant
1281 614 1535 680 velocius,
1575 622 1771 685 quanto
1797 611 1946 668 vobis
1975 611 2076 666 im-

489 707 707 776 pensius
735 706 951 763 obedire
983 707 1418 778 eupiebant;sed
1463 715 1662 777 quanto
1701 705 1752 760 id
1791 705 2075 777 cupiebant

487 800 675 870 magis,
718 808 864 856 tanto
906 814 1002 856 vos
1044 800 1202 856 nobis
1249 801 1567 872 prtesentius
1608 789 1927 856 exhibebant
1959 817 1971 854 :
2004 813 2073 857 eo

488 892 685 963 quippe
720 879 1023 948 indicabant
1067 908 1223 963 quam
1257 894 1415 948 chara
1437 902 1614 948 vestra
1635 894 1838 949 viscera
1855 902 2066 958 essent;

484 988 632 1037 tanto
670 984 829 1055 igitur
855 998 951 1040 eos
992 985 1167 1039 minus
1211 983 1475 1040 dimittere
1505 985 1830 1050 volebamus,
1871 991 2070 1056 quanto

479 1072 675 1144 justius
702 1083 759 1130 ut
783 1077 1175 1132 dimitterentur
1208 1077 1490 1132 instabant.
1514 1075 1560 1134 Ο
1587 1093 1699 1134 rem
1738 1091 1844 1132 non
1891 1076 2068 1132 feren-

483 1163 629 1236 dam,
653 1168 752 1223 nisi
773 1182 802 1223 a
833 1169 984 1225 nobis
1008 1170 1107 1225 ista
1153 1169 1480 1226 discessione
1517 1185 1623 1225 non
1649 1169 2065 1236 discederemus,

483 1259 586 1315 nisi
623 1263 772 1318 unius
813 1278 1034 1317 essemus
1060 1263 1287 1331 corporis
1310 1263 1551 1328 membra,
1593 1277 1749 1316 unum
1778 1260 2070 1316 haberemus

480 1362 651 1425 caput,
684 1371 783 1409 una
813 1356 1227 1426 perfunderemur
1263 1357 1447 1428 gratia,
1492 1374 1593 1412 uno
1619 1373 1750 1429 pane
1773 1355 2070 1423 viveremus,

432 1492 440 1499 .
478 1459 582 1498 una
625 1445 964 1502 incederemus
999 1449 1096 1514 via,
1142 1451 1315 1505 eadem
1360 1451 1696 1505 habitaremus
1735 1449 1925 1504 domo!
1960 1447 2069 1505 Cur

478 1537 620 1593 enim
648 1551 753 1593 non
785 1539 988 1596 eisdem
1014 1542 1171 1597 etiam
1195 1543 1370 1599 verbis
1393 1545 1696 1599 uteremur?
1727 1543 2026 1615 Agnoscitis
2047 1542 2064 1574 ί

477 1631 640 1698 enim,
667 1632 848 1700 credo,
884 1634 996 1689 huic
1019 1649 1136 1690 esse
1156 1651 1223 1691 ex
1251 1636 1476 1707 epistola
1502 1644 1678 1692 vestra
1710 1635 1807 1708 (a).
1839 1633 1945 1691 Sed
1972 1647 2068 1690 cur

473 1721 649 1792 potius
690 1721 807 1778 haec
854 1733 1027 1779 vestra
1059 1729 1164 1780 sint
1193 1726 1350 1781 verba
1377 1741 1536 1797 quam
1573 1741 1712 1789 mea,
1741 1739 1860 1796 quae
1888 1725 2066 1794 utique

473 1826 631 1882 quam
658 1827 782 1868 vera
814 1823 953 1880 sunt,
992 1823 1096 1870 tam
1130 1817 1281 1872 nobis
1311 1818 1379 1873 ab
1415 1817 1657 1888 ejusdem
1684 1815 1873 1886 capitis
1915 1829 2101 1870 com-*

474 1903 728 1960 munione
751 1907 1100 1975 proveniunt?
1131 1908 1197 1962 Et
1217 1908 1260 1962 si
1278 1908 1474 1980 aliquid
1505 1910 1773 1981 proprium
1805 1908 1956 1963 vobis
1981 1907 2069 1962 do-

473 2004 656 2051 natum
685 1997 896 2064 habent,
929 2007 1073 2054 tanto
1100 2000 1266 2071 magis
1296 2014 1356 2055 ea
1387 2000 1463 2056 sic
1489 2000 1667 2066 dilexi,
1693 1998 2069 2055 utobsidcrcnt

477 2090 618 2145 viam
665 2092 895 2162 pectoris
923 2092 1047 2160 mei,
1081 2108 1256 2164 neque
1283 2108 1311 2146 a
1343 2093 1508 2148 corde
1539 2093 1604 2148 ad
1631 2093 1864 2164 linguam
1893 2077 2066 2147 meam

474 2182 634 2239 verba
673 2185 900 2240 transire
929 2186 1184 2253 sinerent,
1223 2186 1392 2241 donec
1426 2195 1570 2241 tanto
1599 2187 1770 2256 priora
1798 2187 1840 2250 ⁸,
1867 2193 2067 2256 quanto

474 2282 598 2330 sunt
623 2283 820 2344 vestra,
840 2276 1208 2348 procederent.
1233 2277 1412 2334 Sancti
1440 2277 1628 2334 fratres
1655 2288 1708 2334 et
1734 2277 1913 2333 dilecti
1934 2275 2064 2344 Deo,

475 2374 763 2440 nostraque
790 2369 1012 2424 invicem
1042 2369 1300 2436 membra,
1331 2372 1449 2441 quis
1474 2369 1679 2426 dubitet
1705 2385 1804 2426 nos
1831 2384 1937 2424 uno
1962 2370 2070 2439 spi-

473 2456 579 2536 ritu
607 2457 861 2529 vegetari,
902 2459 1004 2515 nisi
1042 2460 1130 2530 qui
1161 2475 1266 2515 non
1292 2460 1454 2516 sentit
1475 2476 1576 2532 qua
1603 2460 1758 2516 nobis
1785 2459 2069 2516 dilectione

472 2545 802 2604 vinciamur?

501 2663 507 2668 ι
547 2640 601 2695 4.
648 2640 851 2697 Vellem
910 2649 1088 2697 tamen
1149 2643 1288 2698 scire
1317 2684 1333 2711 ,
1377 2652 1555 2699 utrum
1600 2641 1737 2700 hanc
1774 2646 2066 2701 absentiam

473 2734 804 2804 corporalem
830 2747 926 2790 vos
969 2734 1251 2806 patientius
1289 2751 1446 2807 quam
1476 2752 1574 2792 nos
1603 2735 1910 2808 faciliusque
1938 2739 2070 2795 tole-

472 2826 636 2882 retis?
675 2827 732 2883 Si
756 2827 828 2882 ita
856 2837 957 2893 est,
983 2828 1172 2897 fateor,
1199 2845 1304 2888 non
1348 2845 1470 2888 amo
1504 2831 1657 2888 istam
1704 2833 2068 2890 fortitudinem

475 2928 730 2984 veStram,
762 2919 865 2974 nisi
899 2919 1033 2976 forte
1071 2921 1192 2991 quia
1223 2937 1320 2976 nos
1351 2922 1485 2978 tales
1513 2937 1719 2990 sumus,
1753 2933 1809 2979 ut
1845 2926 2069 2981 minusa

471 3009 624 3065 vobis
639 3010 951 3077 desiderari,
971 3028 1128 3083 quam
1146 3027 1237 3068 vos
1253 3013 1558 3070 desiderare
1573 3014 1881 3072 debeamus.
1911 3017 1966 3072 lu
1984 3033 2069 3074 me

472 3112 620 3157 certe
661 3104 706 3157 si
743 3113 887 3161 esset
921 3107 1168 3175 patientia
1204 3115 1394 3161 vestrae
1422 3106 1676 3163 absentiae
1718 3110 2065 3180 perferendae,

473 3193 780 3280 displiceret
796 3196 954 3263 mihi;
979 3198 1210 3270 segniter
1233 3199 1374 3254 enim
1395 3215 1604 3270 agerem
1624 3210 1680 3255 ut
1700 3215 1794 3256 vos
1809 3202 2065 3259 viderem:

472 3286 599 3355 quid
637 3295 819 3340 autem
848 3289 1148 3356 absurdius,
1177 3306 1332 3358 quam
1363 3291 1669 3346 fortitudine
1698 3291 1812 3347 fieri
1855 3295 2068 3365 segnio-

473 3379 621 3432 rem?
643 3378 747 3433 Sed
765 3394 868 3449 qua
892 3380 1143 3436 Ecclesiae
1163 3398 1288 3437 cura
1317 3393 1516 3449 tenear,
1540 3399 1606 3438 ex
1623 3384 1726 3441 hoc
1744 3396 1918 3444 vestra
1938 3389 2065 3444 cha-

471 3469 605 3526 ritas
634 3480 844 3540 oportet
871 3473 1130 3540 altendat,
1171 3475 1311 3543 quod
1354 3475 1686 3531 beatissimus
1721 3489 1872 3547 pater
1911 3481 2068 3536 Vale-

472 3559 607 3628 rius,
635 3559 748 3630 qui,
769 3573 864 3616 vos
889 3563 1160 3617 nobiscum
1189 3571 1443 3633 quantum
1470 3567 1680 3631 salutet,
1712 3578 2070 3638 quantumque

473 3653 639 3720 sitiat,
669 3653 895 3710 audietis
917 3667 983 3710 ex
1011 3655 1280 3723 fratribus,
1318 3670 1418 3711 nec
1437 3657 1805 3730 presbyterum
1844 3676 1929 3717 me
1953 3676 2070 3718 esse

474 3757 629 3800 suum
649 3759 838 3816 passus
854 3756 956 3810 est,
981 3747 1080 3800 nisi
1105 3747 1358 3817 majorem
1381 3749 1511 3804 mihi
1534 3751 1934 3822 coepisc0patus
1957 3769 2072 3808 sar-

475 3839 648 3894 cinam
677 3840 973 3910 imponeret
1016 3841 1114 3909 (ὁ).
1159 3839 1312 3907 Quod
1342 3842 1555 3912 quidem
1607 3844 1728 3914 quia
1775 3855 1916 3900 tanta
1957 3846 2072 3917 ejus

474 3922 768 4000 charitate,
814 3941 1063 4004 tantoque
1115 3935 1290 4004 populi
1340 3936 1515 3990 studio
1553 3937 1831 3993 Dominum
1858 3939 1909 3994 id
1941 3941 2072 3996 velle

475 4025 698 4092 credidi,
726 4026 993 4082 nonnullis
1012 4026 1121 4096 jam
1143 4028 1400 4096 exemplis
1418 4028 1857 4097 praecedentibus,
1880 4031 2073 4101 quibus

474 4117 607 4173 mihi
635 4119 810 4174 omnis
835 4121 1108 4175 excusatio
1131 4119 1494 4184 claudebatur.
1537 4121 1880 4178 vehementer
1923 4124 2072 4181 timui

475 4220 751 4269 excusare.
783 4212 888 4271 Sed
933 4230 1232 4285 quanquam
1276 4213 1456 4286 jugum
1489 4214 1686 4271 Christi
1715 4231 1811 4288 per
1838 4219 2070 4289 seipsum

475 4303 599 4360 lene
623 4303 710 4369 sit,
743 4312 796 4359 et
820 4305 1026 4360 sarcina
1055 4304 1191 4361 levis
1213 4304 1425 4376 (Matth.
1457 4322 1535 4372 ιι,
1567 4306 1688 4375 50);
1739 4315 1914 4364 tamen
1944 4324 2070 4380 pro-

473 4401 596 4466 pter
629 4408 864 4450 nostram
904 4397 1242 4464 asperitatem
1276 4405 1436 4466 atque
1465 4397 1844 4466 inﬁrmitatem,
1873 4401 1918 4455 si
1943 4399 2070 4470 quid

477 4491 567 4542 me
592 4488 802 4542 mordet
818 4487 919 4542 hoc
942 4488 1232 4554 vinculum,
1262 4499 1420 4560 atque
1449 4497 1600 4566 urget
1620 4489 1720 4545 hoc
1748 4505 1902 4557 onus,
1928 4492 2068 4548 inef-

475 4578 708 4635 f’abiliter
731 4579 859 4634 mihi
890 4579 1160 4649 aliquanto
1185 4590 1373 4635 vestrae
1405 4583 1698 4650 praesentiae
1744 4583 1951 4651 solatio,
1983 4591 2070 4640 to-

476 4669 754 4726 lerabilius
772 4679 826 4726 et
850 4669 1158 4741 portabilius
1200 4670 1532 4739 redderetur,
1577 4687 1709 4744 quos
1745 4673 1903 4730 audio
1926 4674 2070 4730 curis

480 4763 742 4835 ejusmodi
783 4762 1139 4835 expeditiores
1161 4764 1538 4836 liberioresque
1565 4761 1744 4822 vivere
1769 4764 1862 4840 (c).
1895 4767 2069 4838 Quare

545 4931 564 4997 δ
597 4939 776 4997 mn.“
934 4929 1116 4997 Ῡθαωδθ
1140 4931 1376 4997 ’³9³0³9ίῆ
1397 4941 1627 4997 male
1645 4932 1879 4997 ρτοῗθοιοο
1943 4942 2002 4986 δίο

540 4995 562 5063 ξ
586 4991 949 5063 ῳ-ριιῇιε,ω(1.,
973 4991 1190 5063 puriora?
1213 4995 1304 5045 sed
1326 4991 1503 5046 melius
1524 4991 1574 5046 in
1593 4991 1722 5059 Mss,
1747 4995 1928 5063 priora.

564 5055 616 5117 a)
638 5055 704 5104 Ex
725 5055 870 5117 Epist.
898 5055 1022 5114 xxx,
1045 5069 1097 5104 n.
1121 5056 1169 5106 2.

565 5117 616 5182 ὁ)
635 5117 887 5178 Possidius,
909 5117 1042 5184 c.‘8_:
1076 5135 1099 5164 ι
1120 5118 1464 5184 Episcopatum,
1481 5119 1659 5184 inquit,
1683 5122 1933 5184 suscipere
1953 5136 2070 5173 con-

487 5197 511 5228 ι
534 5178 608 5247 tra'
627 5192 816 5247 morem
836 5178 1059 5247 Ecclesiae
1074 5178 1171 5247 suo
1192 5178 1389 5247 vivente
1413 5178 1913 5247 episcopo'presbj-ter
1927 5199 2069 5238 recu-

485 5257 510 5288 α
531 5241 936 5308 sabat;_du_mque
966 5238 1039 5291 illi
1068 5241 1174 5292 fieri
1210 5241 1378 5308 solere
1409 5238 2065 5308 abiom'nib'ussuaderetur,

486 5319 511 5350 α
533 5310 682 5367 atque
703 5303 752 5352 id
776 5303 946 5367 ignaro
968 5307 1299 5367 transmarinis
1329 5313 1382 5356 et
1402 5305 1630 5355 Africanis
1650 5305 1874 5357 Ecclesia:
1899 5303 2068 5358 exem;

487 5382 512 5414 ι
531 5364 626 5428 piis
649 5364 947 5431 probaretur
960 5401 974 5426 ,
1007 5365 1284 5431 compulsus
1313 5375 1460 5431 atque
1491 5373 1686 5431 coactus
1714 5371 2066 5423 succubuit.....

489 5443 513 5473 ι
532 5426 737 5486 Quod—in
759 5427 922 5491 seipse
953 5426 1130 5490 postea
1144 5428 1248 5491 fieri
1273 5426 1623 5480 non'debuissc
1645 5437 1702 5481 ut
1722 5432 1833 5482 vivo
1854 5443 1944 5482 suo
1967 5434 2069 5491 epi-

489 5504 514 5535 α
533 5497 681 5555 scopo
710 5489 1130 5555 ordinaretur,_et
1165 5489 1289 5555 dixit
1320 5499 1372 5542 et
1401 5492 1617 5554 scripsit,
1649 5499 1848 5555 propter
1878 5489 2067 5544 concilii

489 5550 823 5618 ¢_universalis
865 5552 1100 5618 (Ψρῳῃὶ)
1143 5550 1591 5618 vetitum.»_Poi-ro
1617 5550 1754 5618 hanc
1781 5555 2068 5618 dignitatem

481 5609 696 5687 adeptus
707 5619 796 5687 est
807 5609 1020 5687 δηξβρξ,
1038 5609 1361 5687 ῇῴιιειετοερ.
1385 5616 1556 5666 Chron.
1581 5609 1866 5667 imminente
1897 5617 2069 5667 Christi

481 5670 648 5732 Natali,
674 5685 736 5721 ex
760 5674 928 5724 Homil.
953 5670 1016 5726 95
1037 5670 1163 5726 inter
1184 5676 1263 5726 50.

547 5732 865 5806 (ολνᾳιιιίῐιιξε
893 5736 1162 5806 tuncb‘olxe
1184 5740 1246 5806 ab
1276 5738 1624 5806 ecclesiasticis
1645 5740 1773 5790 curis
1803 5739 1930 5792 liber
1951 5754 2069 5804 age-

479 5794 790 5869 liat'.'Quippe
817 5797 868 5869 in
901 5801 1234 5869 Barcinonensi
1265 5799 1837 5869 Ecclesiapresbyterum
1869 5816 1926 5869 se
1957 5794 2071 5852 con-

481 5858 664 5932 secret
687 5858 774 5932 νίι.
787 5861 1253 5932 “sensissem”!
1273 5875 1335 5932 ρει
1356 5858 1627 5932 οριιάξίεογιο
1642 5858 1665 5924 ν’
1680 5864 1900 5932 sicutiad
1924 5872 2070 5913 Seve-

472 5930 593 5996 μω
614 5922 662 5972 in
696 5921 841 5984 epist.
864 5920 897 5970 6
915 5923 1110 5984 scribit,
1133 5931 1189 5974 ut
1210 5925 1370 5976 eidem
1391 5924 1614 5979 Ecclesiae
1637 5920 1734 5978 non
1755 5924 2065 5991 alligarctur:

1727 393 1783 464 ε.
1825 401 2193 464 AUGUSTINI
2231 399 2531 462 EPlSCOPl

3666 391 3776 460 ηδ

2182 533 2285 598 non
2313 516 2645 590 impudenter
2671 529 2770 590 ego
2787 531 2916 590 rogo
2935 527 3051 583 vos,
3083 525 3136 573 et
3163 514 3392 589 postulo,
3415 521 3470 574 et
3488 515 3688 590 ﬂagito,
3709 519 3776 574 tt!

2179 610 2233 666 in
2265 611 2498 668 Africam
2529 611 2731 683 majore
2757 612 2942 667 talium
2973 610 3243 665 hominum
3281 610 3387 677 siti,
3431 624 3590 681 quam
3617 610 3778 666 sicci-

2181 704 2301 759 tatis
2322 704 2596 762 nobilitate
2621 703 2973 769 laborantem,
2999 703 3180 758 venire
3208 701 3520 774 dignemini.

2248 797 2300 852 5.
2329 796 2438 852 Scit
2476 796 2620 852 Deus
2659 796 2782 868 quia
2829 809 2934 850 non
2976 796 3147 850 solum
3189 803 3404 866 propter
3446 794 3774 851 desiderium

2175 906 2372 957 meum,
2406 905 2578 961 neque
2603 891 2774 945 solum
2806 898 3020 960 propter
3040 903 3132 944 eos
3160 888 3249 958 qui
3282 887 3366 942 vel
3395 902 3491 958 per
3532 902 3631 942 nos
3673 903 3772 943 ve-

2174 991 2343 1039 strum
2369 984 2716 1054 propositum,
2739 979 2820 1039 vel
2852 981 3217 1052 undecumque
3259 977 3395 1035 fama
3445 973 3773 1051 praedicante

2173 1075 2491 1143 didicerunt,
2516 1076 2610 1132 sed
2639 1077 2797 1132 etiam
2825 1085 3043 1146 propter
3069 1083 3292 1128 caeteros
3323 1072 3412 1143 qui
3442 1073 3633 1143 partim
3658 1087 3774 1128 non

2171 1167 2411 1234 audiunt,
2454 1169 2642 1238 partim
2690 1168 2866 1222 audita
2909 1181 3014 1221 non
3042 1164 3286 1231 credunt,
3325 1171 3501 1218 tamen
3546 1173 3772 1232 possunt

2171 1270 2440 1330 comperta
2471 1259 2711 1331 diligere,
2750 1271 2842 1312 vos
2869 1257 2983 1312 istis
3019 1255 3175 1311 terris
3217 1256 3377 1310 etiam
3417 1253 3775 1323 corporaliter

2171 1351 2359 1409 adesse
2385 1353 2648 1422 cupimus.
2676 1349 2927 1418 Quamvis
2965 1347 3106 1404 enim
3143 1344 3329 1402 sedulo
3357 1354 3517 1415 atque
3553 1343 3771 1398 miseri-

2171 1443 2404 1500 corditer
2430 1443 2481 1497 id
2508 1443 2680 1514 agitis,
2715 1452 2889 1498 tamen
2918 1441 3076 1496 etiam
3125 1453 3305 1494 coram
3348 1435 3653 1492 hominibus
3682 1451 3776 1491 re-

2170 1538 2383 1609 gionum
2426 1543 2727 1590 nostrarum
2767 1535 2978 1589 luceant
3019 1546 3180 1602 opera
3217 1540 3410 1594 vestra,
3455 1537 3513 1584 ut
3552 1529 3776 1584 videant

2171 1608 2307 1682 bona
2337 1608 2472 1682 facta
2495 1635 2689 1693 vestra,
2720 1631 2774 1680 et
2810 1622 3102 1695 glorificent
3141 1622 3354 1676 Patrem
3391 1628 3645 1684 vestrum,
3676 1619 3774 1690 qui

2170 1719 2223 1774 in
2250 1719 2401 1777 caelis
2423 1728 2503 1776 est
2529 1717 2673 1791 (Id.,
2695 1733 2750 1784 v,
2782 1717 2849 1771 16
2869 1714 2908 1787 ).
2939 1715 3237 1770 Piscatores
3265 1720 3488 1768 vocante
3517 1711 3772 1776 Domino,

2169 1811 2310 1883 quod
2338 1811 2605 1866 naviculas
2623 1818 2676 1865 et
2696 1808 2826 1863 retia
2853 1807 3188 1873 dimiserunt,
3211 1804 3387 1858 omnia
3403 1802 3771 1867 sedimisisse,

2170 1912 2224 1958 et
2261 1901 2541 1957 Dominum
2576 1909 2790 1957 secutos
2818 1914 2959 1963 esse,
2987 1898 3146 1953 etiam
3173 1891 3640 1950 commemorando
3669 1893 3774 1946 lie-

2172 1995 2264 2051 tati
2291 2005 2414 2050 sunt
2444 1993 2578 2068 (Id.,
2611 2009 2723 2059 xix,
2758 1994 2873 2066 ‘27).
2898 1993 2963 2047 Et
3002 2005 3189 2046 revera
3230 1991 3407 2044 omnia
3449 1988 3769 2054 contemnit,

2169 2088 2258 2158 qui
2282 2103 2384 2142 non
2411 2087 2581 2142 solum
2609 2095 2860 2158 quantum
2889 2083 3072 2155 potuit,
3099 2082 3192 2138 sed
3223 2081 3382 2137 etiam
3401 2089 3657 2152 quantum
3683 2095 3779 2134 vo-

2171 2180 2268 2234 luit
2302 2179 2521 2246 habere,
2556 2180 2868 2234 contemnit.
2901 2176 3004 2233 Sed
3039 2177 3089 2230 in
3132 2190 3197 2230 eo
3246 2173 3386 2245 quod
3433 2172 3776 2244 cupiebatur,

2170 2273 2309 2329 oculi
2340 2272 2431 2327 Dei
2459 2281 2622 2328 testes
2645 2279 2803 2336 sunt;
2833 2271 2887 2325 in
2909 2286 2973 2325 eo
2994 2268 3132 2339 quod
3158 2267 3470 2333 habebatur,
3499 2275 3554 2321 et
3591 2265 3778 2321 homi-

2170 2379 2318 2419 num.
2350 2363 2540 2418 Nescio
2579 2379 2685 2433 quo
2709 2370 2886 2417 autem
2918 2359 3094 2426 modo,
3139 2373 3261 2414 cum
3287 2356 3554 2428 superﬂua
3577 2364 3632 2412 et
3657 2367 3779 2412 ter-

2170 2472 2296 2512 rena
2327 2456 2636 2527 diliguntur,
2668 2456 2864 2510 aretius
2891 2453 3078 2522 adepta
3127 2465 3283 2522 quam
3321 2450 3600 2520 concupita
3641 2463 3783 2504 con-

2170 2549 2454 2618 stringunt.
2496 2548 2627 2602 Nam
2672 2545 2810 2601 unde
2839 2545 3008 2600 tristis
3045 2543 3135 2598 ille
3163 2542 3427 2610 discessit,
3471 2541 3560 2611 qui
3593 2540 3779 2595 consi-

2172 2639 2298 2694 lium
2337 2641 2457 2694 vitzc
2502 2647 2716 2694 aeterna:
2749 2635 3140 2707 consequendae
3168 2633 3438 2704 quierebat
3466 2648 3494 2686 a
3519 2632 3773 2698 Domino,

2171 2749 2294 2788 cum
2320 2731 2557 2787 audisset
2581 2729 2857 2786 vendenda
2886 2744 3006 2784 esse
3031 2728 3207 2782 omnia
3229 2741 3347 2793 sua,
3375 2733 3431 2780 et
3449 2723 3777 2780 distribuen-

2171 2825 2236 2880 da
2278 2825 2618 2897 pauperibus,
2667 2830 2722 2878 ct
2768 2820 3068 2878 habendum
3118 2819 3427 2874 thesaurum
3459 2819 3509 2871 in
3538 2817 3696 2881 coelo,
3726 2817 3777 2872 si

2171 2917 2333 2972 vellet
2358 2931 2477 2972 esse
2508 2915 2786 2986 perfectus,
2812 2913 2912 2968 nisi
2935 2914 3054 2983 quia
3073 2925 3312 2983 magnas,
3333 2919 3388 2962 ut
3423 2909 3776 2990 Evangeliurn

2155 3008 2428 3078 loquitur,
2457 3006 2686 3061 habebat
2709 3004 2952 3059 divitias?
2981 3002 3137 3074 (Luc.
3164 3017 3316 3068 xvnr,
3347 3000 3439 3068 2‘2,
3467 2998 3583 3071 25.)
3613 2999 3778 3055 Aliud

2170 3107 2256 3154 est
2283 3098 2445 3164 enim,
2479 3096 2621 3151 nolle
2650 3096 2991 3165 incorporarc
3018 3109 3137 3164 qua}
3154 3093 3365 3158 desunt,
3392 3091 3536 3147 aliud
3560 3091 3668 3162 jam
3693 3091 3779 3146 in-

2172 3199 2454 3260 corporata
2490 3188 2742 3244 divellere
2774 3205 2785 3240 :
2819 3187 2907 3242 illa
2942 3186 3086 3242 velut
3107 3185 3212 3240 cibi
3265 3184 3628 3256 repudiantur,
3683 3184 3780 3256 illa

2171 3283 2315 3337 velut
2339 3280 2578 3337 membra
2606 3278 2981 3352 princiduntur.
3009 3276 3219 3344 Quanto
3243 3278 3399 3346 igitur
3426 3285 3478 3330 et
3516 3285 3780 3347 quantum

2174 3375 2401 3431 mirabili
2430 3375 2621 3446 gaudio
2646 3375 2844 3428 nostris
2875 3371 3202 3442 temporibus
3230 3370 3517 3425 christiana
3540 3369 3782 3426 charitas

2174 3466 2467 3536 COllSpiCll,
2517 3481 2610 3537 per
2639 3465 2846 3520 Domini
2880 3463 3220 3534 Evangelium
3250 3477 3370 3517 cum
3412 3461 3592 3516 latitia
3632 3461 3780 3530 ﬁeri,

2175 3560 2397 3630 quodex
2419 3575 2511 3614 ore
2540 3559 2746 3614 Domini
2768 3574 2888 3613 cum
2919 3557 3127 3612 tristitia
3159 3557 3307 3611 dives
3342 3553 3580 3610 audivit?

2247 3649 2301 3706 6.
2328 3651 2644 3720 Quanquam
2687 3651 2846 3705 nullis
2873 3650 3054 3705 verbis
3079 3648 3341 3718 explicem
3371 3645 3781 3716 conceptionem

2174 3757 2239 3798 ac
2267 3743 2671 3812 parturitionem
2699 3743 2880 3797 cordis
2907 3743 3044 3807 mei;
3099 3751 3278 3795 tamen
3317 3740 3439 3810 quia
3485 3737 3784 3808 prudenter

2177 3843 2230 3890 et
2256 3836 2339 3904 pie
2360 3835 2652 3906 intelligitis
2683 3850 2788 3889 non
2813 3848 2934 3889 esse
2969 3834 3126 3888 istam
3153 3841 3408 3898 vestram,
3435 3830 3539 3886 hoc
3562 3838 3644 3885 est
3668 3829 3779 3884 hu-

2177 3941 2410 3991 manam,
2439 3927 2531 3981 sed
2560 3928 2610 3980 in
2651 3927 2802 3981 vobis
2843 3925 3050 3980 Domini
3082 3925 3335 3995 gloriam;
3367 3938 3487 3978 nam
3512 3932 3568 3978 et
3598 3921 3784 3977 inimi-

2177 4033 2297 4073 cum
2348 4019 2655 4073 cautissime
2701 4015 3003 4082 intuemini,
3036 4015 3482 4083 devotissimeque
3510 4013 3682 4083 agitis,
3718 4020 3782 4066 ut

2179 4117 2428 4178 tanquam
2456 4107 2701 4179 discipuli
2723 4108 2918 4162 Christi
2941 4108 3166 4162 humiles
3185 4106 3348 4162 corde
3365 4122 3431 4160 ac
3448 4105 3605 4160 mites
3629 4104 3778 4170 sitis;
3861 4160 3864 4163 .

2178 4202 2358 4257 utilius
2383 4203 2524 4257 enim
2541 4209 2754 4258 terrena
2779 4201 3048 4272 opulentia
3066 4209 3276 4256 tenetur
3294 4200 3586 4264 humiliter,
3610 4214 3779 4268 quam

2177 4294 2406 4366 superbe
2451 4295 2948 4366 relinquitur:quia
2992 4308 3121 4365 ergo
3155 4303 3302 4350 recte
3343 4292 3636 4364 intelligitis
3663 4307 3780 4348 non

2176 4387 2316 4443 hanc
2335 4403 2454 4443 esse
2482 4397 2732 4455 vestram,
2754 4387 2848 4443 sed
2873 4387 3085 4443 Domini
3115 4386 3358 4458 gloriam,
3389 4385 3579 4441 videtis
3610 4397 3778 4456 quam

2175 4493 2338 4549 parva
2368 4488 2422 4534 et
2437 4479 2628 4550 exigua
2657 4467 2903 4534 dixerini.
2937 4479 3054 4534 Dixi
3081 4479 3222 4534 enim
3252 4477 3320 4534 de
3349 4477 3593 4533 laudibus
3614 4476 3777 4533 Chri-

2175 4571 2265 4638 sti,
2313 4570 2504 4640 quibus
2548 4579 2673 4625 sunt
2714 4571 2907 4641 linguai
2951 4572 3184 4641 impares
3227 4571 3576 4642 Angelorum.
3623 4571 3784 4627 Hanc

2175 4677 2306 4734 ergo
2331 4661 2528 4717 Christi
2555 4662 2780 4733 gloriam
2799 4663 2961 4718 etiam
2977 4664 3143 4719 oculis
3173 4673 3474 4718 nostrorum
3495 4663 3784 4720 hominum

2173 4754 2418 4824 cupimus
2444 4754 2734 4819 admoveri,
2760 4754 2813 4809 in
2841 4770 2946 4811 uno
2975 4756 3222 4826 conjugio
3252 4756 3522 4826 proposita
3561 4755 3783 4825 utrique

2175 4847 2324 4902 sexui
2354 4846 2626 4902 calcanda:
2659 4847 2944 4917 superbiae,
2969 4862 3075 4902 non
3112 4847 3458 4918 desperandae
3489 4846 3782 4918 perfectio-

2173 4940 2258 4996 nis
2279 4940 2544 5011 excmpla.
2574 4939 2766 4997 Nescio
2792 4942 2836 4996 si
2852 4941 3139 5012 quidquam
3167 4941 3564 4998 misericordius
3589 4942 3780 5011 agitis,

2173 5049 2331 5104 quam
2359 5035 2401 5089 si
2435 5042 2638 5088 tantum
2665 5034 2843 5088 nolitis
2869 5035 3056 5099 latere,
3083 5033 3226 5105 quod
3254 5035 3386 5090 tales
3416 5035 3567 5102 estis,
3593 5048 3780 5104 quan—

2173 5135 2282 5180 tum
2313 5127 2446 5183 tales
2465 5141 2584 5183 esse
2611 5127 2870 5182 voluistis.

2244 5221 2297 5275 7.
2327 5219 2661 5276 Vetustinum
2692 5221 2868 5292 impiis
2905 5235 3118 5293 quoque
3145 5220 3508 5277 miserabilem
3534 5233 3776 5291 puerum

2173 5324 2364 5369 vestrae
2411 5314 2720 5384 benignitati
2757 5315 3115 5387 charitatique
3159 5314 3523 5371 commendo:
3577 5327 3779 5369 causas

2173 5408 2489 5464 calamitatis
2529 5415 2587 5464 et
2626 5410 3070 5480 peregrinationis
3109 5410 3228 5481 ejus
3253 5409 3482 5466 audietis
3511 5424 3577 5466 ex
3625 5409 3781 5478 ipso.

2172 5499 2304 5556 Nam
2329 5507 2384 5555 et
2411 5499 2738 5570 propositum
2756 5501 2892 5572 ejus,
2921 5517 3028 5573 quo
3057 5503 3376 5558 serviturum
3401 5516 3460 5556 se
3485 5514 3608 5556 esse
3644 5500 3732 5569 pol
3757 5525 3774 5537 ν

2181 5633 2205 5663 ε
2227 5623 2277 5665 tn
2298 5615 2618 5679 sacerdotium
2640 5621 2823 5668 tantum
2843 5617 3044 5679 Domini,
3070 5616 3242 5679 inquit,
3259 5628 3357 5666 non
3380 5614 3592 5679 etiamin
3607 5610 3778 5679 locum

2181 5695 2204 5725 ι
2226 5676 2779 5747 Ecclesia:_dedicatus._n
2801 5671 3096 5747 Quapropter
3131 5671 3392 5747 fiat-cinctae
3433 5677 3485 5747 in
3516 5677 3598 5747 die
3620 5671 3779 5747 natali

2173 5741 2358 5790 Domini
2379 5741 2654 5800 ordinatus,
2680 5741 2792 5790 inde
2815 5754 2871 5790 se
2894 5738 3063 5802 Nolam,
3086 5741 3275 5800 recepit
3305 5747 3414 5802 post
3435 5738 3609 5802 Pascha
3630 5738 3776 5802 inse-

2175 5803 2369 5865 queritis
2392 5803 2523 5861 anui,
2539 5795 2890 5866 395videlicet,
2915 5810 2997 5853 aut
3017 5795 3128 5852 394.
3154 5795 3556 5866 W'verqlod

2175 5857 2340 5975 patlum
2363 5857 2677 5975 igitglatgimn
2707 5864 2800 5915 409
2831 5857 3106 5930 suscepisse
3129 5857 3287 5928 ipsum
3314 5875 3412 5913 non
3442 5857 3782 5926 liquetiVido

2176 5939 2240 5975 no
2266 5962 2278 5975 .
2304 5940 2353 5975 In
2411 5940 2456 5975 [ll
2508 5960 2519 5974 ι
2575 5941 2624 5975 ἱ).

2176 5926 2278 5979 ὴοι.
2304 5927 2353 5976 in
2375 5927 2519 5989 Epist.
2543 5926 2624 5978 95.
