4080 6346
252 570 453 626 licetur
494 570 627 634 Deo,
656 572 865 637 tempus
907 562 1191 636 prolixius,
1219 571 1273 618 et
1300 571 1426 618 retas
1464 559 1746 623 robustior,
1782 566 1832 613 et

253 670 562 719 transactus
576 661 737 716 timor
759 660 953 714 certius
978 656 1302 711 indicabunt.
1324 656 1452 710 Tres
1480 655 1660 717 libros,
1676 663 1835 724 atque

253 756 463 811 utinam
511 763 620 808 tam
661 750 877 823 grandis
912 747 1221 819 quaestionis
1271 747 1339 801 ita
1388 746 1739 816 explicatores
1776 753 1834 799 ut

251 845 508 918 grandes,
537 853 684 899 tanto
713 843 887 898 minus
920 850 1159 897 metuens
1182 842 1233 894 in
1261 850 1311 895 te
1344 839 1576 896 laborem
1606 839 1831 910 legendi,

250 948 460 1009 (punio
492 936 741 992 ardorem
762 934 1025 1005 perspicio
1044 932 1316 1003 diligendi,
1336 934 1453 987 misi
1476 932 1749 987 Sanctitati
1776 939 1832 986 et

248 1027 517 1084 Cbaritati
537 1036 667 1091 tua};
696 1041 818 1080 nam
845 1025 1066 1095 quaestio
1086 1038 1269 1078 eorum
1292 1022 1360 1079 de
1386 1022 1577 1078 Libero
1605 1023 1837 1079 Arbitrio

253 1130 363 1176 est.
399 1121 511 1177 llos
537 1126 727 1177 autem
750 1133 859 1173 non
902 1117 1120 1182 habere,
1152 1126 1243 1171 aut
1281 1131 1467 1172 omnes
1497 1131 1602 1171 non
1643 1117 1837 1173 habere

250 1212 475 1267 fratrem
527 1210 911 1285 Romanianum
952 1208 1083 1273 scio,
1127 1223 1220 1278 per
1249 1222 1405 1279 quem
1438 1223 1600 1278 prope
1638 1208 1830 1274 omnia,

246 1320 375 1373 quia
396 1300 724 1373 quibuslibet
748 1300 963 1356 auribus
990 1301 1387 1355 accommodata
1415 1300 1647 1355 scribere
1669 1301 1833 1369 potui,

248 1395 433 1451 studio
476 1396 532 1449 in
574 1410 671 1449 nos
699 1400 788 1448 tuo
817 1408 921 1447 non
962 1391 1285 1461 apportanda
1314 1391 1451 1453 dedi,
1482 1390 1575 1447 sed
1618 1390 1836 1461 legenda

252 1487 507 1542 iudicavi.
539 1484 785 1543 Habebat
813 1484 952 1540 enim
968 1483 1075 1553 jam
1100 1484 1187 1538 ille
1213 1485 1408 1548 omnia,
1441 1498 1724 1550 secumque
1742 1498 1837 1553 ge-

245 1579 426 1632 stabat
454 1595 469 1632 :
494 1592 589 1646 per
612 1592 735 1632 eum
752 1583 928 1631 autem
958 1577 1127 1645 prima
1156 1576 1409 1645 rescripta
1450 1572 1717 1630 transmisi
1740 1573 1833 1647 (a).

250 1671 424 1726 Credo
444 1671 558 1740 jam
584 1680 857 1740 expertam
883 1671 1226 1727 Sanctitatem
1257 1679 1396 1725 tuam
1427 1671 1711 1740 sagacitate
1731 1672 1838 1740 spi-

250 1762 449 1829 rituali,
482 1774 644 1834 quam
674 1762 765 1817 tibi
805 1762 1060 1817 Dominus
1097 1762 1296 1829 tribuit,
1330 1763 1453 1833 quid
1484 1764 1571 1818 ille
1608 1763 1687 1817 vir
1714 1761 1838 1817 boni

250 1856 430 1910 animo
448 1864 626 1924 gerat,
654 1863 839 1925 etquae
869 1855 920 1908 in
944 1853 1035 1909 illo
1066 1853 1374 1909 infirmitate
1397 1869 1519 1922 pars
1555 1854 1832 1908 claudicet.

248 1946 402 2002 Unde
424 1946 744 2001 humanitati
766 1952 818 1999 et
842 1944 1084 1999 cbaritati
1118 1954 1222 1998 tuzc
1255 1954 1359 1997 tam
1390 1945 1557 2013 ipsum
1591 1958 1745 2014 quam
1774 1944 1835 1997 li-

247 2039 376 2093 lium
405 2022 545 2107 eius,
568 2036 764 2108 legisti,
794 2046 1044 2106 utspero,
1064 2052 1163 2105 qua
1196 2036 1547 2090 sollicitudine
1567 2050 1835 2090 commen‘

246 2132 510 2195 (laverim,
543 2140 599 2187 et
627 2139 819 2202 quanta
848 2130 979 2185 mihi
1016 2128 1411 2184 necessitudine
1452 2128 1677 2197 copulati
1709 2129 1833 2184 sint.

248 2224 505 2280 Ediﬁcet
528 2238 625 2277 eos
654 2239 750 2291 per
776 2231 827 2278 te
863 2222 1136 2275 Dominus.
1168 2220 1317 2288 Quod
1339 2222 1406 2275 ab
1436 2221 1527 2275 illo
1553 2222 1720 2291 magis
1745 2235 1838 2290 pe-

245 2317 465 2373 tendum
490 2325 573 2370 est
598 2334 609 2367 :
639 2330 760 2369 nam
784 2315 835 2369 id
865 2322 919 2369 tu
946 2330 1099 2383 quam
1134 2314 1264 2367 velis
1290 2314 1432 2367 novi.

316 2411 370 2463 8.
391 2407 670 2462 Adversus
685 2407 923 2476 Paganos
942 2414 991 2459 te
1014 2405 1249 2460 scribere
1276 2404 1437 2459 didici
1463 2420 1529 2459 ex
1552 2404 1831 2460 fratribus:

240 2498 287 2552 si
313 2498 439 2566 quid
469 2496 538 2551 de
558 2505 652 2551 tuo
670 2504 882 2565 pectore
910 2511 1197 2561 meremur,
1227 2495 1590 2551 indifferenter
1608 2499 1755 2552 mitte
1780 2506 1836 2552 ut

239 2589 508 2660 iegamus.
540 2589 670 2643 Nam
694 2598 878 2658 pectus
905 2598 1049 2643 tuum
1076 2590 1178 2643 tale
1206 2589 1410 2643 Domini
1438 2591 1706 2644 oraculum
1729 2600 1830 2659 est,

241 2691 301 2735 ut
327 2697 395 2735 ex
422 2696 494 2735 eo
520 2680 675 2734 nobis
706 2688 810 2733 tam
840 2681 1047 2749 placita,
1081 2688 1135 2734 et
1163 2679 1833 2750 advcmisloquacissimas

238 2774 574 2844 quaestiones
590 2772 999 2841 explicatissima
1018 2772 1128 2826 dari
1159 2786 1414 2840 responsa
1430 2787 1827 2840 prassumamus.

244 2866 437 2920 Libros
462 2866 752 2920 beatissimi
772 2880 918 2935 papae
933 2866 1197 2919 Ambrosii
1222 2863 1381 2919 credo
1404 2864 1598 2920 habere
1625 2865 1833 2921 Sancti-

244 2966 407 3012 tatem
439 2967 619 3022 tuam,
672 2972 763 3010 eos
807 2966 980 3009 autem
1026 2957 1246 3011 multum
1282 2956 1547 3021 desidero,
1577 2972 1711 3027 quos
1739 2957 1833 3011 ad-

242 3062 429 3103 versus
458 3049 745 3103 nonnullos
767 3048 1191 3118 imperitissimus
1207 3057 1259 3101 et
1286 3047 1715 3118 superbissimos,
1740 3050 1828 3119 qui

242 3142 307 3196 de
328 3143 570 3213 Platonis
600 3141 749 3196 libris
781 3142 1059 3195 Dominum
1078 3139 1363 3209 profecisse
1384 3141 1727 3205 contendunt,
1744 3142 1826 3195 di-

241 3233 595 3304 ligentissime
616 3242 668 3287 et
688 3233 1050 3300 copiosissime
1081 3234 1291 3301 scripsit
1313 3232 1406 3303 (b).

307 3325 365 3379 9.
390 3324 740 3377 Beatissimus
780 3321 942 3377 frater
981 3324 1220 3379 Severus
1259 3324 1325 3379 de
1368 3324 1824 3394 condiscipulatu‘

240 3426 424 3471 nostro
453 3416 766 3469 Milevitanee
796 3416 1015 3469 antistes
1041 3415 1309 3478 Ecclesiie,
1335 3414 1472 3469 bene
1495 3415 1633 3484 apud
1680 3430 1826 3470 eam-

239 3510 360 3565 dem
384 3509 658 3564 civitatem
686 3508 931 3562 fratribus
960 3507 1222 3577 cognitus,
1246 3506 1425 3561 debito
1453 3508 1725 3561 nobiseum
1749 3506 1825 3561 of-

242 3600 360 3654 ﬁcio
375 3600 727 3654 Sanctitatem
752 3608 980 3652 vestram
1012 3599 1221 3651 salutat.
1247 3597 1457 3651 Fratres
1474 3612 1684 3668 quoque
1711 3615 1824 3653 0m-

241 3705 335 3744 nes
365 3689 641 3743 nobiscum
662 3689 887 3743 Domino
911 3689 1223 3752 servientes,
1246 3698 1349 3743 tam
1380 3688 1429 3743 id
1458 3689 1825 3759 faciuntquam

240 3794 331 3833 vos
357 3780 696 3843 desiderant;
743 3788 847 3833 tam
892 3793 985 3833 vos
1026 3780 1346 3843 desiderant,
1383 3796 1538 3849 quam
1570 3794 1663 3833 vos
1708 3780 1826 3835 dili-

239 3880 387 3939 gunt,
407 3879 463 3923 et
483 3880 585 3924 tam
607 3870 849 3939 diligunt,
867 3886 1023 3940 quam
1045 3870 1171 3925 estis
1194 3870 1338 3925 boni.
1363 3870 1519 3924 Panis
1546 3886 1702 3939 quem
1726 3872 1826 3925 mi-

240 3962 425 4030 simus,
451 3963 669 4017 uberior
702 3963 1003 4017 benedictio
1050 3963 1161 4028 liet,
1203 3963 1482 4018 dilectione
1516 3964 1823 4033 accipientis

241 4063 432 4108 vestra:
482 4054 846 4123 benignitatis.
890 4053 1165 4109 Custodiat
1207 4071 1305 4109 vos
1336 4056 1590 4112 Dominus
1619 4057 1684 4110 ab
1725 4057 1822 4112 ista

241 4146 579 4214 generatione
606 4145 661 4199 in
683 4154 944 4200 aeternum
968 4146 1139 4217 (Psal.
1172 4164 1245 4213 xi,
1270 4147 1344 4219 8),
1368 4148 1567 4203 domini
1598 4149 1824 4206 dilectis-

243 4236 357 4289 simi
386 4246 439 4290 et
468 4237 837 4303 sincerissimi,
864 4254 989 4293 vere
1027 4238 1257 4308 benigni,
1288 4251 1341 4293 et
1361 4239 1811 4295 abundantissima

244 4320 451 4375 Domini
474 4321 640 4391 gratia
670 4323 1088 4391 priestantissimi
1115 4324 1325 4413 fratres.

666 4432 992 4489 EPISTOLA
1032 4432 1227 4488 xxxu
1253 4436 1271 4459 ο
1303 4432 1394 4507 (c).

243 4520 495 4578 Paulinus
529 4523 869 4592 Romaniano,
910 4525 1172 4597 gratulans
1212 4525 1454 4582 Ecclesiae
1507 4525 1822 4597 Hipponensi

306 4617 443 4687 quod
483 4617 817 4687 Augustinum
858 4620 1038 4673 meruit
1076 4620 1299 4689 episcOpi
1336 4619 1600 4691 collegam.
1640 4620 1820 4675 Licen-

307 4710 464 4773 tium,
514 4727 604 4779 pro
648 4727 745 4780 quo
792 4712 1062 4782 scripserat
1108 4713 1443 4784 Augustinus,
1496 4715 1725 4769 hortatur
1773 4724 1821 4769 et

309 4818 461 4870 prosa
488 4813 537 4856 et
571 4804 810 4871 carmine,
839 4815 893 4858 ut
918 4812 1197 4873 contempto
1222 4806 1357 4859 aula:
1390 4810 1525 4878 fastu
1551 4822 1603 4860 se
1627 4805 1822 4860 dedicet

315 4891 534 4946 Christo.

242 4982 459 5039 Domino
488 4986 691 5049 merito,
723 4985 1032 5055 praedicabili
1057 4996 1102 5041 et
1127 4987 1420 5041 honorando
1462 4987 1609 5056 fratri
1640 4988 1821 5043 ROMA-

590 5093 770 5145 NiANO,
806 5079 1067 5133 PAULINUS
1092 5089 1139 5132 et
1158 5078 1443 5135 Tusnssm.

198 5180 211 5187 '
311 5167 363 5221 i.
394 5166 575 5222 Pridie
593 5185 744 5237 quam
779 5167 870 5222 has
909 5168 1162 5234 daremus,
1194 5169 1398 5223 reversis
1418 5186 1479 5222 ea:
1508 5168 1680 5237 Africa
1712 5174 1820 5240 [ται

242 5257 395 5313 tribus
418 5259 621 5324 nostris,
651 5276 860 5330 quorum
887 5261 1250 5329 exspectatione
1271 5276 1359 5314 nos
1386 5260 1598 5329 pendere
1630 5260 1815 5327 vidisti,

241 5351 553 5420 optatissime
594 5360 880 5405 sanctorum
917 5358 962 5404 et
1002 5350 1406 5404 charissimorum
1440 5351 1672 5415 virorum,
1704 5352 1820 5405 inde

300 5484 455 5549 {P.dd.
477 5520 492 5547 ,
538 5482 953 5549 condisciplinatu.
1000 5490 1055 5532 At
1115 5490 1221 5531 Mss.
1267 5483 1552 5545 octodecim,
1589 5481 1821 5534 condisci-

237 5545 1814 5732 Siiﬁiutigabiaibwéin”

398 5730 713 5849 Weiss
733 5791 782 5840 bi
802 5789 914 5842 libri
938 5792 1185 5841 Ambrosii.

319 5865 346 5899 ο
393 5849 519 5901 Alias
542 5852 634 5901 36:
654 5865 763 5913 qua:
786 5859 951 5905 autem
971 5852 1033 5904 ξ’)εὲ
1055 5860 1177 5913 erat,

296 5849 370 5913 (ὲ)
393 5849 519 5901 Alias
542 5852 634 5901 36:
654 5865 763 5916 qua:
786 5859 951 5905 autem
971 5852 1033 5904 3‘2
1055 5860 1177 5916 erat,
1206 5864 1332 5903 nunc
1358 5851 1436 5901 ‘27.
1466 5852 1641 5920 Scripta
1677 5850 1817 5919 paulo

234 5920 346 5977 post
363 5914 686 5976 Superiorem.

590 5926 686 5964 em.

1464 438 1935 499 EPISTOLXRUM
1974 440 2245 500 (LLASSlS
2274 443 2336 499 ll.

3410 446 3529 515 Μ·

1937 558 2170 623 epistolas
2189 576 2546 631 receperamus,
2575 566 2632 618 id
2651 570 2722 621 est
2752 565 2961 633 Aurelii,
2997 564 3187 641 Algpu,
3216 570 3501 644 Augustini,

1937 647 2221 720 Profuturi,
2268 654 2467 721 Severi,
2502 657 2615 727 jam
2654 660 2875 712 omnium
2913 662 3101 731 pariter
3142 664 3508 734 episcoporum.

1938 740 2073 812 Ergo
2094 751 2165 797 tot
2188 754 2471 800 sanctorum
2495 748 2669 803 talium
2693 752 3039 807 recentissimis
3062 755 3369 809 sermonibus
3394 771 3512 827 gra-

1938 834 2173 902 tulantes,
2216 840 2586 906 properavimus
2612 842 2681 894 ad
2713 852 2757 895 te
2785 852 3007 897 nostram
3040 848 3226 915 referre
3260 846 3506 912 laetitiam,

1935 933 1991 978 ut
2035 926 2123 980 tibi
2161 945 2354 999 quoque
2397 942 2735 1001 exspectatum
2773 933 2826 988 in
2866 937 3262 1007 peregrinatione
3299 939 3511 993 sollicita

1937 1018 2177 1085 gaudium
2195 1021 2519 1089 festwissimis
2530 1027 2867 1095 conferremus
2880 1026 3098 1081 indiciis.
3119 1025 3179 1081 Si
3197 1031 3324 1098 forte
3338 1029 3511 1093 eadem

1939 1106 2000 1161 de
2018 1110 2374 1167 venerabilibus
2383 1123 2430 1166 et
2445 1115 2798 1170 amantissimis
2815 1118 2933 1171 viris
2946 1134 3034 1186 per
3046 1118 3261 1172 aliarum
3272 1119 3513 1176 adventus

1938 1201 2139 1255 navium
2175 1206 2478 1274 comperisti,
2525 1222 2613 1275 per
2655 1223 2746 1261 nos
2785 1210 2938 1262 etiam
2973 1212 3180 1280 repetita
3215 1212 3418 1281 accipe,
3466 1220 3514 1267 et

1938 1293 2080 1359 quasi
2110 1303 2343 1347 renovata
2372 1295 2624 1350 hilaritate
2646 1314 2820 1353 rursus
2836 1301 3047 1354 exsulta.
3080 1301 3227 1366 Quod
3251 1304 3296 1357 si
3319 1305 3511 1374 primus

1940 1382 2020 1437 hic
2045 1401 2075 1437 a
2096 1386 2233 1439 nobis
2254 1388 2341 1441 tibi
2366 1390 2566 1443 nuntius
2582 1391 2765 1457 veniet,
2796 1393 3050 1462 gratulare
3078 1402 3269 1448 tantam
3296 1394 3511 1450 nobisin

1939 1482 2025 1526 tua
2040 1477 2204 1545 patria
2229 1478 2525 1534 charitatem
2564 1480 2760 1535 Christo
2796 1482 3014 1536 donante
3038 1492 3251 1552 partam,
3284 1493 3340 1537 ut
3360 1484 3511 1554 quid-

1939 1566 2061 1635 quid
2098 1568 2205 1622 illic
2241 1571 2409 1625 divina
2444 1572 2769 1628 Providentia
2807 1582 2966 1645 gerat,
3011 1575 3266 1632 mirabilis
3293 1593 3508 1647 semper,

1939 1668 1991 1713 ut
2018 1661 2259 1733 scriptum
2290 1673 2390 1732 est,
2432 1665 2483 1719 in
2516 1667 2713 1722 sanctis
2747 1666 2856 1721 suis
2888 1666 3059 1738 (Psal.
3089 1681 3255 1736 van,
3286 1668 3397 1739 δῦ).
3436 1668 3513 1724 vel

1941 1752 2109 1819 primi,
2127 1752 2206 1807 vel
2225 1770 2339 1809 cum
2365 1757 2540 1825 primis
2558 1758 2792 1813 sciamus.

2008 1843 2061 1896 ἓ.
2102 1844 2225 1899 Non
2268 1856 2434 1901 autem
2479 1858 2671 1903 tantum
2698 1850 2790 1905 hoc
2824 1849 3087 1905 scribimus
3128 1853 3510 1923 gratulandum,

1938 1938 2070 2005 quod
2098 1940 2438 2008 episcopatum
2481 1943 2783 2013 Augustinus
2818 1945 3080 2016 acceperit,
3113 1945 3198 1999 sed
3224 1945 3358 2017 quod
3385 1946 3514 2001 hanc

1938 2024 2037 2080 Dei
2054 2044 2227 2081 curam
2250 2032 2515 2085 meruerint
2530 2031 2786 2101 Africana:
2799 2054 2803 2058 ·
2817 2033 3072 2098 Ecclesiae,
3100 2045 3153 2087 ut
3178 2037 3325 2090 verba
3356 2039 3508 2091 coele-

1938 2119 2034 2171 stia
2054 2121 2314 2190 Augustini
2337 2140 2422 2177 ore
2445 2124 2767 2193 perciperent,
2793 2126 2877 2195 qui
2899 2127 2966 2178 ad
2986 2129 3227 2197 majorem
3262 2128 3514 2183 Dominic.

1938 2212 2157 2265 muneris
2173 2214 2386 2282 gratiam
2402 2230 2527 2268 novo
2554 2230 2690 2268 more
2710 2224 2986 2284 provectus,
3011 2218 3081 2271 ita
3093 2229 3407 2272 consecratus
3416 2234 3509 2285 est,

1939 2296 1994 2357 ut
2035 2319 2132 2357 non
2173 2306 2454 2360 succederet
2485 2307 2539 2360 in
2567 2307 2804 2360 cathedra
2845 2309 3096 2378 episcopo,
3127 2310 3214 2362 sed
3239 2310 3509 2365 accederet.

1940 2392 2081 2448 Nam
2107 2396 2349 2450 incolumi
2375 2397 2574 2452 Valerio
2596 2397 2938 2468 Hipponensis
2958 2397 3198 2454 Ecclesiae
3218 2401 3448 2470 episcopo
3465 2402 3505 2469 ‘,
3600 2457 3602 2460 ,

1937 2486 2258 2557 coepiscopus
2290 2488 2593 2559 Augustinus
2612 2500 2702 2544 est.
2728 2490 2795 2542 Et
2822 2490 2907 2544 ille
2928 2491 3101 2546 beatus
3124 2509 3292 2556 senex,
3315 2495 3396 2546 cui
3416 2509 3513 2564 pu-

1936 2577 2187 2632 rissimam
2213 2588 2425 2633 mentem
2450 2582 2593 2635 nulla
2616 2598 2839 2652 unquam
2870 2582 3063 2637 liventis
3090 2584 3292 2637 invidias
3316 2583 3513 2638 macula

1936 2668 2167 2735 suffudit,
2195 2670 2373 2740 dignos
2388 2672 2465 2725 sui
2482 2672 2648 2727 cordis
2675 2690 2797 2744 pace
2822 2692 2957 2728 nunc
2977 2674 3038 2729 ab
3054 2676 3300 2730 altissimo
3316 2661 3510 2748 fructus

1937 2762 2088 2831 capit,
2114 2770 2165 2815 ut
2179 2778 2325 2832 quem
2343 2779 2675 2819 successorem
2689 2766 2953 2827 sacerdotii
2969 2768 3047 2820 sui
3061 2768 3354 2838 simpliciter
3365 2776 3513 2839 opta-

1936 2853 2052 2922 bat,
2091 2856 2224 2909 hunc
2254 2867 2501 2911 mereatur
2536 2867 2698 2913 tenere
2733 2861 2994 2932 collegam.
3037 2860 3249 2916 Credine
3288 2864 3381 2916 hoc
3416 2877 3512 2933 po-

1937 2948 2030 3001 tuit
2067 2957 2330 3018 antequam
2364 2950 2538 3017 fieret?
2563 2950 2663 3005 Sed
2698 2952 2752 3006 in
2794 2952 2887 3006 hoc
2914 2968 3107 3023 quoque
3140 2952 3507 3023 Omnipotentis

1935 3054 2084 3108 Opere
2108 3039 2206 3093 dici
2221 3042 2559 3111 evangelicum
2576 3042 2706 3096 illud
2727 3052 2923 3112 potest:
2946 3044 3257 3099 Hominibus
3286 3046 3400 3100 huic
3423 3058 3511 3099 ar-

1935 3131 2071 3197 dua;
2104 3133 2241 3198 apud
2280 3134 2444 3187 Deum
2476 3140 2651 3188 autem
2676 3136 2853 3189 omnia
2878 3136 3141 3204 possibilia
3167 3136 3314 3206 (Luc.
3344 3152 3504 3205 xvm,
3550 3162 3555 3167 ι

1932 3222 2047 3295 27).
2077 3224 2400 3279 Exsultemus
2421 3226 2584 3295 itaque
2607 3234 2652 3279 et
2671 3228 2896 3280 laetemur
2915 3229 2967 3281 in
2984 3244 3040 3281 eo
3065 3229 3149 3298 qui
3171 3230 3293 3298 facit
3307 3228 3512 3283 mirabi-

1934 3319 2003 3372 lia
2019 3318 2178 3384 solus,
2212 3328 2255 3371 et
2280 3319 2367 3387 qui
2401 3319 2525 3389 facit
2543 3320 2806 3373 unanimes
2832 3320 3060 3375 habitare
3086 3321 3137 3373 in
3174 3322 3342 3385 domo,
3382 3330 3511 3391 quo-

1933 3410 2069 3463 niam
2097 3411 2205 3479 ipse
2241 3410 2459 3478 respexit
2488 3410 2820 3464 humilitatem
2854 3420 3097 3476 nostram,
3143 3421 3188 3464 et
3222 3412 3436 3465 visitavi!
3457 3413 3510 3466 in

1932 3500 2059 3553 bona
2108 3499 2298 3569 plebem
2335 3516 2479 3553 suam
2510 3502 2634 3570 :qui
2673 3501 2828 3554 erexit
2871 3518 3027 3554 cornu
3069 3503 3120 3555 in
3150 3501 3300 3555 domo
3345 3501 3508 3555 David

1932 3590 2076 3660 pueri
2100 3591 2197 3654 sui,
2221 3599 2270 3643 et
2297 3607 2429 3645 nunc
2453 3590 2690 3645 exultavit
2709 3607 2867 3645 cornu
2888 3590 3130 3647 Ecclesia
3146 3608 3253 3647 sua:
3276 3594 3328 3646 in
3346 3593 3510 3649 electis

1930 3681 2053 3745 suis,
2089 3690 2142 3733 ut
2170 3696 2361 3734 cornua
2394 3692 2729 3752 peccatorum,
2756 3684 2887 3737 sicut
2917 3699 3006 3753 per
3037 3684 3329 3755 prophetam
3351 3700 3509 3754 spon-

1932 3771 2036 3839 det,
2050 3772 2143 3826 hoc
2164 3782 2235 3826 est
2252 3772 2630 3828 Donatistarum
2649 3774 3166 3845 Manichteorumque,
3197 3777 3505 3847 confringet.

2002 3864 2055 3917 '5.
2089 3861 2293 3917 Utinam
2306 3864 2412 3917 lucc
2434 3880 2563 3919 nunc
2578 3863 2783 3919 Domini
2803 3865 2939 3933 tuba,
2957 3882 3056 3934 qua
3073 3882 3158 3934 per
3177 3867 3511 3938 Augustinum

1929 3955 2144 4021 intonat,
2188 3956 2283 4025 ﬁlii
2318 3957 2475 4011 nostri
2512 3955 2723 4010 Licentii
2761 3955 2925 4026 pulset
2965 3956 3186 4024 auditus,
3217 3958 3305 4011 sed
3329 3966 3385 4011 ut
3418 3958 3511 4012 illa

1929 4046 2103 4100 audiat
2140 4064 2280 4115 aure,
2308 4065 2407 4119 qua
2444 4047 2673 4114 Christus
2703 4049 3001 4119 ingreditur,
3026 4048 3089 4103 de
3115 4065 3213 4119 qua
3233 4063 3346 4103 ‘non
3372 4051 3510 4121 rapit

1928 4136 2024 4191 Dei
2051 4154 2217 4192 semen
2244 4139 2512 4195 inimicus!
2533 4139 2675 4195 Tunc
2690 4157 2801 4195 vere
2822 4140 2917 4194 sibi
2938 4156 3164 4194 summus
3189 4139 3373 4194 Christi
3389 4156 3509 4210 pon-

1928 4229 2055 4298 tifea;
2096 4228 2403 4300 Augustinus
2441 4230 2703 4295 videbitur,
2733 4231 2853 4302 quia
2880 4246 2933 4284 se
2973 4240 3091 4283 tunc
3125 4238 3171 4283 et
3213 4229 3503 4283 exauditum

1925 4320 2100 4373 sentiet
2122 4321 2184 4372 ab
2214 4320 2427 4385 excelso,
2456 4320 2499 4373 si
2528 4335 2674 4390 quem
2699 4321 2786 4374 tibi
2814 4321 2833 4352 ³
2865 4320 3071 4389 dignum
3105 4321 3272 4391 genuit
3294 4321 3345 4374 in
3371 4319 3504 4375 litte-

1926 4415 2018 4480 ris,
2048 4414 2178 4467 hunc
2208 4424 2255 4469 et
2279 4412 2373 4466 sibi
2408 4414 2559 4485 digne
2586 4415 2749 4482 ﬁlium
2776 4414 2943 4485 pariat
2966 4416 3018 4467 in
3042 4413 3258 4469 Christo.
3295 4414 3431 4467 Nam
3458 4422 3508 4469 et

1926 4521 2080 4569 nunc,
2106 4504 2250 4559 velim
2274 4505 2466 4570 credas,
2495 4506 2887 4575 flagrantissima
2917 4506 2980 4559 de
3014 4509 3124 4577 ipso
3155 4506 3295 4559 nobis
3309 4505 3504 4561 sollici-

1927 4598 2099 4651 tudine
2131 4599 2352 4668 scripsit.
2398 4597 2659 4653 Credimus
2690 4599 2744 4652 in
2789 4599 3175 4669 omnipotentem
3215 4597 3499 4667 Christum,

1925 4688 2059 4759 quod
2074 4688 2402 4743 adolescentis
2426 4690 2584 4743 nostri
2611 4691 2735 4743 votis
2757 4688 3044 4743 carnalibus
3072 4689 3357 4759 spiritualia
3384 4699 3500 4744 vota

1925 4781 2191 4853 Augustini
2214 4781 2536 4851 prcevaleant.
2578 4779 2814 4834 Vincetur
2828 4779 2902 4834 vel
2930 4781 3113 4837 invitus
3129 4780 3274 4851 (mihi
3298 4780 3496 4855 crede);

1925 4872 2146 4927 vincetur
2186 4873 2397 4945 piissimi
2426 4872 2644 4941 parentis
2677 4871 2794 4940 fide,
2834 4888 2897 4926 ne
2918 4873 3052 4926 mala
3080 4873 3284 4926 victoria
3310 4874 3496 4940 vincat,

1923 4966 1969 5019 si
1989 4967 2219 5021 maluerit
2246 4967 2297 5019 in
2328 4965 2593 5034 perniciem
2625 4980 2768 5017 suam
2794 4965 3004 5031 vincere,
3036 4980 3185 5035 quam
3214 4982 3306 5037 pro
3338 4966 3498 5020 salute

1924 5057 2174 5125 superari.
2204 5055 2287 5111 Ne
2312 5072 2524 5110 vacuum
2551 5057 2791 5125 fraterna:
2831 5056 3158 5111 humanitatis
3176 5057 3396 5128 officium
3418 5056 3496 5109 vi-

1924 5147 2142 5210 deretur,
2161 5147 2224 5201 de
2240 5146 2311 5217 (η)
2330 5147 2602 5201 buccellato
2614 5147 2899 5203 christiana
2917 5149 3263 5218 expeditionis,
3284 5150 3335 5202 in
3352 5149 3499 5222 cujus

1925 5240 2182 5309 procinctu
2205 5238 2423 5309 quotidie
2465 5238 2533 5291 ad
2570 5238 2876 5308 frugalitatis
2915 5255 3168 5293 annonam
3199 5240 3493 5308 militamus,

1925 5349 2080 5403 panes
2107 5333 2319 5402 quinque
2347 5332 2433 5385 tibi
2464 5332 2651 5400 pariter
2681 5339 2727 5385 et
2770 5332 2877 5401 ﬁlio
2906 5341 3075 5387 nostra
3108 5332 3327 5387 Licentia
3354 5333 3495 5388 misi-

1924 5442 2053 5479 mus.
2089 5424 2209 5479 Non
2228 5427 2358 5479 enim
2379 5425 2629 5495 potuimus
2651 5440 2682 5476 a
2707 5426 3041 5479 benedictione
3067 5440 3333 5490 secernere,
3348 5440 3497 5495 quem

1989 5540 2005 5571 ι
2040 5546 2120 5587 PP.
2148 5538 2443 5603 bened.gnon
2459 5537 2644 5589 habent
2662 5549 2849 5601 vocem,
2875 5537 3119 5603 episcopo,
3142 5548 3288 5600 quam
3307 5539 3496 5601 reperi-

1924 5614 2034 5650 mus
2055 5603 2103 5650 in
2125 5601 2230 5650 aliis
2251 5601 2361 5650 Edd.
2427 5608 2482 5649 Μ.

1985 5665 2004 5693 ³
2026 5672 2155 5722 Lov.,
2178 5662 2285 5713 sibi.
2312 5661 2396 5710 Alii
2418 5661 2549 5722 Cdd.,
2572 5660 2673 5715 tibi.

1986 5724 2057 5787 (α)
2076 5720 2391 5774 Buccellatum
2405 5720 2660 5787 vocabatur
2674 5722 2893 5787 militaris
2907 5723 3040 5787 panis
3060 5720 3118 5772 ad
3140 5721 3375 5787 buccellae
3392 5721 3499 5775 fere
3576 5774 3579 5777 λ

1922 5784 2117 5836 modum
2140 5787 2387 5835 confectus
2404 5820 2417 5846 ,
2441 5793 2494 5835 ut
2515 5785 2574 5834 ad
2594 5798 2714 5835 usus
2745 5784 3109 5845 diuturnitatem
3140 5784 3326 5837 facilius
3353 5797 3496 5835 exco-

1921 5855 2185 5917 gueretur;
2208 5848 2272 5917 de
2298 5861 2394 5917 quo
2679 5846 2763 5897 lib.
2794 5847 2869 5898 17.
2898 5847 2981 5899 Hic
3002 5860 3145 5912 porro
3167 5848 3213 5899 in
3244 5857 3347 5899 Mss.

1920 5907 2344 5971 bitur,bucctllato"
2316 5907 2360 5959 ’.
2567 5914 2572 5919 ’
2650 5916 2651 5919 ‘
3002 5907 3019 5941 ί
3318 5920 3325 5925 ’
3392 5910 3447 5923 "
