4080 6346
334 429 458 494 129

468 547 737 613 Audimur?
757 549 933 613 pignus
952 548 1093 613 dulce
1120 550 1308 601 duobus
1331 552 1445 602 eris.

403 615 461 660 In
480 619 534 661 te
558 610 668 675 leta
695 610 889 675 patrum,
909 612 1093 675 sudavit
1112 625 1227 675 cura
1252 613 1470 673 duorum,

469 678 526 739 ξι
548 673 637 722 tibi
656 671 860 739 magnus
880 674 1031 724 bonos
1056 671 1319 739 laetiﬁcasse
1341 671 1476 725 duos.

400 733 500 784 sed
526 747 609 784 me
638 733 915 798 Augustino,
938 748 1047 785 cum
1067 733 1255 798 ecpulo,
1280 749 1374 785 non
1395 737 1675 786 meritorum

468 802 601 845 tacto
623 796 808 858 parem,
830 796 935 858 solo
956 796 1176 858 comparo
1196 809 1361 845 amore
1382 800 1469 847 tui.

398 864 520 905 smn
540 856 657 919 quid
680 870 775 920 ego
797 856 1245 922 etl‘undann'rorans
1265 859 1353 922 tibi
1375 872 1591 922 paupere
1617 860 1761 912 rivo?

464 923 542 967 Ie
562 918 765 991 praeter,
796 920 992 981 gemino
1013 919 1210 968 ﬂumine
1233 918 1499 994 prolueris;
1531 932 1537 937 ‘

399 983 569 1051 Frater
590 979 788 1051 Alyplll‘s.
808 988 904 1039 est,
936 982 1581 1051 Augustinusquemaglster

778 1015 788 1051 ι
808 1015 904 1039 ww
936 1015 1599 1054 “"0“?."’.'““"‘i“".‘”“5'?.“’"

742 1042 819 1090 hic
839 1042 1052 1102 consors,
1075 1042 1157 1091 hic
1177 1049 1305 1092 sator
1328 1042 1529 1106 ingenii.

396 1107 576 1177 προ.
613 1110 727 1177 ,εις
742 1101 877 1153 vales
899 1110 949 1175 εει
965 1109 1288 1177 acceptare,
1311 1105 1506 1177 ιίοειξιξν

462 1168 517 1234 rit
546 1164 738 1234 dubitas
765 1165 941 1234 pennis
964 1163 1286 1234 talibus'asu‘a
1303 1165 1493 1234 _sequii_t

395 1224 778 1291 Quidquidagas
795 1225 940 1286 (nam
962 1232 1013 1291 te
1036 1238 1129 1291 nec
1149 1232 1318 1291 speret
1344 1224 1549 1291 mundus
1569 1228 1822 1291 amicum),

462 1286 563 1335 non
577 1286 773 1345 daberis
793 1292 959 1345 terrae,
981 1286 1145 1335 debita
1164 1286 1346 1335 Christo
1366 1288 1539 1339 anima.

396 1352 470 1395 Tu
494 1345 730 1411 thalamos
749 1344 884 1411 licet,
910 1344 961 1396 et
982 1346 1139 1411 celsos
1159 1346 1412 1397 meditaris
1432 1348 1659 1411 honores,

461 1415 597 1459 nunc
615 1405 730 1457 olim
750 1405 946 1458 Domino
966 1405 1229 1458 restituere
1254 1415 1353 1457 tuo.

396 1468 556 1519 Credo
576 1482 726 1533 unum
748 1469 941 1519 vincent
957 1469 1074 1531 justi
1096 1469 1191 1518 duo
1216 1477 1535 1533 peccatorem,

458 1535 515 1578 Et
537 1529 868 1592 tua_fra'ternaa
890 1529 1000 1580 vota
1023 1543 1195 1591 preces
1216 1529 1433 1592 abigent.

395 1594 525 1653 Ergo
545 1590 673 1655 redi,
695 1604 797 1655 qua
811 1603 932 1641 voce
955 1590 1147 1653 parens,
1170 1602 1267 1655 qua
1286 1590 1523 1655 sanguine
1541 1591 1707 1655 frater,

456 1651 611 1714 Ambo
631 1651 911 1714 sacerdotes
931 1651 985 1702 te
1005 1651 1232 1703 remeare
1250 1651 1443 1714 iubent.

394 1710 463 1762 Ad
484 1720 571 1763 tua
591 1721 647 1764 te
668 1713 938 1773 retrahunt,
962 1726 1072 1778 nam
1093 1727 1221 1764 nunc
1241 1710 1400 1778 aliena
1422 1715 1633 1777 petescis
1658 1716 1705 1778 1;

456 1782 570 1826 Bac
592 1787 759 1838 mage,
777 1776 1125 1838 quagretinent
1146 1789 1300 1838 regna
1324 1776 1411 1834 tui,
1428 1776 1518 1825 tua
1540 1784 1666 1827 sunt.

392 1843 507 1902 nec
527 1836 723 1902 repete,
843 1836 990 1902 inhia,
1018 1836 1235 1902 externis
1260 1850 1326 1885 ne
1348 1844 1548 1902 contere
1572 1844 1789 1902 tempus,

455 1899 499 1946 si
527 1895 610 1949 tua
631 1895 864 1959 nolueris,
886 1895 1138 1961 quisquam
1161 1897 1319 1947 aliena
1339 1898 1503 1947 dabit?

391 1966 493 2009 Non
642 1960 746 2024 ipse
768 1958 1305 2024 tuus,_mi_sSusqueAper
1330 1967 1501 2024 extera
1520 1958 1668 2024 longe

452 2020 689 2083 §ensibus
709 2021 809 2070 heu
830 2022 1007 2083 pr0prii
1032 2020 1240 2083 pectoris
1264 2020 1406 2070 exsul
1427 2034 1564 2083 ages.

392 2080 657 2132 Sollicitum
678 2084 796 2132 satis
816 2080 1055 2132 litecnato
1076 2083 1311 2144 cecinisse
1334 2080 1605 2144 parentem,

459 2149 581 2192 Dum
605 2145 690 2193 tibi
714 2157 825 2205 quae
845 2143 1082 2204 mihimet,
1107 2143 1186 2205 vel
1208 2142 1439 2204 volo,'vel
1468 2142 1649 2194 metuo.

392 2210 506 2268 Bac
529 2205 634 2264 tibi,
652 2205 699 2268 isi
722 2204 898 2268 recipis
909 2239 934 2268 ,γ
949 2204 1076 2254 feret
1097 2204 1210 2268 olim
1235 2206 1404 2268 pagina
1428 2207 1600 2256 vitam:

451 2267 707 2328 sirenuis,
733 2266 903 2315 eadem
925 2267 1030 2328 hate
1050 2267 1225 2328 pagina
1238 2266 1388 2316 ’te'stis
1412 2269 1523 2317 erit.

393 2327 688 2378 Incolumem
708 2328 826 2376 mihi
849 2333 918 2388 te,
943 2325 1007 2375 ﬁli
1031 2325 1328 2387 charissima,
1352 2328 1565 2378 Christus

452 2397 657 2450 annuat,
677 2396 735 2451 et
754 2402 949 2451 servum
970 2389 1056 2438 det
1075 2389 1169 2437 sibi
1193 2396 1447 2451 perpetuo.

392 2451 530 2510 Vive,
554 2448 743 2513 precer,
766 2450 853 2500 sed
876 2451 987 2499 vive
1009 2457 1109 2513 Deo
1131 2465 1143 2499 :
1170 2448 1472 2501 n'am'vivere
1488 2448 1664 2501 mundo

453 2512 617 2562 Hortis
637 2525 784 2576 opus;
813 2513 918 2562 viva
944 2517 1021 2561 est
1043 2512 1211 2561 vivere
1237 2513 1333 2562 vita
1354 2518 1452 2562 Deo
1476 2514 1517 2560 ³.

735 2614 1060 2672 EPISTOLA
1103 2614 1337 2671 xxxul.
1363 2618 1383 2639 ί
1410 2614 1486 2685 (a)

328 2705 640 2777 Augustinus
668 2703 1002 2759 Proculeiano
1026 2706 1183 2777 partis
1224 2704 1511 2758 donationis
1546 2704 1682 2775 apud
1711 2703 1907 2775 Hippo-

400 2814 516 2852 nem
536 2797 791 2869 episcopo,
812 2797 1026 2852 invitam
1050 2796 1195 2850 illum
1223 2804 1276 2849 ut
1298 2804 1471 2850 mutua
1494 2795 1758 2850 collatione
1774 2795 1905 2850 schi-

402 2904 512 2944 sraa
535 2896 881 2961 componatur.

316 2998 556 3079 Domino
583 2999 878 3057 honorabili
903 3006 957 3056 et
980 2997 1326 3055 dilectissimo
1354 2996 1777 3065 Paocotsuno',
1800 2996 1907 3054 Au-

1031 3106 1308 3148 GUSTINUS.

398 3207 452 3263 1.
496 3206 719 3278 PrOpter
761 3205 1122 3276 imperitorum
1151 3204 1423 3260 hominum
1453 3203 1733 3270 vanitates,
1783 3204 1904 3259 diu-

328 3298 434 3353 tius
455 3300 595 3369 apud
618 3307 667 3353 te
693 3297 757 3352 de
784 3298 933 3352 titulo
957 3297 1194 3368 epistola:
1217 3313 1350 3353 mea:
1377 3296 1647 3368 disputare
1671 3311 1776 3351 non
1811 3295 1904 3351 de-

329 3387 450 3442 beo.
478 3386 609 3442 Cum
638 3388 779 3443 enim
805 3403 902 3443 nos
926 3403 1175 3444 revocare
1202 3388 1426 3443 invicem
1453 3388 1520 3442 ab
1543 3402 1723 3442 errore
1746 3402 1906 3443 coria-

328 3494 467 3546 mur,
499 3480 741 3551 quamvis
783 3490 907 3537 ante
935 3480 1293 3552 plenissimam
1318 3480 1702 3537 discussionem
1731 3495 1904 3535 causa:

326 3571 642 3641 quibusdam
657 3571 820 3628 videri
840 3572 1023 3643 possit,
1045 3573 1165 3644 quis
1185 3581 1424 3629 nostrum
1442 3582 1602 3638 erret,
1623 3560 1902 3642 incertum;

324 3664 593 3719 servimus
621 3672 793 3720 tamen
824 3663 1051 3721 invicem
1078 3664 1250 3732 nobis,
1274 3665 1319 3720 si
1350 3664 1489 3719 bono
1517 3666 1694 3720 animo
1722 3664 1904 3720 nobis-

325 3767 448 3808 cum
476 3754 699 3824 agimus,
746 3764 860 3810 uta
902 3755 1247 3825 perversitate
1274 3754 1553 3811 discordiae
1595 3756 1901 3812 liberemur.

327 3843 480 3911 Quod
509 3861 595 3902 me
620 3846 827 3902 sincero
866 3846 1027 3902 corde
1052 3861 1229 3918 agere,
1258 3854 1313 3902 et
1351 3860 1473 3901 cum
1501 3854 1734 3902 tremore
1761 3846 1905 3902 ebri-

326 3937 514 3992 stianaz
541 3936 871 4004 humilitatis,
897 3938 1105 3994 etiamsi
1138 3938 1403 4009 plerisque
1426 3938 1728 3994 hominibus
1745 3954 1904 4009 aper-

328 4035 438 4081 tum
468 4042 575 4083 non
602 4037 703 4095 est,
753 4027 894 4084 videt
932 4036 1109 4084 tamen
1152 4028 1241 4083 ille
1270 4028 1352 4083 cui
1384 4028 1523 4083 nulla
1565 4029 1727 4083 corda
1756 4030 1903 4085 clau-

328 4119 543 4178 duntur.
584 4121 719 4189 Quid
763 4130 938 4177 autem
986 4123 1038 4177 in
1085 4130 1137 4178 te
1168 4121 1431 4177 honorare
1474 4138 1579 4178 non
1623 4123 1854 4179 dubitem
1885 4166 1902 4194 ,

328 4210 482 4267 facile
513 4213 783 4284 intelligis.
821 4212 936 4268 Non
968 4214 1109 4268 enim
1137 4228 1375 4268 errorem
1414 4212 1734 4281 schismatis,
1764 4214 1904 4271 unde

327 4317 520 4359 omnes
539 4304 800 4372 homines,
819 4312 1072 4374 quantum
1098 4304 1164 4357 ad
1185 4319 1271 4359 me
1296 4304 1503 4371 attinet,
1532 4305 1686 4373 cupio
1704 4305 1899 4371 sanari,

328 4394 543 4465 dignum
577 4394 778 4449 honore
816 4395 991 4465 aliquo
1014 4395 1259 4450 existimo
1294 4412 1307 4449 :
1339 4395 1430 4449 sed
1470 4402 1522 4449 te
1549 4404 1671 4449 ante
1704 4395 1899 4463 omnia,

328 4488 467 4558 quod
510 4490 676 4560 ipsius
704 4490 856 4544 nobis
886 4489 1131 4545 humanae
1174 4491 1444 4545 societatis
1474 4490 1682 4544 vinculo
1708 4490 1898 4545 astrino

325 4581 486 4651 geris,
527 4590 583 4637 et
606 4581 746 4652 quod
772 4581 1022 4636 nonnulla
1066 4581 1117 4635 in
1147 4590 1198 4636 te
1228 4581 1571 4651 prmeminent
1601 4580 1901 4649 placidioris

325 4671 518 4726 mentis
576 4672 803 4740 indicia,
864 4672 1054 4743 quibus
1105 4672 1251 4727 nullo
1300 4672 1459 4726 modo
1508 4671 1898 4742 desperandum

326 4771 425 4829 est,
452 4762 605 4820 facile
631 4772 683 4820 te
704 4779 861 4835 posse
876 4765 1172 4833 veritatem,
1201 4779 1322 4819 cum
1342 4764 1499 4819 fuerit
1518 4764 1897 4831 demonstrata,

325 4856 631 4928 complecti,
680 4858 797 4913 sine
839 4858 949 4914 ullo
985 4866 1117 4914 testu
1160 4856 1502 4913 dubitationis
1530 4858 1899 4913 honorandum

326 4959 473 5019 puto.
520 4950 828 5006 Dilectionis
853 4957 1028 5006 autem
1054 4957 1256 5004 tantum
1297 4949 1390 5004 tibi
1429 4949 1615 5019 debeo,
1646 4959 1898 5021 quantum

325 5041 478 5097 nobis
520 5042 745 5112 imperat
772 5042 885 5113 ipse
932 5042 1021 5113 qui
1049 5056 1147 5098 nos
1174 5040 1357 5097 dilexit
1399 5057 1566 5113 usque
1615 5041 1681 5096 ad
1726 5042 1899 5098 crucis

323 5133 683 5202 opprobrium.

394 5220 452 5275 2.
491 5221 599 5277 Sed
622 5237 689 5277 ne
725 5222 933 5279 mireris
968 5221 1109 5294 quod
1136 5221 1273 5293 apud
1302 5222 1729 5279 Benevolentiam
1756 5232 1897 5279 tuam

326 5313 526 5369 tamdiu
556 5315 729 5382 tacui;
757 5330 862 5371 non
893 5315 1137 5387 putabam
1168 5316 1220 5369 in
1249 5314 1347 5369 hac
1380 5323 1432 5372 te
1459 5331 1577 5372 esse
1617 5317 1895 5383 sententia,

387 5427 405 5491 ξ
431 5425 564 5488 add,
585 5425 796 5491 petisses.
809 5433 866 5477 Αι
884 5433 1012 5491 Mss...

385 5487 407 5554 ξ
430 5493 513 5537 Is.
538 5485 676 5554 δάε,
694 5502 810 5554 cera
829 5494 899 5538 est
920 5485 1182 5554 vivefepita
1206 5495 1323 5554 Deo.
1345 5486 1448 5547 Alii,
1472 5487 1592 5540 viva.

430 5524 513 5537 ..η
540 5524 654 5552 ..νυ
694 5524 810 5554 μιν...
829 5524 899 5538 ν..
922 5524 1072 5539 me...
1087 5524 1182 5537 η...
1206 5524 1323 5537 νυν.
1474 5524 1592 5540 ην...

380 5549 408 5621 ,³
430 5550 560 5622 Apud
716 5560 835 5622 λιιιιι.Δ
864 5555 940 5599 Er.
976 5550 1186 5622 ethduos
1207 5550 1350 5622 Vatia.
1375 5557 1482 5622 Mss.
1507 5549 1807 5622 Iﬁroculiano.
1829 5554 1903 5604 sic

323 5610 491 5674 etiam'_
514 5612 564 5660 in
584 5623 692 5674 sqq.
716 5612 859 5674 Epist.
876 5611 1136 5674 _scribitur_
1160 5610 1283 5672 apud
1304 5616 1413 5660 Lov.
1437 5619 1489 5661 et
1510 5611 1769 5674 plerosque
1789 5622 1898 5666 Mss.

387 5626 470 5659 iam
514 5626 564 5660 ιιι
584 5626 692 5674 sqq.
717 5626 859 5674 epist.
895 5626 1119 5659 εει-ωιιυι·
1160 5626 1283 5672 apuu
1306 5626 1413 5660 ιον.
1437 5626 1489 5661 ει
1510 5626 1617 5674 pler
1705 5626 1769 5662 ue
1790 5626 1896 5666 Mss.

387 5673 406 5691 '
430 5672 498 5721 Ad
521 5681 627 5723 Mss.
649 5686 697 5721 a.
720 5673 803 5734 bg.
837 5671 906 5744 bl.
931 5684 975 5721 c.
1000 5684 1073 5721 oc.
1095 5670 1327 5781 mag.
1352 5684 1395 5720 r.
1431 5685 1472 5721 s.
1508 5682 1547 5723 t.
1581 5626 1802 5725 vmuos
1821 5679 1896 5727 sb.

397 5741 601 5781 quatuor
622 5748 671 5781 ν.
693 5740 933 5781 recensrta
957 5739 1050 5781 est.
1069 5738 1121 5781 et
1319 5766 1332 5781 .
1355 5741 1455 5781 Am.
1471 5734 1582 5781 Bad.
1606 5742 1805 5781 Er.Lov.

323 5740 378 5784 et
397 5741 601 5797 quatuor
622 5748 671 5783 v.
693 5734 933 5783 recensita
957 5739 1050 5792 est,
1069 5738 1121 5782 et
1141 5734 1201 5781 ad
1221 5734 1332 5781 Edd.
1355 5741 1455 5781 Am.
1471 5734 1582 5783 Bad.
1606 5742 1805 5787 Er.t.ov.

383 5795 458 5868 (α)
483 5794 607 5868 Alias
630 5795 715 5868 H7
735 5809 748 5844 :
772 5807 895 5868 quae.
906 5801 1070 5847 autem
1089 5794 1289 5859 336ml,
1312 5807 1439 5846 nunc
1458 5795 1536 5846 '50.
1563 5798 1742 5861 Scripta
1763 5799 1901 5852 initio

322 5857 631 5923 episcopatus
651 5857 918 5921 Augurium.

1530 435 2007 500 Εριετοιιιιιυιί
2046 412 2313 505 CLASSlS
2348 444 2411 505 ιι.

2028 572 2185 627 quam
2210 561 2338 615 mihi
2368 562 2531 619 frater
2550 563 2804 638 Evodius,
2846 570 2932 626 cui
2955 571 3113 629 ﬁdem
3142 588 3245 630 non
3268 575 3464 635 habere
3483 596 3591 639 non

2024 663 2261 741 possum,
2288 653 2521 722 gaudens
2540 656 2808 717 indicavit.
2836 661 2966 718 Nam
2987 679 3107 719 cum
3134 666 3266 722 forte
3285 671 3591 741 contigisset

2023 748 2082 793 ut
2106 740 2157 794 in
2181 757 2334 796 unam
2358 743 2570 801 domum
2591 752 2964 819 conveniretis,
2991 764 3043 810 et
3061 771 3235 813 sermo
3256 761 3392 815 inter
3411 740 3504 818 vos
3521 763 3591 821 de

2022 845 2115 901 Spe
2140 843 2338 902 nostra,
2369 835 2470 892 hoc
2495 848 2576 894 est
2608 839 2675 896 de
2702 842 2897 898 Christi
2922 829 3236 905 hmreditate
3256 861 3405 907 ortus
3425 866 3586 921 esset,

2020 922 2094 977 ait
2139 923 2335 982 dixisse
2377 928 2760 1001 Benignitatem
2807 944 2969 1003 tuam,
3013 939 3149 994 velle
3189 950 3240 995 te
3282 943 3433 999 bonis
3461 945 3587 1001 viris

2019 1014 2324 1104 sedentibus
2354 1022 2593 1077 conferre
2618 1025 2912 1095 nobiscum.
2941 1027 3089 1096 Quod
3118 1038 3168 1085 ιε
3194 1032 3413 1086 multum
3454 1051 3585 1104 gau-

2019 1103 2120 1160 deo
2160 1117 2354 1163 nostrae
2396 1110 2678 1167 humilitati
2717 1114 2909 1172 otl‘erre
2937 1116 3202 1188 dignatum
3228 1137 3243 1187 ;
3274 1138 3447 1193 neque
3463 1103 3582 1179 fullo

2017 1194 2177 1250 modo
2205 1212 2417 1266 possum
2460 1208 2656 1257 tantam
2699 1206 3027 1261 occasionem
3072 1208 3282 1280 benigni
3309 1213 3468 1266 animi
3510 1214 3584 1268 tui

2016 1284 2284 1353 deserere,
2318 1298 2373 1343 ut
2398 1301 2649 1360 quantum
2688 1295 2827 1349 vires
2854 1284 3105 1367 Dominus
3131 1302 3367 1369 prtebere
3396 1303 3581 1373 digna-

2016 1373 2177 1444 bitur,
2196 1394 2425 1448 quteram
2446 1389 2616 1436 tecum
2642 1393 2799 1454 atque
2818 1385 3114 1460 discutiam,
3133 1406 3249 1460 quae
3265 1406 3443 1459 causa,
3462 1410 3610 1467 qure‘

2016 1468 2182 1538 origo,
2215 1485 2331 1539 qua:
2360 1473 2494 1527 ratio
2520 1474 2570 1528 in
2602 1475 2839 1531 Ecclesia
2865 1477 3078 1546 Christi,
3110 1482 3192 1536 cui
3216 1482 3366 1550 dixit,
3394 1482 3583 1539 Pacem

2015 1573 2176 1612 meam
2198 1559 2263 1614 do
2285 1552 2443 1629 vobis,
2468 1580 2637 1634 pacem
2663 1582 2822 1620 meam
2841 1569 3064 1639 relinquo
3093 1571 3225 1625 vobis
3262 1572 3439 1641 (Joan.
3467 1567 3579 1640 xiv,

2013 1646 2126 1719 27),
2158 1658 2263 1705 tam
2288 1652 2527 1723 lugenda:
2564 1663 2721 1726 atque
2748 1658 3056 1728 plangentia:
3082 1660 3408 1719 discissionis
3439 1667 3578 1720 exti-

2013 1742 2154 1796 terit.

2083 1832 2136 1887 3.
2168 1832 2355 1888 Audivi
2375 1836 2584 1905 quidem
2606 1837 2672 1894 de
2694 1850 2987 1897 memorato
3011 1840 3173 1900 fratre
3199 1852 3247 1899 te
3270 1845 3430 1901 fuisse
3449 1861 3578 1904 con-

2011 1931 2274 1991 questum,
2306 1926 2444 1995 quod
2474 1929 2653 1983 nescio
2681 1930 2804 1999 quid
2835 1932 2927 1985 tibi
2954 1936 3334 1991 contumeliose
3363 1953 3581 2007 respon-

2010 2011 2185 2067 derit:
2206 2013 2363 2084 quod,
2388 2032 2566 2086 quaeso
2590 2028 2659 2085 te,
2684 2036 2750 2075 ne
2770 2020 2912 2075 illam
2929 2026 3299 2079 contumeliam
3322 2027 3576 2098 deputes;

2009 2116 2167 2171 quam
2190 2113 2391 2159 certum
2421 2107 2548 2162 mihi
2578 2117 2659 2163 est
2682 2125 2786 2164 non
2811 2111 2877 2166 de
2900 2115 3130 2182 superbo
3156 2116 3332 2171 animo
3360 2134 3576 2187 proces-

2011 2191 2175 2257 sisse;
2196 2194 2317 2247 novi
2342 2196 2482 2249 enim
2510 2197 2722 2253 fratrem
2748 2214 2945 2268 meum,
2976 2202 3067 2257 sed
3093 2204 3137 2257 si
3162 2205 3286 2274 quid
3314 2206 3365 2259 in
3394 2208 3547 2277 dispu

2008 2280 2170 2336 tando
2214 2298 2307 2351 pro
2332 2284 2437 2341 ﬁde
2483 2301 2599 2353 sua,
2649 2298 2704 2344 et
2732 2304 2830 2359 pro
2859 2291 3109 2347 Ecclesiae
3147 2293 3401 2351 charitate
3447 2297 3575 2356 dixit

2006 2369 2229 2429 fortasse
2258 2374 2564 2445 ferventius,
2608 2380 2748 2449 quod
2777 2390 2863 2436 tua
2897 2383 3126 2452 gravitas
3154 2386 3316 2441 nollet
3353 2388 3538 2443 audire
3559 2430 3574 2457 ,

2007 2476 2114 2517 non
2151 2464 2238 2517 illa
2266 2467 2616 2535 contumacia,
2647 2469 2741 2523 sed
2771 2470 2957 2526 fiducia
2988 2474 3305 2529 nominanda
3331 2485 3430 2531 est.
3459 2477 3580 2532 Col-

2007 2551 2227 2608 latorem
2256 2556 2396 2610 enim
2441 2566 2495 2612 et
2520 2558 2921 2630 disputatorem,
2958 2578 3063 2618 non
3105 2575 3482 2622 assentatorem
3524 2578 3580 2624 et

2006 2643 2329 2701 adulatorem
2378 2664 2435 2703 se
2483 2664 2602 2705 esse
2646 2653 2907 2722 cupiebat.
2965 2655 3098 2711 Nam
3141 2657 3242 2713 hoc
3282 2668 3364 2714 est
3404 2660 3576 2716 oleum

2006 2738 2318 2804 peccatoris,
2352 2755 2457 2809 quo
2485 2744 2735 2813 propheta
2774 2761 2880 2800 non
2910 2747 3020 2801 vult
3044 2748 3357 2820 impinguari
3381 2760 3575 2821 caput;

2005 2825 2075 2880 ita
2105 2829 2245 2883 enim
2286 2830 2415 2886 dicit
2443 2850 2455 2887 :
2497 2833 2794 2889 Emendabit
2832 2854 2908 2890 me
2936 2839 3098 2903 iustus
3136 2841 3191 2893 in
3215 2842 3574 2912 misericordia,

2004 2929 2052 2974 et
2091 2931 2263 2993 arguet
2303 2941 2420 2991 me;
2449 2925 2611 2980 oleum
2649 2938 2813 2982 autem
2859 2931 3132 2999 peccatoris
3169 2948 3267 2985 non
3303 2932 3577 3003 impingas!

2004 3024 2156 3084 caput
2188 3032 2351 3069 meum
2373 3014 2538 3089 (Psal.
2569 3034 2690 3083 cn,
2719 3020 2795 3089 5).
2824 3019 3019 3073 Mavult
3040 3021 3178 3074 enim
3200 3036 3382 3076 severa
3411 3024 3575 3078 mise-

2004 3105 2230 3161 ricordia
2250 3108 2376 3177 justi
2394 3108 2682 3174 emendari,
2706 3126 2859 3180 quam
2879 3111 2978 3165 leni
2998 3112 3310 3166 adulationis
3331 3113 3577 3169 unctione

2005 3195 2229 3252 laudari.
2269 3198 2421 3253 Unde
2446 3200 2606 3254 etiam
2648 3201 2774 3255 illud
2812 3202 3175 3271 propheticum
3204 3212 3320 3257 est:
3355 3204 3452 3268 Qui
3491 3220 3577 3260 vos

2007 3290 2176 3361 felices
2216 3291 2407 3357 dicunt,
2434 3293 2486 3346 in
2522 3309 2737 3348 errorem
2775 3310 2859 3348 vos
2901 3296 3100 3349 mittunt
3142 3294 3311 3365 (Isai.
3342 3313 3418 3362 ιιι,
3452 3297 3573 3368 12).

2006 3380 2235 3454 ideoque
2275 3384 2341 3441 de
2385 3385 2629 3452 homine,
2678 3402 2832 3456 quem
2880 3385 3023 3441 falsae
3069 3388 3335 3443 blanditia:
3379 3388 3577 3443 faciunt

2004 3486 2355 3546 arrogantem,
2390 3486 2533 3533 recte
2562 3478 2719 3533 etiam
2748 3479 2901 3549 vulgo
2927 3478 3140 3547 dicitur,
3173 3480 3352 3536 Crevit
3378 3490 3534 3552 caput
3558 3497 3572 3537 :

2007 3567 2384 3639 impinguatnm
2411 3577 2492 3623 εει
2533 3570 2670 3623 ειιίιιι
2699 3569 2817 3624 oleo
2854 3572 3176 3639 peccatoris;
3208 3572 3307 3627 hoc
3334 3580 3434 3638 est,
3466 3587 3570 3629 non

2005 3677 2191 3732 aspera
2213 3661 2431 3717 veritate
2454 3662 2785 3733 corrigentis,
2810 3661 2901 3717 sed
2923 3662 3027 3716 leni
3048 3662 3273 3717 falsitate
3292 3662 3578 3717 laudantis.

2007 3754 2185 3824 Neque
2214 3754 2313 3809 hoc
2342 3754 2395 3808 in
2425 3770 2541 3809 eam
2569 3764 2767 3825 partem
2799 3764 2920 3824 peto
2953 3755 3199 3825 accipias,
3227 3757 3374 3826 quasi
3400 3772 3497 3827 ego
3524 3767 3579 3816 te

2005 3860 2036 3899 a
2062 3845 2221 3900 fratre
2242 3844 2463 3911 Evodio,
2488 3854 2732 3914 tanquam
2754 3860 2783 3898 a
2803 3844 2965 3915 justo,
2990 3845 3324 3901 emendatum
3348 3845 3566 3917 intelligi

2006 3940 2183 3996 velim.
2218 3940 2417 3994 Vereor
2460 3937 2600 3993 enim
2628 3954 2694 3993 ne
2740 3952 2826 3993 me
2850 3953 3057 4009 quoque
3081 3939 3274 4008 aliquid
3299 3936 3574 3995 contume4

2004 4033 2138 4089 liose
2166 4033 2216 4087 in
2241 4040 2291 4087 te
2310 4032 2489 4087 dicere
2516 4031 2807 4097 existimes,
2839 4031 2980 4101 quod
3006 4031 3346 4086 vehementer
3371 4047 3532 4086 caveo
3556 4071 3571 4100 ,

2006 4134 2255 4194 quantum
2282 4138 2516 4193 possum.
2574 4122 2677 4177 Sed
2711 4122 2884 4191 justus
2924 4130 3003 4175 est
3030 4122 3117 4175 ille
3145 4123 3230 4190 qui
3262 4121 3413 4188 dixit,
3461 4122 3572 4193 Ego

2003 4234 2114 4273 sum
2142 4217 2323 4270 veritas
2348 4215 2524 4283 (Joan.
2558 4230 2671 4278 xiv,
2700 4213 2775 4283 6).
2807 4215 2986 4282 Itaque
3008 4214 3072 4267 de
3097 4213 3377 4282 cujuslibet
3402 4202 3575 4293 homi-

2007 4312 2089 4366 nis
2121 4325 2213 4365 ore
2239 4309 2390 4364 nobis
2417 4323 2601 4363 verum
2630 4321 2749 4361 cum
2779 4306 2951 4376 aliqua
2977 4306 3264 4375 asperitate
3300 4305 3568 4383 senuerit,

2006 4418 2111 4456 non
2152 4400 2337 4456 abillo
2378 4400 2610 4466 homine,
2655 4399 2744 4468 qui
2790 4398 2924 4453 forte
2966 4406 3214 4468 peccator
3242 4406 3345 4464 est,
3388 4396 3479 4453 sed
3508 4397 3576 4453 ab

2003 4494 2115 4564 ipsa
2138 4492 2392 4559 Veritate,
2418 4491 2520 4546 hoc
2547 4498 2628 4544 est
2646 4505 2675 4543 a
2705 4488 2933 4553 Christo,
2963 4488 3047 4558 qui
3071 4488 3241 4557 justus
3266 4496 3364 4553 est,
3397 4502 3579 4543 cmen-

2005 4585 2226 4650 damur;
2258 4599 2322 4638 ne
2368 4592 2607 4636 nostrum
2652 4590 2810 4653 caput
2857 4580 3082 4648 blandae,
3129 4580 3220 4634 sed
3264 4579 3577 4649 perniciosae

2004 4674 2322 4732 adulationis
2362 4674 2560 4740 unctio,
2585 4672 2684 4727 hoc
2721 4680 2802 4727 est
2827 4672 2999 4727 oleum
3029 4671 3345 4741 peccatoris,
3379 4671 3573 4741 impin-

2002 4776 2144 4841 gnet.
2174 4767 2483 4837 Quanquam
2528 4764 2735 4843 etiamsi
2778 4764 2937 4819 frater
2981 4763 3212 4819 Evodius
3252 4763 3573 4834 aliquantum

2005 4875 2101 4931 pro
2128 4874 2238 4914 sua:
2282 4856 2669 4913 communionis
2696 4855 3004 4911 defensione
3051 4855 3328 4920 turbatior,
3376 4850 3573 4923 aliquid

2005 4951 2194 5007 elatius
2218 4949 2394 5003 animo
2423 4948 2771 5003 commotiore
2808 4946 3047 5012 dixisset,
3095 4947 3236 5001 aetati
3266 4945 3494 5001 hominis
3522 4953 3578 5001 et

2003 5041 2303 5100 necessitati
2332 5055 2505 5097 causaa
2524 5047 2576 5094 te
2600 5047 2870 5108 oporteret
2894 5037 3185 5109 ignoscere.

2072 5136 2126 5191 4.
2172 5132 2304 5188 Illud
2334 5140 2507 5187 tamen
2552 5130 2692 5201 quod
2732 5131 3040 5200 promittere
3063 5130 3308 5200 dignatus
3341 5144 3419 5193 es,
3449 5136 3574 5199 peto

2003 5224 2323 5292 memineris,
2357 5231 2417 5279 ut
2442 5221 2746 5279 sedentibus
2771 5236 2903 5292 quos
2942 5220 3057 5292 ipse
3106 5221 3360 5291 dclegeris
3397 5220 3575 5288 (dum-

2002 5319 2160 5375 modo
2187 5317 2345 5373 verba
2364 5324 2544 5371 nostra
2564 5330 2672 5368 non
2702 5314 2926 5369 inaniter
2954 5313 3291 5377 ventilentur,
3323 5309 3415 5368 sed
3452 5310 3579 5367 stilo

2003 5412 2350 5485 excipiantur,
2381 5417 2438 5463 ut
2478 5418 2533 5464 et
2572 5407 2904 5477 tranquillius
2931 5414 2987 5462 et
3015 5404 3304 5460 ordinatius
3349 5404 3579 5459 dissem-

2001 5519 2141 5570 mus,
2171 5494 2293 5558 etsi
2320 5499 2443 5571 quid
2471 5498 2608 5555 forte
2630 5513 2661 5553 a
2680 5498 2837 5554 nobis
2865 5496 3059 5553 dictum
3095 5496 3163 5552 de
3197 5495 3449 5551 memoria
3495 5494 3579 5549 la-

2006 5613 2157 5668 psum
2173 5596 2347 5660 fuerit,
2368 5593 2679 5650 recitatione
2693 5590 3015 5662 revocetur),
3040 5605 3150 5644 rem
3178 5599 3284 5643 tam
3312 5603 3574 5660 magnam,

2004 5699 2059 5744 et
2105 5689 2171 5744 ad
2210 5688 2435 5744 salutem
2463 5686 2700 5742 omnium
2747 5683 3098 5754 pertinentem
3127 5698 3248 5738 cum
3293 5678 3577 5739 concordia

2003 5782 2353 5853 requiramus.
2397 5781 2503 5835 Aut
2538 5779 2583 5834 si
2626 5778 2816 5849 placet,
2847 5776 2993 5832 nullo
3014 5775 3197 5853 vmedio
3243 5773 3578 5845 interposito,

2004 5875 2151 5947 prius
2180 5874 2451 5931 nobiscum
2491 5874 2603 5928 sive
2644 5887 2739 5944 per
2763 5872 3034 5945 epistolas,
3068 5871 3179 5929 sive
3211 5885 3306 5944 per
3336 5864 3580 5926 collocu-
