4080 6346
531 389 627 479 tsi

533 489 730 558 tionem
764 511 934 574 atque
971 501 1268 570 lectionem,
1299 503 1389 559 ubi
1417 501 1690 574 placuerit,
1730 504 2098 559 conferamus:

531 607 601 651 ne
651 594 785 650 forte
836 587 1246 666 intemperantes
1318 585 1553 651 nonnulli
1601 594 1868 650 auditores
1921 597 2105 652 malint

531 684 683 757 Quasi
707 693 945 741 nostrum
972 691 1279 757 exspectare
1305 697 1594 752 certamen,
1641 701 1797 757 quam
1826 687 1894 743 de
1923 697 2101 742 nostra

531 776 701 833 salute
724 776 776 831 in
819 786 998 856 nostra
1023 778 1375 833 collocutione
1400 777 1631 847 cogitare
1655 794 1668 832 :
1696 788 1753 832 ut
1776 777 1915 848 quod
1942 777 2104 834 fuerit

532 867 672 924 inter
695 881 794 923 nos
820 869 1176 933 terminatum,
1211 876 1388 938 postea
1419 883 1511 938 per
1553 883 1650 922 nos
1693 869 1913 938 populus
1942 884 2103 925 nove-

474 1017 476 1020 ,
530 959 631 1024 rit;
667 968 756 1014 aut
779 961 822 1014 si
849 976 943 1030 per
970 960 1219 1029 epistolas
1247 959 1328 1028 agi
1355 959 1544 1028 placet,
1575 960 1702 1028 ipsa:
1739 960 1976 1031 plebibus
2015 975 2102 1016 re-

530 1049 777 1117 citentur,
807 1057 864 1105 ut
891 1049 1170 1118 aliquando
1197 1063 1300 1102 non
1339 1049 1542 1119 plebes,
1585 1049 1678 1105 sed
1707 1049 1851 1121 plebs
1877 1065 1980 1104 una
2016 1049 2100 1104 die

531 1150 696 1197 catur.
724 1142 946 1197 Prorsus
974 1140 1108 1195 sicut
1137 1141 1388 1209 volueris,
1419 1143 1553 1196 sicut
1575 1143 1821 1212 iusseris,
1847 1143 1983 1197 sicut
2008 1143 2099 1198 tibi

531 1233 803 1302 placuerit,
835 1232 1058 1286 libenter
1084 1232 1391 1301 amplector.
1423 1234 1486 1287 Et
1512 1233 1578 1288 de
1600 1235 1778 1288 animo
1808 1232 2098 1288 beatissimi

528 1331 583 1379 et
607 1323 923 1378 venerabilis
960 1324 1087 1377 mihi
1126 1323 1286 1393 patris
1321 1323 1512 1379 Valerii
1551 1339 1690 1378 nunc
1719 1325 1950 1379 absentis
1993 1332 2100 1379 tota

527 1412 810 1468 Securitate
840 1413 1091 1482 polliceor
1127 1413 1226 1468 hoc
1253 1431 1374 1469 eum
1415 1430 1534 1470 cum
1580 1430 1768 1485 magna
1799 1415 1974 1470 laetitia
2004 1431 2098 1472 co-

525 1503 791 1576 gniturum
817 1521 829 1556 :
865 1505 984 1560 novi
1013 1506 1153 1560 enim
1182 1514 1433 1576 quantum
1457 1506 1636 1578 diligat
1656 1521 1859 1576 pacem,
1886 1514 1941 1562 et
1961 1508 2096 1562 nulla

525 1597 645 1651 vani
673 1597 836 1651 fastus
867 1598 1118 1653 inanitate
1141 1599 1393 1668 iactetur.

595 1683 648 1742 5.
679 1687 824 1756 Rogo
855 1696 905 1742 te
926 1688 1046 1757 quid
1074 1688 1228 1742 nobis
1257 1698 1337 1743 est
1366 1705 1484 1743 cum
1513 1689 1781 1746 veteribus
1808 1691 2098 1746 dissensio-

526 1775 715 1831 nibus?
745 1777 1022 1847 Hucusque
1044 1778 1262 1833 vulnera
1290 1778 1377 1832 illa
1402 1779 1727 1847 duraverint,
1751 1797 1867 1850 quas
1895 1785 2101 1836 animo-

524 1867 653 1924 sitas
696 1869 965 1925 hominum
993 1871 1340 1944 superborum
1373 1872 1564 1927 nostris
1593 1874 1842 1927 membris
1873 1874 2094 1942 inﬂixit;

523 1961 746 2029 quorum
777 1961 1050 2014 vulnerum
1090 1961 1476 2032 putrefactione
1512 1963 1670 2017 etiam
1701 1961 1938 2020 dolorem
1973 1968 2097 2037 per;

523 2043 772 2117 didimus,
804 2066 908 2120 quo
938 2051 1073 2106 solet
1100 2051 1340 2108 medicus
1386 2053 1672 2123 implorari.
1707 2054 1866 2110 Vides
1903 2064 2096 2126 quanta

521 2146 576 2194 et
604 2154 759 2209 quam
792 2141 1075 2196 miserabili
1105 2141 1341 2198 tarditate
1378 2138 1678 2199 christiana:
1704 2145 1894 2201 domus
1942 2140 2095 2201 fami;

523 2225 713 2299 lichue
742 2231 964 2286 turbatze
1002 2233 1017 2264 ¹
1046 2233 1170 2288 sint.
1212 2232 1382 2288 Mariti
1410 2245 1463 2290 et
1490 2251 1680 2293 uxores
1725 2237 1791 2294 de
1824 2243 1920 2294 suo
1959 2237 2097 2296 lecto

519 2309 620 2376 sibi
650 2324 1006 2390 consentiunt,
1039 2333 1092 2380 et
1117 2325 1183 2381 de
1207 2325 1402 2382 Christi
1428 2321 1580 2382 altari
1618 2329 1950 2386 dissentiunt.
1995 2331 2097 2388 Per

519 2412 666 2468 illum
691 2411 792 2470 sibi
811 2417 1007 2485 jurant,
1037 2425 1091 2471 ut
1120 2418 1257 2473 inter
1283 2433 1339 2474 se
1368 2435 1549 2489 pacem
1581 2421 1825 2489 habeant,
1855 2432 1909 2479 et
1930 2423 1985 2479 in
2005 2423 2095 2478 illo

519 2503 717 2562 habere
743 2521 847 2563 non
888 2518 1126 2578 possunt.
1178 2505 1294 2565 Filii
1322 2527 1439 2566 cum
1470 2515 1772 2582 parentibus
1798 2531 1955 2570 unam
1993 2515 2093 2571 do-

517 2581 661 2651 mutu
693 2597 886 2653 habent
907 2613 1075 2664 suam,
1108 2609 1160 2655 et
1191 2593 1406 2657 demum
1435 2581 1528 2658 Dei
1560 2619 1664 2658 non
1685 2605 1878 2661 habent
1908 2623 2084 2662 unam.

516 2676 811 2744 Buccedere
842 2690 890 2742 in
937 2705 1120 2746 eorum
1154 2693 1510 2749 hmreditatem
1538 2697 1778 2764 cupiunt,
1817 2711 1937 2751 cum
1966 2699 2090 2775 qui-3

516 2769 613 2837 δὺς
641 2781 706 2836 de
731 2779 928 2838 Christi
967 2783 1273 2840 haereditate
1317 2787 1577 2842 rixantur.
1622 2788 1773 2844 Servi
1803 2798 1854 2844 et
1893 2772 2090 2846 domini

514 2873 846 2950 cemtnttnem
881 2876 1158 2932 Dominum
1189 2877 1447 2946 dividunt,
1470 2882 1556 2951 qui
1586 2882 1805 2936 formam
1835 2886 1970 2939 servi
1997 2901 2089 2940 ac-

513 2943 670 3032 cepit,
710 2971 766 3018 ut
805 2979 990 3022 omnes
1032 2969 1313 3023 serviendo
1360 2971 1628 3026 liberaret.
1674 2974 1944 3029 Honorant
1992 2991 2088 3032 nos

513 3052 694 3121 vestri,
726 3058 986 3112 honorant
1010 3074 1103 3113 vos
1129 3061 1314 3114 nostri.
1341 3061 1441 3116 Pcr
1463 3077 1710 3118 coronam
1734 3075 1968 3139 nostram
1991 3069 2087 3123 nos

511 3133 753 3217 ndjnrant
784 3149 963 3214 vestri,
996 3165 1088 3222 per
1129 3165 1381 3206 coronam
1430 3163 1657 3209 vestram
1702 3172 1797 3211 vos
1845 3159 2088 3228 adjnrant

512 3231 694 3294 nostri.
729 3239 972 3297 Omnium
1001 3242 1161 3297 verba
1189 3243 1522 3314 suscipimus,
1559 3249 1822 3302 neminem
1849 3249 2087 3306 offende-

509 3319 567 3411 re.
595 3333 852 3387 Volumus.
893 3334 1028 3401 Quid
1058 3349 1156 3389 nos
1183 3337 1327 3390 solus
1355 3337 1595 3392 Christus
1641 3338 1880 3407 offendit,
1931 3343 2082 3411 cujus

508 3400 743 3477 incmbra
777 3424 1074 3479 Ianiamus?
1100 3424 1168 3480 Et
1213 3427 1455 3484 homines
1493 3431 1704 3499 quidem
1735 3447 1921 3487 causas
1959 3449 2083 3490 suas

510 3499 776 3571 seculares
812 3518 949 3586 apud
990 3532 1087 3572 nos
1131 3517 1279 3572 linire
1319 3522 1610 3590 cupientes,
1642 3526 1852 3594 quando
1878 3527 1952 3580 eis
1984 3543 2080 3582 nc-

505 3606 718 3662 Cessarii
758 3608 1029 3674 fuerimus,
1065 3613 1141 3666 sic
1179 3627 1275 3666 nos
1306 3623 1519 3668 sanctos
1555 3621 1606 3670 et
1649 3615 1740 3671 Dei
1779 3633 1960 3673 semis
1984 3609 2080 3690 ap-

505 3698 720 3770 pellant,
773 3708 828 3754 ut
876 3702 1084 3771 negetia
1131 3689 1284 3756 terra:
1331 3715 1438 3758 sua:
1473 3715 1766 3776 peragant:
1799 3689 2080 3779 aliquando

501 3775 718 3872 ﬁgamus
744 3801 797 3847 et
826 3809 923 3847 nos
951 3795 1214 3865 negotium
1241 3797 1424 3852 salutis
1445 3775 1640 3853 nostra:
1662 3808 1715 3854 et
1739 3801 1922 3856 salutis
1949 3803 2081 3872 ipso-

503 3865 640 3950 tum,
669 3902 773 3940 non
795 3886 862 3942 de
889 3893 1039 3954 auro,
1066 3904 1169 3943 non
1198 3889 1264 3944 de
1289 3877 1528 3961 argento,
1575 3908 1680 3948 non
1707 3894 1774 3948 de
1814 3894 1989 3950 fundis
2024 3906 2076 3952 et

503 3968 798 4046 pecoribus,
832 3995 926 4050 pro
947 3979 1135 4048 quibus
1162 3979 1319 4037 rebus
1345 3984 1575 4053 quotidie
1614 3985 1876 4041 submisso
1906 3990 2078 4056 capite

500 4069 806 4148 salutamur,
840 4080 898 4126 ut
921 4071 1278 4129 dissensiones
1309 4077 1576 4130 hominum
1602 4079 1963 4148 terminemus,
1983 4081 2074 4136 sed

500 4138 566 4218 de
609 4161 724 4234 ipso
763 4163 933 4232 capite
972 4173 1153 4220 nostro
1180 4173 1286 4221 tam
1319 4169 1487 4238 turpis
1515 4170 1648 4224 inter
1678 4185 1775 4226 nos
1814 4181 1866 4226 et
1895 4174 2075 4241 perni-

497 4241 638 4308 ciosa
667 4252 930 4309 dissensio
957 4264 1055 4310 est.
1103 4255 1500 4324 Quantumlibet
1542 4262 1711 4330 capita
1758 4263 2074 4320 submittant

497 4342 587 4412 qui
618 4358 713 4397 nos
751 4344 999 4410 salutant,
1027 4343 1083 4400 ut
1107 4359 1199 4401 eos
1225 4350 1514 4404 concordes
1543 4352 1593 4405 in
1627 4360 1762 4407 terra
1798 4353 2068 4423 iaciamus,

496 4421 563 4486 de
589 4433 726 4487 ctelo
747 4449 912 4504 usque
941 4435 1006 4488 ad
1045 4452 1253 4491 crucem
1285 4437 1604 4495 submissum
1649 4453 1730 4498 est
1773 4457 1929 4515 caput
1971 4463 2069 4502 no-

494 4507 687 4596 strum,
720 4525 772 4580 in
799 4543 900 4596 quo
928 4527 1217 4583 concordes
1244 4545 1346 4584 non
1387 4539 1588 4587 sumus.

491 4593 498 4608 ί
564 4616 616 4672 6.
651 4617 796 4689 Rogo
824 4627 874 4673 te
903 4627 1056 4699 atque
1083 4621 1323 4686 obsecro,
1355 4624 1397 4678 si
1427 4633 1506 4679 est
1533 4627 1584 4680 in
1612 4635 1661 4682 te
1683 4628 1853 4699 aliqua
1886 4630 2070 4685 huma-

493 4696 650 4771 nitas,
674 4724 829 4778 quam
857 4695 1006 4765 multi
1029 4711 1333 4780 prmdicant,
1355 4714 1437 4769 hic
1458 4728 1709 4788 appareat
1729 4695 1935 4776 bonitas
1958 4732 2065 4790 tua,

491 4789 536 4872 Si
566 4817 668 4855 non
698 4814 910 4873 propter
936 4803 1163 4860 honores
1187 4807 1514 4864 transitorios
1542 4811 1835 4877 simulatur,
1865 4825 1922 4870 ut
1942 4831 2068 4872 con-

491 4885 796 4960 tremiscam
841 4895 891 4950 in
935 4906 985 4952 te
1011 4900 1212 4954 viscera
1258 4895 1653 4970 miSericordite,
1696 4916 1749 4962 et
1784 4911 1916 4964 velis
1966 4913 2064 4967 ali-

489 4986 702 5056 quando
729 4981 842 5043 rem
863 4989 1050 5045 discuti
1073 4981 1316 5058 instando
1342 4997 1613 5072 nobiscum
1644 4997 1989 5074 orationibus,
2011 5016 2066 5066 et

488 5079 667 5134 omnia
697 5081 915 5150 paciﬁce
942 5083 1265 5141 conferendo
1303 5106 1315 5140 :
1358 5103 1423 5143 ne
1453 5087 1659 5147 miserm
1704 5096 1907 5166 plebes,
1945 5116 2062 5172 qum

487 5172 684 5228 nostris
707 5171 997 5231 honoribus
1022 5176 1403 5250 obsequuntur,
1424 5195 1661 5252 premant
1685 5193 1780 5242 nos
1796 5171 2061 5263 obsequiis

486 5249 596 5340 suis
625 5263 674 5317 in
698 5263 898 5334 judicio
929 5267 1048 5334 Dei;
1077 5265 1170 5324 sed
1196 5272 1368 5340 potius
1400 5275 1574 5329 nostra
1605 5293 1707 5331 non
1737 5275 1856 5334 ficta
1882 5249 2076 5338 chari-r

448 5353 452 5357 “
486 5335 593 5407 tate
622 5340 891 5411 nobiscum
933 5369 1198 5414 revocata:
1235 5362 1300 5418 ab
1340 5366 1604 5422 erroribus
1629 5381 1683 5424 et
1711 5370 2056 5430 dissensioni-

638 5443 688 5500 in
718 5448 952 5505 veritatis
994 5461 1045 5507 et
1097 5452 1240 5522 paCis
1271 5453 1458 5534 itinera
1489 5458 1796 5530 dirigantur.
1841 5464 1976 5534 Opto
2007 5477 2058 5524 te

485 5523 662 5680 39mm
694 5540 861 5595 oculis
888 5541 980 5596 Dei
1008 5537 1222 5599 beatum
1244 5560 1382 5614 esse,
1411 5533 1622 5606 domine
1654 5553 1974 5613 honorabilis
2003 5569 2055 5614 et

525 5623 848 5680 ilcClissime.

525 5623 848 5686 ilcCtissime.

543 5804 674 5882 βίω
705 5819 813 5893 sex,
838 5834 1062 5897 turpata.

1753 387 1810 444 S.
1852 383 2214 444 AUGUSTINI
2249 388 2554 478 IEPISCOPI

3685 415 3791 473 152

2609 502 2934 569 EPISTOLA
2976 513 3194 575 xxxw
3221 520 3241 544 ο
3270 521 3368 596 (α).
3753 495 3758 534 ί

2209 613 2288 670 De
2307 621 2506 688 juvene,
2537 623 2623 689 qui
2651 636 2858 680 matrem
2890 629 3080 684 cadere
3109 627 3307 701 solitus,
3337 633 3539 701 mum
3574 624 3787 703 ethor-

2281 718 2377 762 tem
2404 712 2620 769 minatus
2650 719 2844 770 transiit
2869 722 2936 772 ad
2965 719 3274 794 Donatistae,
3306 730 3369 780 ab
3405 729 3567 800 iisque
3605 727 3787 800 iterato

2283 803 2563 868 baptizatus
2584 801 2675 861 est.
2705 808 2851 875 Quod
2869 828 2936 865 an
2964 811 3286 872 Proculeiani
3308 821 3529 890 episcopi
3548 829 3786 883 ntandatc

2279 902 2468 968 factum
2507 901 2590 968 sit,
2623 905 2696 992 uti
2720 906 2973 978 presbyter
2999 910 3155 981 ipsius
3207 911 3369 969 Victor
3403 918 3599 988 publica
3629 921 3783 992 οπὶειι

2282 993 2614 1060 renuntiaret,
2643 989 2825 1067 inquiri
2855 1000 3077 1070 postulat
3108 999 3431 1076 Augustinus,
3459 999 3566 1066 sese
3589 989 3787 1069 interim

2233 1115 2239 1119 -
2279 1092 2510 1151 paratum
2528 1102 2751 1142 asserem
2776 1091 2843 1144 ad
2859 1100 3030 1160 totam,
3055 1095 3100 1149 st
3121 1093 3484 1156 Proculeianus
3500 1100 3633 1173 uelit,
3651 1107 3784 1160 sciti-

2276 1177 2450 1229 smatis
2478 1194 2684 1234 causam
2717 1183 2914 1254 placide
2938 1180 3364 1257 pertractandam.

2207 1288 2429 1346 Domino
2457 1291 2652 1360 eximio
2680 1296 2974 1369 meritoque
3001 1303 3335 1374 suscipiendo
3367 1307 3381 1338 ¹
3411 1305 3572 1379 atque
3606 1311 3778 1368 hono-

2507 1386 2657 1441 rabili
2685 1386 2835 1444 fratri
2856 1392 3100 1460 Eussmo,
3133 1398 3486 1458 AUGUSTINUS.

2278 1495 2328 1549 1.
2355 1494 2466 1551 Scit
2489 1497 2649 1565 Deus,
2679 1502 2760 1555 cui
2783 1504 3058 1561 manifesta
3101 1519 3226 1564 sunt
3249 1525 3444 1567 arcana
3471 1515 3646 1570 cordis
3675 1517 3777 1572 hu-

2206 1586 2367 1655 mani,
2400 1599 2648 1666 quantuni
2675 1607 2860 1664 pacem
2889 1596 3047 1671 diligo
3073 1599 3436 1672 christiauam,
3471 1613 3780 1678 tantumme

2205 1681 2403 1734 moveri
2432 1683 2706 1754 sacrilegis
2729 1679 2914 1742 eorum
2943 1690 3114 1758 tactis,
3137 1695 3226 1764 qui
3252 1696 3302 1749 in
3319 1683 3438 1768 eius
3453 1698 3781 1764 dissensione

2205 1768 2418 1840 indigne
2471 1767 2629 1844 atque.
2673 1776 2832 1846 impie
2877 1769 3258 1852 perseverant;
3301 1767 3526 1860 eumque
3577 1777 3777 1848 inritum

2203 1861 2364 1918 animi
2414 1865 2518 1922 mei
2552 1880 2671 1920 esse
2701 1869 2996 1938 paciﬁcum,
3023 1889 3198 1945 neque
3226 1893 3312 1932 me
3339 1877 3393 1934 id
3437 1895 3592 1952 agere
3619 1888 3678 1939 ut
3713 1887 3778 1940 ad

2202 1957 2626 2016 communionem
2653 1960 2963 2020 catholicam
2999 1967 3274 2038 quisquam
3308 1981 3526 2043 cogatur
3557 1973 3776 2048 invitus,

2203 2045 2296 2101 sed
2323 2055 2379 2102 ut
2406 2050 2650 2106 omnibus
2677 2057 2972 2111 errantibus
2997 2069 3180 2128 aperta
3224 2065 3421 2118 veritas
3451 2045 3774 2137 declaretur,

2203 2145 2256 2191 et
2296 2153 2389 2207 per
2417 2151 2654 2196 neStrum
2695 2145 3078 2218 ministerium,
3122 2149 3232 2206 Deo
3268 2153 3503 2224 iuvante,
3552 2153 3776 2216 manife-

2201 2239 2334 2285 stata
2359 2246 2416 2287 se
2432 2236 2846 2305 amplectendam
2863 2251 3020 2318 atque
3043 2246 3346 2303 sectandam
3372 2250 3500 2304 satis
3524 2251 3636 2324 ipsa
3661 2270 3780 2324 per-

2201 2323 2438 2378 suadeat.

2269 2417 2321 2475 2.
2363 2419 2496 2487 Quid
2525 2423 2666 2478 enim
2700 2428 3092 2496 exsecrabilius,
3124 2448 3306 2504 quaeso
3351 2444 3421 2506 te,
3458 2449 3514 2492 ut
3541 2439 3639 2516 alia
3687 2448 3770 2508 ta-

2199 2523 2371 2578 ceam,
2401 2529 2556 2582 quam
2583 2515 2634 2582 id
2661 2519 2802 2588 quod
2834 2517 2972 2577 nunc
2997 2524 3229 2582 accidit?
3262 2528 3553 2604 Corripitur
3665 2534 3774 2603 epi-

2198 2619 2360 2674 sc0po
2386 2621 2483 2661 suo
2499 2609 2729 2678 juvenis,
2762 2616 2962 2670 crebris
2981 2618 3216 2676 credibus
3241 2607 3424 2678 matris
3451 2625 3687 2690 insanus,
3721 2638 3774 2682 et

2193 2695 2386 2768 impias
2425 2715 2612 2768 manus
2649 2719 2746 2760 nec
2787 2706 2887 2760 illis
2918 2708 3123 2776 diebus,
3164 2727 3282 2770 cum
3321 2715 3479 2778 etiam
3519 2720 3775 2786 severitas

2197 2786 2374 2867 legum
2403 2791 2825 2854 sceleratissimis
2852 2802 3039 2872 parcit,
3069 2819 3097 2856 a
3121 2805 3410 2862 visceribus
3449 2810 3587 2868 unde
3622 2793 3773 2874 natus

2195 2887 2276 2934 est
2301 2895 2572 2938 revocans.
2607 2885 2832 2943 Minatur
2852 2891 3022 2946 eidem
3060 2897 3213 2950 matri
3254 2913 3311 2954 se
3349 2899 3400 2970 in
3431 2901 3635 2972 partem
3662 2903 3765 2960 Do-

2195 2974 2300 3052 nati
2331 2976 2690 3046 transiturum,
2719 2990 2772 3034 et
2801 2996 2918 3036 eam
2943 3000 3098 3054 quam
3131 2987 3427 3048 incredibili
3466 2992 3644 3051 furore
3669 2977 3771 3050 iso-

2185 3049 2265 3116 let
2289 3063 2492 3120 caedere
2528 3049 3198 3139 perempturum.Minatur
3226 3077 3292 3144 ei,
3328 3069 3517 3137 transit
3551 3084 3618 3139 ad
3651 3090 3770 3155 par-

2195 3160 2301 3208 tem
2331 3156 2542 3224 Donati,
2568 3161 2923 3230 rebaptizatur
2951 3165 3151 3232 t'urens,
3179 3179 3233 3224 et
3261 3171 3314 3224 in
3335 3181 3632 3230 maternum
3659 3191 3770 3232 san-

2195 3248 2409 3316 guinem
2445 3249 2676 3307 tremens
2704 3255 2834 3310 albis
2859 3259 3091 3314 vestibus
3109 3261 3434 3318 candidatur.
3474 3267 3768 3325 Constitui-

2186 3340 2275 3392 ιω·
2316 3341 2451 3396 intra
2501 3347 2763 3402 cancellos
2814 3349 3054 3405 eminens
3099 3361 3255 3423 atque
3310 3357 3667 3427 conspicuus,
3712 3372 3767 3417 ct

2179 3431 2420 3487 omnium
2446 3439 2768 3504 gementium
2797 3442 2962 3496 oculis
3003 3445 3286 3502 matricidii
3335 3449 3616 3507 meditator
3650 3461 3763 3509 tau-

2187 3523 2342 3591 quam
2372 3538 2656 3583 renovatus
2685 3533 2987 3599 opponitur.
3681 3545 3686 3548 ’

2263 3616 2316 3670 5.
2361 3615 2605 3675 Hzeccine
2646 3623 2855 3678 tandem
2898 3611 2990 3680 tibi
3030 3628 3255 3700 placent,
3302 3633 3383 3688 vir
3422 3637 3763 3704 gravissime?

2173 3706 2520 3780 Nequaquam
2548 3711 2650 3769 hoc
2679 3715 2746 3770 de
2777 3723 2828 3771 te
2843 3719 3155 3775 crediderim
3195 3709 3356 3778 :novi‘
3381 3718 3761 3784 consideratio;

2190 3813 2311 3855 nem
2342 3809 2504 3856 tuam.
2538 3804 2767 3861 Caeditur
2807 3819 2977 3864 mater
3000 3813 3226 3868 carnalis
3271 3813 3320 3868 in
3359 3818 3608 3874 membris
3646 3821 3762 3891 qui-

2171 3891 2280 3946 bus
2306 3893 2486 3962 genuit
2510 3906 2563 3951 et
2592 3899 2808 3955 nutrivit
2833 3902 3123 3972 ingratum;
3158 3906 3404 3975 prohibet
3430 3909 3529 3965 hoc
3570 3910 3752 3970 Eccle-

2181 3985 2260 4040 sia
2291 3996 2459 4043 mater
2487 3988 2793 4058 Spiritualis,
2824 3995 3046 4052 caeditur
3083 4005 3136 4052 et
3163 3997 3274 4068 ipsa
3315 4001 3366 4054 in
3396 3999 3752 4061 Sacramentis

2181 4078 2373 4146 quibus
2395 4082 2578 4150 genuit
2599 4092 2652 4138 et
2674 4083 2888 4140 nutrivit
2914 4087 3193 4157 ingratum.
3219 4087 3404 4145 Nonne
3430 4093 3525 4147 tibi
3554 4094 3758 4151 videtur

2175 4169 2376 4228 dixisse
2397 4176 2777 4243 parricidaliter
2798 4177 3044 4235 frendens
3083 4200 3095 4235 :
3125 4181 3258 4249 Quid
3292 4182 3476 4239 faciam
3505 4187 3757 4244 Ecclesiae

2178 4275 2297 4332 qua:
2326 4279 2412 4319 me
2437 4265 2680 4334 prohibet
2706 4270 2910 4325 caedere
2929 4281 3151 4327 matrem
3180 4275 3390 4330 meam!
3426 4277 3601 4332 inveni
3631 4280 3756 4349 quid

2177 4351 2365 4411 faciam
2391 4358 2628 4427 :injuriis
2655 4361 2846 4431 quibus
2872 4367 3046 4434 potest
3079 4365 3234 4419 etiam
3263 4366 3377 4435 ipsa
3397 4365 3642 4434 feriatur;
3667 4369 3757 4427 ﬂat

2176 4447 2230 4502 in
2253 4463 2337 4505 me
2364 4451 2559 4521 aliquid
2585 4453 2724 4509 unde
2746 4457 2978 4511 membra
3007 4458 3121 4528 ejus
3141 4460 3371 4516 doleant.
3403 4459 3600 4519 Vadam
3625 4465 3754 4520 mihi

2176 4539 2242 4595 ad
2269 4556 2360 4597 eos
2386 4543 2473 4613 qui
2501 4557 2759 4601 noverunt
2781 4548 3063 4606 exsufflare
3089 4554 3317 4626 gratiam
3340 4555 3389 4610 in
3421 4571 3520 4627 qua
3558 4557 3628 4612 illi
3656 4573 3752 4611 na-

2176 4639 2258 4686 tus
2284 4647 2421 4701 sum,
2445 4634 2721 4692 destruere
2743 4636 2964 4695 formam
2991 4658 3144 4712 quam
3169 4644 3221 4699 in
3243 4654 3393 4700 utero
3414 4647 3526 4718 ejus
3547 4648 3748 4717 accepi.
3813 4666 3815 4668 ‘

2174 4723 2372 4780 Ambas
2399 4735 2596 4784 matres
2619 4746 2764 4786 meas
2789 4733 2941 4787 saevis
2958 4737 3274 4795 cruciati-bus
3301 4741 3578 4810 torqueam
3601 4759 3612 4794 :
3632 4757 3752 4812 quae

2173 4829 2260 4872 me
2287 4821 2548 4887 posteriOr
2570 4825 2792 4893 peperit,
2810 4824 2993 4880 eﬂ‘erat
3019 4829 3181 4897 prior.
3209 4830 3287 4884 Ad
3312 4831 3464 4902 hujus
3485 4831 3746 4900 dolorcm',

2169 4909 2247 4978 Spi
2257 4908 2513 4967 ritualiter
2528 4914 2750 4980 moriar;
2773 4915 2838 4970 ad
2864 4915 3001 4973 illius
3021 4918 3239 4987 czcdem,
3259 4923 3538 4979 carnaliter
3553 4925 3746 4979 vivam.

2167 4999 2306 5068 Quid
2336 5003 2475 5058 a'tiud
2515 5014 2902 5075 exspectamus,
2931 5009 3010 5064 vir
3037 5007 3357 5069 honorabilis
3389 5013 3603 5082 Eusebi,
3639 5019 3743 5073 nisi

2169 5101 2227 5145 ut
2270 5093 2321 5146 in
2364 5094 2609 5149 miseram
2651 5093 2948 5166 mulierem,
2983 5111 3257 5159 senectute
3294 5093 3636 5176 decrepitam,
3667 5109 3749 5164 vi-

2168 5183 2369 5240 duitate
2398 5187 2725 5259 destitutam,
2757 5208 2785 5247 a
2809 5194 2961 5262 cujus
2980 5195 3215 5264 ctcdibus
3241 5197 3290 5252 in
3324 5197 3595 5256 Catholica
3624 5217 3748 5274 pro-

2166 5275 2462 5344 hibebatur,
2492 5280 2594 5350 jam
2625 5277 2883 5340 donatista
2910 5277 3129 5344 securus
3149 5283 3422 5348 armetur?
3445 5291 3578 5361 Quid
3599 5297 3743 5352 enim

2159 5366 2308 5422 aliud
2335 5367 2614 5427 furibundo
2655 5375 2816 5431 corde
2847 5380 3111 5449 concepit,
3144 5387 3264 5436 cum
3290 5371 3490 5440 diceret
3529 5387 3687 5441 matri
3724 5405 3738 5442 :

2163 5457 2496 5517 Transferam
2522 5479 2608 5520 me
2630 5467 2683 5522 in
2704 5479 2906 5539 partem
2929 5470 3136 5540 Donati,
3159 5473 3213 5530 et
3231 5475 3406 5533 bibam
3430 5475 3740 5550 sanguinem

2225 5612 2242 5692 ξ
2266 5617 2487 5692 ﬁsse}:
2508 5615 3042 5692 habenthsuspicjendo.
3176 5688 3190 5692 _
3448 5689 3461 5692 Α
3719 5687 3723 5692 ς

2220 5672 3260 5760 ζλέμδεεης.ςξεέῖεαὴέψ’ὡιιειίῖέιιηι
3284 5703 3328 5760 c_..
3352 5689 3489 5760 σοοφ
3514 5708 3564 5759 ε.
3589 5687 3736 5760 τιημ

2158 5748 2201 5786 r.
2224 5737 2425 5810 s.‘sb;‘t.
2452 5737 2551 5810 duo
2571 5737 2644 5794 νδ.
2669 5753 2871 5809 quatuor
2894 5761 2940 5804 ν.
2969 5741 3021 5796 et
3040 5743 3139 5798 Am.
3290 5737 3528 5810 ἓτξῖἆλ

2179 5797 2582 5888 Mazagas:
2608 5797 2724 5869 (iure
2748 5797 2912 5868 autem
2933 5810 2998 5868 5t
3019 5797 3149 5876 erat,
3167 5797 3607 5886 {lassatam
3629 5829 3734 5888 ροεο

2159 5871 2475 5922 superiorem.
3135 5871 3144 5876 '
3173 5922 3206 5954 ο
