4080 6346
280 561 472 621 tuum?
500 559 643 621 Ecce
656 540 767 631 iam
791 551 1114 613 conscientia
1133 539 1407 618 cruentus,
1436 560 1584 607 veste
1603 550 1877 606 dealbatus

283 652 517 726 perfecit
540 660 747 725 partem
773 647 1173 719 pollicitationis
1192 658 1300 699 suae
1319 660 1335 711 ;
1357 653 1523 700 restat
1543 660 1667 714 pars
1685 645 1872 711 altera,

282 756 342 802 ut
395 743 589 799 matris
634 741 945 814 sanguinem
996 737 1159 792 bibat.
1212 735 1268 791 Si
1311 750 1439 806 ergo
1482 736 1690 806 placent
1736 735 1872 801 ista,

283 845 542 906 urgeatur
572 851 603 890 a
631 833 841 907 clericis
881 840 936 887 et
975 827 1453 886 sanctiﬁcatoribus
1483 827 1614 895 suis,
1641 836 1700 882 ut
1738 828 1875 881 intra

276 939 504 986 octavas
528 912 656 985 suas
676 934 843 981 totum
867 923 1007 995 quod
1034 922 1177 979 vovit
1197 922 1457 977 exsolvat.

350 1021 406 1076 4.
437 1020 638 1076 Potens
666 1027 749 1074 est
767 1016 981 1089 quidem
1007 1013 1222 1069 dextera
1248 1012 1478 1101 meini,
1502 1027 1621 1081 quae
1643 1012 1875 1067 furorem

278 1114 425 1171 illius
457 1128 489 1167 a
530 1112 723 1168 misera
750 1109 905 1166 vidua
936 1116 989 1164 et
1015 1108 1250 1163 desolata
1276 1114 1599 1176 compescat,
1629 1114 1683 1165 et
1726 1121 1871 1173 eum,

278 1206 477 1277 quibus
508 1203 681 1269 modis
720 1202 886 1266 novit,
920 1216 949 1255 a
976 1209 1082 1255 tam
1110 1198 1367 1255 scelerata
1396 1196 1746 1266 dispositione
1784 1198 1877 1254 de-

278 1306 520 1363 terreat;
546 1304 912 1355 verumtamen
943 1307 1042 1362 ego
1082 1300 1227 1345 tanto
1260 1290 1425 1346 animi
1448 1289 1630 1346 dolore
1654 1304 1870 1359 percus-

278 1404 391 1455 sus,
424 1387 555 1459 quid
579 1385 809 1449 facerem
849 1384 951 1439 nisi
977 1384 1162 1445 saltem
1192 1382 1477 1451 loquerer?
1502 1382 1584 1436 An
1616 1397 1742 1437 vero
1774 1382 1874 1436 ista

279 1484 354 1543 illi
384 1481 610 1545 faciunt,
640 1489 696 1539 et
720 1478 851 1534 mihi
888 1476 1100 1540 dicitur,
1142 1474 1314 1533 Tace?
1344 1476 1561 1530 Avertat
1591 1491 1619 1528 a
1649 1490 1736 1531 me
1773 1475 1877 1529 Do-

278 1577 459 1633 minus
489 1576 629 1631 hanc
652 1570 961 1634 amentiam,
988 1577 1046 1629 ut
1073 1583 1194 1623 cum
1226 1567 1341 1636 ipse
1368 1566 1496 1621 mihi
1523 1565 1750 1635 imperet
1780 1580 1873 1635 per

278 1666 599 1737 apostolum
619 1677 795 1729 suum,
820 1670 875 1717 et
904 1661 1046 1716 dicat
1070 1660 1137 1714 ab
1162 1660 1411 1730 episcopo
1442 1658 1607 1713 refelli
1629 1666 1876 1727 oportere

277 1758 535 1815 docentes
572 1770 693 1825 qua
717 1769 825 1813 non
851 1762 1064 1823 oportet
1093 1750 1219 1822 (Tit.
1248 1766 1287 1814 ι,
1316 1749 1390 1821 9),
1423 1763 1523 1819 ego
1554 1749 1762 1803 illorum
1790 1748 1873 1803 iu-

277 1848 676 1919 dignationibus
724 1845 938 1903 territus
985 1842 1227 1901 taceam?
1270 1840 1421 1908 Quod
1466 1842 1608 1897 enim
1652 1840 1876 1908 publicis

278 1942 454 1999 Gestis
483 1942 690 1996 haerere
710 1939 849 1994 volui
870 1947 978 1992 tam
1006 1936 1321 2005 sacrilegum
1353 1934 1522 1999 nefas,
1552 1933 1619 1989 ad
1648 1933 1748 1987 hoc
1773 1933 1875 1987 uti-

277 2052 381 2107 que
400 2034 566 2101 volui,
589 2050 656 2093 ne
684 2048 771 2089 me
789 2031 1087 2101 quisquam,
1115 2028 1345 2082 maxime
1366 2027 1419 2082 in
1440 2027 1556 2081 aliis
1574 2024 1875 2081 civitatibus

278 2128 369 2187 liti
398 2136 764 2198 opportuan
799 2122 978 2189 fuerit,
1012 2123 1110 2177 ista
1138 2119 1506 2189 deplorantem
1550 2120 1749 2187 tingere
1781 2116 1875 2173 alia

278 2218 404 2289 quid
435 2218 743 2281 arbitretur,
772 2213 983 2286 quando
1011 2213 1170 2268 etiam
1208 2210 1350 2280 apud
1378 2212 1545 2281 ipsam
1576 2208 1874 2279 Hipponem

276 2311 385 2381 jam
415 2310 635 2375 dicitur,
676 2306 931 2364 non'hoc
966 2303 1377 2360 Proculeianum
1419 2301 1705 2358 mandasse
1733 2299 1877 2371 quod

282 2401 559 2473 publicum
582 2399 907 2456 renuntiavit
927 2396 1182 2456 ofﬁcium.

352 2492 407 2548 5.
437 2491 579 2558 Quid
604 2499 783 2547 autem
808 2488 1102 2544 modestius
1127 2501 1285 2557 agere
1308 2497 1615 2556 possumus,
1637 2498 1798 2555 quam
1820 2491 1877 2538 ut

277 2595 387 2649 tatu
407 2601 627 2657 gravem
648 2597 886 2649 causam,
914 2597 1006 2651 per
1029 2589 1081 2637 te
1099 2588 1277 2637 tamen
1298 2594 1472 2648 agam,
1503 2578 1673 2632 virum
1695 2584 1750 2632 et
1769 2577 1879 2633 cla-

277 2679 493 2734 rissima
520 2678 775 2747 dignitate
811 2674 1110 2744 praeditum,
1145 2680 1199 2731 et
1224 2670 1748 2727 considerantissima
1776 2683 1873 2724 vo-

277 2762 486 2817 luntate
509 2757 887 2831 tranquillum?
912 2758 1041 2813 Peto
1069 2757 1247 2826 igitur,
1279 2756 1411 2809 sicut
1440 2754 1549 2825 jam
1578 2753 1736 2822 petivi
1781 2768 1877 2822 per

278 2853 475 2908 fratres
515 2860 726 2906 nostros
770 2849 940 2904 bones
966 2854 1125 2916 atque
1166 2846 1422 2900 honestos
1450 2845 1611 2908 viros,
1650 2858 1783 2913 quos
1809 2842 1875 2897 ad

279 2952 428 3005 Item
472 2941 849 2998 Eximietatem
879 2938 1019 3002 misi,
1049 2946 1107 2995 ut
1136 2951 1378 3015 quaerere
1418 2935 1654 3005 digneris
1700 2942 1876 2991 utrum

280 3035 619 3093 Pmeuieiani
645 3034 924 3105 presbyter
953 3030 1139 3086 Victor
1170 3045 1274 3085 non
1305 3027 1491 3084 hocab
1510 3028 1760 3097 episc0po
1780 3039 1877 3080 suo

280 3129 594 3186 mandatum
631 3125 915 3197 acceperit,
947 3123 1089 3194 quod
1127 3121 1305 3179 ofticio
1337 3120 1548 3190 publico
1593 3118 1873 3175 renuntia-

280 3223 383 3286 vit;
412 3237 482 3275 an
509 3202 646 3273 forte
681 3233 799 3271 cum
829 3225 881 3271 et
906 3216 1019 3285 ipse
1045 3212 1226 3269 Victor
1265 3211 1408 3266 aliud
1439 3210 1650 3274 dixerit,
1684 3208 1876 3262 falsum

282 3315 357 3370 illi
379 3313 522 3385 apud
542 3314 671 3367 Acta
690 3294 953 3383 prosecuti
978 3305 1197 3374 fuerint,
1213 3320 1330 3359 cum
1365 3303 1469 3357 sint
1489 3300 1878 3355 communionis

284 3405 547 3474 ejusdem.
579 3404 685 3458 Aut
727 3402 770 3456 si
814 3399 1097 3464 consentit,
1134 3406 1188 3451 ut
1220 3398 1386 3467 ipsam
1434 3402 1597 3447 totam
1629 3392 1879 3461 quaestio-

283 3512 405 3555 nem
435 3495 780 3552 tissensionis
809 3503 1007 3549 nostrae
1035 3490 1239 3562 placide
1266 3496 1669 3558 pertractemus,
1708 3491 1765 3537 ut
1792 3499 1880 3537 er-

282 3604 372 3646 ror
403 3588 499 3660 qui
530 3588 639 3659 jam
690 3585 1000 3641 manifestus
1038 3591 1139 3649 est,
1192 3578 1523 3635 manifestius
1554 3577 1872 3641 innotescat,

282 3681 513 3737 libenter
541 3681 851 3749 amplector.
879 3676 1071 3732 Audivi
1097 3675 1240 3729 enim
1263 3670 1404 3743 quod
1436 3670 1647 3733 dixerit,
1682 3678 1737 3722 ut
1762 3668 1878 3723 sine

284 3774 513 3828 tumultu
562 3770 802 3842 populari
849 3769 1025 3824 adsint
1065 3766 1337 3820 nobiscum
1371 3763 1497 3816 deni
1537 3775 1601 3815 ex
1652 3766 1875 3829 utraque

283 3874 436 3938 parte
463 3880 652 3938 graves
677 3873 731 3919 et
765 3862 976 3918 honesti
1005 3861 1122 3927 viri,
1156 3866 1209 3914 et
1236 3856 1527 3913 secundum
1551 3854 1872 3923 Scripturas,

284 3961 406 4033 quid
435 3962 487 4015 in
516 3974 643 4014 vero
668 3958 757 4023 sit,
788 3956 1176 4026 perquiramus.
1209 3949 1341 4005 Nam
1370 3948 1498 4002 illud
1523 3946 1663 4016 quod
1690 3959 1877 3999 rursus

286 4067 403 4109 eum
423 4051 627 4106 dixisse
647 4047 886 4103 nonnulli
904 4045 969 4100 ad
992 4060 1076 4099 me
1095 4041 1449 4115 pertulerunt,
1469 4054 1566 4094 cur
1591 4053 1696 4092 non
1723 4037 1875 4092 ierim

284 4141 709 4210 Constantinam,
754 4137 963 4210 quando
992 4136 1063 4191 ibi
1095 4135 1274 4205 plures
1322 4131 1424 4201 ipsi
1467 4138 1638 4198 erant,
1666 4129 1748 4184 vel
1791 4143 1877 4183 me

285 4234 482 4290 debere
526 4234 604 4287 ire
653 4212 878 4286 Miievim
914 4230 953 4295 ί,
999 4225 1140 4298 quod
1190 4226 1328 4287 illic,
1381 4223 1516 4277 sicut
1568 4220 1869 4292 perhibent,

286 4327 571 4384 concilium
591 4325 835 4398 proxime
860 4316 1090 4377 habituri
1111 4330 1253 4384 sunt,
1277 4315 1552 4373 ridiculum
1578 4323 1659 4369 est
1680 4315 1873 4379 dicere,

283 4426 432 4492 quasi
464 4420 533 4474 ad
572 4434 657 4473 me
680 4418 1084 4487 pertineatcura
1112 4410 1346 4483 propria,
1380 4409 1477 4462 nisi
1519 4406 1877 4477 Hipponensis

286 4513 557 4568 Ecclesiar.
590 4510 715 4564 Mihi
768 4517 874 4563 tota
922 4507 1080 4576 hujus
1106 4503 1415 4576 quaestionis
1461 4501 1595 4555 ratio
1646 4500 1877 4554 maxime

284 4620 402 4660 cum
428 4588 779 4658 Proeuleiano
802 4609 901 4656 est.
932 4598 1036 4654 Sed
1069 4597 1113 4652 si
1141 4595 1279 4651 forte
1305 4595 1563 4662 imparem
1601 4607 1659 4646 se
1692 4586 1873 4661 putat,

285 4698 436 4768 Cujus
465 4695 697 4751 voluerit
721 4694 940 4765 collega:
970 4693 1051 4747 sui
1096 4690 1345 4759 imploret
1373 4686 1649 4741 auxilium.
1678 4683 1731 4738 In
1761 4683 1877 4737 aliis

290 4790 428 4845 enim
466 4787 769 4843 civitatibus
801 4794 1003 4839 tantum
1036 4782 1262 4853 agimus,
1304 4778 1441 4850 quod
1486 4776 1551 4831 ad
1584 4775 1877 4831 Ecclesiam

287 4876 537 4953 pertinet,
571 4887 823 4949 quantum
850 4876 936 4931 vel
965 4890 1063 4929 nos
1092 4872 1426 4943 permittunt,
1466 4868 1548 4923 vel
1591 4866 1745 4952 nobis
1777 4865 1880 4918 im-

288 4966 493 5043 ponunt
521 4969 829 5027 earumdem
855 4968 1125 5025 civitatum
1156 4963 1411 5034 episcopi,
1443 4962 1635 5017 fratres
1660 4968 1714 5015 et
1745 4973 1877 5014 con-

290 5066 597 5123 sacerdotes
627 5062 814 5119 nostri.

362 5184 415 5239 6.
457 5181 766 5251 Quanquam
794 5185 849 5234 et
873 5177 971 5234 iste
996 5176 1085 5249 qui
1106 5190 1164 5230 se
1186 5181 1259 5230 tot
1284 5186 1541 5228 annorum
1568 5170 1875 5241 episcopum

293 5275 443 5345 dicit,
464 5254 593 5346 quid
621 5273 673 5327 in
694 5286 781 5330 me
801 5272 973 5327 tirone
993 5269 1192 5333 timeat,
1219 5265 1501 5337 quominus
1520 5277 1727 5321 mecum
1754 5260 1883 5316 velit

292 5366 539 5441 conferre
563 5378 886 5433 sermonem,
917 5377 1020 5418 non
1048 5360 1176 5416 satis
1206 5356 1441 5426 intelligo
1471 5372 1482 5408 :
1514 5354 1557 5409 si
1583 5352 1880 5408 doctrinam

295 5436 596 5513 liberalium
625 5455 914 5511 litterarum
936 5495 952 5519 ,
980 5464 1113 5524 quas
1140 5449 1273 5504 forte
1300 5448 1412 5517 ipse
1438 5453 1528 5499 aut
1553 5459 1657 5498 non
1678 5440 1879 5513 didicit,

295 5557 388 5602 aut
408 5548 583 5602 minus
602 5546 805 5613 didicit,
842 5544 967 5616 quid
1010 5544 1109 5597 hoc
1149 5540 1373 5612 pertinet
1398 5536 1463 5592 ad
1492 5552 1608 5593 eam
1636 5538 1886 5605 quaestio-

297 5656 421 5715 nem
445 5681 460 5705 ,
494 5654 612 5709 quae
633 5639 718 5694 vel
752 5637 819 5693 de
858 5637 1055 5693 sanctis
1093 5631 1399 5703 Scripturis,
1426 5630 1511 5685 vel
1552 5626 1885 5683 documentis

297 5726 673 5789 ceclcsiasticis
688 5740 781 5786 aut
808 5726 1029 5801 publicis
1043 5725 1369 5783 discutienda
1391 5731 1489 5787 est,
1521 5721 1774 5792 inquibus
1795 5720 1885 5777 ille

299 5842 397 5900 per
426 5836 505 5881 tot
539 5840 709 5887 annos
732 5832 1006 5889 versatur,
1036 5820 1174 5875 unde
1215 5820 1267 5873 in
1308 5818 1387 5873 eis
1407 5817 1623 5871 deberet
1648 5828 1765 5869 esse
1793 5829 1889 5885 pe-

365 5940 382 5971 ι
409 5944 518 5988 uss.
541 5948 655 5997 sex,
679 5931 889 5986 uitem.
912 5931 1022 5983 Bad.
1047 5938 1177 5989 Am.,
1200 5926 1442 5981 Milenum.
1466 5932 1560 5983 an,
1587 5921 1821 5975 Μῑιευτιηι.
1878 5924 1881 5925 ⁷

1462 428 1945 499 EPISTOLARUM
1985 434 2252 495 CLASSIS
2289 432 2351 495 ll.

3464 438 3566 501 154

1985 549 2170 607 ritior?
2193 550 2470 607 Postremo
2493 560 2575 607 est
2600 550 2687 608 hic
2717 550 2882 611 frater
2899 561 2955 611 et
2978 554 3178 628 collega
3204 572 3388 627 meus,
3413 558 3567 628 Sam-

1984 641 2163 709 sucius
2200 644 2482 715 epiSCOpus
2511 645 2794 703 Turrensis
2820 647 3059 709 ecclesiae
3077 691 3093 717 ,
3117 626 3207 720 qui
3235 626 3405 709 nullas
3431 626 3565 707 tales

1985 735 2188 802 didicit,
2217 739 2395 808 quales
2426 739 2525 795 iste
2551 739 2743 795 dicitur
2771 740 3057 801 formidare
3082 760 3095 795 :
3125 743 3237 814 ipse
3256 745 3424 812 adsit,
3446 754 3566 816 agat

1985 844 2104 885 cum
2124 830 2231 885 illo.
2252 831 2467 901 Rogabo
2482 848 2622 895 eum,
2644 843 2717 901 et,
2739 844 2793 888 ut
2808 836 3018 891 conﬁdo
3040 837 3089 899 it)
3112 838 3325 895 nomine
3342 839 3558 905 Christi,

1985 921 2143 977 facile
2178 924 2306 979 mihi
2350 926 2640 993 concedet,
2678 935 2735 981 ut
2762 929 3012 997 suscipiat
3056 929 3107 983 in
3155 929 3255 985 hac
3298 946 3358 986 re
3396 931 3564 987 vicem

1985 1029 2179 1081 meam,
2202 1024 2256 1071 et
2276 1031 2394 1071 eum
2414 1017 2669 1077 Dominus
2694 1034 2789 1089 pro
2809 1021 3031 1078 veritate
3049 1033 3360 1090 certantem,
3384 1039 3567 1093 quam-

1983 1110 2065 1164 vis
2108 1123 2355 1165 sermone
2393 1110 2686 1181 impolitum
2711 1154 2725 1178 ,
2773 1122 2947 1169 tamen
2989 1131 3112 1170 vera
3145 1115 3250 1172 fide
3278 1117 3563 1185 eruditum",

1984 1201 2119 1257 sicut
2146 1202 2482 1269 confidimus,
2513 1202 2799 1273 adjuvabit.
2830 1205 2982 1261 Nulla
3011 1222 3136 1277 ergo
3160 1223 3318 1263 causa
3347 1219 3445 1273 est,
3471 1224 3567 1265 cur

1983 1292 2049 1347 ad
2080 1294 2211 1348 alios
2255 1295 2432 1349 nescio
2469 1308 2603 1364 quos
2638 1295 2842 1350 deferat
2866 1298 2904 1360 ι,
2938 1313 3004 1352 ne
3034 1300 3172 1354 inter
3206 1314 3304 1354 nos
3332 1300 3471 1370 quod
3499 1301 3567 1356 ad

1983 1399 2082 1441 nos
2110 1385 2337 1456 pertinet
2375 1403 2706 1456 peragamus.
2750 1388 2858 1444 Nec
2899 1399 3109 1455 tamen,
3150 1401 3207 1447 ut
3232 1392 3376 1460 dixi,
3409 1394 3568 1449 etiam

1983 1477 2102 1532 illos
2126 1477 2360 1549 defugio,
2391 1480 2437 1533 si
2461 1494 2646 1535 eorum
2674 1481 2787 1550 ipse
2814 1482 2989 1550 poscit
3009 1483 3279 1538 auxilium.

2406 1612 2729 1669 EPISTOLA
2767 1606 2964 1670 xxxv
2993 1620 3012 1638 ·
3046 1614 3142 1689 (a).

1983 1741 2181 1799 Rursus
2214 1743 2499 1816 interpellat
2528 1746 2826 1812 Eusebium,
2868 1757 2923 1802 ut
2963 1749 3255 1805 clericorum
3293 1750 3570 1809 donatiuu-

2052 1852 2164 1887 rum
2214 1836 2463 1890 licentiam
2513 1848 2647 1891 curet
2689 1839 3010 1893 coercendam
3055 1858 3143 1910 per
3182 1840 3573 1899 Proculeiauum

2053 1926 2341 1997 cpiswpum
2365 1943 2382 1979 :
2406 1928 2628 1995 alioquin
2654 1940 2709 1985 ut
2734 1934 2796 1985 de
2818 1947 2871 1985 se
2896 1931 3067 1986 nullus
3090 1943 3350 2001 queratur,
3376 1934 3418 1987 si
3444 1935 3574 1989 hanc

2052 2018 2129 2072 illi
2157 2020 2369 2089 perferri
2397 2020 2449 2073 in
2480 2021 2708 2077 notitiam
2744 2038 2830 2091 per
2859 2021 3054 2078 codices
3082 2023 3304 2093 publicos
3334 2026 3522 2094 fecerit.

1984 2147 2208 2205 Domino
2237 2151 2433 2206 eximio
2460 2154 2754 2222 meritoque
2781 2154 3118 2223 suscipiendo
3147 2165 3199 2209 et
3226 2146 3573 2211 dilectissimo

2364 2243 2511 2298 fratri
2541 2245 2799 2309 Eusamo,
2833 2247 3183 2302 Aucusrnvus.

2057 2356 2106 2410 1.
2140 2356 2256 2411 Non
2283 2373 2382 2426 ego
2410 2360 2671 2412 recusanti
2708 2358 2960 2413 voluntati
2992 2368 3092 2416 tua:
3117 2361 3405 2431 judicium,
3439 2362 3576 2418 sicut

1984 2448 2135 2512 dicis,
2168 2449 2306 2503 inter
2326 2452 2604 2520 episcopos
2632 2451 2963 2506 subeundum
2993 2455 3246 2509 molestus
3269 2455 3576 2513 exhortator

1981 2548 2073 2605 aut
2094 2540 2409 2610 deprecator
2436 2543 2679 2613 impOsui.
2716 2542 2864 2611 Quod
2890 2544 3103 2614 quidem
3127 2546 3330 2600 etiamsi
3352 2546 3577 2605 suadere

1985 2622 2309 2700 voluissem,
2366 2622 2575 2705 possem
2624 2632 2846 2690 fortasse
2896 2633 3051 2690 facile
3094 2624 3373 2692 ostendere
3418 2653 3575 2709 quam

1986 2723 2164 2777 valeas
2209 2722 2450 2793 judicare
2500 2726 2633 2778 inter
2681 2740 2776 2779 nos
2825 2726 2875 2781 in
2922 2733 3031 2801 tam
3088 2728 3362 2799 manifesta
3421 2737 3577 2798 atque

1982 2822 2164 2885 aperta
2199 2829 2383 2879 causa,
2419 2822 2468 2869 et
2512 2814 2667 2885 quale
2715 2815 2785 2869 sit
2825 2813 2952 2873 illud
2996 2816 3135 2888 quod
3175 2817 3336 2883 facis,
3376 2826 3434 2873 ut
3467 2833 3575 2875 non

1984 2896 2175 2971 auditis
2216 2905 2452 2975 partibus
2483 2906 2593 2975 jam
2636 2906 2769 2961 ferre
2798 2923 2905 2961 non
2937 2908 3142 2961 dubites
3172 2924 3269 2978 pro
3299 2924 3400 2964 una
3427 2917 3578 2981 parte

1982 2995 2337 3060 sententiam,
2379 2995 2467 3066 qui
2508 2992 2761 3064 judicimn
2810 2994 3158 3062 reformidas;
3204 2997 3296 3050 scd
3339 3000 3470 3063 hoc,
3517 3006 3577 3059 ut

1984 3084 2123 3151 dixi,
2171 3086 2381 3141 interim
2425 3084 2631 3140 omitto.
2675 3086 2815 3139 Nihil
2859 3096 3035 3140 autem
3081 3102 3389 3157 rogaveram
3433 3087 3576 3149 aliud

1984 3172 2344 3253 honorabilem
2371 3176 2753 3247 benignitatem
2783 3187 2952 3244 tuam,
2981 3178 3120 3249 quod
3156 3194 3336 3247 quaeso
3364 3177 3575 3253 tandem

1982 3268 2034 3323 in
2083 3270 2179 3323 hac
2223 3269 2408 3325 saltem
2466 3269 2690 3341 epistola
2737 3269 2968 3340 digneris
3018 3269 3328 3341 advertere,
3373 3262 3475 3325 nisi
3504 3278 3576 3325 --ut

1982 3375 2248 3432 quaereres
2268 3376 2295 3414 a
2317 3360 2681 3425 Proculeiano,
2706 3368 2881 3413 utrum
2907 3361 3004 3414 hoc
3026 3358 3138 3428 ipse
3160 3358 3351 3414 dixerit
3376 3352 3573 3416 Victori

1983 3440 2298 3525 presbytero
2324 3465 2440 3517 suo,
2468 3450 2606 3521 quod
2632 3449 2699 3504 ab
2720 3465 2785 3505 eo
2812 3450 2912 3506 sibi
2942 3450 3139 3505 dictum
3168 3451 3434 3520 publicum
3456 3449 3574 3506 ofﬁ-

1982 3530 2120 3595 cium
2150 3541 2504 3609 renuntiavit;
2537 3558 2605 3595 an
2634 3541 2771 3596 forte
2804 3541 2893 3612 qui
2933 3542 3077 3595 missi
3108 3550 3265 3609 sunt,
3299 3557 3403 3596 non
3433 3541 3571 3613 quod

1980 3650 2011 3687 a
2034 3633 2242 3688 Victore
2270 3633 2573 3700 audierunt,
2603 3633 2697 3689 sed
2724 3633 2912 3688 falsum
2942 3633 3115 3689 Gestis
3143 3635 3403 3705 persecuti
3428 3634 3567 3702 sint;

1982 3724 2173 3780 deinde
2203 3726 2326 3803 quid
2358 3726 2433 3779 illi
2462 3725 2526 3780 de
2557 3734 2661 3780 tota
2694 3727 2804 3797 ipsa
2845 3727 3136 3797 quzestione
3184 3727 3321 3780 inter
3365 3742 3463 3780 nos
3491 3716 3572 3803 di-

1981 3817 2253 3872 scutienda
2278 3817 2567 3872 videretur.
2600 3818 2843 3873 Arbitror
2869 3827 3044 3889 autem
3072 3834 3176 3873 non
3195 3819 3429 3889 judicem
3455 3820 3570 3875 lieri

1982 3923 2132 3974 eum,
2163 3908 2254 3979 qui
2294 3919 2507 3979 rogatur
2546 3917 2603 3964 ut
2643 3908 2932 3980 interroget
2960 3911 3225 3980 aliquem,
3273 3920 3326 3965 et
3353 3910 3491 3981 quod
3522 3911 3570 3966 ei

1980 4016 2293 4070 responsum
2320 3999 2479 4057 fuerit
2506 4002 2798 4055 rescribere
2824 3992 3085 4071 dignetur.
3116 4001 3227 4057 Hoc
3254 4018 3379 4072 ergo
3406 4003 3566 4058 etiam

1980 4109 2122 4149 nunc
2148 4109 2275 4166 rogo
2306 4102 2361 4149 ut
2389 4093 2561 4149 facere
2592 4111 2695 4149 non
2718 4094 2953 4165 graveris
2974 4135 2988 4161 ,
3020 4095 3138 4165 quia
3172 4097 3372 4150 litteras
3400 4113 3567 4163 meas,

1982 4185 2118 4239 sicut
2155 4185 2313 4238 etiam
2352 4194 2602 4253 expertus
2630 4200 2781 4251 sum,
2815 4200 2918 4237 non
2958 4185 3068 4237 vult
3110 4185 3351 4254 accipere
3382 4203 3395 4238 :
3427 4187 3569 4255 quod

1981 4276 2025 4331 si
2071 4276 2350 4343 voluisset,
2399 4292 2504 4329 non
2554 4276 2734 4344 utique
2781 4291 2876 4345 per
2919 4285 3058 4329 tuam
3102 4275 3471 4333 Eximietatem
3517 4278 3569 4334 id

1981 4383 2213 4439 agerem.
2242 4366 2376 4421 Cum
2398 4376 2571 4422 autem
2598 4366 2649 4420 id
2672 4383 2776 4421 non
2803 4367 2933 4432 vult,
2960 4367 3084 4439 quid
3107 4383 3322 4437 possum
3345 4370 3526 4425 mitius
3547 4372 3566 4403 '

1981 4476 2165 4532 agere,
2198 4475 2356 4532 quam
2383 4467 2437 4513 ut
2476 4475 2568 4530 per
2598 4468 2647 4512 te
2678 4460 2835 4513 talem
2864 4458 3033 4513 virum
3054 4499 3068 4527 ,
3099 4469 3153 4514 et
3177 4460 3266 4531 qui
3293 4475 3413 4515 eum
3444 4461 3568 4517 dili-

1980 4554 2082 4626 gis,
2114 4554 2469 4623 interrogetur
2494 4552 2711 4623 aliquid,
2741 4552 2879 4609 unde
2904 4568 2990 4609 me
3017 4562 3193 4610 tacere
3216 4570 3335 4610 mea
3360 4557 3569 4613 sarcina

1982 4646 2263 4717 prohibet?
2293 4644 2442 4713 Quod
2473 4653 2647 4700 autem
2679 4654 2847 4700 mater
2874 4660 2904 4699 a
2936 4646 3043 4700 filio
3073 4661 3228 4712 caesa,
3263 4654 3370 4702 tute
3393 4650 3571 4720 gravi-

1984 4738 2077 4809 tati
2105 4737 2405 4806 displicuit;
2436 4735 2541 4791 Sed
2573 4737 2691 4802 ille,
2732 4736 2930 4805 dixisti,
2963 4737 3006 4791 si
3035 4738 3230 4808 sciret,
3269 4754 3299 4793 a
3326 4756 3569 4801 commu-

1984 4827 2142 4885 nione
2164 4842 2258 4882 sua
2287 4836 2390 4882 tam
2421 4826 2678 4882 nefarium
2717 4826 2968 4897 juvenem
3007 4828 3369 4905 prohibiturus
3408 4841 3569 4898 esset,

1982 4918 2217 4986 breviter
2244 4918 2541 4988 reSpondeo
2569 4937 2582 4972 :
2613 4918 2770 4975 modo
2795 4922 3059 4991 cognovit,
3089 4922 3249 4979 modo
3275 4906 3569 4997 prohibeat.

2054 5012 2108 5066 2.
2149 5011 2299 5067 Addo
2329 5012 2487 5066 etiam
2531 5011 2669 5065 aliud
2704 5029 2715 5063 :
2745 5011 3108 5070 Subdiaconus
3147 5016 3412 5086 quondam
3440 5014 3574 5089 Spa-

1983 5104 2182 5173 niensis
2208 5103 2463 5161 Ecclesiae
2487 5146 2501 5172 ,
2549 5103 2803 5160 vocabulo
2830 5105 3071 5175 Primus,
3114 5122 3234 5163 cum
3264 5108 3330 5163 ab
3352 5123 3571 5163 accessu

1984 5194 2373 5267 indisciplinato
2421 5196 2900 5259 sanctimonialium
2957 5198 3362 5269 prohiberetur,
3414 5210 3571 5270 atque

1986 5287 2225 5353 ordinata
2254 5295 2307 5342 et
2341 5302 2471 5342 sana
2511 5300 2770 5358 prmeepta
2811 5297 3207 5359 contemneret,
3252 5306 3284 5347 a
3318 5276 3571 5347 clericatu

1986 5391 2222 5438 remotus
2245 5389 2345 5449 est,
2370 5389 2423 5435 et
2448 5380 2560 5450 ipse
2586 5381 2820 5436 irritatus
2846 5381 3101 5437 adversus
3124 5382 3453 5451 disciplinam
3478 5384 3572 5440 Dei

1987 5468 2258 5531 transtulit
2282 5488 2339 5527 se
2369 5471 2439 5527 ad
2461 5468 2608 5539 illos,
2637 5482 2690 5528 et
2714 5468 3073 5544 rebaptizatae
3095 5482 3194 5537 est.
3239 5476 3377 5533 Duas
3415 5477 3574 5537 etiam

2050 5610 2197 5680 {Mss-
2220 5605 2461 5680 ιιιιςιεοιωρ
2475 5604 2718 5680 ,άίιῖβιαὲορ
2898 5606 3099 5670 deerat-

2052 5673 2072 5703 ¹
2088 5679 2216 5733 Lov.,
2238 5670 2412 5733 atinas.
2435 5674 2491 5733 at
2512 5670 2591 5733 alii
2608 5670 2743 5733 (ad,
2763 5670 2940 5733 mitius.

2052 5705 2992 5803 -ῖξιιςιδῑᾱξιᾞιθίῑιῖῇίιίιῑῖιιιξῖαξῑδὶιε
3012 5743 3068 5803 με
3083 5730 3263 5803 δεκω,
3286 5747 3330 5786 ο.
3354 5747 3424 5793 οε.
3443 5735 3494 5787 τι.
3520 5749 3570 5801 α.

1988 5804 2069 5859 gv
2098 5804 2146 5859 ῃ.
2172 5804 2213 5859 ις,
2240 5805 2281 5843 ε.
2306 5794 2380 5859 si):
2407 5808 2478 5843 vc.
2498 5793 2651 5845 ducit.
2670 5799 2875 5859 quatuor
2897 5806 2944 5844 v.
2977 5800 3027 5845 et
3048 5793 3281 5859 bad.
3306 5802 3383 5848 Er.
3407 5805 3514 5849 ιον.

2006 5850 2019 5869 ⁷
2054 5854 2131 5927 ω)-
2150 5850 2281 5927 Alias;
2301 5852 2416 5903 t69:
2435 5864 2545 5918 quae
2567 5850 2741 5903 autem“
2755 5853 2821 5904 55
2841 5860 2965 5919 erat,
2988 5850 3215 5908 nun‘c'24.
3240 5860 3417 5922 Scripta
3429 5857 3572 5925 paulo

1989 5926 2099 5982 post
2118 5928 2438 5979 superiorem.
