4080 6346
539 446 642 510 155

527 572 954 636 sanctimoniales
986 573 1305 628 concolonas
1329 583 1451 626 suas
1477 569 1492 601 ¹
1523 566 1590 622 de
1618 565 1779 622 fundo
1807 567 2096 622 catholico-

527 683 644 724 rum
672 665 1089 722 Christianorum
1111 706 1127 732 ,
1157 664 1267 719 sive
1295 661 1433 716 idem
1463 658 1760 725 transtulit,
1801 659 1913 714 sive
1951 659 2097 713 illum

527 768 754 824 secum,
787 758 946 812 etiam
974 757 1100 827 ipsa:
1130 765 1302 809 tamen
1329 751 1666 820 rcbaptizataa
1695 759 1850 816 sunt;
1880 763 1932 805 et
1956 763 2098 804 nunc

495 884 500 890 -
524 864 644 906 cum
668 849 912 920 gregibus
938 844 1426 902 Circumcellionum
1457 841 1594 895 inter
1617 839 1954 910 vagabundos
1978 853 2097 909 gre-

525 954 622 1009 ges
649 938 984 1004 feminarum,
1013 951 1127 1007 qua:
1153 941 1429 1005 propterea
1453 930 1670 986 maritos
1695 929 1890 984 habere
1915 930 2098 985 nolue-

529 1038 652 1085 runt
672 1045 738 1085 ne
758 1030 985 1084 habeant
1008 1026 1356 1094 disciplinam,
1376 1023 1429 1078 in
1449 1021 1774 1078 detestabilis
1797 1020 2096 1080 vinulentiae

527 1119 960 1175 bacchationibus
984 1116 1239 1186 superbus
1260 1114 1508 1180 exsultat,
1530 1112 1764 1184 gaudens
1787 1111 2094 1166 latissimam

523 1211 624 1266 sibi
672 1220 906 1280 apertam
956 1223 1075 1264 esse
1121 1207 1386 1263 licentiam
1437 1205 1590 1260 malae
1644 1203 2092 1272 conversationis,

525 1300 665 1355 unde
692 1302 743 1353 in
769 1297 1033 1354 Catholica
1061 1296 1456 1369 prohibebatur.
1488 1294 1557 1348 Et
1583 1293 1687 1348 hoc
1715 1292 1937 1349 fortasse
1961 1292 2093 1347 Pro-

488 1431 495 1438 .
522 1390 794 1445 culeianus
821 1389 1044 1460 ignorat.
1067 1388 1230 1458 .Ergo
1270 1403 1374 1458 per
1405 1395 1546 1441 tuam
1589 1384 1896 1456 gravitatem
1929 1391 2096 1454 atque

523 1482 835 1537 modestiam
859 1480 1030 1537 eidem
1057 1479 1110 1534 in
1134 1478 1372 1546 notitiam
1396 1476 1721 1548 perferatur;
1746 1475 1928 1546 jubeat
1948 1489 2092 1543 eum,

523 1572 612 1643 qui
640 1587 744 1627 non
780 1571 848 1626 ob
883 1568 1026 1625 aliud
1063 1568 1207 1624 illam
1250 1567 1676 1623 communionem
1721 1565 1954 1636 delegit,
1993 1563 2094 1620 nisi

521 1663 643 1734 quia
671 1663 722 1717 in
745 1661 1015 1718 Catholica
1041 1661 1344 1715 clericatum
1371 1659 1640 1726 amiserat,
1667 1665 1886 1728 propter
1910 1655 2094 1712 inube-

519 1755 770 1812 dientiam
809 1762 863 1810 et
899 1752 1134 1826 perditos
1161 1766 1373 1819 mores,
1405 1765 1436 1806 a
1469 1765 1563 1806 sua
1599 1748 1970 1805 communione
2005 1761 2093 1803 re-

519 1862 740 1902 ηιονθη.

493 1973 500 1980 ε
590 1940 643 1993 5.
684 1937 888 1992 Etenim
927 1951 1058 2007 ego,
1093 1935 1139 1990 si
1177 1934 1403 1990 Domino
1440 1932 1640 2003 placet,
1681 1931 1839 1988 istum
1875 1929 2089 1986 modum

521 2043 708 2092 servo,
741 2036 798 2083 ut
829 2028 1067 2098 quisquis
1094 2027 1231 2096 apud
1259 2041 1352 2080 eos
1385 2031 1601 2095 propter
1636 2022 1965 2092 disciplinam
1995 2021 2092 2076 de-

521 2119 765 2190 gradatus
789 2119 854 2174 ad
879 2119 1200 2174 Catholicam
1232 2117 1456 2172 transire
1481 2115 1734 2182 voluerit,
1764 2115 1816 2168 in
1844 2113 2092 2196 humilia-

522 2213 665 2267 tione
693 2212 1014 2282 paenitentiae
1039 2211 1323 2281 recipiatur
1342 2253 1356 2276 ,
1387 2225 1492 2281 quo
1519 2218 1574 2265 et
1599 2209 1695 2278 ipsi
1722 2224 1841 2262 eum
1871 2207 2090 2262 fortisan

519 2312 800 2373 cogerent,
829 2305 873 2360 si
902 2303 1040 2374 apud
1077 2319 1169 2359 eos
1197 2318 1412 2359 manere
1438 2302 1711 2358 voluisset.
1753 2301 1834 2356 Ab
1861 2299 1938 2356 eis
1962 2314 2091 2355 vero

516 2393 808 2457 considera,
837 2409 1016 2464 qumso
1041 2401 1116 2460 te,
1143 2409 1297 2464 quam
1325 2392 1718 2448 exsecrabiliter
1741 2391 1850 2456 ﬁat,
1877 2399 1935 2445 ut
1956 2405 2089 2460 quos

491 2483 658 2538 ‘male
710 2484 946 2539 viventes
1000 2471 1355 2540 ecclesiaStica
1411 2482 1686 2554 disciplina
1741 2481 2084 2553 corripimus,

515 2573 894 2644 persuadeatur
930 2574 1010 2630 eis
1060 2583 1118 2629 ut
1162 2573 1229 2629 ad
1277 2575 1541 2629 lavacrum
1586 2574 1810 2627 alterum
1837 2569 2086 2642 veniant,

516 2673 674 2736 atque
701 2674 758 2718 ut
785 2663 836 2719 id
861 2665 1099 2735 accipere
1128 2673 1460 2730 mereantur,
1490 2665 1728 2735 Paganos
1767 2679 1826 2719 se
1854 2678 1973 2720 esse
1997 2677 2088 2719 re-

516 2756 845 2828 spondeant;
871 2773 988 2828 qute
1011 2771 1112 2813 vox
1140 2773 1207 2813 ne
1233 2755 1542 2828 procederet
1565 2755 1634 2812 de
1661 2771 1752 2812 ore
1775 2755 2082 2824 christiano,

517 2857 697 2904 tantus
737 2849 950 2920 sanguis
994 2857 1282 2920 martyrum
1331 2847 1478 2903 fusus
1520 2855 1601 2902 est
1641 2864 1656 2901 :
1697 2845 1904 2902 deinde’
1935 2845 2084 2917 quasi
2181 2883 2183 2886 ι

515 2941 753 2996 renovati
790 2949 844 2996 et
880 2943 1028 3012 quasi
1057 2940 1366 3018 sanctificati
1385 2981 1400 3006 ,
1433 2940 1724 3010 disciplinae
1756 2955 1912 3010 quam
1943 2939 2086 2996 ferre

511 3045 618 3086 non
644 3039 946 3106 potuerunt,
979 3030 1268 3087 deteriores
1296 3030 1439 3098 facti,
1468 3031 1565 3085 sub
1592 3031 1768 3100 specie
1792 3045 1940 3085 nova:
1961 3045 2085 3100 gra-

509 3122 630 3192 tim,
667 3123 943 3194 sacrilegio
969 3125 1104 3178 ‘novi
1151 3123 1344 3178 furoris
1390 3123 1661 3179 insultent.
1709 3126 1814 3178 Aut
1855 3125 1900 3178 si
1946 3124 2085 3180 male

510 3215 666 3282 facio,
691 3231 787 3287 per
806 3225 948 3272 tuam
971 3216 1393 3272 benevolentiam
1419 3217 1517 3272 ista
1542 3216 1850 3287 corrigenda
1871 3231 2080 3284 curare,

509 3307 576 3363 de
600 3323 686 3364 me
713 3308 890 3364 nullus
913 3316 1164 3378 queratur
1190 3308 1235 3362 si
1265 3308 1377 3363 haec
1404 3307 1478 3362 illi
1509 3308 1730 3377 perferri
1761 3307 1814 3362 in
1841 3306 2081 3362 notitiam

511 3401 616 3470 per'
632 3399 840 3455 codices
869 3399 1103 3470 publicos
1131 3400 1334 3467 fecero,
1375 3400 1463 3470 qui
1503 3399 1630 3454 mihi
1669 3399 1882 3470 negari,
1912 3409 1971 3454 ut
1996 3414 2083 3454 ar-

507 3490 697 3557 bitror,
729 3492 783 3546 in
808 3490 1044 3546 Romana
1072 3491 1284 3547 civitate
1307 3489 1382 3564 (a)
1404 3490 1512 3546 non
1542 3500 1779 3563 possunt.
1807 3490 1937 3544 Nam
1961 3505 2080 3545 cum

513 3583 653 3638 Deus
682 3583 906 3654 imperet
931 3592 989 3638 ut
1011 3584 1291 3654 loquamur
1314 3591 1369 3639 et
1394 3584 1742 3654 prazdicemus
1763 3583 2001 3650 verbum,
2028 3590 2083 3637 et

511 3673 762 3729 docentes
797 3689 916 3744 qum
953 3690 1057 3729 non
1097 3682 1306 3744 oportet
1344 3672 1685 3742 refellamus,
1728 3683 1783 3728 et
1824 3673 2081 3730 instemus

508 3775 804 3840 opportune
841 3776 998 3837 atque
1035 3766 1370 3837 importune,
1407 3767 1542 3822 sicut
1566 3767 1843 3822 dominicis
1871 3773 1924 3820 et
1947 3781 2078 3836 apo-

509 3858 712 3914 stolicis
736 3859 946 3915 Litteris
973 3858 1138 3930 probo
1174 3858 1240 3931 (ll
1269 3859 1397 3913 Tim.
1426 3875 1498 3927 tv,
1525 3859 1582 3926 2,
1607 3867 1661 3914 et
1691 3858 1790 3913 Tit.
1819 3875 1871 3925 ι,
1896 3857 2074 3931 9-H),

508 3949 683 4004 nullus
709 3948 981 4004 hominum
1011 3949 1140 4004 mihi
1169 3950 1435 4005 silentium
1465 3950 1531 4005 de
1559 3950 1642 4005 his
1676 3950 1833 4006 rebus
1862 3965 2078 4020 persua-

507 4040 734 4096 dentium
755 4041 1056 4097 arbitretur.
1074 4040 1344 4097 Violenter
1363 4033 1540 4098 autem
1563 4042 1643 4097 vel
1668 4042 2074 4098 latrocinanter'

509 4129 553 4184 si
579 4128 706 4200 quid
732 4129 1031 4185 audendum
1059 4133 1374 4201 putaverint,
1408 4148 1514 4187 non
1542 4131 1712 4188 deerit
1732 4133 1982 4188 Dominus
2007 4132 2073 4188 ad

503 4218 750 4273 tuendam
783 4219 1073 4274 Ecclesiam
1109 4234 1296 4287 suam,
1341 4220 1433 4291 qui
1471 4220 1599 4291 jugo
1644 4237 1740 4277 suo
1781 4222 1831 4276 in
1873 4222 2075 4292 gremio

501 4309 614 4379 ejus
657 4317 768 4363 toto
805 4309 935 4364 orbe
970 4308 1160 4366 diﬂuso
1195 4311 1372 4365 omnia
1403 4320 1608 4366 terrena
1640 4311 1798 4382 regna
1828 4312 2069 4382 subjecit.

532 4460 536 4465 ,
571 4401 627 4455 4.
656 4399 787 4455 Nam
810 4415 931 4455 cum
962 4400 1200 4455 ecclesia:
1225 4401 1436 4470 quidam
1467 4401 1685 4456 colonus
1713 4399 1870 4456 filiam
1900 4417 2068 4469 suam,

503 4506 622 4563 qua:
646 4490 785 4562 apud
813 4505 911 4547 nos
936 4489 1110 4546 fuerat
1133 4493 1530 4557 catcchumcna,
1559 4502 1613 4546 et
1635 4491 1701 4544 ab
1730 4492 1832 4548 illis
1857 4491 2071 4547 seducta

500 4591 582 4638 est
609 4581 787 4637 invitis
811 4581 1147 4652 parentibus,
1187 4590 1246 4636 ut
1286 4582 1355 4636 ibi
1387 4582 1649 4653 baptizata
1691 4582 1848 4637 etiam
1879 4583 2073 4637 sancti-

502 4675 742 4731 monialis
784 4675 1008 4730 formam
1048 4675 1372 4744 susciperet,
1419 4673 1486 4729 ad
1523 4675 1948 4730 communionem
1977 4690 2068 4730 ca-

499 4766 747 4823 tholicam
791 4777 1008 4840 paterna
1051 4767 1208 4822 vellet
1250 4765 1528 4822 severitate
1565 4780 1846 4834 revocare,
1889 4775 1943 4821 et
1971 4779 2069 4837 ego

500 4856 748 4929 feminam
791 4866 1051 4928 corrupta
1095 4857 1287 4912 mentis
1335 4857 1436 4912 nisi
1478 4857 1775 4922 volentem,
1814 4864 1868 4911 et
1902 4855 2068 4910 libero

499 4949 718 5006 arbitrio
759 4949 980 5006 meliora
1020 4949 1337 5020 deligentem
1379 4949 1572 5018 suscipi
1615 4947 1936 5013 noluissem;
1976 4945 2068 5002 ille

497 5045 728 5100 rusticus
756 5043 913 5098 etiam
944 5042 1110 5114 plagis
1138 5042 1333 5098 instare
1357 5043 1550 5113 cmpit,
1580 5051 1638 5097 ut
1675 5041 1772 5097 sibi
1805 5041 1909 5096 ﬁlia
1935 5055 2066 5097 con-

496 5137 748 5200 sentiret;
778 5132 919 5204 quod
948 5133 1124 5188 statim
1151 5132 1455 5188 omnimodo
1496 5130 1609 5187 fieri
1651 5131 1894 5201 prohibui
1931 5149 1944 5185 :
1987 5139 2067 5186 ta-

497 5239 620 5280 men
653 5240 749 5297 pcr
776 5224 1096 5297 Spanianum
1132 5224 1525 5280 transeuntibus
1566 5223 1746 5290 nobis,
1791 5224 2064 5295 presbyter

491 5315 659 5386 ipsius
706 5325 852 5372 stans
893 5316 946 5371 in
989 5315 1165 5372 medio
1195 5313 1357 5370 fundo
1384 5313 1656 5369 catholicas
1695 5327 1758 5368 ac
1790 5313 2063 5370 laudabilis

521 5448 539 5480 ι
592 5449 798 5522 sic_t.oy.
839 5456 894 5522 et
933 5446 1158 5514 plerique
1177 5453 1286 5499 Im.
1305 5453 1377 5498 At.
1399 5445 1510 5497 Bad.
1546 5452 1647 5495 Am.
1671 5451 1724 5496 et
1743 5450 1817 5495 Er.
1838 5445 2021 5499 habent
2038 5483 2058 5512 ,

419 5605 423 5608 Α
519 5631 532 5644 .
548 5573 712 5644 unm}...
1119 5569 1194 5642 υςι
1579 5574 1637 5619 At
1657 5576 1758 5618 Am.
1779 5569 1874 5619 Bad
1889 5576 1942 5621 et
1962 5576 2058 5635 mn,

485 5631 708 5685 violenter
729 5641 887 5686 autem
907 5631 981 5685 vel
1001 5631 1354 5684 latrocinanter.

547 5693 620 5757 (a)
637 5695 901 5758 Hipponem
923 5693 1162 5758 intellige,
1177 5706 1287 5758 qua:
1301 5699 1517 5758 Romanae
1531 5691 1737 5758 civitatis
1749 5705 1840 5744 seu
1853 5692 2061 5758 colonia:

480 5750 882 5818 jm-‘e'gandebat.
907 5765 1017 5818 Nam
1042 5750 1529 5818 cfitt'omanacivitas
1557 5750 1827 5818 appellatur
1849 5756 1899 5805 in
1915 5754 2005 5818 lib.
2030 5757 2063 5808 2

485 5814 610 5882 cont.
625 5814 823 5882 litteras
851 5816 1006 5882 Petil.,
1031 5830 1078 5870 c.
1105 5817 1184 5869 8'5.
1217 5830 1270 5868 n.
1301 5814 1418 5882 t84;
1443 5822 1496 5868 et
1515 5814 1700 5869 colonia
1723 5815 1775 5868 in
1795 5815 1882 5870 lib.
1905 5816 1967 5870 Β
1995 5819 2062 5872 de

483 5877 580 5930 Civ.
606 5879 708 5941 Del,
730 5891 775 5930 c.
797 5879 846 5931 8.

1727 451 1786 513 S.
1825 449 2192 512 AUGUSTINI
2232 451 2532 515 EPISCOPI

3675 464 3778 527 138

2206 567 2435 635 feminae,
2462 585 2590 626 voce
2614 569 3066 642 impudentissima
3087 582 3206 644 post
3228 590 3327 632 nos
3349 577 3612 646 clamavit,
3635 583 3776 652 quod

2204 660 2485 717 traditores
2513 672 2567 718 et
2591 674 2958 734 persecutores
2995 681 3263 735 essemus;
3303 671 3443 741 quod
3477 673 3772 730 convicium

2203 752 2360 807 etiam
2402 754 2453 808 in
2496 753 2635 809 illam
2675 754 2924 811 feminam
2959 757 3220 828 jaculatus
3246 770 3356 829 est,
3385 778 3502 832 qum
3539 779 3777 821 commu-

2202 843 2375 927 nionis
2420 852 2502 898 est
2549 856 2776 911 nostrae,
2825 846 2879 901 in
2923 847 3076 918 cujus
3126 848 3303 905 medio
3355 849 3519 907 fundo
3565 852 3770 918 stabat;

2201 932 2390 1001 quibus
2430 935 2646 990 vocibus
2676 937 2897 1006 auditis,
2938 953 3041 994 non
3085 940 3256 995 solum
3297 942 3553 1012 meipsum
3600 959 3630 998 a
3679 945 3772 1004 lite

2200 1022 2490 1091 refrenavi,
2519 1026 2610 1082 sed
2647 1029 2806 1104 etiam
2835 1029 3226 1086 multitudinem
3245 1072 3260 1098 ,
3292 1048 3409 1102 quae
3435 1049 3520 1089 me
3549 1036 3770 1091 comita-

2185 1113 2383 1183 batur,
2410 1119 2727 1187 compescui.
2770 1120 2838 1174 Et
2861 1112 3036 1176 tamen
3062 1122 3106 1176 si
3136 1121 3306 1176 dicam
3327 1164 3343 1190 ,
3372 1123 3651 1189 Quaaratur
3683 1128 3771 1198 qui

2199 1207 2307 1263 sint
2342 1209 2425 1264 vel
2467 1209 2662 1266 fuerint
2691 1212 2973 1268 traditores
2999 1213 3082 1269 vel
3111 1225 3508 1284 persecutores;
3549 1233 3770 1288 respon-

2198 1297 2355 1354 detur
2382 1300 2509 1355 mihi
2540 1319 2554 1356 :
2586 1302 2864 1372 Disputare
2900 1304 3175 1374 nolumus,
3201 1313 3256 1361 et
3275 1305 3600 1378 rebaptizare
3625 1309 3771 1365 volu-

2198 1404 2335 1444 mus.
2357 1389 2465 1446 Nos
2485 1407 2611 1448 oves
2633 1401 2833 1449 vestras
2853 1394 3220 1453 insidiantibus
3239 1390 3507 1454 morsibus
3523 1401 3767 1470 luporum

2197 1497 2348 1539 more
2367 1485 2768 1556 deprmdemur;
2791 1502 2905 1554 vos,
2931 1488 2976 1543 si
2995 1487 3120 1544 boni
3143 1498 3382 1559 pastores
3401 1492 3550 1559 estis,
3575 1500 3766 1548 tacete.

2197 1571 2333 1639 Quid
2362 1575 2500 1630 enim
2527 1577 2666 1631 aliud
2693 1577 2961 1633 mandavit
2986 1578 3397 1649 Proculeianus,
3429 1582 3473 1637 si
3502 1597 3627 1638 vere
3655 1583 3768 1654 ipse

2197 1667 2498 1722 mandavit?
2523 1668 2580 1725 Si
2608 1669 2934 1726 Christianus
2959 1687 3052 1740 es,
3091 1687 3242 1729 serva
3281 1676 3382 1728 hoc
3414 1673 3612 1744 judicio
3649 1676 3764 1744 Dei,

2197 1757 2297 1814 nisi
2341 1775 2439 1814 nos
2482 1760 2766 1828 faciamus,
2813 1771 2868 1817 tu
2910 1772 3041 1819 tace.
3089 1765 3263 1820 Ausus
3305 1773 3388 1821 est
3430 1768 3587 1821 etiam
3626 1767 3766 1823 idem

2199 1850 2476 1923 presbyter
2502 1851 2700 1908 homini
2731 1855 2996 1911 rusticano
3019 1857 3324 1914 conductori
3353 1857 3498 1914 fundi
3529 1861 3767 1918 ecclesia:

2194 1958 2525 1999 comminari.

2264 2037 2316 2091 5.
2353 2036 2474 2092 l‘lrcc
2500 2051 2709 2108 quoque
2737 2039 2912 2094 omnia
2940 2051 3136 2110 perte,
3168 2056 3377 2112 quasso,
3408 2044 3610 2099 noverit
3634 2045 3765 2100 Pro-

2193 2126 2496 2194 culeianus;
2551 2141 2794 2186 coerceat
2845 2131 3101 2186 insaniam
3151 2132 3462 2190 clericorum
3513 2150 3761 2205 suorum,

2193 2220 2355 2286 unde,
2389 2221 2710 2276 honorabilis
2736 2222 2953 2290 Eusebi,
2986 2239 3094 2280 non
3120 2226 3258 2295 apud
3289 2235 3340 2281 te
3371 2229 3527 2282 tacui.
3568 2229 3762 2300 Digna-

2191 2309 2334 2366 beris
2359 2312 2534 2383 itaque
2560 2329 2663 2368 non
2701 2314 2826 2384 quid
2865 2322 2922 2369 tu
2960 2315 3136 2372 dehis
3167 2319 3413 2374 omnibus
3439 2322 3665 2389 sentias,
3696 2338 3765 2378 ne

2194 2401 2288 2456 tibi
2313 2403 2588 2460 arbitreris
2615 2421 2644 2459 a
2672 2421 2757 2461 me
2778 2405 2970 2475 judicis
2993 2421 3128 2462 onus
3165 2409 3392 2479 imponi,
3420 2410 3512 2466 sed
3539 2411 3663 2482 quid
3687 2412 3763 2467 illi

2192 2496 2551 2566 respondeant
2584 2497 2714 2553 mihi
2743 2499 3053 2555 rescribere.
3082 2491 3436 2557 Misericordia
3463 2503 3556 2558 Dei
3595 2513 3645 2558 te
3679 2504 3762 2558 in-

2193 2586 2452 2642 columem
2497 2596 2736 2656 tueatur,
2785 2589 2996 2645 domine
3040 2592 3230 2648 eximie
3271 2602 3325 2649 et
3364 2595 3552 2650 merito
3591 2595 3766 2651 suscii

2191 2676 2382 2746 piende
2408 2692 2472 2734 ac
2495 2678 2837 2737 dilectissime
2865 2681 3044 2736 frater.

2592 2811 2918 2870 EPISTOLA
2955 2814 3174 2872 xxxv:
3210 2821 3227 2842 ·
3267 2816 3364 2891 (α).

2193 2942 2503 3015 Augustinus
2529 2943 2780 3000 Casulano
2803 2945 3085 3018 presbytero
3105 2988 3120 3014 ,
3165 2949 3398 3020 refellens
3446 2949 3618 3006 Urbici
3633 2991 3651 3021 ,
3699 2953 3758 3009 id

2258 3044 2331 3089 est
2355 3035 2617 3107 cujusdam
2633 3052 2662 3091 ε
2687 3035 2919 3091 Romana
2943 3039 3079 3104 urbe,
3103 3039 3496 3096 dissertationem
3522 3060 3613 3115 pro
3640 3046 3757 3099 sab-

2185 3148 2190 3151 >
2260 3125 2362 3179 ὑαιί
2369 3126 2587 3197 jejunio,
2620 3128 2858 3198 scriptam
2889 3145 3126 3200 perquam
3146 3131 3530 3202 imperitissime.

2173 3258 2541 3340 Dilectissimo
2560 3271 2615 3319 et
2636 3261 3123 3320 desiderantissimo
3152 3265 3301 3320 fratri
3332 3276 3385 3322 et
3415 3267 3756 3340 compresby-

2259 3343 2374 3407 tero
2393 3353 2688 3423 Casuuuo,
2713 3356 3048 3411 Aucusrmus
3071 3396 3086 3424 ,
3117 3357 3167 3411 in
3188 3357 3409 3414 Domino
3434 3359 3678 3414 salutem.
3752 3363 3755 3366 ’

2257 3467 2480 3525 CAPUT
2520 3455 2800 3527 PRIMUM.
2816 3502 2889 3513 —-
2909 3474 2961 3528 1.
2999 3473 3187 3528 Nescio
3208 3474 3345 3529 unde
3366 3473 3432 3528 sit
3456 3473 3669 3540 factum,
3697 3483 3754 3531 ut

2184 3557 2370 3629 primis
2385 3559 2485 3615 tuis
2503 3560 2689 3616 litteris
2704 3577 2848 3619 meas
2869 3580 2971 3632 non
2990 3563 3263 3620 redderem
3282 3581 3295 3618 :
3315 3581 3421 3618 non
3441 3575 3752 3638 tamencon-

2185 3655 2388 3718 temptu
2417 3650 2468 3706 id
2494 3667 2580 3707 me
2610 3651 2799 3710 fecisse
2823 3655 2954 3710 scio.
2983 3655 3114 3710 Nam
3139 3663 3193 3710 et
3218 3655 3406 3712 studiis
3433 3658 3533 3711 tuis
3557 3666 3611 3712 et
3636 3657 3752 3727 ipso

2183 3754 2430 3797 sermone
2477 3743 2744 3814 delector,
2786 3755 2943 3817 teque
2967 3748 3018 3802 in
3047 3747 3145 3803 ista
3173 3757 3328 3804 (etate
3347 3749 3565 3820 juvenili
3591 3750 3752 3820 proﬁ-

2181 3847 2306 3888 cere
2330 3832 2382 3887 in
2404 3834 2565 3890 verbo
2606 3835 2697 3890 Dei
2740 3846 2793 3891 et
2832 3837 3100 3892 abundare
3121 3837 3186 3892 ad
3216 3837 3615 3894 aedificationem
3643 3840 3750 3894 Ec-

2179 3923 2386 3992 clesiae,
2416 3934 2470 3980 et
2493 3935 2618 3996 opto
2643 3936 2696 3982 et
2724 3927 2992 3983 exhortor.
3041 3929 3190 3984 Nunc
3230 3945 3359 3984 vero
3403 3929 3616 4000 scriptis
3644 3930 3748 3986 tuis

2179 4016 2361 4072 alteris
2385 4019 2631 4088 sumptis,
2662 4019 2850 4088 quibus
2871 4019 2967 4074 tibi
2988 4020 3196 4077 tandem
3222 4021 3502 4091 aliquando
3527 4036 3754 4093 respon-I

2178 4109 2429 4178 derijure
2453 4109 2760 4179 charitatis,
2791 4111 2844 4167 in
2872 4128 2974 4183 qua
3003 4129 3162 4168 unum
3187 4127 3403 4180 sumus,
3437 4112 3665 4168 fraterno
3694 4119 3748 4168 et

2179 4200 2484 4270 aequissimo
2510 4201 2712 4272 flagitas
2731 4243 2748 4269 ,
2775 4201 3119 4260 differendum
3149 4213 3252 4260 tuae
3279 4204 3578 4259 dilectionis
3605 4204 3743 4259 ulte-

2177 4291 2290 4345 rius
2331 4290 2653 4347 desiderium
2684 4307 2786 4349 non
2818 4295 3026 4364 putavi,
3057 4303 3112 4351 et
3138 4295 3275 4350 inter
3301 4295 3622 4350 arctissimas
3649 4309 3743 4350 oc-

2177 4384 2486 4454 cupationes
2526 4400 2674 4441 meas
2711 4387 2915 4457 suscepi
2945 4388 3047 4443 isto
3071 4403 3156 4442 me
3185 4387 3360 4441 debito
3383 4386 3521 4456 apud
3558 4395 3609 4442 te
3645 4387 3743 4443 ab-

2175 4475 2387 4532 solvere
2418 4478 2457 4529 ³.

2244 4565 2300 4619 2.
2341 4565 2491 4631 Quod
2529 4581 2656 4636 ergo
2693 4583 2779 4624 me
2806 4566 3068 4633 consulis,
3112 4575 3283 4621 utrum
3326 4566 3480 4621 liceat
3521 4567 3742 4624 sabbato

2169 4656 2411 4727 jejunare
2439 4673 2452 4709 :
2490 4657 2786 4727 respondeo
2805 4699 2822 4725 ,
2849 4659 2894 4714 si
2924 4657 3068 4712 nullo
3096 4656 3254 4711 modo
3275 4657 3478 4725 liceret,
3506 4658 3740 4729 profecto

2175 4747 2515 4818 quadraginta
2546 4747 2822 4822 continuos
2865 4747 2979 4802 dies
3022 4762 3118 4802 nec
3155 4746 3362 4817 Moyses
3385 4788 3400 4813 ,
3431 4763 3529 4802 nec
3558 4748 3700 4805 Elias
3719 4789 3736 4817 ,

2172 4853 2274 4894 nec
2303 4839 2415 4908 ipse
2436 4839 2687 4893 Dominus
2710 4838 3017 4908 jejunasset.
3046 4836 3240 4905 Verum
3268 4837 3366 4892 ista
3390 4837 3590 4893 ratione
3613 4855 3740 4894 con-

2171 4929 2420 4996 cluditur,
2451 4929 2607 4984 etiam
2635 4928 2896 4983 dominico
2935 4927 3022 4983 die
3052 4945 3157 4983 non
3196 4929 3434 4984 illicitum
3465 4944 3582 4986 esse
3602 4929 3739 4999 jeju-

2171 5017 2337 5072 nium.
2368 5017 2434 5072 Et
2463 5017 2700 5088 quisquis
2737 5027 2914 5072 tamen
2949 5017 3090 5072 hunc
3132 5017 3272 5074 diem
3311 5018 3510 5090 jejunio
3554 5018 3736 5073 decer-

2169 5109 2400 5164 nendum
2440 5109 2735 5179 putaverit,
2781 5110 2916 5164 sicut
2959 5110 3170 5180 quidam
3207 5110 3507 5181 jejunantes
3544 5110 3734 5165 sabba-

2172 5208 2282 5254 tum
2311 5199 2628 5267 observant,
2668 5215 2770 5254 non
2811 5215 2974 5270 parvo
3014 5201 3262 5256 seandalo
3304 5202 3405 5256 crit
3442 5201 3694 5256 Ecclesiae
3717 5241 3733 5266 ,

2167 5308 2269 5349 nec
2295 5292 2576 5347 immerito.
2600 5291 2656 5346 in
2687 5292 2768 5349 bis
2798 5293 2938 5352 enim
2965 5293 3123 5348 rebus
3149 5292 3215 5347 de
3237 5293 3425 5363 quibus
3455 5292 3583 5346 nihil
3604 5291 3734 5347 certi

2167 5385 2352 5439 statuit
2377 5383 2646 5454 Scriptura
2667 5384 2842 5440 divina
2857 5425 2873 5452 ,
2899 5400 3014 5440 mos
3036 5385 3213 5455 populi
3240 5384 3330 5438 Dei
3348 5425 3361 5450 ,
3388 5384 3471 5439 vel
3497 5385 3735 5442 instituta

2165 5478 2429 5548 majorum
2461 5491 2558 5548 pro
2586 5477 2703 5549 lege
2729 5478 2951 5534 tenenda
2981 5485 3122 5532 sunt.
3164 5477 3240 5532 De
3263 5477 3454 5547 quibus
3477 5476 3521 5533 si
3549 5476 3731 5548 dispu-

2172 5592 2200 5610 τ’
2227 5632 2247 5694 ξ
2270 5631 2418 5683 vatio.
2442 5639 2562 5694 tres,
2587 5629 2847 5694 exsolvere.
2867 5630 2972 5694 Alii,
2997 5629 3254 5684 absoluere.

2225 5693 2246 5713 '
2268 5695 2501 5758 castigata
2523 5691 2600 5744 est
2619 5693 2680 5742 ad
2700 5693 2769 5744 bl.
2786 5695 2864 5744 cb.
2889 5691 2941 5740 ﬂ“.
2965 5707 3050 5757 gg.
3065 5706 3132 5744 m.
3156 5705 3247 5742 rm.
3277 5706 3351 5745 vc.
3375 5701 3579 5758 quatuor
3599 5705 3647 5744 v.
3681 5699 3734 5748 et

2161 5755 2222 5807 ad
2246 5761 2345 5805 Am.
2362 5755 2470 5804 ΒΜ.
2486 5761 2680 5805 Ειι.ι.ον.
2974 5755 2985 5756 ί
3008 5755 3021 5757 θ
3391 5755 3411 5758 “

2161 5815 2670 5934 magum
2685 5829 2803 5868 vero
2822 5815 2885 5868 56
2908 5823 3032 5880 erat,
3054 5828 3184 5868 nunc
3202 5817 3280 5869 32.
3303 5818 3485 5884 Scripta
3503 5817 3628 5875 forte
3648 5831 3729 5874 ω.
