4080 6346
304 426 408 484 137

300 527 419 596 tare
448 526 824 604 voluerimus,
873 542 929 593 et
969 550 1036 593 ex
1076 534 1302 592 aliorum
1342 536 1724 593 consuetudine
1751 536 1883 592 alios

300 632 642 702 improbare,
686 631 888 686 orietur
915 628 1252 685 interminata
1283 627 1529 697 luctatio,
1556 643 1675 698 quae
1701 627 1883 684 labore

298 723 767 781 sermocinationis
801 738 923 778 cum
958 731 1102 778 certa
1129 722 1445 778 documenta
1473 722 1618 778 nulla
1643 722 1882 778 veritatis

297 818 572 884 insinuet,
616 816 799 887 utique
839 815 1133 871 cavendum
1161 825 1272 884 est,
1314 830 1383 870 ne
1408 823 1720 884 tempestate
1747 829 1880 871 con-

302 911 560 969 tentionis
585 910 928 966 serenitatem
953 908 1227 965 charitatis
1252 908 1544 964 obnubilet.
1571 908 1724 977 Quod
1748 909 1882 980 peri-

295 1004 476 1060 culum
507 1004 679 1060 vitare
717 1002 988 1074 neglexit,
1018 1002 1168 1073 cujus
1191 1001 1322 1058 mihi
1350 1003 1612 1074 prolixam
1637 1001 1879 1073 disputa-

292 1097 494 1152 tionem
517 1139 531 1162 ,
557 1105 619 1152 ut
643 1097 692 1153 ei
719 1096 1098 1168 responderem
1117 1137 1132 1162 ,
1161 1112 1282 1153 cum
1311 1097 1413 1153 tuis
1438 1095 1704 1166 prioribus
1731 1095 1876 1152 litte-

292 1188 367 1244 ris
391 1188 711 1245 existimasti
736 1203 856 1244 esse
885 1187 1217 1244 mittendam.

364 1281 598 1339 CAPUT
625 1281 819 1338 Il.—3.
851 1282 969 1338 Non
1003 1291 1180 1338 autem
1207 1297 1376 1354 usque
1395 1280 1530 1337 adeo
1553 1280 1682 1338 mihi
1707 1281 1876 1352 spatia

291 1382 596 1444 temporum
632 1374 776 1444 larga
809 1383 964 1442 sunt,
1001 1382 1057 1430 ut
1083 1390 1146 1430 ea
1172 1374 1480 1431 refellendis
1502 1374 1722 1445 singulis
1746 1389 1874 1430 sen-

292 1465 474 1520 tentiis
510 1464 626 1536 ejus
655 1465 956 1537 impendam
978 1508 992 1531 ,
1021 1483 1142 1537 quae
1170 1467 1290 1522 aliis
1318 1466 1566 1537 operibus
1591 1467 1757 1537 magis
1787 1482 1876 1522 ur-

289 1559 537 1628 gentibus
566 1560 894 1630 explicandis
924 1560 1094 1616 habeo
1119 1563 1438 1618 necessaria.
1470 1560 1577 1617 Sed
1601 1576 1668 1617 eo
1691 1575 1796 1631 quo
1823 1569 1874 1617 te

291 1649 422 1703 mihi
447 1651 502 1704 in
531 1651 635 1705 tuis
664 1650 900 1721 epistolis
925 1653 1160 1708 ostendis
1184 1653 1395 1725 ingenio
1413 1693 1428 1718 ,
1455 1654 1598 1724 quod
1621 1654 1676 1708 in
1701 1662 1752 1709 te
1778 1654 1874 1709 do-

291 1757 418 1796 num
445 1743 540 1798 Dei
563 1743 848 1798 admodum
874 1745 1037 1816 diligo
1054 1785 1072 1813 ,
1099 1747 1345 1802 eumdem
1367 1761 1670 1802 sermonem
1695 1747 1873 1817 cujus-

285 1832 450 1902 dam,
485 1843 545 1890 ut
569 1835 790 1904 scribis,
833 1837 1012 1894 Urbici
1052 1839 1163 1912 (a),
1211 1841 1369 1911 paulo
1411 1839 1712 1911 diligentius
1758 1841 1872 1911 ipse

283 1929 604 1996 considera,
648 1941 704 1986 et
745 1931 948 1987 videbis
991 1948 1112 1989 eum
1158 1949 1296 2004 pene
1341 1934 1645 1990 universam
1687 1934 1873 1991 Eccle-

283 2023 418 2078 siam
445 2024 679 2092 Christi,
706 2026 774 2082 ab
797 2035 916 2081 ortu
943 2028 1070 2084 solis
1100 2043 1269 2099 usque
1295 2028 1360 2083 ad
1380 2043 1626 2083 occasum
1646 2069 1661 2095 ,
1690 2028 1870 2084 verbis

283 2114 710 2183 injuriosissimis
765 2134 1098 2190 nequaquam
1159 2121 1395 2176 lacerare
1447 2120 1704 2176 timuisse.
1760 2119 1871 2176 Nec

282 2203 514 2261 dixerim
545 2223 684 2277 pene
713 2212 1009 2264 universam
1030 2251 1044 2277 ,
1078 2211 1170 2266 sed
1200 2211 1354 2281 plane
1382 2212 1703 2266 universam.
1734 2210 1868 2267 Nam

281 2313 457 2367 neque
499 2299 631 2368 ipsis
651 2340 666 2366 ,
703 2317 928 2371 quorum
955 2302 1393 2357 consuetudinem
1421 2303 1519 2358 sibi
1543 2303 1752 2358 videtur
1775 2302 1869 2359 de-

279 2387 497 2445 fendere
517 2432 531 2456 ,
560 2390 828 2447 invenitur
848 2395 1149 2463 pepercisse
1170 2394 1454 2459 Romanis;
1485 2392 1578 2448 sed
1602 2393 1869 2463 quomodo

279 2481 331 2534 in
380 2497 479 2537 eos
529 2499 739 2553 quoque
769 2485 1030 2540 redundet
1072 2487 1431 2541 conviciorum
1481 2486 1596 2555 ejus
1640 2486 1868 2556 impetus

279 2573 487 2639 nescit,
516 2576 767 2645 quoniam
793 2593 897 2632 non
919 2577 1165 2633 advertit.
1192 2578 1323 2632 Nam
1344 2593 1464 2633 cum
1485 2579 1533 2632 ei
1555 2586 1868 2648 argumenta

281 2664 576 2733 deﬁciunt,
634 2670 826 2738 quibus
872 2672 1061 2740 probet
1109 2671 1330 2726 sabbato
1373 2670 1761 2741 jejunandum,
1812 2671 1867 2726 in

279 2755 524 2813 luxurias
564 2761 836 2831 epularum
863 2773 916 2818 et
943 2764 1229 2818 temulenta
1261 2763 1499 2817 convivia
1525 2771 1579 2818 et
1603 2762 1868 2832 nequissi-

281 2865 398 2904 mas
427 2851 712 2909 ebrietates
736 2854 1142 2910 insultabundus
1163 2855 1446 2923 invehitur,
1480 2856 1628 2925 quasi
1658 2871 1765 2909 non
1789 2854 1869 2925 je-

279 2941 472 3011 junare
492 2983 508 3009 ,
538 2943 640 2999 hoc
666 2945 737 3001 sit
763 2946 1030 3002 inebriari.
1059 2946 1209 3014 Quod
1242 2946 1288 3001 si
1319 2946 1422 3001 hoc
1449 2954 1561 3011 est,
1591 2946 1716 3016 quid
1741 2961 1868 3016 ergo

280 3035 503 3103 prodest
545 3036 798 3094 Romanis
853 3039 1072 3094 sabbato
1117 3038 1395 3110 jejunare?
1440 3037 1868 3108 quandoquidem

279 3129 399 3184 aliis
439 3130 628 3188 diebus
667 3133 860 3203 quibus
905 3149 1010 3188 non
1053 3134 1332 3204 jejunaut,
1381 3148 1600 3190 necesse
1630 3141 1710 3187 est
1738 3146 1862 3198 eos,

283 3222 576 3277 secundum
603 3223 1013 3294 disputationem
1041 3225 1198 3297 hujus
1217 3269 1232 3295 ,
1261 3226 1500 3282 ebriosos
1523 3235 1577 3282 et
1600 3226 1868 3282 ventrico-

282 3315 359 3370 las
382 3317 632 3386 judicari.
661 3319 830 3376 Porro
853 3363 868 3389 ,
897 3321 943 3376 si
968 3320 1110 3376 aliud
1140 3328 1221 3376 est
1244 3337 1464 3392 gravare
1491 3321 1650 3376 corda
1679 3321 1731 3375 in
1753 3337 1870 3376 cra-

283 3407 407 3476 pula
436 3417 492 3464 et
517 3409 806 3478 ebrietate,
834 3411 977 3481 quod
1008 3427 1220 3482 semper
1247 3421 1330 3468 est
1354 3412 1553 3467 malum
1574 3454 1589 3480 ,
1621 3412 1761 3466 aliud
1789 3420 1871 3468 est

285 3509 463 3555 autem
495 3500 754 3558 modestia
783 3513 836 3560 et
861 3506 1212 3575 temperantia
1238 3505 1498 3561 custodita
1520 3505 1758 3561 relaxare
1781 3505 1866 3576 je—

279 3591 487 3661 junium
509 3636 522 3659 ,
554 3595 696 3665 quod
724 3605 870 3652 certe
904 3613 1026 3653 cum
1048 3597 1107 3652 ﬁt
1124 3597 1209 3652 die
1234 3597 1501 3652 dominico
1526 3640 1540 3665 ,
1570 3597 1865 3668 reprehen—

283 3698 461 3741 sorem
491 3703 595 3742 non
619 3688 778 3744 habet
809 3687 1188 3757 christianum;
1223 3689 1439 3760 prandia
1477 3689 1624 3757 prius
1657 3697 1868 3744 sancto-

284 3795 400 3834 rum
424 3795 454 3834 a
482 3781 771 3837 voracitate
796 3793 850 3837 et
874 3783 1181 3839 ebriositate
1207 3784 1618 3838 ventricolarum
1645 3783 1745 3838 istc
1760 3782 1868 3837 dis-

287 3878 506 3937 cernat,
533 3886 603 3927 ne
630 3872 899 3928 Romanos
926 3874 1070 3944 ipsos
1096 3874 1308 3945 quando
1337 3891 1443 3930 non
1471 3875 1714 3945 jejunant
1740 3890 1866 3929 ven-

286 3963 504 4018 tricolas
544 3963 736 4032 faciat,
791 3973 846 4021 et
884 3975 1010 4021 tunc
1040 3966 1303 4037 inquirat,
1349 3982 1456 4020 non
1498 3976 1672 4020 utrum
1712 3965 1869 4020 liceat

285 4055 539 4112 inebriari
573 4057 826 4126 sabbato,
871 4059 1012 4130 quod
1050 4075 1150 4114 nec
1187 4060 1272 4115 die
1296 4048 1563 4115 dominico
1585 4061 1739 4125 licet;
1772 4058 1865 4114 sed

285 4157 468 4204 utrum
512 4164 611 4206 nec
652 4150 869 4208 sabbato
907 4151 1254 4223 jejunandum
1300 4152 1388 4221 sit,
1433 4152 1569 4207 sicut
1602 4149 1866 4206 dominico

283 4253 387 4295 non
413 4240 574 4296 solet.

354 4333 408 4387 4.
451 4331 606 4400 Quod
643 4333 845 4389 utinam
873 4335 950 4390 sic
975 4344 1270 4406 quaereret,
1311 4341 1402 4389 aut
1434 4334 1512 4389 sic
1537 4333 1862 4402 afﬁrmaret,

287 4431 344 4478 ut
369 4432 484 4479 toto
509 4434 767 4482 terrarum
795 4427 925 4482 orbe
950 4427 1224 4494 diffusam,
1267 4426 1501 4496 exceptis
1535 4425 1788 4481 Romanis
1812 4432 1866 4480 et

287 4515 462 4570 adhuc
501 4518 681 4586 paucis
719 4517 1183 4585 Occidentalibus,
1223 4518 1557 4588 apertissime
1603 4532 1708 4572 non
1749 4516 1864 4571 bla-

285 4608 592 4677 Sphemaret
612 4609 926 4666 Ecclesium.
951 4610 1100 4667 Nunc
1121 4627 1247 4666 vero
1272 4611 1389 4682 quis
1411 4610 1544 4666 ferat
1564 4626 1660 4680 per
1680 4624 1866 4664 omnes

287 4700 595 4768 orientales,
622 4711 675 4758 et
698 4703 894 4757 multos
919 4703 1077 4758 etiam
1105 4702 1460 4756 occidentales
1486 4702 1708 4772 populos
1734 4700 1868 4756 chri-

285 4791 486 4846 stianos
513 4791 580 4847 de
607 4799 684 4847 tot
709 4794 972 4864 tantisque
994 4793 1202 4848 famulis
1224 4793 1626 4864 famulahusque
1647 4792 1861 4859 Christi,

286 4883 508 4939 sabbato
533 4886 712 4941 sobrie
738 4887 1080 4958 modesteque
1102 4887 1479 4957 prandentibus
1498 4929 1512 4955 ,
1539 4886 1606 4941 ab
1635 4886 1736 4942 isto
1761 4884 1866 4942 dici

284 4976 426 5046 quod
455 4977 507 5031 in
538 4993 699 5033 carne
725 4979 867 5048 sint,
915 4988 968 5035 et
1005 4981 1116 5035 Deo
1154 4981 1363 5051 placere
1400 4995 1507 5034 non
1547 4981 1782 5050 possint,
1814 4985 1869 5034 et

286 5069 428 5138 quod
475 5069 543 5126 de
585 5071 688 5126 illis
727 5071 798 5126 sit
834 5072 1089 5143 scriptum
1116 5114 1131 5140 ,
1181 5072 1440 5127 Recedant
1483 5072 1642 5142 iniqui
1686 5088 1718 5126 a
1763 5072 1864 5139 me,

285 5159 416 5214 riam
442 5177 616 5216 eorum
640 5180 784 5218 nosse
821 5164 970 5228 nolo;
995 5174 1048 5220 et
1091 5163 1234 5234 quod
1273 5164 1381 5218 sint
1421 5164 1745 5232 ventricolze,
1775 5162 1862 5218 Ju-

284 5249 455 5307 dteam
479 5252 731 5310 Ecclesice
755 5265 1124 5327 praeponentes
1141 5297 1154 5323 ,
1179 5263 1233 5312 et
1254 5256 1460 5312 ancilla:
1481 5256 1651 5324 ﬁlios;
1680 5265 1734 5312 et
1754 5257 1868 5327 lego

284 5357 388 5396 non
413 5343 592 5412 justa,
629 5346 722 5400 sed
762 5347 1056 5416 voluptaria
1079 5388 1092 5412 ,
1139 5348 1480 5404 consulentes
1511 5348 1717 5415 ventri,
1761 5363 1867 5404 non

284 5433 582 5507 disciplinae
608 5439 1049 5505 succumbentes;
1076 5448 1132 5494 et
1159 5440 1302 5510 quod
1329 5455 1453 5494 caro
1480 5441 1585 5495 sint
1603 5483 1617 5508 ,
1649 5450 1702 5496 et
1726 5456 1869 5496 mor-

287 5534 395 5583 tem
437 5528 687 5599 sapiant,
729 5539 784 5585 ct
823 5539 1020 5586 caetera
1056 5529 1361 5602 hujusmodi
1386 5549 1399 5586 :
1427 5546 1544 5602 quae
1582 5532 1629 5587 si
1665 5531 1732 5588 de
1761 5547 1868 5587 uno

346 5725 420 5790 (a)
433 5733 715 5796 cognomen
832 5729 1036 5796 inditum
1057 5731 1119 5781 ab
1131 5732 1257 5796 urbe
1280 5739 1437 5783 Roma.
1453 5732 1572 5796 Hinc
1590 5732 1870 5796 zephirinus

284 5787 411 5857 papa
426 5787 681 5852 abbptato
702 5791 752 5840 in
774 5787 860 5841 lib.
888 5793 934 5857 1,
960 5794 1030 5841 uti
1056 5801 1106 5842 et
1127 5794 1318 5857 Siricius
1339 5808 1367 5844 a
1391 5795 1584 5857 Paulino
1607 5787 1668 5843 in'
1679 5796 1819 5857 epist.
1842 5799 1864 5846 1

281 5851 341 5898 ad
364 5851 619 5911 severum,
635 5861 830 5903 vocatur
855 5851 1068 5913 Urbicus,
1088 5861 1139 5904 et
1162 5856 1212 5906 in
1225 5865 1364 5909 conc.
1389 5855 1565 5910 Arelat.
1586 5858 1609 5910 1
1629 5857 1694 5909 de
1710 5851 1871 5910 diaco-

283 5913 360 5964 nis
381 5914 566 5965 urbicis
585 5915 764 5978 agitur,
789 5916 835 5965 id
861 5925 938 5967 est
960 5918 1190 5967 Romanis.

565 5996 792 6064 SANCT.
836 6001 1114 6063 Aunusr.
1149 6001 1221 6068 ll.

1470 420 1950 480 EPISTOLARUM
1987 421 2116 479 CL'A
2124 422 2263 482 SSIS
2291 425 2358 482 ll.

3461 442 3563 497 158

1992 538 2240 608 qu0piam
2260 539 2355 595 Dei
2380 539 2581 597 famulo
2606 541 2845 611 diceret,
2881 545 3000 616 quis
3043 561 3167 604 eum
3204 551 3423 622 audire,
3453 557 3572 626 quis

1991 645 2098 686 non
2123 632 2359 690 devitarc
2385 634 2646 692 deberet?
2674 637 2809 694 Cum
2829 655 2956 695 vero
2982 640 3064 698 his
3084 645 3381 715 opprobriis
3409 658 3572 719 atque

1989 722 2288 781 maledictis
2331 726 2621 784 insectatur
2667 730 2964 788 Ecclesiam
2989 750 3086 805 per
3111 745 3277 792 totum
3309 741 3566 797 mundum

1987 812 2393 873 fructiﬁcantem
2438 828 2596 890 atque
2635 834 2962 880 crescentem
2991 836 3045 883 et
3072 829 3158 884 die
3195 830 3398 886 sabbati
3434 848 3568 902 pene

1986 906 2181 977 ubique
2226 910 2573 979 prandentem
2599 956 2614 982 ,
2659 914 2922 974 admoneo
2959 921 3199 991 quisquis
3225 931 3335 989 est,
3366 933 3423 977 ut
3447 939 3568 980 sese

1984 998 2246 1056 cohibeat.
2275 1002 2406 1058 Nam
2429 1006 2581 1075 cujus
2600 1023 2686 1062 me
2707 1024 2902 1066 nomen
2923 1012 3167 1081 ignorare
3189 1015 3420 1085 voluisti,
3443 1033 3566 1088 pro«

1985 1088 2126 1146 fecto
2155 1091 2221 1146 de
2249 1093 2341 1148 illo
2361 1109 2448 1150 me
2468 1096 2707 1165 judicare
2731 1102 2967 1158 noluisti.
3210 1117 3213 1120 ‘

2057 1183 2282 1241 CAPUT
2308 1185 2470 1241 lll.—
2485 1190 2538 1245 5.
2564 1189 2733 1248 Filius
2754 1195 2998 1264 hominis,
3024 1198 3213 1271 inquit,
3237 1202 3428 1257 sabbati
3456 1202 3563 1259 Do-

1982 1277 2151 1332 minus
2185 1287 2258 1332 est
2280 1295 2299 1332 :
2323 1280 2377 1334 in
2406 1296 2513 1352 quo
2543 1285 2776 1342 maxime
2795 1329 2808 1353 ,
2841 1288 2978 1344 bene
2998 1333 3013 1358 ,
3041 1308 3196 1361 quam
3227 1295 3364 1350 male
3383 1295 3561 1353 facere

1981 1367 2105 1424 licet
2127 1368 2339 1440 (Matth.
2363 1388 2461 1441 xu,
2488 1373 2668 1448 8-12).
2697 1377 2752 1433 Si
2773 1393 2901 1450 ergo
2921 1381 3059 1436 male
3080 1382 3319 1452 facimus,
3347 1388 3560 1456 quando

1981 1460 2338 1530 prandemus;
2384 1464 2529 1520 nullo
2557 1465 2642 1521 die
2671 1467 2939 1524 dominico
2967 1471 3105 1527 bene
3134 1474 3378 1530 vivimus.
3407 1476 3561 1544 Quod

1980 1559 2158 1607 autem
2181 1553 2375 1610 fatetur
2393 1557 2680 1627 Apostolus
2696 1560 2918 1616 sabbato
2937 1563 3282 1620 manducasse
3296 1607 3310 1631 ,
3335 1575 3388 1621 et
3407 1567 3555 1636 dicit,

1980 1651 2038 1698 ut
2064 1652 2187 1700 tunc
2202 1645 2533 1715 jejunaretur
2554 1653 2806 1722 temporis
2825 1669 2932 1709 non
2959 1654 3153 1720 fuisse,
3181 1669 3396 1728 pr0pter
3416 1661 3559 1730 quod

1977 1737 2052 1791 ait
2077 1737 2331 1796 Dominus
2353 1783 2367 1808 ,
2407 1741 2614 1798 Venient
2641 1745 2747 1801 dies
2773 1755 2827 1799 ut
2845 1753 3109 1818 auferatur
3129 1767 3342 1821 sponsus
3371 1752 3432 1805 ab
3455 1754 3555 1818 eis,

1978 1836 2023 1880 et
2049 1837 2167 1882 tunc
2181 1832 2488 1901 jejunabunt
2517 1834 2613 1904 ﬁlii
2637 1838 2810 1908 sponsi
2830 1838 2939 1909 (Id.
2969 1857 3042 1909 tx,
3070 1841 3179 1911 l5),
3205 1843 3325 1913 quia
3349 1853 3557 1914 tempus

1975 1921 2184 1990 gaudii,
2231 1931 2281 1978 et
2325 1933 2534 1996 tempus
2569 1936 2652 1983 est
2690 1929 2861 1986 luctus
2890 1930 3080 2003 (Eccle.
3111 1949 3188 1998 ut,
3221 1933 3294 2007 4),
3329 1937 3557 2005 primum

1976 2013 2252 2069 attendere
2278 2015 2494 2084 debuit,
2527 2020 2670 2090 quod
2698 2021 2804 2076 illic
2828 2022 3082 2078 Dominus
3103 2025 3418 2094 dejejunio,
3451 2044 3558 2082 non

1974 2105 2042 2161 de
2070 2108 2275 2164 sabbati
2293 2110 2492 2180 jejunio
2520 2113 2853 2184 loquebatur.
2893 2116 3093 2172 Deinde
3117 2133 3238 2172 cum
3265 2120 3378 2174 vult
3404 2121 3560 2177 intel-

1975 2197 2065 2269 ligi
2086 2201 2283 2256 luctum
2311 2201 2513 2272 jejunio
2534 2247 2547 2270 ,
2593 2205 2712 2260 cibo
2749 2207 2998 2278 gaudium
3035 2209 3429 2279 deputandum,
3462 2227 3560 2268 cur

1975 2306 2082 2346 non
2112 2294 2340 2364 cogitat,
2383 2296 2638 2367 quidquid
2668 2306 2751 2353 est
2779 2299 2907 2355 illud
2934 2301 3075 2372 quod
3097 2302 3394 2372 signiﬁcare
3419 2303 3558 2359 Deus

1974 2384 2140 2440 voluit
2165 2387 2220 2441 in
2250 2402 2314 2443 eo
2345 2389 2486 2459 quod
2515 2391 2771 2462 scriptum
2797 2401 2879 2447 est
2899 2435 2913 2458 ,
2953 2408 3074 2448 eum
3105 2394 3190 2449 die
3219 2395 3444 2466 septimo
3468 2411 3559 2451 re-

1975 2477 2241 2547 quievisse
2277 2479 2346 2536 ab
2385 2482 2632 2538 omnibus
2660 2484 2912 2554 operibus
2938 2486 3048 2540 suis
3071 2486 3220 2558 (Gen.
3251 2504 3306 2555 ιι,
3335 2487 3413 2559 2),
3452 2505 3561 2544 non

1973 2567 2047 2623 ibi
2090 2570 2289 2625 luctum
2334 2573 2685 2643 signiﬁcatum
2729 2575 2930 2643 fuisse,
2979 2579 3074 2634 sed
3119 2579 3408 2649 gaudium?
3445 2579 3560 2637 Nisi

1973 2660 2111 2719 forte
2152 2665 2390 2722 dicturus
2434 2678 2548 2735 est,
2591 2670 2644 2725 in
2686 2670 2773 2725 illa
2808 2672 2990 2742 requie
3034 2673 3128 2726 Dei
3167 2683 3220 2727 et
3258 2674 3561 2730 sanctiﬁcao

1975 2758 2120 2814 tione
2176 2760 2381 2816 sabbati
2437 2762 2687 2832 gaudium
2735 2763 2970 2834 Iudaeis,
3034 2765 3233 2821 luctum
3292 2766 3557 2838 signiﬁca-

1975 2860 2088 2907 tum
2123 2867 2240 2908 esse
2266 2854 2597 2911 Christianis.
2647 2857 2714 2910 Et
2753 2866 2931 2913 tamen
2973 2873 3074 2914 nec
3114 2859 3325 2929 quando
3365 2860 3561 2915 sancti-

1975 2943 2153 2999 ficavit
2197 2946 2336 3000 Deus
2380 2946 2520 3002 diem
2559 2947 2880 3017 septimum,
2931 2950 3053 3019 quia
3103 2949 3158 3004 in
3199 2951 3290 3005 illo
3342 2952 3556 3022 requie-

1974 3034 2050 3087 vit
2082 3034 2149 3089 ab
2183 3036 2430 3091 omnibus
2467 3037 2716 3106 operibus
2746 3039 2856 3093 suis
2876 3079 2890 3105 ,
2926 3038 3123 3108 aliquid
3154 3039 3220 3094 de
3243 3040 3446 3110 jejunio
3471 3041 3558 3096 vel

1974 3127 2198 3196 prandio
2245 3129 2449 3183 sabbati
2497 3131 2788 3199 expressit;
2839 3145 2937 3186 nec
2973 3146 3094 3185 cum
3133 3141 3315 3201 postea
3359 3132 3559 3204 pepulo

1974 3218 2200 3273 Hebrer
2229 3219 2294 3274 de
2323 3219 2488 3290 ipsius
2514 3221 2617 3275 diei
2645 3221 3012 3278 observatione
3032 3223 3336 3292 mandavit,
3360 3224 3560 3294 aliquid

1974 3308 2041 3363 de
2065 3309 2336 3365 alimentis
2375 3311 2461 3366 vel
2497 3311 2770 3367 sumendis
2797 3312 2884 3368 vel
2907 3328 3012 3368 non
3036 3313 3309 3370 sumendis
3350 3314 3559 3368 locutus

1973 3413 2075 3460 cst.
2121 3404 2337 3460 Vacatio
2368 3412 2572 3459 tantum
2599 3405 2798 3460 homini
2836 3421 2867 3461 a
2911 3406 3041 3473 suis,
3086 3408 3171 3462 vel
3206 3422 3237 3461 a
3276 3406 3558 3463 servilibus

1978 3497 2228 3569 operibus
2267 3498 2595 3568 imperatur:
2623 3515 2781 3570 quam
2824 3500 2969 3570 prior
3000 3500 3225 3571 populus
3268 3499 3323 3554 in
3367 3499 3556 3555 umbra

1977 3589 2248 3659 accipiens
2273 3588 2573 3645 futurorum
2597 3631 2611 3656 ,
2642 3590 2719 3645 sic
2749 3591 2951 3646 vacavit
2969 3591 3037 3646 ab
3058 3591 3335 3661 operibus,
3373 3606 3560 3661 quem-

1974 3681 2259 3736 admodum
2289 3696 2432 3736 nunc
2467 3681 2679 3737 Judteos
2707 3696 2897 3738 vacare
2922 3683 3309 3753 conSpicimus;
3340 3698 3467 3749 non,
3501 3693 3560 3737 ut

1975 3784 2208 3845 putatur,
2239 3774 2438 3830 Judaeis
2463 3775 2761 3832 carnalibus
2807 3791 2913 3832 non
2958 3785 3102 3833 recte
3140 3778 3555 3848 intelligentihus

1975 3868 2118 3939 quod
2143 3877 2291 3924 recte
2317 3868 2617 3940 intelligunt
2642 3869 2950 3926 Christiani.
2983 3870 3167 3942 Neque
3194 3872 3336 3926 enim
3365 3871 3555 3928 melius

1975 3961 2078 4017 hoc
2105 3961 2449 4032 intelligimus
2474 3977 2630 4032 quam
2660 3961 2938 4032 Prophetas
2957 4004 2973 4031 ,
3005 3963 3095 4033 qui
3125 3972 3300 4020 tamen
3330 3978 3394 4019 eo
3424 3975 3556 4019 tem-

1974 4069 2105 4124 pore
2126 4097 2140 4122 ,
2173 4071 2277 4125 quo
2313 4055 2383 4109 ita
2419 4055 2534 4110 ﬁeri
2572 4055 2834 4125 oportuit,
2869 4068 3214 4112 servaverunt
3248 4057 3384 4112 hanc
3426 4060 3552 4113 sab-

1970 4145 2083 4201 bati
2111 4146 2441 4200 vacationem
2464 4188 2478 4212 ,
2507 4162 2664 4215 quam
2689 4146 2863 4202 Judzei
2891 4154 3078 4216 putant
3100 4147 3273 4202 adhuc
3293 4163 3411 4202 esse
3437 4163 3551 4203 ser-

1975 4238 2223 4293 vandam.
2270 4238 2416 4294 Unde
2447 4239 2574 4294 illud
2600 4248 2719 4306 est,
2762 4238 2903 4309 quod
2943 4240 3174 4309 lapidare
3211 4241 3353 4296 Deus
3377 4241 3553 4296 homi-

1973 4347 2097 4386 nem
2137 4331 2332 4401 jussit,
2373 4331 2464 4402 qui
2504 4332 2723 4387 sabbato
2750 4331 2893 4401 ligna
2916 4333 3200 4403 collegerat
3232 4333 3416 4405 (Num.
3447 4351 3550 4402 xv,

1972 4424 2099 4496 35);
2138 4440 2400 4495 nusquam
2435 4433 2609 4480 autem
2645 4425 2870 4495 legimus
2904 4425 3191 4495 lapidatum
3216 4467 3230 4492 ,
3259 4427 3344 4481 vel
3378 4427 3554 4496 aliquo

1975 4519 2190 4588 dignum
2237 4517 2494 4587 supplicio
2537 4516 2869 4587 judicatum,
2908 4517 3019 4573 sive
3060 4517 3386 4588 jejunantem
3428 4520 3553 4574 sab-

1974 4609 2101 4665 bato
2121 4652 2135 4677 ,
2165 4611 2277 4665 sive
2308 4609 2679 4681 prandentem.
2718 4610 2852 4676 Quid
2897 4617 3073 4665 tamen
3112 4611 3302 4666 horum
3327 4611 3553 4668 duorum

1973 4702 2134 4773 quieti
2157 4702 2457 4769 conveniat,
2471 4701 2597 4771 quid
2619 4700 2808 4767 labori,
2828 4700 2927 4756 iste
2952 4702 3065 4770 ipse
3085 4700 3293 4770 viderit,
3319 4704 3404 4774 qui
3429 4719 3556 4774 gau-

1974 4794 2121 4850 dium
2147 4793 2618 4859 manducantibus,
2647 4793 2841 4848 luctum
2866 4793 3225 4863 jejunantibus
3250 4794 3552 4865 deputavit,

1976 4887 2062 4942 vel
2093 4903 2123 4940 a
2151 4887 2375 4941 Domino
2401 4885 2644 4956 deputari
2671 4884 2957 4951 intellexit,
3005 4885 3092 4940 ubi
3131 4885 3196 4940 de
3234 4884 3437 4956 jejunio
3463 4903 3550 4942 re-

1975 4978 2244 5049 spondens
2285 4977 2396 5031 ait:
2423 4975 2546 5031 Non
2592 4984 2796 5047 possunt
2835 4975 3006 5046 lugere
3029 4977 3125 5045 ﬁlii
3152 4978 3345 5047 sponsi,
3373 4993 3551 5046 quam-

1978 5070 2064 5124 diu
2089 5086 2202 5123 cum
2224 5069 2293 5124 eis
2321 5076 2391 5123 est
2419 5085 2632 5139 sponsus
2657 5067 2867 5141 (Matth.
2899 5083 2972 5133 rx,
3001 5069 3113 5138 15).

2046 5166 2098 5220 6.
2141 5163 2294 5232 Quod
2339 5167 2516 5218 autem
2551 5171 2833 5234 propterea
2862 5161 2990 5216 dicit
3024 5160 3242 5217 sabbato
3269 5161 3553 5230 Apostolos

1974 5244 2326 5313 manducasse
2343 5298 2358 5325 ,
2381 5256 2505 5327 quia
2530 5253 2762 5309 nondum
2783 5261 2896 5308 erat
2925 5261 3132 5323 tempus
3158 5262 3215 5307 ut
3239 5252 3456 5308 sabbato
3471 5251 3554 5321 je-

1969 5352 2221 5423 junarent
2249 5367 2265 5417 ;
2293 5348 2434 5420 quod
2462 5347 2663 5403 scilicet
2691 5356 2930 5403 veterum
2960 5344 3174 5402 traditio
3204 5343 3550 5414 prohibebat:

1979 5442 2235 5514 numquid
2258 5455 2386 5512 ergo
2416 5440 2524 5510 jam
2556 5447 2670 5494 erat
2703 5447 2912 5509 tempus
2938 5445 2997 5492 ut
3022 5436 3240 5492 sabbato
3271 5450 3374 5489 non
3399 5448 3554 5488 vaca-

1974 5537 2130 5592 rent?
2169 5535 2353 5591 Nonne
2378 5543 2430 5588 et
2454 5533 2556 5588 hoc
2589 5531 2801 5587 traditio
2842 5540 3081 5587 veterum
3119 5525 3460 5597 prohibebat,
3501 5537 3556 5580 ct

1974 5642 2163 5684 vacare
2206 5625 2464 5696 cogebat?
2506 5633 2561 5681 et
2611 5632 2787 5678 tamen
2822 5639 2888 5678 eo
2923 5624 3039 5692 ipso
3068 5619 3272 5676 sabbati
3299 5618 3416 5686 die,
3449 5632 3554 5688 quo

1978 5720 2174 5778 Christi
2198 5719 2421 5789 legimus
2449 5717 2800 5773 manducasse
2821 5713 3126 5783 discipulos,
3157 5713 3432 5768 vulscrunt
3450 5710 3556 5765 uti-

1977 5829 2080 5884 que
2109 5812 2282 5883 spicas
2312 5809 2425 5882 (Id.
2460 5826 2568 5877 xu,
2595 5810 2683 5880 l);
2729 5807 2869 5878 quod
2913 5806 3134 5862 sabbato
3179 5820 3287 5861 non
3322 5803 3553 5869 licebat,

1977 5909 2102 5982 quia
2145 5915 2380 5965 veterum
2420 5902 2635 5961 traditio
2673 5899 3003 5973 prohibebat.
3056 5898 3247 5953 Videat
3281 5897 3441 5969 igitur
3480 5906 3551 5953 ne

3019 5989 3279 6075 (ϐίηφι)
