4044 6338
571 445 671 502 £39

564 540 702 617 ibrte
727 537 1101 630 congruentius
1124 555 1172 610 ei
1197 552 1579 624 respondeatur
1606 549 1723 606 ideo
1744 552 2023 608 Dominum
2049 552 2136 608 die

567 653 659 707 illo
684 666 716 706 a
737 649 1011 720 discipulis
1043 648 1158 703 hmc
1177 648 1282 704 dno
1307 647 1420 702 ﬁeri
1448 645 1714 712 voluisse;
1746 662 1908 701 unum
1933 645 2000 701 de
2022 646 2134 717 spi-

565 744 642 798 cis
671 740 930 798 vellendis
945 779 964 808 ,
988 739 1209 795 alterum
1233 739 1299 793 de
1322 727 1585 792 alimentis
1603 736 1907 803 sumendis;
1928 742 1986 790 ut
2005 735 2134 790 illud

565 841 708 889 esset
746 821 1001 888 adversus
1039 845 1131 886 eos
1164 830 1253 900 qui
1295 828 1513 884 sabbato
1540 827 1724 882 volunt
1761 841 1947 882 vacare
1967 869 1983 895 ,
2031 823 2134 881 hoc

564 933 739 981 autem
790 923 1044 980 adversus
1088 935 1181 978 eos
1225 920 1313 991 qui
1360 928 1555 990 cogunt
1593 920 1815 975 sabbato
1844 918 2131 989 ieiunare:

568 1029 689 1070 cum
732 1003 865 1070 illud
910 1019 1111 1068 mutato
1157 1019 1399 1080 tempore
1425 1011 1536 1080 iam
1564 1009 1984 1080 superstitiosum
2013 1022 2134 1064 esse

566 1105 945 1176 signiﬁcasset,
989 1102 1090 1157 hoc
1126 1109 1304 1157 autem
1357 1109 1576 1172 utroque
1622 1109 1859 1172 tempore
1905 1099 2130 1155 liberum

565 1209 685 1252 esse
727 1192 1000 1250 voluisset.
1049 1191 1232 1264 Neque
1260 1191 1314 1248 id
1345 1189 1710 1248 conﬁrmando
1737 1183 1996 1256 dixerim,
2037 1189 2133 1245 sed

563 1290 689 1361 quid
719 1289 768 1345 ei
794 1288 964 1344 multo
991 1288 1198 1360 aptius,
1243 1301 1400 1357 quam
1443 1293 1567 1342 sunt
1603 1299 1666 1342 ea
1714 1301 1832 1356 quae
1877 1285 2130 1355 loquitur,

562 1379 869 1452 responderi
897 1378 1062 1449 possit
1083 1377 1428 1433 ostenderim.

631 1470 856 1528 CAPUT
880 1469 1096 1524 lV.—7.
1126 1469 1391 1535 Quomodo
1409 1508 1426 1536 ,
1455 1469 1648 1538 inquit,
1677 1483 1780 1522 non
1804 1483 1917 1521 cum
1945 1465 2134 1520 Phari-

563 1577 660 1616 steo
687 1561 1056 1626 damnabimur,
1084 1559 1159 1614 bis
1195 1560 1248 1613 in
1286 1555 1490 1614 sabbato
1523 1558 1854 1630 jejunantes?
1880 1564 2130 1627 tanquam

564 1653 864 1708 Pharisaaus
889 1651 1006 1707 ideo
1029 1651 1325 1717 damnetur,
1349 1650 1469 1719 quia
1490 1649 1571 1702 bis
1597 1649 1648 1702 in
1673 1647 1894 1704 sabbato
1917 1647 2130 1717 ieiuna-

565 1745 688 1810 bat,
732 1755 786 1798 et
827 1758 933 1798 non
971 1743 1092 1813 quia
1131 1757 1291 1813 super
1324 1741 1666 1797 Publicanum
1693 1735 1754 1794 se
1782 1738 2012 1793 tumidus
2037 1754 2131 1794 ex-

564 1835 781 1891 tollebat
802 1833 950 1906 (Luc.
985 1849 1132 1901 XVIII,
1164 1835 1251 1899 ll,
1278 1832 1389 1903 12).
1420 1833 1599 1887 Potest
1619 1840 1792 1886 autem
1827 1830 1926 1885 iste
1951 1829 2130 1884 dicere

563 1926 721 1982 etiam
762 1924 904 1992 illos,
949 1925 1038 1994 qui
1077 1924 1312 1978 omnium
1347 1923 1609 1978 fructuum
1643 1935 1860 1976 suorum
1897 1919 2130 1974 decimas

561 2017 686 2072 dant
728 2016 1045 2087 pauperibus
1065 2057 1078 2080 ,
1127 2031 1246 2071 cum
1281 2014 1548 2069 Pharisaao
1575 2013 1849 2078 damnari,
1879 2012 2001 2082 quia
2029 2010 2131 2066 hoc

561 2125 769 2181 quoque
796 2109 883 2162 ille
910 2109 1047 2162 inter
1074 2123 1168 2162 sua
1199 2121 1358 2177 opera
1401 2105 1753 2176 praedicabat;
1801 2102 1940 2174 quod
1979 2103 2127 2171 cupi-

563 2216 684 2257 mus
702 2216 735 2255 a
758 2200 938 2256 multis
961 2199 1073 2255 fieri
1099 2199 1399 2254 christianis
1416 2239 1432 2262 ,
1473 2206 1526 2252 et
1559 2200 1644 2251 vix
1676 2196 2024 2268 paucissimos
2051 2195 2131 2248 in-

563 2295 843 2350 venimus:
873 2305 963 2348 aut
983 2308 1109 2348 vero
1145 2292 1232 2362 qui
1269 2305 1374 2345 non
1401 2291 1558 2346 fuerit
1577 2290 1824 2360 iniustus,
1847 2289 2052 2342 adulter
2076 2296 2130 2342 et

559 2397 766 2458 raptor,
789 2401 908 2442 cum
934 2385 1202 2440 Pharisa‘o
1225 2383 1594 2448 damnabitur;
1623 2384 1744 2452 quia
1765 2383 1853 2437 ille
1881 2398 1940 2436 se
1968 2382 2127 2435 talem

560 2493 665 2533 non
691 2493 810 2536 esse
839 2477 1106 2547 iactabat;
1139 2476 1277 2546 quod
1313 2484 1458 2532 certe
1484 2475 1720 2546 quisquis
1749 2474 1942 2539 sentit,
1983 2475 2127 2527 insa-

560 2572 654 2624 nit.
699 2567 865 2624 Porro
883 2572 925 2624 si
959 2571 1073 2622 haec
1097 2569 1214 2624 sine
1243 2569 1403 2622 dubio
1443 2568 1611 2635 bona,
1657 2582 1774 2636 quae
1803 2566 1901 2620 sibi
1943 2565 2127 2619 Phari-

558 2676 698 2716 smus
725 2661 898 2714 inesse
922 2659 1405 2722 commemorabat,
1443 2673 1550 2712 non
1592 2656 1830 2711 habenda
1857 2663 1982 2709 sunt
2005 2669 2126 2708 cum

558 2751 893 2822 superbiente
925 2750 1171 2820 iactantia
1200 2765 1318 2820 qua:
1344 2749 1396 2804 in
1431 2748 1525 2802 illo
1559 2748 1880 2817 apparebat;
1918 2743 2013 2799 sed
2048 2753 2128 2799 ta-

559 2858 683 2898 men
717 2841 956 2897 habenda
981 2850 1106 2896 sunt
1129 2856 1250 2895 cum
1271 2840 1466 2908 pietate
1485 2838 1671 2892 humili
1691 2853 1808 2907 qua:
1833 2837 1884 2890 in
1909 2837 1998 2890 illo
2019 2851 2123 2890 non

555 2943 670 2990 erat
692 2951 707 2988 :
731 2934 808 2989 sic
835 2943 889 2989 et
916 2933 996 2987 bis
1022 2933 1076 2986 in
1100 2931 1318 2988 sabbato
1347 2930 1606 3001 ieiunare,
1634 2929 1686 2983 in
1713 2927 1927 2983 homine
1955 2927 2125 2996 qualis

552 3025 723 3081 fuerat
757 3025 847 3080 ille
871 3024 1195 3088 Pharisteus,
1235 3022 1614 3077 infructuosum
1661 3027 1774 3083 est;
1815 3019 1866 3073 in
1909 3017 2125 3074 homine

551 3126 730 3171 autem
754 3114 1024 3169 humiliter
1041 3113 1202 3178 ﬁdeli,
1226 3113 1310 3169 vel
1334 3111 1558 3168 ﬁdeliter
1581 3109 1790 3176 humili,
1817 3108 2122 3180 religiosum

550 3217 662 3264 est:
689 3208 928 3278 quamvis
948 3207 1248 3276 evangelica
1270 3206 1539 3275 Scriptura
1559 3220 1662 3259 non
1684 3202 1877 3259 dixerit
1904 3201 2124 3256 damna-

552 3307 660 3352 tum
688 3296 1012 3352 Pharisaeum
1031 3335 1050 3364 ,
1082 3297 1175 3352 sed
1210 3297 1378 3367 magis
1410 3295 1757 3366 iustiﬁcatum
1784 3293 1918 3350 dixit
1943 3292 2116 3349 Publi-

549 3403 760 3444 canum.

619 3478 673 3534 8.
695 3477 889 3533 Verum
907 3477 953 3532 si
978 3477 1076 3533 hoc
1096 3477 1255 3532 modo
1275 3486 1421 3546 putat
1446 3477 1543 3532 iste
1565 3477 1959 3547 intelligendum
1977 3474 2119 3546 quod

548 3571 623 3624 ait
645 3570 920 3633 Dominus,
945 3568 1064 3622 Nisi
1089 3568 1411 3623 abundaverit
1430 3569 1631 3638 justitia
1650 3580 1813 3623 uestra
1839 3569 1952 3639 plus
1969 3584 2119 3638 quam

549 3661 844 3716 Scribarum
882 3669 927 3715 et
957 3658 1364 3726 Pharisteorum,
1406 3676 1505 3714 non
1533 3659 1780 3714 intrabitis
1815 3661 1867 3712 in
1911 3675 2118 3729 regnum

545 3757 785 3810 caelorum
811 3753 1032 3824 (Matth.
1069 3769 1102 3808 v
1121 3794 1136 3818 ,
1161 3753 1225 3808 2i
1245 3753 1285 3825 ),
1315 3762 1369 3808 et
1393 3753 1492 3807 nisi
1522 3753 1747 3822 amplius
1779 3768 1934 3822 quam
1961 3751 2042 3806 bis
2063 3753 2116 3806 in

545 3845 766 3901 sabbato
801 3845 1129 3914 ieiunemus,
1159 3844 1262 3900 hoc
1286 3852 1550 3915 praecepto
1584 3857 1691 3900 non
1724 3845 1985 3913 possimus
2013 3844 2116 3896 im-

547 3936 726 4006 plere;
753 3936 888 3992 bene
906 3935 1046 4007 quod
1071 3945 1272 4007 septem
1294 3935 1408 3990 dies
1433 3945 1556 3990 sunt
1575 3937 1663 4005 qui
1683 3935 1950 3991 Voluminc
1977 3944 2115 3988 tem-

544 4042 732 4098 porum
759 4043 853 4096 per
890 4043 981 4083 sua
1012 4029 1229 4098 vestigia
1258 4037 1593 4084 revocantur.
1620 4026 1754 4082 Cum
1780 4043 1907 4099 ergo
1934 4043 1998 4082 ex
2035 4027 2116 4082 his

548 4120 762 4174 biduum
803 4119 1024 4191 quisque
1052 4119 1371 4184 detraxerit,
1400 4133 1468 4172 ne
1505 4118 1724 4174 sabbato
1749 4119 2115 4188 dominicoque

538 4211 760 4282 ieiunet,
792 4220 1068 4266 remanent
1094 4210 1208 4265 dies
1235 4211 1464 4279 quinque
1490 4208 1542 4262 in
1573 4209 1762 4280 quibus
1788 4209 2112 4263 Pharismum

543 4319 794 4373 superare
821 4304 990 4372 possit
1016 4302 1095 4358 bis
1119 4303 1170 4355 in
1196 4303 1414 4356 sabbato
1435 4301 1780 4371 ieiunantem.
1813 4301 1947 4354 Puto
1971 4301 2111 4353 enim

545 4393 684 4463 quod
712 4394 757 4447 si
785 4401 863 4448 ter
891 4394 944 4448 in
965 4393 1182 4446 sabbato
1207 4393 1324 4461 quis
1346 4392 1581 4460 ieiunat,
1605 4392 1710 4461 iam
1735 4400 1946 4460 superat
1974 4391 2110 4444 Pha-

541 4485 777 4548 risaeum,
808 4484 896 4553 qui
921 4483 1003 4537 bis
1027 4483 1078 4536 in
1109 4481 1326 4535 sabbato
1347 4481 1636 4550 ieiunabat.
1664 4481 1814 4548 Quod
1845 4481 1886 4534 si
1910 4491 1960 4535 et
1987 4497 2111 4549 qua-

541 4585 656 4643 ter,
679 4576 763 4631 vel
800 4573 958 4630 etiam
997 4583 1057 4630 ut
1093 4574 1264 4628 nullus
1293 4573 1532 4638 dierum,
1563 4581 1786 4641 excepto
1811 4572 2032 4624 sabbato
2059 4580 2115 4627 et

540 4667 839 4733 dominico,
867 4667 1297 4736 praetermittatur
1319 4707 1334 4732 ,
1376 4667 1427 4720 in
1460 4663 1788 4720 hebdomade
1833 4664 2111 4734 quinquies

535 4760 833 4833 ieiunetur,
869 4759 1012 4830 quod
1041 4758 1190 4815 multi
1220 4766 1329 4813 tota
1355 4758 1459 4812 vita
1487 4772 1580 4812 sua
1625 4757 1815 4812 iaciunt
1835 4796 1851 4823 ,
1883 4757 2112 4810 maxime

539 4854 593 4910 in
629 4852 967 4909 monasteriis
1004 4851 1314 4916 constituti;
1346 4865 1448 4904 non
1492 4850 1664 4905 solum
1696 4848 1992 4904 Pharisaens
2021 4847 2112 4917 qui

538 4945 620 5000 bis
649 4945 701 5002 in
732 4944 950 5000 sabbato
974 4943 1262 5013 ieiunabat,
1289 4958 1469 4997 verum
1490 4942 1649 4996 etiam
1680 4941 1997 4996 christianus
2020 4941 2110 5010 qui

538 5043 721 5106 quarta
747 5044 802 5091 et
833 5043 976 5089 sexta
1003 5034 1021 5065 ¹
1051 5045 1104 5088 et
1149 5034 1265 5104 ipso
1294 5034 1511 5088 sabbato
1541 5033 1782 5103 ieiunare
1815 5033 2103 5095 consuevit,

536 5125 678 5196 quod
698 5125 1003 5195 frequenter
1029 5125 1262 5180 Romana
1290 5125 1440 5196 plebs
1454 5123 1613 5192 ~facit,
1646 5125 1696 5179 in
1725 5125 1905 5180 labore
1924 5124 2110 5196 ieiunii

536 5215 870 5286 superabitur
898 5233 912 5270 :
932 5225 986 5270 et
1012 5224 1187 5270 tamen
1213 5217 1390 5272 nescio
1410 5217 1527 5287 quis
1555 5217 1674 5283 iste,
1698 5224 1754 5270 ut
1773 5216 1924 5283 dicis,
1948 5215 2108 5270 Urbi-

537 5322 630 5362 cus
658 5307 971 5378 disputator,
1000 5307 1204 5361 etiamsi
1225 5307 1344 5377 quis
1368 5308 1599 5377 quinque
1629 5307 1890 5364 continuis
1913 5314 2110 5377 praeter

535 5398 812 5454 sabbatum
851 5405 906 5453 et
931 5397 1251 5452 dominicum
1277 5398 1463 5452 diebus
1504 5399 1573 5452 ita
1596 5397 1833 5467 ieiunet,
1876 5408 1934 5452 ut
1961 5398 2106 5452 nullo

537 5486 621 5540 die
642 5489 855 5546 omnino
875 5488 1078 5544 reﬁciat
1093 5502 1304 5556 corpus,
1327 5502 1449 5544 eum
1470 5489 1734 5543 carnalem
1758 5499 1931 5554 vocat,
1954 5488 2105 5557 quasi

534 5576 684 5632 cibus
711 5587 766 5633 et
789 5588 944 5648 potus
980 5579 1186 5634 caeteris
1220 5578 1405 5634 diebus
1446 5596 1549 5634 non
1579 5581 1838 5650 pertineat
1873 5579 1938 5634 ad
1983 5595 2104 5635 car-

598 5789 614 5859 ξ
635 5787 1066 5863 Edd.,s_e.:r_tafe_ria.
1082 5798 1188 5843 Mss.
1202 5799 1370 5843 carent
1383 5803 1506 5843 voce
1527 5791 1651 5856 feria
1672 5792 1749 5844 hic
1772 5801 1825 5845 et
1837 5793 1948 5847 aliis
1967 5792 2103 5856 locis,

532 5849 614 5899 ubi
635 5822 1214 5914 mmmam:

1760 439 1816 497 s.
1857 423 2224 499 aucusruvl
2263 427 2562 502 περιδεοη

2239 568 2358 608 nem
2378 569 2390 616 ;
2415 562 2469 608 et
2488 553 2831 610 ventricola‘m
2852 555 3072 626 iudicat,
3089 559 3236 629 quasi
3257 559 3422 618 solius
3434 560 3638 620 sabbati
3661 581 3824 636 praua

2238 643 2384 700 dium
2411 641 2695 702 descendat
2721 648 2773 702 in
2801 637 3062 704 ventrem.

2317 735 2541 793 CAPUT
2572 738 2762 792 V.—9.
2791 739 2919 794 Huic
2943 754 3071 795 sane
3097 755 3205 796 non
3239 743 3428 799 sufﬁcit
3448 746 3586 816 quod
3616 750 3680 803 ad
3702 752 3826 806 vin.

2237 829 2465 885 cendum
2495 829 2820 886 Pharisaeum
2843 832 2951 902 iam
2978 833 3194 901 sufﬁcit,
3225 843 3282 890 ut
3304 846 3382 891 ter
3407 839 3458 892 in
3488 840 3708 896 sabbato
3731 845 3829 913 jea

2231 917 2483 990 iuuetur;
2511 923 2604 981 sed
2635 933 2853 994 excepto
2882 924 3146 980 dominico
3183 941 3276 982 sex
3295 930 3508 984 caeteris
3531 930 3717 987 diebus
3747 936 3826 992 itl

2232 1011 2476 1082 ieiunare
2497 1015 2782 1084 compellit,
2813 1010 2868 1070 ut
2887 1017 3026 1072 dicat
3057 1035 3069 1071 :
3098 1018 3320 1089 Antiqua
3344 1031 3535 1076 remota
3560 1020 3687 1090 labe,
3712 1026 3827 1079 duo

2236 1105 2291 1158 in
2316 1121 2470 1160 carne
2497 1123 2600 1160 una
2618 1147 2632 1172 ,
2663 1106 2848 1162 Christi
2862 1111 2974 1178 jam
3000 1110 3090 1164 sub
3115 1111 3380 1180 disciplina
3408 1124 3684 1180 manentes,
3713 1133 3826 1171 non

2237 1195 2417 1250 debent
2446 1214 2558 1251 cum
2592 1198 2712 1266 ﬁliis
2733 1201 2840 1254 sine
2864 1201 2970 1270 lege
2994 1210 3040 1255 et
3073 1218 3186 1255 cum
3215 1203 3524 1274 principibus
3553 1203 3824 1262 Sodomo-

2236 1287 2381 1357 rum,
2426 1299 2472 1344 et
2515 1307 2626 1344 cum
2665 1289 2805 1361 plebe
2845 1291 3137 1348 Gomorrae:
3167 1294 3486 1350 sabbatorum
3526 1295 3814 1369 voluptarii.

2235 1381 2463 1436 convivia
2499 1383 2759 1449 exercere;
2783 1385 2871 1440 sed
2893 1402 3008 1439 cum
3044 1388 3388 1443 sanctimonia
3410 1389 3586 1444 incolis
3611 1407 3672 1444 ac
3703 1390 3809 1447 De;

2237 1472 2426 1527 devotis
2447 1474 2657 1528 solemni
2677 1484 2725 1529 et
2743 1478 3068 1532 ecclesiastico
3087 1479 3208 1549 jure
3229 1481 3388 1551 magis
3415 1496 3475 1534 ac
3499 1483 3659 1554 magis
3683 1482 3824 1553 legi-

2235 1565 2353 1619 time
2379 1567 2648 1636 jejunare,
2678 1577 2733 1620 ut
2768 1585 2857 1624 sea:
2882 1567 3075 1624 dierum
3114 1570 3191 1625 vel
3225 1571 3344 1627 leuis
3384 1589 3559 1638 error,
3597 1573 3814 1644 ieiunii,

2242 1657 2481 1710 orationis
2510 1667 2556 1711 et
2577 1659 2899 1732 eleemosyrue
2922 1662 3142 1732 fontibus
3165 1661 3426 1728 abluatur,
3443 1679 3541 1732 quo
3561 1664 3824 1734 possimus

2235 1748 2484 1803 dominica
2521 1751 2687 1820 alogia
2725 1754 2896 1824 refecti
2929 1771 3098 1809 omnes
3125 1755 3306 1822 tequali
3331 1755 3479 1808 corde
3511 1756 3662 1826 digne
3687 1773 3820 1810 can-

2234 1847 2338 1892 tare
2373 1855 2393 1893 :
2421 1840 2673 1896 Saturasti
2693 1882 2707 1906 ,
2736 1842 2982 1911 Domine,
3021 1845 3240 1897 animum
3268 1844 3497 1909 inanem,
3530 1855 3578 1899 et
3624 1847 3822 1914 potasti

2233 1927 2452 1982 animam
2475 1931 2734 1985 sitientem.
2759 1932 2860 1988 ista
2884 1934 3066 1992 dicens
3085 1943 3138 1988 et
3157 1949 3186 1988 a
3211 1933 3504 2004 frequentia
3528 1935 3813 2006 ieiunandi

2234 2019 2402 2073 solum
2424 2020 2563 2074 diem
2589 2021 2908 2078 dominicum
2938 2024 3226 2092 excipiens,
3250 2039 3353 2078 non
3384 2034 3584 2079 tantum
3608 2025 3811 2081 Orien-

2234 2109 2298 2166 tis
2323 2117 2376 2165 ct
2402 2110 2701 2168 Occidentis
2729 2114 2951 2185 populos
2993 2113 3310 2168 christianos
3333 2155 3348 2181 ,
3382 2113 3435 2168 in
3465 2115 3656 2184 quibus
3690 2118 3819 2172 sab—

2232 2201 2354 2258 bato
2379 2219 2537 2258 nemo
2561 2204 2798 2274 ieiunat;
2824 2221 3008 2261 verum
3033 2215 3089 2262 et
3110 2207 3275 2275 ipsam
3300 2207 3588 2262 Romanam
3620 2209 3816 2264 Eccle-

2231 2295 2362 2348 siam
2391 2295 2711 2364 improvidus
2731 2305 2784 2351 et
2811 2297 3049 2352 incautus
3071 2307 3304 2352 accusat.
3333 2296 3463 2352 Cum
3486 2299 3624 2354 enim
3656 2299 3808 2366 dicit,

2232 2384 2320 2438 sub
2363 2385 2632 2454 disciplina
2672 2385 2856 2440 Christi
2884 2395 3136 2442 manentes
3155 2427 3172 2454 ,
3205 2404 3306 2441 non
3347 2388 3518 2441 debere
3543 2404 3658 2441 cum
3689 2390 3813 2456 ﬁliis

2230 2475 2337 2529 sine
2365 2474 2492 2546 lege,
2523 2493 2635 2529 cum
2657 2476 2964 2546 principibus
2996 2477 3250 2543 Sodoma,
3275 2494 3386 2531 cum
3413 2477 3553 2547 plebe
3586 2476 3813 2533 Centor-

2229 2564 2337 2618 rlue
2363 2566 2642 2636 voluptaria
2668 2564 2985 2622 sabbatorum
3013 2583 3238 2622 exercere
3277 2569 3533 2634 convivia,
3567 2569 3657 2622 sed
3698 2585 3813 2622 cum

2228 2656 2571 2710 sanctimonia
2593 2655 2768 2710 incolis
2796 2673 2856 2710 ac
2876 2655 2985 2712 Deo
3012 2659 3218 2723 devotis,
3248 2658 3456 2712 solemni
3489 2668 3534 2711 et
3567 2657 3813 2714 ecclesia-

2227 2747 2348 2800 stico
2366 2748 2486 2818 jure
2521 2747 2682 2818 magis
2711 2764 2769 2801 ac
2795 2750 2954 2820 magis
2983 2749 3198 2818 legitime
3216 2749 3482 2820 jejunare;
3512 2764 3573 2802 ac
3609 2749 3812 2805 deinde

2227 2837 2482 2892 definiens
2511 2837 2633 2908 quid
2661 2839 2729 2893 sit
2747 2840 2976 2908 legitime
2996 2838 3260 2908 ieiunare,
3280 2839 3547 2909 subiungit
3569 2849 3620 2894 et
3647 2840 3802 2908 dicit,

2226 2939 2279 2982 ut
2293 2946 2383 2983 sea:
2402 2929 2596 2984 dierum
2617 2929 2693 2983 vel
2712 2931 2829 2983 levis
2848 2946 3006 2996 error,
3025 2930 3234 3000 jejunii,
3257 2930 3496 2984 orationis
3520 2940 3565 2984 et
3587 2929 3807 2984 eleemo-

2226 3036 2365 3090 syna:
2386 3021 2605 3094 fontibus
2627 3020 2857 3074 abluatur
2885 3037 2903 3074 :
2933 3022 3168 3100 profecto
3204 3037 3297 3077 eos
3325 3022 3412 3094 qui
3442 3023 3614 3076 minus
3643 3038 3807 3094 quam

2225 3127 2318 3169 sex
2343 3113 2529 3168 diebus
2566 3113 2619 3166 in
2660 3112 2987 3168 hebdomade
3013 3113 3282 3184 ieiunam,
3335 3130 3440 3170 non
3477 3123 3624 3184 putat
3675 3113 3807 3186 legi-

2223 3204 2350 3259 time
2386 3219 2634 3259 exercere
2667 3204 2920 3275 ieiunium
2948 3245 2960 3267 ,
2994 3220 3090 3258 nec
3130 3205 3239 3259 Deo
3267 3220 3387 3260 esse
3414 3206 3639 3261 devotos
3659 3248 3676 3276 ,
3708 3220 3808 3261 nec

2224 3296 2456 3350 maculas
2482 3296 2708 3362 erroris,
2743 3311 2860 3367 quae
2887 3295 2954 3350 de
2984 3295 3080 3350 ista
3110 3297 3434 3353 mortalitate
3475 3299 3806 3355 contrahun-

2223 3394 2329 3451 tur,
2356 3387 2596 3442 abluere.
2633 3386 2853 3441 Videant
2895 3401 3020 3457 ergo
3049 3387 3272 3442 Romani
3305 3387 3430 3458 quid
3455 3399 3650 3458 agant,
3683 3390 3803 3461 quia

2222 3477 2379 3532 etiam
2423 3477 2521 3547 ipsi
2564 3477 2781 3532 nimium
2825 3479 3206 3533 contumeliose
3248 3479 3406 3548 huius
3442 3479 3804 3550 disputatione

2223 3580 2540 3636 tractantur;
2568 3571 2704 3641 apud
2729 3587 2863 3643 quos
2889 3574 3136 3629 omnibus
3162 3574 3274 3627 istis
3305 3589 3393 3628 sex
3421 3574 3628 3639 diebus,
3666 3592 3803 3646 pra:-

2222 3669 2306 3716 ter
2327 3662 2669 3732 paucissimos
2694 3663 2916 3719 clericos
2936 3674 3026 3718 aut
3049 3665 3358 3730 monachos,
3383 3669 3803 3738 quotusquisque

2221 3754 2504 3821 invenitur,
2534 3755 2621 3824 qui
2649 3754 2944 3825 frequentet
2969 3756 3272 3826 quotidiana
3289 3757 3531 3828 ieiunia?
3562 3760 3796 3814 maxime

2219 3847 2340 3916 quia
2371 3847 2438 3902 ibi
2459 3847 2807 3917 ieiunandum
2838 3847 3018 3917 quinta
3047 3848 3249 3902 sabbati
3275 3864 3377 3903 non
3407 3849 3637 3904 videtur.

2292 3937 2376 3992 l0.
2418 3937 2618 3992 Deinde
2659 3953 2838 4009 qutero
2865 3956 2877 3990 :
2911 3938 2955 3992 si
2986 3938 3398 4009 uniuscuiusque
3427 3939 3531 3994 diei
3559 3941 3642 3994 vel
3673 3941 3802 3995 levis

2219 4039 2368 4080 error
2410 4026 2575 4095 ipsius
2621 4027 2725 4082 diei
2768 4027 2974 4098 ieiunio
3021 4030 3241 4083 solvitur
3282 4031 3364 4084 vel
3414 4031 3682 4098 abluitur;
3725 4031 3800 4084 sic

2220 4116 2357 4170 enim
2387 4116 2530 4182 dicit,
2559 4127 2613 4170 ut
2645 4135 2732 4171 sex
2757 4119 2951 4172 dierum
2979 4121 3055 4173 vel
3081 4121 3199 4173 levis
3217 4137 3373 4184 error,
3390 4121 3577 4190 jejunii
3601 4136 3801 4191 quoque

2219 4206 2438 4274 fontibus
2480 4205 2751 4273 abluatur;
2792 4207 2917 4277 quid
2957 4209 3208 4262 faciemus
3250 4208 3318 4264 de
3359 4209 3452 4264 illo
3487 4197 3672 4266 errore
3711 4208 3798 4280 qui

2219 4299 2548 4368 subrepserit
2573 4301 2842 4354 dominico
2869 4301 2973 4364 die,
3007 4301 3057 4354 in
3084 4316 3190 4371 quo
3219 4301 3520 4355 scandalum
3552 4314 3635 4357 est
3662 4304 3798 4373 ieiu-

2219 4392 2384 4447 nare?
2409 4395 2512 4446 Aut
2539 4394 2580 4445 si
2608 4392 2695 4446 die
2720 4392 2834 4462 ipso
2859 4393 3032 4446 nullus
3057 4393 3370 4447 Christianis
3389 4408 3538 4447 error
3563 4393 3794 4463 obrepit,

2218 4483 2392 4536 videat
2417 4481 2575 4536 homo
2601 4482 2700 4535 iste
2730 4482 2819 4553 qui
2847 4483 3158 4537 ventricolas
3188 4493 3432 4552 tanquam
3461 4499 3686 4554 magnus
3709 4483 3795 4552 je-

2215 4572 2430 4644 iunator
2457 4581 2687 4636 accusat,
2715 4581 2966 4641 quantum
3001 4574 3215 4627 honoris
3241 4583 3294 4628 et
3322 4573 3561 4628 utilitatis
3591 4573 3792 4628 ventri-

2217 4665 2316 4719 bus
2355 4663 2578 4728 tribuat,
2609 4666 2652 4717 si
2685 4674 2808 4718 tunc
2846 4680 2951 4718 non
2983 4675 3207 4729 erratur,
3238 4661 3451 4736 quando
3480 4665 3794 4735 prandetun

2216 4756 2299 4809 An
2328 4755 2461 4810 forte
2499 4757 2548 4809 in
2573 4755 2775 4825 ieiunio
2806 4756 3005 4810 sabbati
3039 4767 3240 4810 tantum
3273 4759 3466 4812 bonum
3497 4755 3789 4812 constituit.

2217 4857 2274 4902 It
2298 4847 2520 4901 aliorum
2550 4864 2638 4901 sex
2670 4847 2896 4912 dierum,
2925 4848 3026 4902 hoc
3048 4858 3149 4916 est,
3179 4848 3343 4919 ipsius
3363 4851 3522 4906 etiam
3543 4846 3789 4903 dominia

2216 4937 2301 4992 vel
2332 4938 2525 5003 levem,
2555 4939 2688 4992 sicut
2709 4939 2858 5004 dicit,
2889 4955 3150 5006 errorem,
3182 4942 3352 4995 solum
3379 4941 3640 5012 ieiunium
3668 4938 3790 4994 sab—

2215 5027 2322 5082 bati
2350 5030 2515 5098 possit
2538 5029 2771 5093 abolere,
2797 5038 2851 5084 et
2879 5031 2991 5083 solo
3021 5030 3134 5100 ipso
3163 5031 3249 5086 die
3279 5048 3382 5086 non
3422 5043 3656 5094 errctur,
3685 5040 3787 5098 quo

2218 5125 2327 5171 toto
2355 5119 2530 5187 utique
2554 5118 2824 5188 ieiunatur
2841 5120 2865 5173 i
2885 5119 3017 5186 Quid
3045 5130 3126 5175 est
3145 5137 3270 5190 ergo
3296 5122 3436 5190 quod
3463 5120 3601 5176 diem
3623 5116 3788 5175 domi-

2218 5209 2388 5264 nicum
2414 5210 2651 5276 sabbato,
2676 5210 2817 5264 velut
2853 5210 3140 5267 christiano
3171 5212 3310 5283 iure,
3337 5209 3632 5284 praeponit?
3654 5211 3785 5266 Ecce

2215 5301 2502 5356 secundum
2527 5300 2696 5370 ipsum
2717 5287 2831 5356 dies
2847 5303 3048 5358 sabbati
3067 5304 3232 5358 multo
3252 5304 3485 5358 sanctior
3506 5297 3781 5362 invenitur,

2214 5393 2265 5447 in
2288 5409 2392 5462 quo
2419 5401 2473 5447 et
2501 5409 2603 5446 non
2634 5405 2861 5463 erratur,
2883 5391 3001 5451 cum
3029 5397 3145 5467 eius
3176 5406 3286 5451 toto
3308 5397 3479 5470 spatio
3497 5396 3778 5467 ieiunatur,

2213 5493 2266 5539 et
2291 5483 2477 5538 eodem
2503 5483 2707 5554 ieiunio
2732 5501 2822 5540 sex
2860 5499 3172 5541 cancrorum
3209 5488 3413 5543 dierum
3433 5530 3447 5556 ,
3479 5503 3540 5542 ac
3568 5501 3659 5558 per
3684 5482 3782 5562 hoc

2213 5574 2379 5643 ipsius
2413 5573 2664 5630 dominici
2705 5592 2854 5631 error
2899 5577 3128 5632 abluitur
3158 5595 3172 5632 :
3204 5588 3331 5648 puto
3363 5577 3505 5649 quod
3545 5575 3634 5632 tibi
3677 5583 3776 5626 non

2210 5665 2384 5736 placet
2406 5666 2501 5719 ista
2529 5668 2888 5736 przesumptio.

2285 5754 2368 5810 ll.
2411 5748 2812 5810 Jamvero’cum
2857 5770 2918 5812 se
2948 5753 3211 5812 hominem
3257 5755 3583 5830 spiritualem
3616 5748 3776 5809 videri

2211 5847 2357 5912 velit,
2385 5857 2439 5900 et
2459 5856 2702 5914 tanquam
2724 5846 2986 5915 carnales,
3013 5861 3296 5918 pransores
3314 5849 3518 5905 sabbati
3546 5847 3774 5907 aecum.
