4080 6346
358 467 451 524 ul
1520 467 1998 551 EPISTOLARUM
2035 470 2308 530 CLASSIS
2349 474 2411 530 ll.

347 581 566 637 attende
588 580 1029 651 quemadmodum
1051 580 1300 635 dominici
1324 579 1427 635 diei
1456 596 1558 634 non
1590 596 1748 649 parco
1771 595 1923 651 pran-

345 676 441 730 dio
479 676 748 731 reﬁciatur
766 718 781 742 ,
810 674 903 730 sed
942 675 1107 745 alogia
1133 674 1440 729 delectetur.
1471 674 1605 742 Quid
1634 682 1715 728 est
1744 682 1922 728 autem

343 767 543 837 alogia,
572 768 713 837 quod
744 768 965 821 verbum
994 782 1057 821 ex
1082 781 1250 837 grazca
1279 766 1451 836 lingua
1484 775 1787 835 usurpatum
1818 773 1919 831 est,

339 858 448 913 nisi
470 872 591 911 cum
620 858 789 927 epulis
826 857 1127 926 indulgetur
1148 898 1160 921 ,
1188 864 1296 910 uta
1322 856 1538 910 rationis
1582 856 1789 909 tramite
1821 854 1919 909 de-

339 948 558 1003 vietur?
585 948 734 1003 Unde
752 948 995 1003 animalia
1017 949 1220 1002 ratiooe
1235 948 1463 1002 carentia
1488 946 1730 1000 dicuntur
1744 946 1915 1015 aloga,

335 1041 534 1109 quibus
558 1039 759 1095 similes
799 1048 922 1094 sunt
946 1038 1119 1093 ventri
1146 1038 1308 1093 dediti
1341 1056 1353 1093 :
1384 1045 1595 1107 propter
1620 1036 1789 1105 quod,
1819 1037 1916 1088 im-

336 1131 676 1185 moderatum
706 1131 1024 1196 convivium,
1049 1146 1155 1199 quo
1179 1146 1348 1193 mens,
1376 1130 1426 1182 in
1461 1144 1563 1199 qua
1589 1129 1723 1183 ratio
1748 1128 1918 1182 domi-

333 1232 499 1275 natur
522 1264 537 1288 ,
579 1221 985 1291 ingurgitatione
1014 1220 1261 1275 vescendi
1302 1235 1365 1274 ac
1404 1218 1618 1273 bibendi
1657 1218 1913 1287 quodam-

330 1311 498 1366 modo
544 1310 824 1379 obruitur,
871 1311 1040 1381 alogia
1092 1317 1439 1380 nuncupatur.
1490 1306 1707 1377 Insuper
1752 1309 1910 1361 etiam

332 1413 557 1473 pr0pter
596 1404 771 1458 cibum
814 1419 876 1458 ac
914 1412 1130 1472 potum,
1177 1418 1280 1456 non
1327 1401 1537 1467 mentis,
1581 1400 1671 1454 sed
1713 1402 1911 1454 ventris

331 1496 507 1565 alogia
535 1495 640 1549 diei
671 1494 920 1549 dominici
950 1494 1078 1548 dicit
1104 1508 1222 1547 esse
1250 1491 1563 1546 cantandum
1591 1509 1604 1546 :
1635 1491 1907 1555 Saturasti,

331 1582 575 1650 Domine,
605 1585 826 1637 animam
852 1584 1051 1637 inanem
1072 1623 1086 1647 ,
1117 1592 1162 1635 et
1188 1583 1371 1653 potasti
1398 1582 1613 1633 animam
1645 1581 1906 1633 sitientem.

329 1674 378 1729 Ο
410 1676 577 1728 virum
621 1676 979 1745 spiritualem!
1028 1690 1061 1727 ο
1098 1673 1382 1727 carnalium
1434 1670 1905 1739 reprehensorem!

329 1781 364 1819 ο
389 1782 639 1835 magnum
659 1767 1035 1836 jejunatorem,
1062 1774 1116 1820 et
1144 1781 1248 1819 non
1284 1763 1707 1818 ventricultorem
1731 1762 1743 1814 Ξ
1770 1761 1908 1815 Ecce

324 1860 424 1929 qui
451 1874 552 1913 nos
578 1859 824 1914 admonet
867 1874 935 1913 ne
968 1858 1084 1927 lege
1112 1857 1311 1911 ventris
1348 1854 1513 1923 legem
1547 1851 1753 1907 Domini
1790 1868 1907 1905 cor-

325 1965 668 2019 rumpamus,
712 1964 777 2004 ne
809 1963 995 2018 panem
1038 1948 1157 2002 cmli
1199 1946 1483 2001 vendamus
1522 1958 1641 1997 esca
1672 1951 1901 2008 terrena,

322 2050 381 2096 et
400 2041 637 2111 adjungit
666 2059 679 2095 :
704 2041 832 2107 Quia
854 2056 965 2094 esca
991 2039 1155 2093 Adam
1182 2037 1414 2107 paradiso
1436 2036 1600 2106 periit,
1630 2051 1743 2087 esca
1764 2033 1905 2087 Esau

323 2133 599 2201 primatum
630 2132 814 2185 amisit.
842 2132 977 2186 Ecce
1002 2131 1090 2201 qui
1115 2130 1241 2185 dicit
1267 2148 1280 2184 :
1307 2127 1397 2181 Est
1426 2127 1555 2180 enim
1578 2126 1781 2179 Satanw
1802 2126 1903 2178 usi-

324 2231 430 2274 tata
465 2223 752 2289 calumnia,
784 2223 986 2275 tentatio
1012 2222 1224 2285 ventris,
1252 2218 1335 2287 qui
1368 2220 1614 2272 modicum
1639 2218 1813 2270 suadet
1850 2225 1904 2269 ut

319 2318 525 2384 auferat
554 2323 730 2366 totum.
758 2314 823 2366 Et
847 2314 1045 2377 horum,
1067 2312 1247 2380 inquit,
1270 2309 1607 2377 interpretatio
1631 2314 1903 2376 prrscepto-

320 2422 435 2458 rum
463 2407 760 2459 ventricolas
788 2406 952 2458 minus
981 2405 1224 2459 incurvat.

402 2497 483 2550 l2.
508 2496 692 2550 Nonne
720 2496 801 2549 his
826 2497 999 2551 verbis
1025 2497 1135 2551 suis
1156 2494 1205 2547 id
1228 2507 1382 2562 agere
1410 2492 1635 2556 videtur,
1658 2498 1715 2544 ut
1740 2489 1899 2543 etiam

317 2587 410 2642 die
442 2588 709 2642 dominico
740 2587 1042 2657 jejunetur?
1080 2585 1323 2655 Alioquin
1372 2584 1603 2639 sanctior
1641 2583 1741 2636 erit
1779 2584 1899 2636 sab—

316 2678 429 2733 bati
451 2681 587 2745 dies,
605 2696 711 2749 quo
732 2681 984 2735 Dominus
1006 2680 1053 2733 in
1079 2685 1420 2731 monumento
1440 2676 1714 2747 requievit,
1736 2690 1897 2744 quam

314 2768 658 2836 dominicus,
710 2786 813 2839 quo
855 2786 885 2824 a
926 2769 1147 2824 mortuis
1187 2768 1495 2822 resurrexit.
1537 2767 1779 2821 Sanctius
1817 2775 1897 2819 est

315 2861 460 2916 enim
485 2862 719 2929 profecto
744 2861 1040 2923 sabbatum,
1070 2859 1114 2913 si
1141 2860 1427 2913 secundum
1453 2858 1610 2911 verba
1638 2856 1811 2925 hujus,
1843 2856 1894 2910 in

313 2950 541 3005 sabbato
567 2967 661 3021 per
683 2950 941 3020 jejunium
970 2957 1237 3019 peccatum
1260 2964 1417 3003 omne
1443 2949 1651 3011 vitatur,
1679 2957 1729 2999 et
1755 2946 1893 3015 quod

313 3043 505 3097 diebus
534 3044 649 3097 aliis
689 3050 1015 3097 contractum
1063 3048 1177 3105 est,
1221 3040 1501 3094 aboletur:
1535 3038 1585 3093 in
1631 3038 1897 3092 dominico

312 3144 496 3189 autem
544 3150 639 3204 per
680 3149 855 3189 escam
893 3132 1093 3187 ventris
1141 3133 1359 3186 tentatio
1403 3148 1505 3186 non
1554 3141 1796 3194 cavetur,
1840 3138 1894 3184 et

309 3229 593 3286 diabolicae
619 3226 896 3282 calumniae
922 3227 1069 3281 locus
1096 3224 1251 3279 datur
1270 3266 1285 3292 ,
1313 3233 1366 3280 et
1392 3224 1635 3294 paradiso
1674 3223 1889 3292 peritur,

309 3321 648 3390 etprimatus
678 3317 953 3372 amittitur.
980 3315 1117 3385 Quid
1143 3330 1270 3385 ergo
1291 3324 1391 3381 est,
1420 3314 1559 3384 quod
1586 3329 1767 3368 rursus
1792 3312 1890 3367 sibi

310 3412 425 3482 ipse
450 3414 748 3465 contrarius
772 3409 1042 3473 admonet,
1065 3417 1122 3461 ut
1144 3423 1248 3462 non
1272 3407 1491 3477 prandio
1513 3404 1771 3471 modesto,
1800 3420 1890 3459 so-

308 3504 469 3571 brio,
520 3503 823 3567 christiano,
878 3500 1179 3556 reﬁciamur
1220 3499 1485 3554 dominico
1534 3498 1655 3565 die,
1702 3497 1795 3552 sed
1837 3498 1887 3552 in

308 3593 479 3663 alogia
521 3594 760 3646 lmtautes
800 3590 1215 3660 plaudentesque
1253 3598 1567 3643 cantemus:
1602 3586 1887 3653 Saturasti,

309 3681 551 3749 Domine,
581 3682 801 3734 animum
828 3681 1049 3742 inanem,
1079 3688 1123 3732 et
1153 3678 1334 3749 potasti
1361 3679 1579 3731 animam
1606 3675 1891 3731 sitientem?

306 3773 511 3841 Nempe
537 3774 579 3827 si
621 3782 744 3827 tunc
789 3788 892 3825 non
932 3787 1202 3833 erramus,
1241 3769 1447 3839 quando
1473 3769 1799 3839 jejunamus,
1836 3775 1889 3822 et

306 3864 533 3918 aliorum
563 3879 655 3917 sex
685 3862 891 3918 dierum
916 3877 1127 3917 errores
1152 3870 1277 3915 tunc
1305 3861 1587 3921 abluimns.
1617 3876 1735 3913 cum
1763 3858 1884 3913 sab-

305 3954 430 4009 bato
471 3956 807 4023 jejunamus;
855 3954 1029 4007 nullus
1057 3954 1159 4007 erit
1198 3952 1280 4007 die
1325 3952 1588 4006 dominico
1630 3952 1883 4018 deterior,

305 4047 482 4100 nullus
525 4046 743 4099 sabbato
782 4046 991 4099 melior.
1046 4042 1213 4097 Crede
1238 4086 1251 4105 ,
1306 4042 1645 4097 dilectissime
1686 4044 1879 4105 frater,

307 4154 465 4190 nemo
488 4138 679 4206 legem,
710 4137 844 4191 sicut
873 4137 990 4198 iste,
1021 4135 1283 4204 intelligit,
1314 4135 1413 4189 nisi
1441 4135 1527 4203 qui
1556 4149 1659 4187 non
1688 4134 1885 4188 intelli-

301 4227 397 4296 git.
443 4228 501 4279 Si
538 4228 677 4280 enim
710 4226 874 4279 Adam
918 4241 1024 4279 non
1064 4226 1247 4291 cibus,
1280 4224 1373 4279 sed
1406 4224 1697 4292 prohibitus
1735 4224 1882 4277 cibus

304 4318 531 4385 perdidit
559 4315 716 4390 (Gen.
740 4332 816 4379 ιιι,
838 4316 923 4388 6),
951 4326 1003 4370 et
1029 4316 1169 4369 Esau
1198 4324 1443 4383 nepotem
1469 4316 1632 4367 sancti
1656 4315 1880 4368 Abrahze

301 4426 405 4461 non
435 4424 578 4472 esca,
613 4408 705 4462 sed
736 4424 903 4478 usque
924 4408 987 4462 ad
1014 4417 1371 4476 contemptum
1403 4406 1715 4461 sacramenti
1740 4407 1879 4475 quod

299 4500 349 4553 in
384 4501 613 4568 primatu
644 4515 739 4554 suo
772 4501 971 4563 habuit,
996 4501 1274 4568 concupita
1296 4514 1414 4553 esca
1436 4499 1702 4552 damnavit
1725 4496 1874 4567 (Gen.

298 4605 426 4653 xxv,
450 4591 542 4653 33,
569 4588 669 4660 ’54)
692 4609 703 4643 :
735 4592 809 4644 sic
835 4606 864 4643 a
893 4591 1087 4645 sanctis
1114 4597 1169 4644 et
1190 4589 1429 4643 ﬁdelibus
1455 4590 1539 4659 pie
1571 4589 1873 4658 prandetur,

300 4683 747 4750 quemadmodum
790 4699 815 4735 a
847 4684 1119 4753 sacrilegis
1159 4691 1211 4735 et
1241 4682 1522 4735 incredulis
1552 4683 1709 4751 impie
1736 4683 1877 4752 jeju-

303 4782 477 4825 natur.
509 4773 839 4842 Prreponitur
866 4782 1041 4827 autem
1067 4772 1180 4827 dies
1209 4771 1503 4827 dominicus
1528 4772 1744 4827 sabbato
1774 4773 1879 4827 ﬁde

299 4863 740 4926 resurrectionis,
798 4878 902 4917 non
957 4864 1338 4919 consuetudine
1394 4864 1730 4930 refectionis,
1787 4872 1877 4918 aut

301 4952 463 5005 etiam
491 4953 773 5007 vinolentae
800 4954 1005 5009 licentia
1035 4956 1312 5010 cantionis.

366 5043 521 5097 CAP.
548 5042 636 5099 Vl.
662 5074 730 5085 —
754 5046 840 5100 15.
867 5044 1087 5117 Moyses,
1112 5047 1309 5117 inquit,
1336 5046 1671 5117 quadraginta
1704 5046 1875 5100 diebus

296 5155 479 5207 panem
522 5154 623 5192 non
672 5139 1022 5205 manducavit,
1053 5157 1142 5193 nec
1185 5140 1301 5193 bibit
1330 5156 1528 5209 aquam.
1560 5139 1667 5193 Cur
1697 5149 1874 5193 autem

295 5228 398 5282 hoc
424 5229 638 5293 dixerit,
673 5231 941 5300 subjungit
969 5241 1125 5300 atque
1162 5231 1235 5285 ait
1260 5250 1272 5284 :
1299 5230 1429 5284 Ecce
1456 5229 1657 5300 Moyses
1682 5232 1875 5285 amicus

296 5318 412 5383 Dei,
444 5321 591 5373 nubis
618 5321 912 5389 inquilinus,
945 5322 1139 5376 delator
1165 5320 1332 5391 Legis,
1363 5331 1412 5375 et
1438 5322 1609 5391 populi
1636 5321 1767 5385 dum,
1799 5329 1874 5374 ter

295 5409 411 5461 bina
437 5411 645 5464 sabbata
659 5412 862 5483 jejunio
887 5414 1139 5467 celebrans
1164 5428 1265 5466 non
1294 5412 1537 5480 oﬂ'ensam
1554 5454 1569 5479 ,
1602 5413 1689 5467 sed
1717 5414 1871 5467 meri-

293 5508 400 5552 tum
430 5502 711 5555 collocavit.
736 5503 997 5574 Numquid
1019 5505 1243 5558 attendit
1267 5504 1390 5574 quid
1420 5505 1541 5558 hinc
1561 5506 1727 5574 possit
1744 5518 1874 5559 con-

291 5600 581 5660 sequenter
625 5595 863 5663 opponi?
903 5596 1034 5662 Quia
1074 5597 1251 5666 utique
1299 5597 1342 5650 si
1382 5596 1543 5668 Moysi
1584 5598 1871 5667 jejuuantis

290 5690 573 5750 propterea
614 5685 761 5753 ponit
790 5688 1087 5756 exemplum
1111 5728 1124 5752 ,
1152 5688 1398 5757 quoniam
1434 5689 1484 5741 in
1514 5689 1614 5742 illis
1639 5691 1869 5758 quadra-

288 5772 434 5840 ginta
459 5772 647 5828 diebus
668 5783 751 5831 ter
770 5776 912 5843 bina,
935 5777 1337 5848 sicutloquitur,
1360 5778 1574 5833 sabbata
1590 5779 1864 5849 jejunavit,

285 5869 342 5917 et
371 5875 437 5917 ex
478 5862 581 5919 hoc
608 5866 719 5921 vult
753 5867 1071 5939 persuadere
1114 5874 1169 5922 ut
1215 5867 1436 5925 sabbato
1472 5865 1773 5938 jejunetur;
1800 5886 1867 5924 ex

3502 494 3605 549 142

2030 580 2132 636 hoc
2152 598 2279 653 ergo
2301 585 2613 654 persuadeat
2638 596 2694 642 ut
2720 596 2773 643 et
2798 590 3063 647 dominico
3084 594 3370 664 jejunetur,
3399 601 3520 668 quia
3546 602 3601 657 in

2027 671 2134 727 illis
2170 676 2513 747 quadraginta
2537 677 2724 735 diebus
2752 682 3090 741 nihilominus
3115 687 3319 761 Moyses
3347 699 3426 744 ter
3446 692 3597 749 binos

2027 761 2321 819 dominicos
2343 766 2614 837 jejunavit.
2643 768 2747 825 Sed
2772 771 2917 827 addit
2937 790 2999 829 ac
3025 776 3169 842 dicit,
3201 777 3268 831 Et
3294 779 3457 834 adhuc
3484 798 3591 835 cun-

2028 851 2223 907 Christo
2252 856 2530 913 dominicus
2555 861 2660 915 dies
2686 864 2962 919 imminenti
2998 866 3236 922 Ecclesia:
3267 872 3555 926 servabatur
3574 917 3587 929 .

2024 946 2163 1015 quod
2184 962 2280 1001 cur
2298 949 2507 1016 dixerit,
2532 954 2727 1007 nescio.
2750 953 2804 1011 Si
2826 958 2966 1011 enim
2991 970 3263 1029 propterea
3286 963 3406 1033 quia
3430 966 3593 1021 multo

2024 1038 2191 1107 magis
2214 1039 2556 1109 jejunandum
2585 1053 2685 1112 est,
2709 1057 3047 1117 posteaquam
3075 1052 3217 1105 venit
3238 1068 3356 1106 cum
3380 1051 3590 1110 Christo

2023 1127 2318 1186 dominicus
2347 1133 2494 1200 dies;
2527 1152 2683 1205 ergo,
2717 1140 2853 1207 quod
2880 1140 3047 1209 absit,
3080 1144 3236 1196 etiam
3270 1145 3383 1212 ipso
3422 1145 3589 1201 domi-

2022 1220 2142 1273 nico
2178 1221 2461 1291 jejuuctur.
2501 1224 2558 1280 Si
2596 1237 2770 1282 autem
2815 1232 2987 1285 timuit
3025 1248 3091 1288 ne
3134 1245 3349 1305 propter
3384 1237 3589 1291 dierum

2021 1311 2363 1382 quadraginta
2397 1315 2651 1385 jejunium
2692 1319 3007 1388 objiccretur
3029 1324 3186 1378 etiam
3221 1325 3487 1380 dominico
3506 1328 3589 1398 je-

2013 1400 2345 1471 junandum,
2378 1416 2427 1460 et
2468 1408 2586 1461 ideo
2624 1410 2825 1464 addidit
2863 1414 3001 1482 quod
3044 1414 3208 1469 adhuc
3247 1434 3360 1471 cum
3391 1418 3589 1473 Christo

2019 1491 2298 1548 imminenti
2328 1496 2566 1551 Ecclesia:
2590 1500 2695 1553 dies
2720 1501 2997 1556 dominicus
3023 1508 3325 1574 servabatur,
3354 1520 3410 1563 ut
3436 1510 3585 1565 vide-

2017 1581 2141 1636 licet
2166 1599 2225 1637 ea
2252 1600 2408 1640 causa
2436 1588 2757 1659 intelligatur
2778 1590 3047 1659 jejunasse
3084 1593 3290 1665 Moyses
3316 1598 3473 1651 etiam
3501 1599 3588 1653 die

2016 1674 2103 1742 qui
2123 1677 2356 1743 sequitur
2380 1678 2679 1745 sabbatum,
2700 1681 2820 1749 quia
2838 1683 3069 1735 nondum
3092 1694 3306 1738 venerat
3324 1685 3583 1754 Christus,

2015 1780 2110 1834 per
2132 1783 2288 1835 quem
2324 1768 2487 1823 tactus
2513 1780 2593 1824 est
2617 1772 2728 1841 ipse
2753 1773 2867 1827 dies
2893 1773 3187 1829 dominicus
3207 1818 3220 1842 ,
3245 1792 3350 1845 quo
3371 1794 3473 1831 non
3494 1795 3587 1833 ex-

2013 1856 2191 1925 pediat
2210 1857 2466 1927 jejunari;
2497 1876 2592 1916 cur
2616 1863 2729 1932 ipse
2758 1862 3001 1919 Christus
3030 1868 3372 1937 quadraginta
3403 1871 3587 1927 diebus

2012 1949 2254 2003 similiter
2289 1951 2587 2020 jejunavit?
2627 1969 2722 2007 cur
2763 1970 2865 2008 non
2907 1957 2957 2009 in
3008 1956 3109 2011 illis
3141 1958 3326 2013 diebus
3361 1962 3586 2029 quadra-

2011 2038 2173 2106 ginta,
2209 2048 2287 2093 ter
2316 2041 2451 2095 binis
2481 2044 2566 2111 qui
2599 2045 2951 2113 sequebantur
2980 2047 3253 2101 sabbatum
3278 2090 3291 2113 ,
3324 2050 3583 2119 jejunium

2010 2132 2201 2195 solvit,
2232 2143 2286 2186 ut
2310 2135 2416 2201 jam
2450 2135 2697 2189 dominici
2742 2137 2841 2191 diei
2874 2139 3151 2206 prandium
3190 2144 3585 2201 commendaret

2010 2222 2166 2275 etiam
2213 2233 2335 2279 ante
2390 2228 2830 2281 resurrectionem
2872 2244 3057 2294 suam,
3098 2231 3233 2285 sicut
3275 2236 3581 2303 sanguinem

2009 2330 2160 2369 suum
2194 2318 2479 2385 potandum
2523 2320 2667 2374 dedit
2707 2330 2827 2375 ante
2868 2324 3208 2392 passionem?
3243 2325 3402 2381 Vides
3440 2339 3583 2383 certe

2008 2406 2211 2460 dierum
2234 2409 2574 2479 quadraginta
2592 2411 2870 2480 jejunium,
2895 2415 3033 2483 quod
3057 2416 3155 2470 iste
3178 2432 3580 2485 commemorat,

2006 2497 2085 2552 sic
2111 2498 2175 2551 ad
2204 2514 2315 2553 rem
2348 2516 2451 2554 non
2483 2503 2750 2571 pertinere
2780 2513 2835 2557 ut
2863 2506 3081 2559 sabbato
3104 2507 3422 2575 jejunemus,
3453 2525 3584 2579 quo-

2006 2588 2166 2641 modo
2190 2588 2254 2641 ad
2282 2605 2391 2643 rem
2413 2607 2515 2645 non
2541 2594 2765 2659 pertinet
2789 2602 2845 2647 ut
2866 2594 3129 2649 dominico
3150 2597 3473 2665 jejunemus.

2081 2679 2163 2732 M.
2198 2678 2423 2735 Prorsus
2454 2696 2558 2735 non
2589 2683 2833 2749 attendit,
2871 2685 2993 2753 quid
3029 2686 3075 2738 ei
3107 2687 3173 2739 de
3202 2688 3287 2741 die
3316 2688 3582 2744 dominico

2004 2769 2168 2836 possit
2200 2771 2429 2839 opponi,
2460 2772 2670 2840 quando
2699 2774 2835 2827 sicut
2877 2776 3172 2828 accusanda
3215 2787 3340 2830 sunt
3374 2779 3579 2833 ebriosa

2002 2861 2240 2914 convivia
2265 2904 2278 2927 ,
2311 2872 2365 2917 et
2406 2865 2580 2917 omnis
2608 2881 2766 2919 vorax
2804 2882 2864 2919 ac
2892 2868 3174 2920 temulenta
3210 2869 3441 2922 luxuries
3462 2910 3475 2934 ,
3504 2870 3581 2924 sic

2004 2964 2217 3009 accusat
2245 2957 2468 3026 prandia
2492 2959 2852 3024 sabbatorum,
2879 2975 2996 3011 cum
3022 2960 3223 3027 possint
3246 2970 3297 3013 et
3325 2960 3433 3028 ipsa
3458 2975 3579 3014 esse

2002 3043 2365 3098 modestorum
2395 3053 2553 3114 atque
2578 3048 2895 3101 sobriorum.
2930 3047 2995 3099 Et
3024 3048 3141 3099 ideo
3169 3064 3272 3100 non
3302 3059 3385 3102 est
3412 3049 3486 3101 illi
3511 3049 3577 3103 ad

2000 3134 2204 3205 singula
2234 3137 2685 3205 respondendum,
2717 3138 2969 3207 quoniam
2996 3153 3093 3206 pro
3118 3140 3322 3193 sabbati
3356 3140 3577 3208 prandio

2000 3227 2125 3279 vitia
2178 3228 2397 3282 luxuria:
2437 3228 2906 3299 reprehendendo,
2955 3230 3140 3285 eadem
3190 3238 3347 3300 atque
3389 3231 3573 3285 eadem

1999 3332 2140 3385 stepe
2174 3317 2335 3384 dicit;
2383 3318 2524 3373 aliud
2576 3335 2681 3372 non
2722 3320 3033 3375 inveniendo
3072 3320 3211 3390 quod
3249 3322 3421 3385 dicat,
3472 3322 3573 3375 nisi

1998 3409 2136 3477 quod
2163 3408 2390 3462 inaniter
2428 3418 2483 3464 et
2522 3409 2588 3463 ad
2620 3425 2729 3463 rem
2758 3425 2863 3463 non
2905 3411 3174 3477 pertinens
3210 3411 3356 3465 dicit.
3385 3411 3570 3467 Utrum

1998 3514 2102 3552 non
2141 3498 2207 3552 sit
2258 3500 2479 3555 sabbato
2519 3499 2863 3569 jejunaudum
2908 3501 3197 3569 quaeritur,
3245 3515 3349 3555 non
3395 3510 3572 3555 utrum

1996 3588 2215 3642 sabbato
2235 3604 2339 3641 non
2368 3590 2437 3642 sit
2465 3589 2864 3654 luxuriandum;
2894 3590 3034 3658 quod
3064 3606 3160 3645 nec
3198 3590 3464 3645 dominico
3489 3591 3569 3645 fa-

1995 3678 2139 3734 ciunt
2172 3681 2261 3750 qui
2304 3682 2465 3734 Deum
2500 3682 2717 3748 timent,
2758 3683 3002 3752 quamvis
3036 3682 3088 3735 in
3126 3681 3215 3735 illo
3257 3680 3435 3752 utique
3463 3696 3569 3736 non

1990 3769 2248 3839 jejunent.
2279 3771 2407 3837 Quis
2443 3780 2615 3826 autem
2647 3773 2848 3827 diceret
2886 3774 3026 3842 quod
3066 3774 3164 3827 iste
3203 3788 3362 3828 ausus
3387 3782 3469 3828 est
3491 3774 3573 3828 di-

1992 3863 2156 3916 cere?
2202 3862 2493 3925 Quomodo,
2526 3863 2693 3931 inquit
2716 3903 2730 3927 ,
2764 3881 2854 3934 pro
2884 3863 3024 3917 nobis
3046 3906 3058 3928 ,
3090 3873 3175 3917 aut
3204 3880 3290 3932 per
3328 3879 3419 3917 nos
3456 3872 3571 3917 rata

1992 3964 2135 4006 erunt
2160 3952 2289 4018 Deo,
2314 3965 2400 4006 aut
2425 3955 2593 4023 digna,
2623 3971 2735 4024 qua:
2756 3971 2845 4009 nos
2869 3957 3182 4024 sanctiﬁcata
3202 3956 3282 4009 die
3308 3956 3374 4007 ad
3395 3971 3569 4025 pecca-

1991 4052 2097 4097 tum
2121 4046 2346 4113 cogant?
2374 4045 2763 4100 Sanctiticatam
2796 4046 2933 4098 diem
2959 4046 3161 4100 sabbati
3190 4045 3485 4109 conﬁtetur,
3514 4056 3568 4101 et

1991 4136 2055 4189 ad
2081 4147 2351 4205 peccatum
2385 4138 2512 4191 dicit
2550 4138 2663 4206 cogi
2706 4138 2973 4202 homines,
3006 4139 3127 4206 quia
3155 4138 3459 4206 prandetur.
3488 4140 3566 4193 Ac

1993 4242 2087 4297 per
2111 4228 2211 4282 hoc
2237 4230 2527 4283 secundum
2561 4231 2715 4281 istum
2740 4270 2752 4291 ,
2784 4238 2873 4281 aut
2897 4229 3010 4282 dies
3039 4228 3335 4282 dominicus
3363 4230 3560 4283 sancti.

1990 4318 2174 4372 ﬁcatus
2200 4334 2302 4371 non
2330 4328 2429 4383 est,
2462 4330 2514 4372 et
2542 4319 2723 4387 incipit
2750 4334 2880 4373 esse
2918 4320 3191 4373 sabbatum
3220 4319 3440 4385 melius;
3471 4329 3563 4374 aut

1989 4411 2031 4465 si
2059 4420 2140 4465 est
2159 4421 2211 4466 et
2229 4411 2526 4465 dominicus
2552 4411 2666 4464 dies
2691 4410 3065 4476 sanctiﬁcatus,
3090 4409 3155 4464 ad
3180 4420 3447 4479 peccatum
3470 4424 3561 4465 co-

1987 4504 2161 4573 gimur
2176 4545 2190 4570 ,
2212 4504 2332 4572 quia
2358 4502 2698 4572 prandemus.

2058 4598 2208 4651 CAP.
2242 4597 2347 4650 Vll.
2370 4626 2441 4636 —-
2481 4596 2566 4650 15.
2611 4597 2679 4649 Et
2717 4604 2937 4649 conatur
2974 4596 3289 4651 testimoniis
3334 4598 3560 4665 probare

1986 4687 2177 4741 divinis
2218 4688 2436 4741 sabbato
2475 4687 2817 4755 jejunanduni
2852 4703 2865 4738 :
2898 4686 2990 4741 sed
3041 4687 3178 4740 unde
3225 4687 3323 4740 hoc
3371 4689 3559 4757 probet

1986 4770 2199 4831 omnino
2222 4793 2325 4830 non
2351 4778 2567 4831 invenit.
2601 4777 2942 4837 Manducavit,
2978 4778 3161 4846 inquit,
3186 4787 3231 4830 et
3259 4777 3377 4831 bibit
3399 4777 3558 4831 Jacob

1984 4868 2171 4933 vinum,
2198 4876 2244 4921 et
2269 4869 2477 4920 satiatus
2507 4877 2609 4925 est.
2644 4876 2689 4919 et
2717 4869 2913 4920 recessit
2942 4886 2973 4919 (ι
3002 4868 3109 4920 Deo
3131 4868 3342 4921 salutari
3369 4886 3479 4933 suo,
3511 4877 3558 4921 et

1983 4958 2263 5009 ceciderunt
2292 4973 2392 5009 una
2430 4957 2512 5009 die
2539 4956 2712 5024 viginti
2738 4958 2833 5008 tria
2868 4957 3026 5010 millia
3054 4956 3256 5027 (Exod.
3292 4973 3468 5021 xxx",
3498 4956 3552 5022 6,

1984 5049 2037 5113 8,
2063 5049 2156 5119 28)
2184 5066 2194 5101 :
2226 5049 2373 5118 quasi
2410 5048 2604 5103 dictum
2636 5050 2733 5114 sit,
2772 5049 2987 5103 Prandit
3025 5050 3241 5104 sabbato
3265 5049 3461 5113 Jacob,
3502 5058 3556 5105 et

1982 5139 2203 5194 recessit
2222 5154 2249 5190 a
2272 5139 2381 5191 Deo
2403 5139 2619 5192 salutari
2646 5132 2759 5191 suo.
2792 5139 2857 5191 Et
2878 5140 3162 5208 Apostolus
3182 5140 3389 5208 quando
3410 5154 3553 5193 com-

1982 5229 2292 5283 memoravit
2321 5230 2577 5283 cecidisse
2603 5238 2679 5282 tot
2709 5229 2891 5293 millia,
2921 5247 3023 5283 non
3051 5232 3160 5284 ait:
3188 5230 3367 5299 Neque
3399 5246 3552 5299 pran-

1983 5320 2200 5374 deamus
2220 5320 2466 5386 sabbato,
2497 5321 2631 5373 sicut
2674 5320 2746 5372 illi
2786 5320 3139 5388 pranderunt;
3175 5320 3268 5373 sed
3303 5320 3411 5372 ait:
3444 5318 3551 5373 Ne-

1980 5430 2074 5485 que
2102 5414 2424 5483 [ornicemur,
2464 5414 2590 5466 sicut
2612 5412 2818 5481 quidam
2851 5430 3020 5467 eorum
3055 5413 3288 5480 fornicati
3321 5421 3463 5477 sunt,
3502 5422 3551 5467 et

1981 5490 2262 5557 ceciderunt
2290 5520 2391 5555 una
2417 5503 2499 5555 die
2532 5503 2705 5572 viginti
2733 5504 2829 5556 tria
2868 5504 3045 5557 millia.
3087 5501 3221 5569 Quid
3260 5502 3361 5556 sibi
3388 5504 3548 5556 etiam

1977 5597 2089 5649 vult
2121 5596 2261 5665 quod
2290 5596 2400 5648 ait:
2437 5594 2582 5649 Sedit
2610 5605 2776 5649 autem
2807 5598 3021 5664 populus
3059 5596 3359 5649 manducare
3395 5605 3441 5649 et
3468 5595 3547 5649 bi-

1975 5688 2115 5754 bere,
2148 5698 2193 5741 et
2231 5698 2550 5742 surrexerunt
2588 5688 2801 5742 ludere?
2842 5687 2899 5757 (l
2927 5687 3045 5743 Cor.
3076 5704 3133 5753 Χ,
3171 5690 3225 5755 8,
3258 5690 3337 5759 7.)
3366 5690 3547 5745 Posuit

1975 5779 2184 5849 quidem
2211 5791 2266 5834 et
2290 5781 2575 5849 Apostolus
2601 5779 2703 5835 hoc
2723 5779 3097 5847 testimonium,
3123 5781 3218 5835 sed
3243 5791 3299 5835 ut
3322 5798 3350 5834 a
3381 5782 3545 5836 servi-

1978 5879 2087 5926 tute
2115 5870 2393 5936 idolorum,
2418 5888 2523 5925 non
2544 5886 2573 5924 a
2594 5870 2798 5926 sabbati
2826 5871 3042 5939 prandio
3063 5873 3383 5942 prohiberet.
3412 5872 3542 5928 Sab-
