4080 6346
507 488 610 544 165

508 607 636 662 bato
663 611 840 660 autem
864 601 992 658 illud
1021 601 1216 656 factum
1242 613 1382 668 esse,
1410 599 1510 654 iste
1536 611 1645 653 non
1671 598 1880 668 probat,
1913 599 2008 655 sed
2036 608 2098 654 ut

509 699 719 756 libitum
749 705 831 754 est
855 695 1172 767 suspicatur.
1203 694 1351 750 Sicut
1373 699 1551 747 autem
1580 689 1698 746 fieri
1723 701 1901 761 putest
1925 701 1984 746 ut
2009 691 2094 760 je-

504 793 746 864 junetur,
780 801 835 848 et
877 806 996 847 cum
1019 789 1278 861 jejunium
1315 783 1559 851 solvitur,
1612 784 1660 839 si
1695 784 1814 854 quis
1853 784 2095 839 ebriosus

508 895 612 954 est,
644 895 770 941 tunc
797 884 1115 947 inebrietur;
1143 882 1214 936 ita
1238 878 1353 934 ﬁeri
1381 885 1554 946 potest
1577 884 1638 932 ut
1664 891 1770 931 non
1796 876 2090 946 jejunetur,

507 986 564 1033 et
589 978 633 1034 si
661 985 1020 1047 temperantes
1049 979 1173 1029 sunt
1209 969 1482 1037 homines,
1513 961 1903 1024 modestissime
1932 983 2092 1036 pran-

506 1068 713 1124 deatur.
743 1068 880 1136 Quid
909 1073 993 1122 est
1015 1078 1140 1134 ergo
1163 1061 1307 1133 quod
1335 1059 1540 1116 sabbati
1560 1060 1748 1115 volens
1771 1058 2094 1130 persuadere

501 1160 782 1232 jejunium,
812 1158 1026 1213 adhibet
1045 1155 1361 1226 Apostolum
1389 1163 1580 1209 testem
1601 1152 1890 1220 dicentem,
1919 1149 2096 1204 Nolite

501 1251 741 1306 inebriari
774 1250 906 1315 vino,
937 1247 992 1302 in
1019 1263 1118 1317 quo
1142 1255 1214 1302 est
1242 1246 1404 1300 omnis
1432 1247 1638 1300 luxuria
1675 1245 1840 1317 (Eph.
1874 1259 1930 1312 v,
1961 1243 2090 1314 l8);

501 1345 653 1414 quasi
693 1342 932 1396 diceret:
964 1338 1137 1393 Nolite
1174 1337 1437 1408 prandere
1476 1337 1718 1404 sabbato,
1758 1336 1880 1406 quia
1909 1335 1981 1391 ibi
2010 1342 2093 1391 est

501 1433 679 1489 omnis
715 1433 942 1486 luxuria.
969 1430 1117 1486 Sicut
1146 1439 1323 1484 autem
1350 1429 1450 1483 hoc
1475 1437 1800 1499 praeceptum
1832 1429 2088 1499 apostoli-

498 1543 620 1583 cum
649 1541 717 1582 ne
750 1525 1082 1582 inebrientur
1119 1523 1266 1591 vino,
1308 1522 1364 1577 in
1391 1536 1498 1593 quo
1533 1531 1615 1577 est
1642 1522 1816 1577 omnis
1843 1521 2087 1590 luxuria,

497 1619 813 1674 observatur
858 1633 891 1673 a
938 1616 1242 1673 christianis
1283 1616 1451 1670 Deum
1491 1615 1828 1682 timentibus,
1873 1613 2088 1686 quando

497 1709 790 1780 prandetur
813 1709 903 1764 die
928 1707 1214 1774 dominico,
1247 1706 1320 1762 ita
1343 1705 1659 1763 observatur
1682 1706 1894 1776 quando
1921 1721 2085 1778 prau-

496 1802 653 1858 detur
680 1810 737 1858 et
762 1801 1006 1858 sabbato.

567 1895 656 1950 16.
703 1893 773 1950 Ut
807 1894 1122 1965 expressius,
1153 1891 1354 1962 inquit,
1395 1892 1676 1947 errantibus
1703 1892 2080 1960 contradicam,

493 2002 638 2041 nemo
649 1984 852 2057 jejunio
872 1983 1058 2052 Deum,
1083 1984 1176 2038 etsi
1195 2001 1296 2039 non
1318 1994 1647 2055 promeretur,
1671 1983 1913 2052 offendit;
1933 2001 2085 2056 porro

490 2087 540 2131 et
566 2093 669 2131 non
696 2075 953 2142 oll'endere
989 2075 1264 2146 promereri
1292 2083 1385 2130 est.
1425 2075 1556 2142 Quis
1594 2075 1698 2130 hoc
1718 2075 1947 2143 diceret,
1981 2075 2084 2131 nisi

491 2169 582 2240 qui
625 2168 794 2224 nollet
837 2167 1176 2224 considerare
1230 2167 1357 2238 quid
1405 2167 1642 2223 diceret?
1695 2167 1836 2238 Ergo
1886 2167 2084 2239 Pagani

491 2259 702 2329 quando
718 2259 984 2330 jejunant,
1004 2274 1110 2314 non
1133 2259 1254 2314 ideo
1274 2260 1442 2330 magis
1460 2259 1735 2315 oll‘endunt
1758 2261 1930 2316 Deum
1952 2277 1964 2314 :
1992 2271 2082 2317 aut

487 2351 536 2405 si
562 2351 629 2406 de
658 2351 960 2407 christianis
991 2350 1158 2406 voluit
1193 2351 1334 2421 quod
1362 2350 1497 2406 dixit
1526 2351 1780 2422 intelligi,
1822 2352 1940 2422 quis
1973 2367 2082 2408 non

486 2443 657 2498 Deum
693 2443 945 2510 oll‘endet,
979 2444 1025 2498 si
1051 2443 1179 2498 velit
1202 2457 1324 2498 cum
1349 2442 1600 2498 seandalo
1629 2442 1791 2497 totius
1815 2458 1934 2510 quae
1959 2443 2080 2499 ubi-

485 2550 592 2605 que
609 2535 859 2590 dilatatur
876 2534 1150 2602 Ecclesiae,
1181 2533 1268 2589 die
1288 2532 1557 2588 dominico
1572 2533 1850 2604 jejunare?
1877 2533 2079 2589 Deinde

484 2628 698 2698 subjicit
743 2628 1043 2684 testimonia
1094 2627 1162 2682 de
1204 2626 1493 2699 Scripturis
1543 2626 1611 2682 ad
1659 2643 1878 2683 causam
1919 2643 2078 2698 quam

487 2721 724 2791 suscepit
747 2720 882 2776 nihil
907 2720 1153 2776 valentia.
1183 2719 1410 2793 Jejunio,
1438 2721 1626 2792 inquit,
1657 2720 1804 2777 Elius
1839 2723 2078 2794 paradiso

488 2812 704 2866 donatus
731 2813 786 2867 in
822 2829 1036 2883 corpore
1076 2821 1294 2884 regnat:
1321 2813 1474 2882 quasi
1497 2813 1759 2884 jejunium
1790 2830 1895 2870 non
1931 2831 2075 2888 pra:-

483 2901 664 2958 dicent
687 2903 777 2972 qui
801 2903 1022 2958 sabbato
1047 2917 1152 2958 non
1178 2903 1457 2973 jejunant,
1487 2904 1626 2960 sicut
1646 2904 1908 2976 jejunium
1937 2922 2074 2978 prae.

481 2990 696 3060 dicant,
741 2992 828 3061 qui
873 3001 1048 3049 tamen
1093 2993 1180 3048 die
1217 2992 1486 3049 dominico
1525 3009 1636 3050 non
1658 2993 1933 3066 jejunant;
1982 3005 2076 3054 aut

479 3085 625 3142 Elias
649 3101 717 3142 eo
745 3094 986 3158 tempore
1009 3086 1357 3158 jejunaverit,
1388 3102 1496 3160 quo
1531 3089 1760 3160 populus
1787 3090 1882 3146 Dei
1909 3091 2072 3149 etiam

479 3179 700 3236 sabbato
722 3179 1014 3251 jejunabat.
1046 3180 1200 3248 Quod
1234 3189 1413 3237 autem
1443 3181 1818 3252 respondimus
1843 3182 1912 3240 de
1938 3200 2071 3256 qua-

477 3272 722 3343 draginta
761 3273 947 3330 diebus
990 3273 1178 3344 jejunii
1221 3274 1424 3346 Moysi,
1456 3275 1562 3332 hoc
1598 3277 1792 3348 deputa
1821 3293 1944 3335 esse
1977 3294 2069 3336 re-

477 3378 737 3433 sponsum
751 3372 807 3421 et
815 3364 883 3420 de
897 3364 1242 3436 quadraginta
1260 3365 1445 3422 diebus
1461 3367 1612 3423 Eliae.
1625 3367 1853 3439 Jejunio,
1875 3371 2067 3441 inquit,

477 3453 665 3510 Daniel
680 3456 880 3511 leonum
891 3457 1074 3511 siccam
1088 3457 1277 3512 rabiem
1296 3457 1486 3514 illmsus
1502 3460 1658 3514 euasit
1675 3475 1692 3513 :
1710 3460 1858 3530 quasi
1879 3460 2070 3532 legerit

478 3547 622 3616 quod
641 3547 862 3604 sabbato
876 3547 1220 3620 jejunaverit,
1241 3558 1333 3605 aut
1350 3549 1512 3605 etiam
1531 3564 1654 3606 cum
1674 3550 1804 3622 ipsis
1824 3551 2068 3610 leonibus

477 3638 699 3694 sabbato
720 3639 909 3706 fuerit;
946 3639 1035 3696 ubi
1064 3648 1242 3695 tamen
1268 3639 1492 3711 legimus
1521 3641 1664 3711 quod
1690 3647 1744 3697 et
1771 3641 2064 3712 pranderit.

475 3727 706 3799 Jejunio,
737 3730 926 3801 inquit,
949 3731 1103 3786 trium
1123 3731 1230 3801 ﬁda
1240 3732 1543 3803 germanitas
1563 3733 1761 3804 ignibus
1780 3734 2068 3788 coruscanti

474 3821 664 3875 carceri
679 3822 956 3892 dominata,
977 3825 1090 3895 rogi
1109 3823 1322 3895 hospitio
1337 3833 1622 3896 susceptum
1639 3824 1914 3880 Dominum
1934 3825 2064 3880 ado-

473 3911 770 3967 ravitsllaac
795 3913 1036 3983 exempla
1057 3922 1378 3983 sanctorum,
1412 3931 1512 3972 nec
1539 3915 1607 3971 ad
1636 3916 2064 3987 persuadendum

473 4002 856 4075 cujuscumque
880 4003 985 4060 diei
1003 4005 1262 4076 jejunium
1279 4005 1486 4074 valent;
1513 4016 1710 4079 quanto
1735 4009 1912 4064 minus
1939 4008 2064 4065 sab-

471 4090 622 4146 bati?
650 4091 1094 4165 Quandoquidem
1115 4111 1223 4152 non
1249 4096 1421 4151 solum
1443 4113 1552 4152 non
1576 4098 1770 4170 legitur
1791 4105 1900 4154 tres
1923 4098 2064 4154 viros

471 4177 695 4239 sabbato
737 4183 902 4240 fuisse
941 4185 1136 4242 missos
1174 4187 1228 4242 in
1270 4188 1537 4243 caminum
1587 4190 1723 4258 ignis
1751 4189 2057 4256 ardentem;

475 4272 573 4328 sed
598 4289 665 4329 ne
687 4275 815 4330 illud
842 4276 1058 4346 quidem
1092 4278 1307 4349 legitur,
1329 4279 1530 4335 tamdiu
1553 4279 1658 4336 illic
1688 4296 1782 4336 eos
1808 4280 1976 4338 fuisse
2000 4289 2064 4338 ut

470 4366 644 4434 possit
669 4367 948 4438 quisquam
989 4369 1167 4426 dicere
1209 4387 1304 4427 eos
1327 4372 1628 4442 jejunasse,
1670 4375 1779 4430 imo
1805 4391 1933 4431 vero
1970 4375 2059 4431 vix

471 4459 630 4514 unius
669 4457 818 4514 hora:
845 4460 1076 4530 spatium
1117 4469 1229 4531 est,
1276 4478 1381 4533 quo
1429 4479 1618 4519 eorum
1652 4467 1916 4521 confessio
1962 4467 2060 4538 hy-

471 4564 737 4620 mnusque
762 4558 1043 4607 cantatur:
1087 4567 1188 4608 nec
1227 4553 1454 4624 amplius
1497 4555 1635 4610 inter
1670 4556 1789 4613 illas
1817 4557 2059 4614 ﬂammas

471 4639 716 4697 innoxias
735 4641 1224 4712 deambulaverunt,
1247 4661 1410 4716 quam
1435 4646 1698 4702 canticum
1721 4647 1846 4703 illud
1871 4649 2058 4704 termi-

470 4741 751 4789 naverunt.
781 4733 893 4790 Nisi
918 4734 1054 4792 forte
1075 4734 1144 4790 ab
1169 4737 1270 4792 isto
1290 4740 1449 4793 etiam
1475 4739 1631 4795 unius
1656 4739 1800 4794 horse
1829 4741 2054 4812 spatium

470 4822 672 4892 iejunio
707 4825 1008 4896 deputatur.
1049 4827 1203 4894 Quod
1232 4826 1278 4882 si
1310 4828 1381 4882 ita
1428 4837 1532 4898 est,
1563 4846 1666 4884 non
1715 4829 1874 4886 habet
1913 4831 2056 4902 quod

470 4927 783 4974 succenseat
803 4921 1142 4990 pransoribus
1161 4920 1395 4977 sabbati:
1418 4936 1589 4993 usque
1609 4923 1675 4978 ad
1696 4923 1878 4979 horam
1909 4925 2053 4980 enim

469 5008 704 5079 prandii,
725 5009 894 5065 multo
909 5025 1066 5082 quam
1089 5012 1142 5066 in
1163 5011 1255 5067 illo
1269 5011 1478 5066 camino
1500 5013 1751 5083 prolixius
1764 5015 2051 5084 jejunatur.

542 5103 632 5158 17.
661 5102 896 5159 Adhibet
919 5111 974 5158 et
1001 5103 1132 5160 illud
1151 5105 1389 5175 Apostoli
1416 5107 1800 5175 testimonium,
1828 5109 1915 5164 ubi
1935 5109 2049 5165 ait:

471 5193 596 5250 Non
616 5204 690 5251 est
711 5211 920 5266 regnum
938 5193 1035 5250 Dei
1053 5212 1166 5252 esca
1189 5206 1236 5251 et
1261 5205 1425 5268 potus,
1451 5198 1540 5252 sed
1555 5199 1760 5269 justitia
1783 5207 1829 5252 et
1855 5217 1972 5270 pax,
2003 5209 2053 5255 et

452 5285 714 5360 gaudium
727 5289 780 5344 in
796 5288 995 5361 Spiritu
1007 5298 1182 5346 sancto
1198 5288 1373 5364 (Rom.
1389 5292 1597 5364 xrv,l7)
1614 5308 1628 5357 ;
1647 5301 1700 5347 et
1714 5309 1920 5362 regnum
1931 5291 2048 5361 Dei,

468 5378 766 5436 Ecclesiam
792 5379 907 5435 vult
933 5380 1175 5452 intelligi,
1207 5381 1260 5436 in
1288 5395 1388 5452 qua
1413 5381 1556 5437 Deus
1580 5392 1784 5454 regnat.
1815 5383 2049 5438 Obsecro

468 5471 805 5542 te,numquid
817 5470 922 5528 hoc
933 5472 1124 5544 agebat
1133 5473 1437 5544 Apostolus,
1458 5487 1578 5528 cum
1596 5475 1694 5528 ista
1721 5474 2046 5544 loqueretur,

468 5567 530 5614 ut
548 5559 769 5617 sabbato
795 5575 826 5616 a
850 5561 1152 5618 christianis
1178 5561 1543 5633 jejunaretur?
1571 5560 1678 5619 Sed
1714 5577 1814 5618 nec
1841 5562 1909 5618 de
1932 5563 2052 5634 ipso

466 5651 847 5722 cujuscumque
871 5652 979 5710 diei
1016 5653 1219 5724 jejunio
1245 5652 1578 5722 loquebatur,
1607 5667 1731 5708 cum
1756 5653 1873 5710 haec
1899 5654 2049 5711 dice-

466 5751 572 5800 ret.
599 5743 808 5800 Dictum
836 5752 920 5802 est
946 5744 1090 5800 enim
1129 5743 1384 5800 adversus
1407 5757 1502 5799 eos
1524 5742 1636 5815 qui,
1654 5759 1803 5801 more
1835 5745 2048 5803 Judzeo-

465 5850 612 5904 rum,
642 5835 936 5892 secundum
959 5842 1193 5893 veterem
1218 5835 1413 5906 Legem
1442 5835 1496 5891 in
1524 5835 1892 5894 observatione
1917 5853 2048 5910 quo-

471 5929 716 5987 rumdam
758 5929 998 5988 ciborum
1039 5927 1292 6002 putabant
1334 5943 1453 5991 esse
1497 5931 1840 6001 munditiam,
1885 5941 1939 5992 et
1977 5934 2046 5994 ad

1699 481 1760 540 S.
1797 478 2163 540 AUGUSTINI
2199 481 2500 542 EPISCOPI

3685 495 3789 551 ιιι

2200 611 2386 652 eorum
2417 597 2637 651 fratrum
2678 594 3124 667 admonitionem,
3158 609 3254 670 per
3275 613 3500 672 quorum
3525 614 3704 660 escam
3733 614 3788 662 et

2200 695 2384 757 potum
2425 686 2791 742 indifferenter
2837 699 3112 758 acceptum
3161 691 3657 750 scandalizabantur
3696 697 3784 751 in-

2201 779 2360 834 ﬁrmi.
2391 779 2516 836 Ideo
2549 795 2670 836 cum
2708 781 2967 837 dixisset:
3001 781 3126 836 Noli
3151 783 3297 837 illum
3321 787 3376 839 in
3413 803 3528 841 esca
3552 797 3637 843 tua
3663 807 3784 861 per-

2200 871 2337 938 dere,
2367 890 2460 943 pro
2483 891 2580 944 quo
2601 874 2826 930 Christus
2845 884 3071 930 mortuus
3089 887 3162 931 est
3182 875 3366 948 (lbid.,
3389 878 3480 953 15)
3499 897 3514 947 ;
3540 889 3594 936 et
3612 923 3628 950 ,
3661 881 3785 938 Non

2199 979 2318 1035 ergo
2361 965 2730 1036 blasphcmetur
2768 967 2952 1021 bonum
2995 977 3219 1024 nostrum
3263 968 3423 1042 (Ibid.
3447 1013 3462 1039 ,
3502 972 3623 1041 46);
3660 981 3785 1030 tunc

2199 1055 2467 1125 adjunxit:
2489 1057 2611 1113 Non
2637 1060 2770 1114 enim
2795 1070 2866 1116 est
2889 1077 3100 1133 regnum
3127 1061 3222 1115 Dei
3245 1078 3357 1117 esca
3385 1074 3432 1118 et
3453 1075 3620 1134 potus.
3651 1066 3782 1121 Nam

2199 1146 2336 1203 sicut
2370 1147 2472 1204 iste
2509 1151 2670 1206 verba
2710 1154 2822 1208 hare
2859 1154 3098 1224 Apostoli
3141 1154 3416 1227 intelligit,
3457 1165 3513 1212 ut
3561 1173 3782 1229 regnum

2198 1237 2315 1304 Dei,
2343 1241 2486 1310 quod
2511 1251 2595 1297 est
2623 1244 2878 1314 Ecclesia,
2905 1262 3012 1300 non
3040 1247 3110 1300 sit
3135 1246 3187 1300 in
3213 1263 3336 1303 esca
3363 1255 3416 1304 et
3436 1257 3584 1318 potu,
3613 1249 3705 1304 sed
3727 1251 3782 1305 in

2192 1330 2426 1401 jejunio;
2471 1349 2577 1389 non
2617 1334 2756 1401 dico,
2797 1337 3028 1392 sabbatis
3059 1338 3331 1408 jejunare,
3379 1340 3472 1396 sed
3510 1356 3781 1412 nunquam

2197 1423 2414 1478 omnino
2439 1424 2615 1506 cibum
2653 1441 2715 1481 ac
2747 1436 2927 1498 potum
2965 1443 3178 1485 sumere
3217 1429 3566 1498 deberemus,
3608 1448 3676 1488 ne
3711 1433 3780 1491 de

2197 1511 2299 1570 isto
2320 1515 2414 1570 Dei
2440 1532 2604 1588 regno
2629 1533 2856 1589 unquam
2883 1521 3276 1576 recederemus.
3303 1523 3438 1578 Puto
3460 1533 3634 1579 autem
3656 1527 3778 1596 quia

2193 1601 2298 1659 isto
2321 1605 2640 1675 conﬁtente,
2670 1607 2936 1680 aliquanto
2963 1611 3264 1682 religiosius
3291 1612 3380 1668 die
3415 1612 3682 1669 dominico
3709 1615 3778 1672 ad

2193 1694 2489 1754 Ecclesiam
2515 1699 2842 1770 pertinemus
2862 1742 2877 1770 ,
2905 1702 3118 1774 quando
3148 1712 3324 1760 tamen
3352 1711 3406 1760 et
3437 1705 3553 1775 ipso
3579 1720 3775 1761 conce-

2191 1786 2350 1845 dente
2375 1790 2714 1860 prandemus.

2262 1883 2413 1940 CAP.
2447 1885 2580 1941 Vill.
2607 1916 2681 1927 —
2717 1887 2804 1944 18.
2839 1886 2970 1958 Cur,
3011 1887 3214 1960 inquit,
3244 1889 3552 1960 sacriﬁcium
3591 1891 3773 1962 potiori

2189 1971 2410 2031 Domino
2440 1977 2649 2032 charum
2675 1995 3042 2036 murmuramus
3066 1979 3270 2049 o/ferrc,
3301 1980 3434 2052 quod
3455 1981 3662 2052 spiritus
3685 1982 3773 2036 de-

2188 2067 2377 2122 siderat
2401 2079 2447 2124 et
2475 2071 2682 2141 angelus
2703 2072 2914 2127 laudat?
2934 2072 3124 2128 deinde
3151 2073 3391 2144 adjungit
3416 2075 3587 2144 angeli
3619 2075 3771 2130 testi-

2188 2158 2426 2214 monium
2456 2159 2684 2220 dicentis
2707 2178 2721 2215 :
2749 2160 2890 2218 Bona
2914 2173 2987 2218 est
3020 2164 3182 2219 oratio
3216 2181 3330 2219 cum
3347 2165 3547 2236 jejunio
3568 2173 3616 2220 et
3644 2165 3772 2222 elec-

2187 2266 2398 2322 mosgna
2427 2250 2576 2323 (Tob.
2602 2267 2699 2320 xu,
2729 2252 2807 2325 8).
2845 2253 2982 2323 Quid
3024 2255 3246 2324 dixerit,
3292 2256 3477 2327 potiori
3517 2254 3768 2326 Domino,

2187 2343 2392 2412 nescio,
2424 2343 2525 2399 nisi
2555 2343 2689 2401 forte
2710 2345 2936 2416 scriptor
2959 2347 3181 2417 erravit,
3207 2357 3261 2404 et
3285 2355 3338 2404 te
3366 2348 3516 2420 fugit,
3547 2358 3603 2404 ut
3628 2349 3771 2420 quod

2185 2437 2317 2492 mihi
2358 2439 2638 2510 legendum
2685 2441 2875 2498 misisti
2914 2460 3021 2500 non
3062 2444 3394 2501 emendares.
3439 2445 3770 2501 Sacrificium

2183 2544 2312 2601 ergo
2338 2531 2565 2588 Domino
2604 2531 2858 2600 charum,
2895 2533 3154 2605 jejunium
3190 2537 3302 2593 vult
3329 2535 3584 2606 intelligi,
3614 2534 3769 2606 quasi

2183 2620 2251 2676 de
2282 2621 2486 2693 jejunio
2526 2633 2771 2680 versetur
2806 2623 2922 2680 haec
2959 2628 3212 2696 quaestio,
3242 2637 3299 2684 et
3333 2643 3442 2683 non
3474 2627 3541 2682 de
3564 2626 3769 2698 jejunio

2183 2712 2408 2767 sabbati.
2439 2712 2624 2786 Neque
2661 2715 2803 2771 enim
2840 2716 3136 2775 dominicus
3175 2718 3290 2775 dies
3323 2717 3440 2774 sine
3473 2718 3765 2788 sacrificio,

2181 2802 2324 2873 quod
2354 2803 2465 2861 Deo
2493 2804 2714 2861 charum
2739 2813 2853 2872 est,
2881 2807 3166 2878 peragitur,
3197 2807 3318 2879 quia
3339 2823 3445 2864 non
3469 2807 3763 2879 jejunatur.

2180 2893 2432 2965 Sequitur
2459 2895 2637 2952 adhuc
2671 2905 2723 2952 et
2761 2897 2954 2968 ingerit
2982 2897 3283 2954 testimonia
3318 2912 3349 2953 a
3387 2913 3575 2966 causa,
3607 2912 3768 2969 quam

2179 2984 2564 3042 defendendam
2585 2989 2836 3057 suscepit,
2861 2988 3071 3058 penitus
3093 2988 3284 3044 aliena.
3303 2987 3543 3056 Immola,
3569 2989 3760 3059 inquit,

2179 3078 2288 3134 Deo
2307 3081 2615 3151 sacriﬁcium
2636 3081 2804 3138 laudis
2825 3080 2994 3152 (Psal.
3015 3097 3164 3150 xux,
3183 3079 3273 3156 14)
3289 3094 3309 3149 ;’
3331 3091 3386 3138 et
3400 3083 3554 3138 istam
3573 3095 3765 3138 vocem

2178 3173 2343 3231 divini
2369 3175 2560 3246 psalmi
2598 3176 2784 3232 volens
2819 3175 2888 3231 ad
2916 3175 3059 3247 quod
3087 3175 3262 3248 agitur
3283 3175 3464 3232 nescio
3497 3173 3766 3246 quomodo

2177 3276 2495 3324 connectere
2517 3283 2532 3322 :
2559 3265 2761 3339 Utique,
2786 3267 2978 3339 inquit,
3003 3285 3104 3323 non
3123 3268 3384 3340 sanguinis
3405 3277 3493 3323 aut
3511 3267 3763 3323 ebrietatis

2177 3361 2476 3430 convivium,
2500 3377 2600 3432 quo
2628 3378 2730 3416 non
2758 3360 2934 3416 laudes
2959 3360 3140 3416 debita
3163 3361 3291 3430 Deo,
3321 3361 3409 3416 sed
3437 3360 3763 3431 blasphemia

2176 3454 2376 3509 diabolo
2403 3454 2718 3527 suffragante
2742 3454 3026 3510 silvescunt.
3055 3453 3100 3509 Ο
3126 3453 3474 3524 improvidam
3505 3467 3764 3523 praesum-

2175 3545 2441 3615 ptionem!
2472 3545 2590 3602 Non
2622 3560 2750 3616 ergo
2784 3545 3090 3601 immolatur
3121 3545 3428 3616 sacriﬁcium
3458 3545 3625 3600 laudis
3657 3543 3759 3601 do-

2173 3638 2369 3694 minico
2393 3637 2514 3706 die,
2557 3637 2680 3708 quia
2719 3652 2826 3692 non
2851 3637 3153 3708 jejunatur;
3194 3637 3289 3693 sed
3314 3637 3486 3708 agitur
3510 3635 3759 3692 ebrietatis

2173 3730 2469 3797 convivium,
2497 3735 2552 3784 et
2571 3729 2894 3800 blasphemia:
2912 3729 3112 3784 diabolo
3131 3727 3446 3800 suﬁ'ragante
3468 3728 3755 3784 silvescunt.

2171 3819 2323 3887 Quod
2349 3821 2394 3875 si
2430 3818 2582 3876 nefas
2607 3827 2692 3876 est
2714 3819 2924 3885 dicere;
2963 3820 3226 3891 intelligat
3251 3835 3357 3875 non
3387 3819 3648 3891 jejunium
3685 3818 3758 3876 si-

2169 3914 2410 3984 gniﬁcari
2439 3914 2492 3968 in
2519 3928 2586 3969 eo
2609 3914 2751 3986 quod
2776 3914 3031 3984 scriptum
3064 3924 3146 3970 est
3169 3931 3182 3966 :
3211 3912 3433 3968 Immola
3459 3911 3567 3968 Deo
3591 3913 3756 3968 sacri-

2170 4006 2344 4074 ﬁcium
2399 4005 2584 4060 laudis.
2632 4005 2900 4077 Jejunium
2951 4007 3145 4077 quippe
3207 4005 3369 4062 certis
3418 4005 3638 4073 diebus,
3700 4012 3756 4063 et
3825 4017 3828 4020 ‘

2170 4099 2399 4152 maxime
2427 4098 2574 4154 festis
2599 4113 2704 4152 non
2741 4100 2931 4169 agitur.
2961 4098 3290 4154 Sacrificium
3327 4115 3455 4154 vero
3494 4099 3661 4154 laudis
3686 4098 3756 4155 ab

2168 4190 2405 4246 Ecclesia
2434 4199 2545 4245 toto
2573 4189 2703 4245 orbe
2730 4189 2922 4245 diﬂ'usa
2947 4189 3134 4246 diebus
3157 4191 3405 4246 omnibus
3429 4191 3751 4252 immolatur.

2167 4281 2418 4352 Alioquin
2446 4281 2588 4352 quod
2615 4281 2820 4350 nullus,
2851 4297 2959 4338 non
2987 4281 3110 4339 dico
3137 4283 3456 4339 christianus
3477 4325 3492 4350 ,
3529 4283 3624 4340 sed
3654 4297 3754 4339 nec

2166 4374 2384 4430 insanus
2425 4374 2604 4431 dicere
2643 4375 2895 4444 auderet,
2939 4374 3055 4430 dies
3097 4374 3172 4430 illi
3217 4374 3592 4446 quinquaginta
3631 4380 3755 4444 post

2166 4463 2369 4520 Pascha
2409 4481 2576 4536 usque
2603 4466 2670 4520 ad
2698 4466 3045 4522 Pcntecosten
3077 4465 3268 4536 quibus
3311 4479 3418 4518 non
3456 4463 3748 4535 jejunatur,

2165 4564 2324 4612 erunt
2351 4557 2644 4611 secundum
2682 4557 2840 4613 istum
2878 4572 2908 4610 a
2936 4555 3197 4610 sacrificio
3222 4555 3390 4608 laudis
3413 4553 3599 4620 alieni,
3631 4556 3751 4626 qui-
3794 4619 3798 4623 _

2162 4645 2264 4701 bus
2283 4647 2644 4704 tantummodo
2665 4647 2849 4704 diebus
2865 4647 2917 4701 in
2933 4645 3113 4701 multis
3131 4645 3390 4710 ecclesiis,
3418 4643 3472 4698 in
3503 4646 3749 4702 omnibus

2164 4745 2344 4793 autem
2371 4742 2601 4796 maxime
2625 4747 2867 4794 cantatur
2893 4735 3150 4800 Alleluia;
3181 4751 3339 4806 quam
3366 4750 3550 4791 vocem
3578 4736 3748 4792 laudis

2162 4845 2282 4888 esse
2311 4832 2485 4888 nullus
2510 4831 2851 4898 christianus,
2875 4828 3164 4900 quamlibet
3187 4827 3486 4898 imperitus,
3513 4827 3743 4899 ignorat.

2234 4925 2323 4981 19.
2360 4925 2656 4981 Conﬁtetur
2688 4931 2866 4978 tamen
2892 4921 3051 4976 etiam
3081 4921 3198 4991 ipso
3230 4919 3318 4976 die
3341 4920 3609 4977 dominico
3635 4935 3746 4976 non

2162 5020 2217 5075 in
2246 5017 2530 5084 ebrietate,
2561 5015 2656 5071 sed
2682 5017 2734 5069 in
2765 5013 3097 5084 jucunditate
3137 5013 3416 5084 pranderi,
3457 5028 3578 5068 cum
3617 5011 3746 5069 dicit

2159 5110 2355 5167 debere
2384 5124 2482 5165 nos
2506 5125 2573 5165 ex
2599 5107 2795 5164 Judasis
2821 5117 2876 5164 et
2904 5105 3162 5163 Gentibus
3204 5108 3398 5163 multos
3423 5105 3745 5163 christianos

2157 5201 2402 5265 nomine,
2447 5199 2552 5254 fide
2589 5211 2788 5269 paucos
2807 5197 3040 5265 electos,
3069 5199 3373 5268 vespertino
3401 5195 3742 5252 sabbatorum

2157 5292 2397 5360 incenso,
2427 5305 2522 5362 pro
2542 5289 2804 5361 pecudum
2828 5290 3059 5346 victimis
3072 5289 3328 5360 jejunium
3356 5287 3465 5342 Deo
3489 5287 3742 5357 placitum

2155 5382 2398 5438 laudibus
2445 5381 2742 5448 immolare,
2781 5380 2935 5452 cujus
2963 5379 3172 5435 fervore
3218 5386 3452 5434 cremata
3493 5376 3743 5434 deficiant

2155 5489 2317 5546 opera
2357 5473 2691 5530 delictorum.
2741 5472 2808 5528 Et
2849 5488 3024 5537 mane,
3056 5470 3254 5540 inquit,
3297 5469 3537 5524 exaudiat
3573 5485 3666 5526 nos
3707 5485 3743 5524 a

2156 5565 2298 5621 nobis
2325 5565 2561 5634 auditus,
2590 5575 2639 5620 et
2665 5573 2810 5621 erunt
2847 5564 2988 5619 nobis
3015 5561 3196 5617 domus
3224 5563 3293 5616 ad
3329 5561 3741 5616 manducandum

2156 5669 2204 5714 et
2230 5657 2516 5725 bibendum,
2545 5676 2646 5714 non
2672 5659 2727 5713 in
2749 5657 3003 5722 ebrietate,
3035 5654 3124 5710 sed
3143 5655 3194 5709 in
3207 5654 3546 5726 jucunditate,
3577 5655 3742 5711 domi-

2155 5750 2271 5805 nica
2298 5751 2581 5805 celebritate
2611 5752 2852 5820 perfecta.
2893 5747 3043 5802 Tunc
3082 5760 3211 5819 ergo
3247 5746 3490 5817 eulogia,
3533 5761 3640 5802 non
3681 5753 3742 5803 ut

2155 5843 2398 5914 superius
2420 5842 2514 5908 ait,
2541 5839 2712 5911 alogia
2734 5837 3053 5895 celebratur.
3081 5837 3186 5894 Sed
3211 5837 3338 5910 quid
3368 5853 3490 5896 eum
3518 5836 3743 5894 offendit

2157 5935 2358 5992 sabbati
2387 5934 2502 5991 dies
2520 5975 2535 6004 ,
2567 5947 2725 6003 quem
2754 5931 3010 5989 Dominus
3036 5929 3411 6002 sanctiﬁcavit,
3444 5929 3648 6002 ignoro,
3679 5935 3738 5986 ut
