  <div class='ocr_page' id='page_1' title='image "/cluster/home/n/w/nwhite01/storage/ocr_20150623/33/hvd.32044015471451/078.png"; bbox 0 0 4080 6346; ppageno 0'>
   <div class='ocr_carea' id='block_1_1' title="bbox 366 368 475 427">
    <p class='ocr_par' dir='ltr' id='par_1_1' title="bbox 366 368 475 427">
     <span class='ocr_line' id='line_1_1' title="bbox 366 368 475 427; baseline 0 -1"><span class='ocrx_word' id='word_1_1' title='bbox 366 368 475 427; x_wconf 70' lang='grc'><strong>115</strong></span> 
     </span>
    </p>
   </div>
   <div class='ocr_carea' id='block_1_2' title="bbox 365 473 1960 552">
    <p class='ocr_par' dir='ltr' id='par_1_2' title="bbox 365 473 1960 552">
     <span class='ocr_line' id='line_1_2' title="bbox 365 473 1960 552; baseline -0.008 -11"><span class='ocrx_word' id='word_1_2' title='bbox 365 486 425 542; x_wconf 88' lang='lat' dir='ltr'><strong>in</strong></span> <span class='ocrx_word' id='word_1_3' title='bbox 448 496 517 539; x_wconf 91' lang='lat' dir='ltr'><strong>eo</strong></span> <span class='ocrx_word' id='word_1_4' title='bbox 542 493 652 537; x_wconf 91' lang='lat' dir='ltr'><strong>non</strong></span> <span class='ocrx_word' id='word_1_5' title='bbox 676 484 827 552; x_wconf 90' lang='lat' dir='ltr'><strong>putet</strong></span> <span class='ocrx_word' id='word_1_6' title='bbox 866 490 1026 549; x_wconf 81' lang='lat' dir='ltr'><strong>posse</strong></span> <span class='ocrx_word' id='word_1_7' title='bbox 1048 475 1358 531; x_wconf 87' lang='lat' dir='ltr'><strong>manducari</strong></span> <span class='ocrx_word' id='word_1_8' title='bbox 1390 484 1445 534; x_wconf 88' lang='lat' dir='ltr'><strong>et</strong></span> <span class='ocrx_word' id='word_1_9' title='bbox 1472 474 1581 532; x_wconf 88' lang='lat' dir='ltr'><strong>bibi</strong></span> <span class='ocrx_word' id='word_1_10' title='bbox 1607 491 1731 532; x_wconf 90' lang='lat' dir='ltr'><strong>cum</strong></span> <span class='ocrx_word' id='word_1_11' title='bbox 1759 476 1851 531; x_wconf 89' lang='lat' dir='ltr'><strong>tali</strong></span> <span class='ocrx_word' id='word_1_12' title='bbox 1874 473 1960 544; x_wconf 82' lang='lat' dir='ltr'><strong>ju-</strong></span> 
     </span>
    </p>
   </div>
   <div class='ocr_carea' id='block_1_3' title="bbox 367 568 1959 642">
    <p class='ocr_par' dir='ltr' id='par_1_3' title="bbox 367 568 1959 642">
     <span class='ocr_line' id='line_1_3' title="bbox 367 568 1959 642; baseline -0.005 -11"><span class='ocrx_word' id='word_1_13' title='bbox 367 574 643 632; x_wconf 87' lang='lat' dir='ltr'><strong>cunditate</strong></span> <span class='ocrx_word' id='word_1_14' title='bbox 679 586 795 642; x_wconf 69' lang='lat' dir='ltr'><strong>qua:</strong></span> <span class='ocrx_word' id='word_1_15' title='bbox 820 578 1001 625; x_wconf 79' lang='lat' dir='ltr'><strong>careat</strong></span> <span class='ocrx_word' id='word_1_16' title='bbox 1032 570 1322 633; x_wconf 72' lang='lat' dir='ltr'><strong>ebrietate;</strong></span> <span class='ocrx_word' id='word_1_17' title='bbox 1355 583 1475 624; x_wconf 91' lang='lat' dir='ltr'><strong>cum</strong></span> <span class='ocrx_word' id='word_1_18' title='bbox 1510 572 1588 625; x_wconf 92' lang='lat' dir='ltr'><strong>sic</strong></span> <span class='ocrx_word' id='word_1_19' title='bbox 1615 579 1738 625; x_wconf 84' lang='lat' dir='ltr'><strong>ante</strong></span> <span class='ocrx_word' id='word_1_20' title='bbox 1767 568 1959 624; x_wconf 88' lang='lat' dir='ltr'><strong>sabba-</strong></span> 
     </span>
    </p>
   </div>
   <div class='ocr_carea' id='block_1_4' title="bbox 372 664 1961 740">
    <p class='ocr_par' dir='ltr' id='par_1_4' title="bbox 372 664 1961 740">
     <span class='ocr_line' id='line_1_4' title="bbox 372 664 1961 740; baseline -0.007 -12"><span class='ocrx_word' id='word_1_21' title='bbox 372 680 488 728; x_wconf 83' lang='lat' dir='ltr'><strong>tum</strong></span> <span class='ocrx_word' id='word_1_22' title='bbox 513 669 757 740; x_wconf 89' lang='lat' dir='ltr'><strong>jejunare</strong></span> <span class='ocrx_word' id='word_1_23' title='bbox 794 668 1092 739; x_wconf 81' lang='lat' dir='ltr'><strong>possimus,</strong></span> <span class='ocrx_word' id='word_1_24' title='bbox 1124 667 1391 737; x_wconf 89' lang='lat' dir='ltr'><strong>quomodo</strong></span> <span class='ocrx_word' id='word_1_25' title='bbox 1424 665 1550 721; x_wconf 83' lang='lat' dir='ltr'><strong>dicit</strong></span> <span class='ocrx_word' id='word_1_26' title='bbox 1583 674 1705 720; x_wconf 83' lang='lat' dir='ltr'><strong>ante</strong></span> <span class='ocrx_word' id='word_1_27' title='bbox 1732 664 1961 719; x_wconf 82' lang='lat' dir='ltr'><strong>domini-</strong></span> 
     </span>
    </p>
   </div>
   <div class='ocr_carea' id='block_1_5' title="bbox 368 757 1962 830">
    <p class='ocr_par' dir='ltr' id='par_1_5' title="bbox 368 757 1962 830">
     <span class='ocr_line' id='line_1_5' title="bbox 368 757 1962 830; baseline -0.007 -11"><span class='ocrx_word' id='word_1_28' title='bbox 368 778 493 819; x_wconf 87' lang='lat' dir='ltr'><strong>cum</strong></span> <span class='ocrx_word' id='word_1_29' title='bbox 535 761 757 818; x_wconf 86' lang='lat' dir='ltr'><strong>sabbato</strong></span> <span class='ocrx_word' id='word_1_30' title='bbox 796 759 1176 830; x_wconf 89' lang='lat' dir='ltr'><strong>jejunandum:</strong></span> <span class='ocrx_word' id='word_1_31' title='bbox 1205 774 1272 813; x_wconf 91' lang='lat' dir='ltr'><strong>an</strong></span> <span class='ocrx_word' id='word_1_32' title='bbox 1311 758 1562 814; x_wconf 91' lang='lat' dir='ltr'><strong>continuo</strong></span> <span class='ocrx_word' id='word_1_33' title='bbox 1599 757 1760 813; x_wconf 86' lang='lat' dir='ltr'><strong>biduo</strong></span> <span class='ocrx_word' id='word_1_34' title='bbox 1800 770 1962 825; x_wconf 87' lang='lat' dir='ltr'><strong>pran-</strong></span> 
     </span>
    </p>
   </div>
   <div class='ocr_carea' id='block_1_6' title="bbox 365 846 1961 921">
    <p class='ocr_par' dir='ltr' id='par_1_6' title="bbox 365 846 1961 921">
     <span class='ocr_line' id='line_1_6' title="bbox 365 846 1961 921; baseline -0.005 -10"><span class='ocrx_word' id='word_1_35' title='bbox 365 856 485 911; x_wconf 86' lang='lat' dir='ltr'><strong>deri</strong></span> <span class='ocrx_word' id='word_1_36' title='bbox 514 853 665 909; x_wconf 89' lang='lat' dir='ltr'><strong>nefas</strong></span> <span class='ocrx_word' id='word_1_37' title='bbox 697 866 815 908; x_wconf 88' lang='lat' dir='ltr'><strong>esse</strong></span> <span class='ocrx_word' id='word_1_38' title='bbox 835 850 1157 906; x_wconf 82' lang='lat' dir='ltr'><strong>arbitratur?</strong></span> <span class='ocrx_word' id='word_1_39' title='bbox 1184 850 1375 906; x_wconf 81' lang='lat' dir='ltr'><strong>Videat</strong></span> <span class='ocrx_word' id='word_1_40' title='bbox 1399 864 1526 921; x_wconf 87' lang='lat' dir='ltr'><strong>ergo</strong></span> <span class='ocrx_word' id='word_1_41' title='bbox 1550 856 1744 918; x_wconf 85' lang='lat' dir='ltr'><strong>quanta</strong></span> <span class='ocrx_word' id='word_1_42' title='bbox 1767 846 1961 903; x_wconf 81' lang='lat' dir='ltr'><strong>alliciat</strong></span> 
     </span>
    </p>
   </div>
   <div class='ocr_carea' id='block_1_7' title="bbox 371 938 1960 1013">
    <p class='ocr_par' dir='ltr' id='par_1_7' title="bbox 371 938 1960 1013">
     <span class='ocr_line' id='line_1_7' title="bbox 371 938 1960 1013; baseline -0.005 -12"><span class='ocrx_word' id='word_1_43' title='bbox 371 946 697 1002; x_wconf 85' lang='lat' dir='ltr'><strong>contumelia</strong></span> <span class='ocrx_word' id='word_1_44' title='bbox 736 944 904 1013; x_wconf 88' lang='lat' dir='ltr'><strong>ipsam</strong></span> <span class='ocrx_word' id='word_1_45' title='bbox 933 957 1142 1013; x_wconf 90' lang='lat' dir='ltr'><strong>quoque</strong></span> <span class='ocrx_word' id='word_1_46' title='bbox 1179 942 1473 996; x_wconf 85' lang='lat' dir='ltr'><strong>Romanam</strong></span> <span class='ocrx_word' id='word_1_47' title='bbox 1511 939 1837 1006; x_wconf 87' lang='lat' dir='ltr'><strong>Ecclesiam,</strong></span> <span class='ocrx_word' id='word_1_48' title='bbox 1869 938 1960 995; x_wconf 89' lang='lat' dir='ltr'><strong>ubi</strong></span> 
     </span>
    </p>
   </div>
   <div class='ocr_carea' id='block_1_8' title="bbox 367 1035 1963 1106">
    <p class='ocr_par' dir='ltr' id='par_1_8' title="bbox 367 1035 1963 1106">
     <span class='ocr_line' id='line_1_8' title="bbox 367 1035 1963 1106; baseline -0.004 -11"><span class='ocrx_word' id='word_1_49' title='bbox 367 1050 424 1096; x_wconf 89' lang='lat' dir='ltr'><strong>et</strong></span> <span class='ocrx_word' id='word_1_50' title='bbox 464 1039 550 1094; x_wconf 90' lang='lat' dir='ltr'><strong>his</strong></span> <span class='ocrx_word' id='word_1_51' title='bbox 596 1036 1048 1103; x_wconf 83' lang='lat' dir='ltr'><strong>hebdomadibus,</strong></span> <span class='ocrx_word' id='word_1_52' title='bbox 1094 1035 1148 1091; x_wconf 92' lang='lat' dir='ltr'><strong>in</strong></span> <span class='ocrx_word' id='word_1_53' title='bbox 1188 1035 1379 1106; x_wconf 89' lang='lat' dir='ltr'><strong>quibus</strong></span> <span class='ocrx_word' id='word_1_54' title='bbox 1408 1043 1593 1105; x_wconf 88' lang='lat' dir='ltr'><strong>quarta</strong></span> <span class='ocrx_word' id='word_1_55' title='bbox 1635 1041 1691 1090; x_wconf 90' lang='lat' dir='ltr'><strong>et</strong></span> <span class='ocrx_word' id='word_1_56' title='bbox 1732 1041 1883 1089; x_wconf 79' lang='lat' dir='ltr'><strong>sexta</strong></span> <span class='ocrx_word' id='word_1_57' title='bbox 1907 1040 1963 1088; x_wconf 90' lang='lat' dir='ltr'><strong>et</strong></span> 
     </span>
    </p>
   </div>
   <div class='ocr_carea' id='block_1_9' title="bbox 364 1123 1963 1199">
    <p class='ocr_par' dir='ltr' id='par_1_9' title="bbox 364 1123 1963 1199">
     <span class='ocr_line' id='line_1_9' title="bbox 364 1123 1963 1199; baseline -0.004 -14"><span class='ocrx_word' id='word_1_58' title='bbox 364 1131 591 1185; x_wconf 84' lang='lat' dir='ltr'><strong>sabbato</strong></span> <span class='ocrx_word' id='word_1_59' title='bbox 615 1129 903 1199; x_wconf 84' lang='lat' dir='ltr'><strong>jejunatur,</strong></span> <span class='ocrx_word' id='word_1_60' title='bbox 931 1127 1100 1181; x_wconf 91' lang='lat' dir='ltr'><strong>tribus</strong></span> <span class='ocrx_word' id='word_1_61' title='bbox 1126 1133 1302 1180; x_wconf 89' lang='lat' dir='ltr'><strong>tamen</strong></span> <span class='ocrx_word' id='word_1_62' title='bbox 1327 1125 1515 1180; x_wconf 89' lang='lat' dir='ltr'><strong>diebus</strong></span> <span class='ocrx_word' id='word_1_63' title='bbox 1538 1124 1801 1180; x_wconf 90' lang='lat' dir='ltr'><strong>coutinuis</strong></span> <span class='ocrx_word' id='word_1_64' title='bbox 1820 1166 1835 1191; x_wconf 95' lang='lat'><strong>,</strong></span> <span class='ocrx_word' id='word_1_65' title='bbox 1866 1123 1963 1179; x_wconf 87' lang='lat' dir='ltr'><strong>do-</strong></span> 
     </span>
    </p>
   </div>
   <div class='ocr_carea' id='block_1_10' title="bbox 366 1216 1957 1288">
    <p class='ocr_par' dir='ltr' id='par_1_10' title="bbox 366 1216 1957 1288">
     <span class='ocr_line' id='line_1_10' title="bbox 366 1216 1957 1288; baseline -0.004 -11"><span class='ocrx_word' id='word_1_66' title='bbox 366 1223 566 1277; x_wconf 90' lang='lat' dir='ltr'><strong>minico</strong></span> <span class='ocrx_word' id='word_1_67' title='bbox 586 1222 800 1277; x_wconf 85' lang='lat' dir='ltr'><strong>scilicet</strong></span> <span class='ocrx_word' id='word_1_68' title='bbox 824 1236 887 1277; x_wconf 90' lang='lat' dir='ltr'><strong>ac</strong></span> <span class='ocrx_word' id='word_1_69' title='bbox 910 1222 1102 1277; x_wconf 90' lang='lat' dir='ltr'><strong>deinde</strong></span> <span class='ocrx_word' id='word_1_70' title='bbox 1130 1221 1364 1277; x_wconf 87' lang='lat' dir='ltr'><strong>secunda</strong></span> <span class='ocrx_word' id='word_1_71' title='bbox 1391 1228 1445 1275; x_wconf 90' lang='lat' dir='ltr'><strong>et</strong></span> <span class='ocrx_word' id='word_1_72' title='bbox 1469 1219 1623 1274; x_wconf 90' lang='lat' dir='ltr'><strong>tertia</strong></span> <span class='ocrx_word' id='word_1_73' title='bbox 1649 1216 1957 1288; x_wconf 87' lang='lat' dir='ltr'><strong>prandetur.</strong></span> 
     </span>
    </p>
   </div>
   <div class='ocr_carea' id='block_1_11' title="bbox 441 1311 1963 1383">
    <p class='ocr_par' dir='ltr' id='par_1_11' title="bbox 441 1311 1963 1383">
     <span class='ocr_line' id='line_1_11' title="bbox 441 1311 1963 1383; baseline -0.004 -13"><span class='ocrx_word' id='word_1_74' title='bbox 441 1316 536 1371; x_wconf 76' lang='lat'><strong>20.</strong></span> <span class='ocrx_word' id='word_1_75' title='bbox 572 1315 753 1370; x_wconf 80' lang='lat' dir='ltr'><strong>Ouium</strong></span> <span class='ocrx_word' id='word_1_76' title='bbox 775 1315 927 1368; x_wconf 80' lang='lat' dir='ltr'><strong>vitam</strong></span> <span class='ocrx_word' id='word_1_77' title='bbox 947 1324 1139 1369; x_wconf 90' lang='lat' dir='ltr'><strong>certum</strong></span> <span class='ocrx_word' id='word_1_78' title='bbox 1164 1321 1256 1380; x_wconf 87' lang='lat' dir='ltr'><strong>est,</strong></span> <span class='ocrx_word' id='word_1_79' title='bbox 1284 1313 1474 1383; x_wconf 84' lang='lat' dir='ltr'><strong>inquit,</strong></span> <span class='ocrx_word' id='word_1_80' title='bbox 1515 1312 1721 1365; x_wconf 89' lang='lat' dir='ltr'><strong>arbitrio</strong></span> <span class='ocrx_word' id='word_1_81' title='bbox 1747 1311 1963 1381; x_wconf 84' lang='lat' dir='ltr'><strong>pendere</strong></span> 
     </span>
    </p>
   </div>
   <div class='ocr_carea' id='block_1_12' title="bbox 369 1403 1965 1481">
    <p class='ocr_par' dir='ltr' id='par_1_12' title="bbox 369 1403 1965 1481">
     <span class='ocr_line' id='line_1_12' title="bbox 369 1403 1965 1481; baseline -0.005 -18"><span class='ocrx_word' id='word_1_82' title='bbox 369 1420 636 1481; x_wconf 75' lang='lat' dir='ltr'><strong>pastorum</strong></span> <span class='ocrx_word' id='word_1_83' title='bbox 660 1424 680 1463; x_wconf 92' lang='lat'><strong>:</strong></span> <span class='ocrx_word' id='word_1_84' title='bbox 702 1407 790 1462; x_wconf 87' lang='lat' dir='ltr'><strong>sed</strong></span> <span class='ocrx_word' id='word_1_85' title='bbox 825 1426 844 1460; x_wconf 69' lang='grc' dir='ltr'>ι</span> <span class='ocrx_word' id='word_1_86' title='bbox 873 1407 961 1462; x_wconf 73' lang='lat' dir='ltr'><strong>Vw</strong></span> <span class='ocrx_word' id='word_1_87' title='bbox 986 1408 1071 1479; x_wconf 89' lang='lat' dir='ltr'><strong>qui</strong></span> <span class='ocrx_word' id='word_1_88' title='bbox 1096 1407 1270 1461; x_wconf 89' lang='lat' dir='ltr'><strong>dicunt</strong></span> <span class='ocrx_word' id='word_1_89' title='bbox 1298 1407 1431 1476; x_wconf 89' lang='lat' dir='ltr'><strong>quod</strong></span> <span class='ocrx_word' id='word_1_90' title='bbox 1458 1405 1641 1459; x_wconf 89' lang='lat' dir='ltr'><strong>bonum</strong></span> <span class='ocrx_word' id='word_1_91' title='bbox 1671 1404 1882 1469; x_wconf 87' lang='lat' dir='ltr'><strong>malum,</strong></span> <span class='ocrx_word' id='word_1_92' title='bbox 1912 1403 1965 1458; x_wconf 68' lang='lat' dir='ltr'><strong>et</strong></span> 
     </span>
    </p>
   </div>
   <div class='ocr_carea' id='block_1_13' title="bbox 372 1498 1966 1575">
    <p class='ocr_par' dir='ltr' id='par_1_13' title="bbox 372 1498 1966 1575">
     <span class='ocr_line' id='line_1_13' title="bbox 372 1498 1966 1575; baseline -0.005 -18"><span class='ocrx_word' id='word_1_93' title='bbox 372 1503 603 1557; x_wconf 76' lang='lat' dir='ltr'><strong>tenebras</strong></span> <span class='ocrx_word' id='word_1_94' title='bbox 626 1502 807 1567; x_wconf 81' lang='lat' dir='ltr'><strong>lucem,</strong></span> <span class='ocrx_word' id='word_1_95' title='bbox 829 1509 876 1554; x_wconf 90' lang='lat' dir='ltr'><strong>et</strong></span> <span class='ocrx_word' id='word_1_96' title='bbox 896 1500 1056 1555; x_wconf 83' lang='lat' dir='ltr'><strong>lucem</strong></span> <span class='ocrx_word' id='word_1_97' title='bbox 1084 1498 1336 1575; x_wconf 81' lang='lat' dir='ltr'><strong>tenebras,</strong></span> <span class='ocrx_word' id='word_1_98' title='bbox 1371 1507 1416 1554; x_wconf 92' lang='lat' dir='ltr'><strong>et</strong></span> <span class='ocrx_word' id='word_1_99' title='bbox 1444 1516 1673 1553; x_wconf 85' lang='lat' dir='ltr'><strong>amarum</strong></span> <span class='ocrx_word' id='word_1_100' title='bbox 1702 1498 1884 1564; x_wconf 87' lang='lat' dir='ltr'><strong>dulce,</strong></span> <span class='ocrx_word' id='word_1_101' title='bbox 1915 1499 1966 1551; x_wconf 72' lang='lat' dir='ltr'><strong>et</strong></span> 
     </span>
    </p>
   </div>
   <div class='ocr_carea' id='block_1_14' title="bbox 372 1590 1964 1663">
    <p class='ocr_par' dir='ltr' id='par_1_14' title="bbox 372 1590 1964 1663">
     <span class='ocr_line' id='line_1_14' title="bbox 372 1590 1964 1663; baseline 0 -16"><span class='ocrx_word' id='word_1_102' title='bbox 372 1594 524 1647; x_wconf 84' lang='lat' dir='ltr'><strong>dulce</strong></span> <span class='ocrx_word' id='word_1_103' title='bbox 558 1610 787 1647; x_wconf 89' lang='lat' dir='ltr'><strong>amarum</strong></span> <span class='ocrx_word' id='word_1_104' title='bbox 817 1611 835 1645; x_wconf 75' lang='grc' dir='ltr'><strong><em>ι</em></strong></span> <span class='ocrx_word' id='word_1_105' title='bbox 886 1591 1038 1663; x_wconf 87' lang='lat' dir='ltr'><strong>(Isai.</strong></span> <span class='ocrx_word' id='word_1_106' title='bbox 1069 1607 1126 1658; x_wconf 90' lang='lat' dir='ltr'><strong>v,</strong></span> <span class='ocrx_word' id='word_1_107' title='bbox 1152 1590 1269 1661; x_wconf 71' lang='lat'><strong>20).</strong></span> <span class='ocrx_word' id='word_1_108' title='bbox 1313 1590 1449 1659; x_wconf 86' lang='lat' dir='ltr'><strong>Quid</strong></span> <span class='ocrx_word' id='word_1_109' title='bbox 1490 1591 1589 1647; x_wconf 85' lang='lat' dir='ltr'><strong>sibi</strong></span> <span class='ocrx_word' id='word_1_110' title='bbox 1635 1591 1803 1646; x_wconf 82' lang='lat' dir='ltr'><strong>velint</strong></span> <span class='ocrx_word' id='word_1_111' title='bbox 1846 1590 1964 1647; x_wconf 88' lang='lat' dir='ltr'><strong>haec</strong></span> 
     </span>
    </p>
   </div>
   <div class='ocr_carea' id='block_1_15' title="bbox 368 1680 1961 1753">
    <p class='ocr_par' dir='ltr' id='par_1_15' title="bbox 368 1680 1961 1753">
     <span class='ocr_line' id='line_1_15' title="bbox 368 1680 1961 1753; baseline -0.001 -15"><span class='ocrx_word' id='word_1_112' title='bbox 368 1685 533 1739; x_wconf 82' lang='lat' dir='ltr'><strong>verba</strong></span> <span class='ocrx_word' id='word_1_113' title='bbox 565 1684 701 1753; x_wconf 86' lang='lat' dir='ltr'><strong>ejus,</strong></span> <span class='ocrx_word' id='word_1_114' title='bbox 724 1698 834 1737; x_wconf 90' lang='lat' dir='ltr'><strong>non</strong></span> <span class='ocrx_word' id='word_1_115' title='bbox 862 1683 989 1738; x_wconf 88' lang='lat' dir='ltr'><strong>satis</strong></span> <span class='ocrx_word' id='word_1_116' title='bbox 1014 1683 1268 1751; x_wconf 91' lang='lat' dir='ltr'><strong>intelligo.</strong></span> <span class='ocrx_word' id='word_1_117' title='bbox 1297 1682 1352 1736; x_wconf 89' lang='lat' dir='ltr'><strong>Si</strong></span> <span class='ocrx_word' id='word_1_118' title='bbox 1395 1683 1537 1737; x_wconf 90' lang='lat' dir='ltr'><strong>enim</strong></span> <span class='ocrx_word' id='word_1_119' title='bbox 1568 1682 1699 1745; x_wconf 63' lang='lat' dir='ltr'><strong>haec,</strong></span> <span class='ocrx_word' id='word_1_120' title='bbox 1732 1690 1791 1736; x_wconf 92' lang='lat' dir='ltr'><strong>ut</strong></span> <span class='ocrx_word' id='word_1_121' title='bbox 1830 1680 1961 1737; x_wconf 87' lang='lat' dir='ltr'><strong>scri-</strong></span> 
     </span>
    </p>
   </div>
   <div class='ocr_carea' id='block_1_16' title="bbox 371 1772 1960 1845">
    <p class='ocr_par' dir='ltr' id='par_1_16' title="bbox 371 1772 1960 1845">
     <span class='ocr_line' id='line_1_16' title="bbox 371 1772 1960 1845; baseline -0.001 -16"><span class='ocrx_word' id='word_1_122' title='bbox 371 1775 478 1835; x_wconf 88' lang='lat' dir='ltr'><strong>bis.</strong></span> <span class='ocrx_word' id='word_1_123' title='bbox 512 1776 589 1829; x_wconf 91' lang='lat' dir='ltr'><strong>sic</strong></span> <span class='ocrx_word' id='word_1_124' title='bbox 619 1774 841 1829; x_wconf 89' lang='lat' dir='ltr'><strong>Urbicus</strong></span> <span class='ocrx_word' id='word_1_125' title='bbox 870 1774 1034 1838; x_wconf 87' lang='lat' dir='ltr'><strong>dicit;</strong></span> <span class='ocrx_word' id='word_1_126' title='bbox 1064 1774 1116 1827; x_wconf 90' lang='lat' dir='ltr'><strong>in</strong></span> <span class='ocrx_word' id='word_1_127' title='bbox 1143 1773 1283 1830; x_wconf 89' lang='lat' dir='ltr'><strong>Urbe</strong></span> <span class='ocrx_word' id='word_1_128' title='bbox 1318 1773 1468 1845; x_wconf 89' lang='lat' dir='ltr'><strong>plebs</strong></span> <span class='ocrx_word' id='word_1_129' title='bbox 1497 1772 1733 1843; x_wconf 89' lang='lat' dir='ltr'><strong>pendens</strong></span> <span class='ocrx_word' id='word_1_130' title='bbox 1764 1788 1831 1828; x_wconf 88' lang='lat' dir='ltr'><strong>ex</strong></span> <span class='ocrx_word' id='word_1_131' title='bbox 1862 1789 1960 1843; x_wconf 88' lang='lat' dir='ltr'><strong>pa-</strong></span> 
     </span>
    </p>
   </div>
   <div class='ocr_carea' id='block_1_17' title="bbox 369 1864 1962 1934">
    <p class='ocr_par' dir='ltr' id='par_1_17' title="bbox 369 1864 1962 1934">
     <span class='ocr_line' id='line_1_17' title="bbox 369 1864 1962 1934; baseline 0.001 -13"><span class='ocrx_word' id='word_1_132' title='bbox 369 1867 532 1921; x_wconf 87' lang='lat' dir='ltr'><strong>storis</strong></span> <span class='ocrx_word' id='word_1_133' title='bbox 560 1864 781 1919; x_wconf 90' lang='lat' dir='ltr'><strong>arbitrio</strong></span> <span class='ocrx_word' id='word_1_134' title='bbox 803 1880 923 1918; x_wconf 90' lang='lat' dir='ltr'><strong>cum</strong></span> <span class='ocrx_word' id='word_1_135' title='bbox 961 1864 1211 1934; x_wconf 75' lang='lat' dir='ltr'><strong>epiSCOpo</strong></span> <span class='ocrx_word' id='word_1_136' title='bbox 1249 1879 1346 1919; x_wconf 91' lang='lat' dir='ltr'><strong>suo</strong></span> <span class='ocrx_word' id='word_1_137' title='bbox 1376 1865 1584 1934; x_wconf 89' lang='lat' dir='ltr'><strong>jejunat</strong></span> <span class='ocrx_word' id='word_1_138' title='bbox 1632 1864 1869 1920; x_wconf 88' lang='lat' dir='ltr'><strong>sabbato.</strong></span> <span class='ocrx_word' id='word_1_139' title='bbox 1902 1864 1962 1922; x_wconf 88' lang='lat' dir='ltr'><strong>Si</strong></span> 
     </span>
    </p>
   </div>
   <div class='ocr_carea' id='block_1_18' title="bbox 369 1957 1961 2028">
    <p class='ocr_par' dir='ltr' id='par_1_18' title="bbox 369 1957 1961 2028">
     <span class='ocr_line' id='line_1_18' title="bbox 369 1957 1961 2028; baseline 0.001 -15"><span class='ocrx_word' id='word_1_140' title='bbox 369 1970 548 2013; x_wconf 85' lang='lat' dir='ltr'><strong>autem</strong></span> <span class='ocrx_word' id='word_1_141' title='bbox 575 1960 651 2014; x_wconf 86' lang='lat' dir='ltr'><strong>sic</strong></span> <span class='ocrx_word' id='word_1_142' title='bbox 680 1958 745 2012; x_wconf 91' lang='lat' dir='ltr'><strong>ad</strong></span> <span class='ocrx_word' id='word_1_143' title='bbox 776 1968 829 2013; x_wconf 93' lang='lat' dir='ltr'><strong>te</strong></span> <span class='ocrx_word' id='word_1_144' title='bbox 869 1958 971 2013; x_wconf 90' lang='lat' dir='ltr'><strong>ista</strong></span> <span class='ocrx_word' id='word_1_145' title='bbox 1009 1958 1249 2026; x_wconf 88' lang='lat' dir='ltr'><strong>scripsit,</strong></span> <span class='ocrx_word' id='word_1_146' title='bbox 1282 1957 1403 2028; x_wconf 87' lang='lat' dir='ltr'><strong>quia</strong></span> <span class='ocrx_word' id='word_1_147' title='bbox 1444 1958 1497 2012; x_wconf 92' lang='lat' dir='ltr'><strong>in</strong></span> <span class='ocrx_word' id='word_1_148' title='bbox 1525 1957 1747 2026; x_wconf 85' lang='lat' dir='ltr'><strong>epistola</strong></span> <span class='ocrx_word' id='word_1_149' title='bbox 1790 1966 1878 2013; x_wconf 87' lang='lat' dir='ltr'><strong>tua</strong></span> <span class='ocrx_word' id='word_1_150' title='bbox 1907 1966 1961 2014; x_wconf 91' lang='lat' dir='ltr'><strong>et</strong></span> 
     </span>
    </p>
   </div>
   <div class='ocr_carea' id='block_1_19' title="bbox 368 2050 1961 2122">
    <p class='ocr_par' dir='ltr' id='par_1_19' title="bbox 368 2050 1961 2122">
     <span class='ocr_line' id='line_1_19' title="bbox 368 2050 1961 2122; baseline 0 -17"><span class='ocrx_word' id='word_1_151' title='bbox 368 2054 485 2122; x_wconf 84' lang='lat' dir='ltr'><strong>ipse</strong></span> <span class='ocrx_word' id='word_1_152' title='bbox 511 2051 758 2121; x_wconf 91' lang='lat' dir='ltr'><strong>quiddam</strong></span> <span class='ocrx_word' id='word_1_153' title='bbox 796 2051 901 2105; x_wconf 87' lang='lat' dir='ltr'><strong>tale</strong></span> <span class='ocrx_word' id='word_1_154' title='bbox 925 2051 1215 2120; x_wconf 89' lang='lat' dir='ltr'><strong>scripsisti;</strong></span> <span class='ocrx_word' id='word_1_155' title='bbox 1262 2065 1369 2105; x_wconf 91' lang='lat' dir='ltr'><strong>non</strong></span> <span class='ocrx_word' id='word_1_156' title='bbox 1407 2050 1504 2105; x_wconf 90' lang='lat' dir='ltr'><strong>tibi</strong></span> <span class='ocrx_word' id='word_1_157' title='bbox 1531 2050 1848 2120; x_wconf 88' lang='lat' dir='ltr'><strong>persuadeat</strong></span> <span class='ocrx_word' id='word_1_158' title='bbox 1869 2066 1961 2105; x_wconf 88' lang='lat' dir='ltr'><strong>ur-</strong></span> 
     </span>
    </p>
   </div>
   <div class='ocr_carea' id='block_1_20' title="bbox 370 2142 1960 2212">
    <p class='ocr_par' dir='ltr' id='par_1_20' title="bbox 370 2142 1960 2212">
     <span class='ocr_line' id='line_1_20' title="bbox 370 2142 1960 2212; baseline -0.001 -13"><span class='ocrx_word' id='word_1_159' title='bbox 370 2145 494 2199; x_wconf 85' lang='lat' dir='ltr'><strong>hem</strong></span> <span class='ocrx_word' id='word_1_160' title='bbox 534 2144 877 2198; x_wconf 76' lang='lat' dir='ltr'><strong>christianum</strong></span> <span class='ocrx_word' id='word_1_161' title='bbox 906 2143 985 2198; x_wconf 91' lang='lat' dir='ltr'><strong>sic</strong></span> <span class='ocrx_word' id='word_1_162' title='bbox 1017 2142 1233 2197; x_wconf 90' lang='lat' dir='ltr'><strong>laudare</strong></span> <span class='ocrx_word' id='word_1_163' title='bbox 1262 2142 1482 2198; x_wconf 90' lang='lat' dir='ltr'><strong>sabbato</strong></span> <span class='ocrx_word' id='word_1_164' title='bbox 1510 2143 1835 2212; x_wconf 90' lang='lat' dir='ltr'><strong>jejunantem</strong></span> <span class='ocrx_word' id='word_1_165' title='bbox 1856 2184 1870 2207; x_wconf 97' lang='lat'><strong>,</strong></span> <span class='ocrx_word' id='word_1_166' title='bbox 1901 2152 1960 2198; x_wconf 91' lang='lat' dir='ltr'><strong>ut</strong></span> 
     </span>
    </p>
   </div>
   <div class='ocr_carea' id='block_1_21' title="bbox 370 2234 1954 2307">
    <p class='ocr_par' dir='ltr' id='par_1_21' title="bbox 370 2234 1954 2307">
     <span class='ocr_line' id='line_1_21' title="bbox 370 2234 1954 2307; baseline -0.001 -15"><span class='ocrx_word' id='word_1_167' title='bbox 370 2237 584 2307; x_wconf 88' lang='lat' dir='ltr'><strong>cogaris</strong></span> <span class='ocrx_word' id='word_1_168' title='bbox 634 2236 817 2291; x_wconf 85' lang='lat' dir='ltr'><strong>orbem</strong></span> <span class='ocrx_word' id='word_1_169' title='bbox 871 2234 1217 2290; x_wconf 85' lang='lat' dir='ltr'><strong>christianum</strong></span> <span class='ocrx_word' id='word_1_170' title='bbox 1270 2234 1523 2289; x_wconf 90' lang='lat' dir='ltr'><strong>damnare</strong></span> <span class='ocrx_word' id='word_1_171' title='bbox 1582 2234 1954 2305; x_wconf 88' lang='lat' dir='ltr'><strong>prandentem.</strong></span> 
     </span>
    </p>
   </div>
   <div class='ocr_carea' id='block_1_22' title="bbox 369 2325 1954 2398">
    <p class='ocr_par' dir='ltr' id='par_1_22' title="bbox 369 2325 1954 2398">
     <span class='ocr_line' id='line_1_22' title="bbox 369 2325 1954 2398; baseline -0.001 -15"><span class='ocrx_word' id='word_1_172' title='bbox 369 2328 505 2383; x_wconf 91' lang='lat' dir='ltr'><strong>Cum</strong></span> <span class='ocrx_word' id='word_1_173' title='bbox 534 2328 676 2383; x_wconf 88' lang='lat' dir='ltr'><strong>enim</strong></span> <span class='ocrx_word' id='word_1_174' title='bbox 705 2326 870 2382; x_wconf 88' lang='lat' dir='ltr'><strong>dicit:</strong></span> <span class='ocrx_word' id='word_1_175' title='bbox 901 2325 990 2381; x_wconf 70' lang='lat' dir='ltr'><strong>Va:</strong></span> <span class='ocrx_word' id='word_1_176' title='bbox 1031 2327 1116 2396; x_wconf 90' lang='lat' dir='ltr'><strong>qui</strong></span> <span class='ocrx_word' id='word_1_177' title='bbox 1158 2326 1329 2380; x_wconf 89' lang='lat' dir='ltr'><strong>dicunt</strong></span> <span class='ocrx_word' id='word_1_178' title='bbox 1366 2326 1501 2398; x_wconf 85' lang='lat' dir='ltr'><strong>quod</strong></span> <span class='ocrx_word' id='word_1_179' title='bbox 1537 2325 1719 2381; x_wconf 91' lang='lat' dir='ltr'><strong>bonum</strong></span> <span class='ocrx_word' id='word_1_180' title='bbox 1744 2328 1954 2396; x_wconf 87' lang='lat' dir='ltr'><strong>malum,</strong></span> 
     </span>
    </p>
   </div>
   <div class='ocr_carea' id='block_1_23' title="bbox 368 2417 1952 2487">
    <p class='ocr_par' dir='ltr' id='par_1_23' title="bbox 368 2417 1952 2487">
     <span class='ocr_line' id='line_1_23' title="bbox 368 2417 1952 2487; baseline -0.002 -12"><span class='ocrx_word' id='word_1_181' title='bbox 368 2431 415 2475; x_wconf 88' lang='lat' dir='ltr'><strong>et</strong></span> <span class='ocrx_word' id='word_1_182' title='bbox 436 2420 662 2475; x_wconf 77' lang='lat' dir='ltr'><strong>tenebras</strong></span> <span class='ocrx_word' id='word_1_183' title='bbox 688 2420 849 2474; x_wconf 85' lang='lat' dir='ltr'><strong>lucem</strong></span> <span class='ocrx_word' id='word_1_184' title='bbox 866 2460 882 2486; x_wconf 91' lang='lat'><strong>,</strong></span> <span class='ocrx_word' id='word_1_185' title='bbox 915 2427 961 2473; x_wconf 87' lang='lat' dir='ltr'><strong>et</strong></span> <span class='ocrx_word' id='word_1_186' title='bbox 990 2419 1150 2472; x_wconf 88' lang='lat' dir='ltr'><strong>lucem</strong></span> <span class='ocrx_word' id='word_1_187' title='bbox 1176 2417 1422 2483; x_wconf 88' lang='lat' dir='ltr'><strong>tenebras,</strong></span> <span class='ocrx_word' id='word_1_188' title='bbox 1450 2426 1496 2472; x_wconf 91' lang='lat' dir='ltr'><strong>et</strong></span> <span class='ocrx_word' id='word_1_189' title='bbox 1521 2434 1747 2472; x_wconf 88' lang='lat' dir='ltr'><strong>amarum</strong></span> <span class='ocrx_word' id='word_1_190' title='bbox 1774 2419 1952 2487; x_wconf 87' lang='lat' dir='ltr'><strong>dulce,</strong></span> 
     </span>
    </p>
   </div>
   <div class='ocr_carea' id='block_1_24' title="bbox 369 2509 1955 2582">
    <p class='ocr_par' dir='ltr' id='par_1_24' title="bbox 369 2509 1955 2582">
     <span class='ocr_line' id='line_1_24' title="bbox 369 2509 1955 2582; baseline 0.001 -16"><span class='ocrx_word' id='word_1_191' title='bbox 369 2522 416 2567; x_wconf 90' lang='lat' dir='ltr'><strong>et</strong></span> <span class='ocrx_word' id='word_1_192' title='bbox 446 2513 596 2566; x_wconf 87' lang='lat' dir='ltr'><strong>dulce</strong></span> <span class='ocrx_word' id='word_1_193' title='bbox 635 2527 897 2576; x_wconf 89' lang='lat' dir='ltr'><strong>amarum,</strong></span> <span class='ocrx_word' id='word_1_194' title='bbox 946 2509 1203 2579; x_wconf 87' lang='lat' dir='ltr'><strong>jejunium</strong></span> <span class='ocrx_word' id='word_1_195' title='bbox 1254 2509 1459 2564; x_wconf 77' lang='lat' dir='ltr'><strong>sabbati</strong></span> <span class='ocrx_word' id='word_1_196' title='bbox 1513 2510 1694 2565; x_wconf 91' lang='lat' dir='ltr'><strong>volens</strong></span> <span class='ocrx_word' id='word_1_197' title='bbox 1734 2510 1955 2582; x_wconf 80' lang='lat' dir='ltr'><strong>intelligi</strong></span> 
     </span>
    </p>
   </div>
   <div class='ocr_carea' id='block_1_25' title="bbox 370 2600 1955 2671">
    <p class='ocr_par' dir='ltr' id='par_1_25' title="bbox 370 2600 1955 2671">
     <span class='ocr_line' id='line_1_25' title="bbox 370 2600 1955 2671; baseline 0.001 -14"><span class='ocrx_word' id='word_1_198' title='bbox 370 2604 573 2657; x_wconf 88' lang='lat' dir='ltr'><strong>bonum</strong></span> <span class='ocrx_word' id='word_1_199' title='bbox 600 2612 652 2658; x_wconf 91' lang='lat' dir='ltr'><strong>et</strong></span> <span class='ocrx_word' id='word_1_200' title='bbox 677 2602 847 2657; x_wconf 91' lang='lat' dir='ltr'><strong>lucem</strong></span> <span class='ocrx_word' id='word_1_201' title='bbox 886 2608 940 2656; x_wconf 90' lang='lat' dir='ltr'><strong>et</strong></span> <span class='ocrx_word' id='word_1_202' title='bbox 978 2600 1156 2665; x_wconf 89' lang='lat' dir='ltr'><strong>dulce,</strong></span> <span class='ocrx_word' id='word_1_203' title='bbox 1190 2600 1469 2671; x_wconf 87' lang='lat' dir='ltr'><strong>prandium</strong></span> <span class='ocrx_word' id='word_1_204' title='bbox 1498 2616 1647 2667; x_wconf 88' lang='lat' dir='ltr'><strong>vero,</strong></span> <span class='ocrx_word' id='word_1_205' title='bbox 1676 2602 1871 2656; x_wconf 90' lang='lat' dir='ltr'><strong>malum</strong></span> <span class='ocrx_word' id='word_1_206' title='bbox 1902 2612 1955 2659; x_wconf 91' lang='lat' dir='ltr'><strong>et</strong></span> 
     </span>
    </p>
   </div>
   <div class='ocr_carea' id='block_1_26' title="bbox 368 2692 1955 2762">
    <p class='ocr_par' dir='ltr' id='par_1_26' title="bbox 368 2692 1955 2762">
     <span class='ocr_line' id='line_1_26' title="bbox 368 2692 1955 2762; baseline 0.002 -14"><span class='ocrx_word' id='word_1_207' title='bbox 368 2694 621 2749; x_wconf 86' lang='lat' dir='ltr'><strong>tenebras</strong></span> <span class='ocrx_word' id='word_1_208' title='bbox 659 2702 714 2748; x_wconf 88' lang='lat' dir='ltr'><strong>et</strong></span> <span class='ocrx_word' id='word_1_209' title='bbox 754 2707 1026 2758; x_wconf 89' lang='lat' dir='ltr'><strong>amarum;</strong></span> <span class='ocrx_word' id='word_1_210' title='bbox 1058 2693 1177 2762; x_wconf 90' lang='lat' dir='ltr'><strong>quis</strong></span> <span class='ocrx_word' id='word_1_211' title='bbox 1213 2708 1337 2748; x_wconf 90' lang='lat' dir='ltr'><strong>eum</strong></span> <span class='ocrx_word' id='word_1_212' title='bbox 1367 2692 1572 2748; x_wconf 88' lang='lat' dir='ltr'><strong>dubitat</strong></span> <span class='ocrx_word' id='word_1_213' title='bbox 1610 2694 1664 2747; x_wconf 92' lang='lat' dir='ltr'><strong>in</strong></span> <span class='ocrx_word' id='word_1_214' title='bbox 1707 2695 1955 2751; x_wconf 89' lang='lat' dir='ltr'><strong>omnibus</strong></span> 
     </span>
    </p>
   </div>
   <div class='ocr_carea' id='block_1_27' title="bbox 368 2783 1954 2853">
    <p class='ocr_par' dir='ltr' id='par_1_27' title="bbox 368 2783 1954 2853">
     <span class='ocr_line' id='line_1_27' title="bbox 368 2783 1954 2853; baseline 0.002 -14"><span class='ocrx_word' id='word_1_215' title='bbox 368 2784 675 2839; x_wconf 85' lang='lat' dir='ltr'><strong>christianis</strong></span> <span class='ocrx_word' id='word_1_216' title='bbox 723 2783 948 2839; x_wconf 89' lang='lat' dir='ltr'><strong>sabbato</strong></span> <span class='ocrx_word' id='word_1_217' title='bbox 991 2783 1372 2853; x_wconf 89' lang='lat' dir='ltr'><strong>prandentibus</strong></span> <span class='ocrx_word' id='word_1_218' title='bbox 1420 2784 1724 2840; x_wconf 88' lang='lat' dir='ltr'><strong>universum</strong></span> <span class='ocrx_word' id='word_1_219' title='bbox 1768 2786 1954 2842; x_wconf 89' lang='lat' dir='ltr'><strong>orbem</strong></span> 
     </span>
    </p>
   </div>
   <div class='ocr_carea' id='block_1_28' title="bbox 369 2874 1955 2949">
    <p class='ocr_par' dir='ltr' id='par_1_28' title="bbox 369 2874 1955 2949">
     <span class='ocr_line' id='line_1_28' title="bbox 369 2874 1955 2949; baseline 0.003 -19"><span class='ocrx_word' id='word_1_220' title='bbox 369 2875 629 2930; x_wconf 92' lang='lat' dir='ltr'><strong>damnare</strong></span> <span class='ocrx_word' id='word_1_221' title='bbox 665 2874 968 2931; x_wconf 82' lang='lat' dir='ltr'><strong>terrarum?</strong></span> <span class='ocrx_word' id='word_1_222' title='bbox 995 2874 1105 2930; x_wconf 87' lang='lat' dir='ltr'><strong>Nec</strong></span> <span class='ocrx_word' id='word_1_223' title='bbox 1140 2890 1201 2930; x_wconf 90' lang='lat' dir='ltr'><strong>se</strong></span> <span class='ocrx_word' id='word_1_224' title='bbox 1242 2875 1356 2945; x_wconf 89' lang='lat' dir='ltr'><strong>ipse</strong></span> <span class='ocrx_word' id='word_1_225' title='bbox 1398 2877 1646 2944; x_wconf 87' lang='lat' dir='ltr'><strong>respicit,</strong></span> <span class='ocrx_word' id='word_1_226' title='bbox 1691 2893 1791 2933; x_wconf 91' lang='lat' dir='ltr'><strong>nec</strong></span> <span class='ocrx_word' id='word_1_227' title='bbox 1828 2878 1955 2949; x_wconf 90' lang='lat' dir='ltr'><strong>quid</strong></span> 
     </span>
    </p>
   </div>
   <div class='ocr_carea' id='block_1_29' title="bbox 368 2965 1954 3039">
    <p class='ocr_par' dir='ltr' id='par_1_29' title="bbox 368 2965 1954 3039">
     <span class='ocr_line' id='line_1_29' title="bbox 368 2965 1954 3039; baseline 0.003 -18"><span class='ocrx_word' id='word_1_228' title='bbox 368 2965 513 3021; x_wconf 82' lang='lat' dir='ltr'><strong>dicat</strong></span> <span class='ocrx_word' id='word_1_229' title='bbox 547 2967 799 3033; x_wconf 87' lang='lat' dir='ltr'><strong>attendit,</strong></span> <span class='ocrx_word' id='word_1_230' title='bbox 831 2975 890 3022; x_wconf 89' lang='lat' dir='ltr'><strong>ut</strong></span> <span class='ocrx_word' id='word_1_231' title='bbox 915 2967 1126 3035; x_wconf 88' lang='lat' dir='ltr'><strong>scriptis</strong></span> <span class='ocrx_word' id='word_1_232' title='bbox 1153 2967 1265 3021; x_wconf 88' lang='lat' dir='ltr'><strong>suis</strong></span> <span class='ocrx_word' id='word_1_233' title='bbox 1290 2968 1359 3021; x_wconf 89' lang='lat' dir='ltr'><strong>ab</strong></span> <span class='ocrx_word' id='word_1_234' title='bbox 1387 2967 1486 3021; x_wconf 85' lang='lat' dir='ltr'><strong>ista</strong></span> <span class='ocrx_word' id='word_1_235' title='bbox 1515 2968 1773 3039; x_wconf 72' lang='lat' dir='ltr'><strong>praecipiti</strong></span> <span class='ocrx_word' id='word_1_236' title='bbox 1801 2970 1954 3025; x_wconf 89' lang='lat' dir='ltr'><strong>cohi-</strong></span> 
     </span>
    </p>
   </div>
   <div class='ocr_carea' id='block_1_30' title="bbox 368 3058 1951 3129">
    <p class='ocr_par' dir='ltr' id='par_1_30' title="bbox 368 3058 1951 3129">
     <span class='ocr_line' id='line_1_30' title="bbox 368 3058 1951 3129; baseline 0.003 -16"><span class='ocrx_word' id='word_1_237' title='bbox 368 3059 562 3113; x_wconf 78' lang='lat' dir='ltr'><strong>beatur</strong></span> <span class='ocrx_word' id='word_1_238' title='bbox 604 3059 841 3113; x_wconf 88' lang='lat' dir='ltr'><strong>audacia.</strong></span> <span class='ocrx_word' id='word_1_239' title='bbox 882 3058 1151 3114; x_wconf 87' lang='lat' dir='ltr'><strong>Continuo</strong></span> <span class='ocrx_word' id='word_1_240' title='bbox 1198 3059 1392 3129; x_wconf 89' lang='lat' dir='ltr'><strong>quippe</strong></span> <span class='ocrx_word' id='word_1_241' title='bbox 1434 3059 1739 3129; x_wconf 79' lang='lat' dir='ltr'><strong>subjunxit,</strong></span> <span class='ocrx_word' id='word_1_242' title='bbox 1787 3061 1951 3118; x_wconf 86' lang='lat' dir='ltr'><strong>Nemo</strong></span> 
     </span>
    </p>
   </div>
   <div class='ocr_carea' id='block_1_31' title="bbox 367 3148 1946 3228">
    <p class='ocr_par' dir='ltr' id='par_1_31' title="bbox 367 3148 1946 3228">
     <span class='ocr_line' id='line_1_31' title="bbox 367 3148 1946 3228; baseline 0.004 -24"><span class='ocrx_word' id='word_1_243' title='bbox 367 3168 488 3223; x_wconf 87' lang='lat' dir='ltr'><strong>ergo</strong></span> <span class='ocrx_word' id='word_1_244' title='bbox 527 3168 613 3205; x_wconf 85' lang='lat' dir='ltr'><strong>vos</strong></span> <span class='ocrx_word' id='word_1_245' title='bbox 630 3152 826 3220; x_wconf 77' lang='lat' dir='ltr'><strong>judice!</strong></span> <span class='ocrx_word' id='word_1_246' title='bbox 862 3152 916 3205; x_wconf 89' lang='lat' dir='ltr'><strong>in</strong></span> <span class='ocrx_word' id='word_1_247' title='bbox 954 3167 1067 3205; x_wconf 87' lang='lat' dir='ltr'><strong>esca</strong></span> <span class='ocrx_word' id='word_1_248' title='bbox 1100 3159 1189 3204; x_wconf 90' lang='lat' dir='ltr'><strong>aut</strong></span> <span class='ocrx_word' id='word_1_249' title='bbox 1223 3151 1277 3205; x_wconf 90' lang='lat' dir='ltr'><strong>in</strong></span> <span class='ocrx_word' id='word_1_250' title='bbox 1307 3160 1427 3221; x_wconf 84' lang='lat' dir='ltr'><strong>potu</strong></span> <span class='ocrx_word' id='word_1_251' title='bbox 1467 3152 1487 3223; x_wconf 93' lang='lat'><strong>(</strong></span> <span class='ocrx_word' id='word_1_252' title='bbox 1506 3148 1698 3207; x_wconf 87' lang='lat' dir='ltr'><strong>Coloss.</strong></span> <span class='ocrx_word' id='word_1_253' title='bbox 1731 3168 1789 3220; x_wconf 83' lang='grc' dir='ltr'><strong>ιι,</strong></span> <span class='ocrx_word' id='word_1_254' title='bbox 1818 3152 1946 3228; x_wconf 77' lang='grc'><strong>16);</strong></span> 
     </span>
    </p>
   </div>
   <div class='ocr_carea' id='block_1_32' title="bbox 366 3242 1950 3314">
    <p class='ocr_par' dir='ltr' id='par_1_32' title="bbox 366 3242 1950 3314">
     <span class='ocr_line' id='line_1_32' title="bbox 366 3242 1950 3314; baseline 0.003 -18"><span class='ocrx_word' id='word_1_255' title='bbox 366 3242 511 3313; x_wconf 90' lang='lat' dir='ltr'><strong>quod</strong></span> <span class='ocrx_word' id='word_1_256' title='bbox 540 3244 652 3314; x_wconf 89' lang='lat' dir='ltr'><strong>ipse</strong></span> <span class='ocrx_word' id='word_1_257' title='bbox 677 3243 857 3312; x_wconf 87' lang='lat' dir='ltr'><strong>utique</strong></span> <span class='ocrx_word' id='word_1_258' title='bbox 886 3242 1040 3309; x_wconf 88' lang='lat' dir='ltr'><strong>facit,</strong></span> <span class='ocrx_word' id='word_1_259' title='bbox 1085 3243 1174 3312; x_wconf 90' lang='lat' dir='ltr'><strong>qui</strong></span> <span class='ocrx_word' id='word_1_260' title='bbox 1204 3242 1425 3296; x_wconf 89' lang='lat' dir='ltr'><strong>sabbato</strong></span> <span class='ocrx_word' id='word_1_261' title='bbox 1459 3252 1730 3298; x_wconf 91' lang='lat' dir='ltr'><strong>sumentes</strong></span> <span class='ocrx_word' id='word_1_262' title='bbox 1771 3258 1950 3300; x_wconf 89' lang='lat' dir='ltr'><strong>escam</strong></span> 
     </span>
    </p>
   </div>
   <div class='ocr_carea' id='block_1_33' title="bbox 367 3334 1949 3405">
    <p class='ocr_par' dir='ltr' id='par_1_33' title="bbox 367 3334 1949 3405">
     <span class='ocr_line' id='line_1_33' title="bbox 367 3334 1949 3405; baseline 0.001 -16"><span class='ocrx_word' id='word_1_263' title='bbox 367 3345 659 3405; x_wconf 87' lang='lat' dir='ltr'><strong>potumque</strong></span> <span class='ocrx_word' id='word_1_264' title='bbox 685 3335 761 3389; x_wconf 90' lang='lat' dir='ltr'><strong>sic</strong></span> <span class='ocrx_word' id='word_1_265' title='bbox 787 3334 978 3405; x_wconf 78' lang='lat' dir='ltr'><strong>arguit.</strong></span> <span class='ocrx_word' id='word_1_266' title='bbox 1006 3334 1266 3401; x_wconf 87' lang='lat' dir='ltr'><strong>Quantum</strong></span> <span class='ocrx_word' id='word_1_267' title='bbox 1291 3343 1423 3395; x_wconf 89' lang='lat' dir='ltr'><strong>erat.</strong></span> <span class='ocrx_word' id='word_1_268' title='bbox 1442 3342 1505 3388; x_wconf 86' lang='lat' dir='ltr'><strong>ut</strong></span> <span class='ocrx_word' id='word_1_269' title='bbox 1534 3334 1657 3388; x_wconf 91' lang='lat' dir='ltr'><strong>hinc</strong></span> <span class='ocrx_word' id='word_1_270' title='bbox 1677 3336 1727 3390; x_wconf 91' lang='lat' dir='ltr'><strong>ei</strong></span> <span class='ocrx_word' id='word_1_271' title='bbox 1748 3337 1949 3392; x_wconf 87' lang='lat' dir='ltr'><strong>veniret</strong></span> 
     </span>
    </p>
   </div>
   <div class='ocr_carea' id='block_1_34' title="bbox 365 3425 1949 3495">
    <p class='ocr_par' dir='ltr' id='par_1_34' title="bbox 365 3425 1949 3495">
     <span class='ocr_line' id='line_1_34' title="bbox 365 3425 1949 3495; baseline 0.001 -14"><span class='ocrx_word' id='word_1_272' title='bbox 365 3427 418 3482; x_wconf 88' lang='lat' dir='ltr'><strong>in</strong></span> <span class='ocrx_word' id='word_1_273' title='bbox 449 3435 684 3481; x_wconf 86' lang='lat' dir='ltr'><strong>mentem</strong></span> <span class='ocrx_word' id='word_1_274' title='bbox 708 3426 865 3480; x_wconf 90' lang='lat' dir='ltr'><strong>etiam</strong></span> <span class='ocrx_word' id='word_1_275' title='bbox 892 3425 1019 3480; x_wconf 93' lang='lat' dir='ltr'><strong>illud</strong></span> <span class='ocrx_word' id='word_1_276' title='bbox 1042 3426 1060 3457; x_wconf 76' lang='grc'>³</span> <span class='ocrx_word' id='word_1_277' title='bbox 1091 3425 1231 3495; x_wconf 91' lang='lat' dir='ltr'><strong>quod</strong></span> <span class='ocrx_word' id='word_1_278' title='bbox 1259 3425 1395 3479; x_wconf 90' lang='lat' dir='ltr'><strong>idem</strong></span> <span class='ocrx_word' id='word_1_279' title='bbox 1424 3426 1695 3495; x_wconf 87' lang='lat' dir='ltr'><strong>apostolus</strong></span> <span class='ocrx_word' id='word_1_280' title='bbox 1719 3426 1843 3481; x_wconf 88' lang='lat' dir='ltr'><strong>alibi</strong></span> <span class='ocrx_word' id='word_1_281' title='bbox 1869 3426 1949 3482; x_wconf 84' lang='lat' dir='ltr'><strong>di-</strong></span> 
     </span>
    </p>
   </div>
   <div class='ocr_carea' id='block_1_35' title="bbox 366 3517 1948 3588">
    <p class='ocr_par' dir='ltr' id='par_1_35' title="bbox 366 3517 1948 3588">
     <span class='ocr_line' id='line_1_35' title="bbox 366 3517 1948 3588; baseline -0.001 -14"><span class='ocrx_word' id='word_1_282' title='bbox 366 3519 475 3574; x_wconf 88' lang='lat' dir='ltr'><strong>cit:</strong></span> <span class='ocrx_word' id='word_1_283' title='bbox 510 3517 612 3584; x_wconf 82' lang='lat' dir='ltr'><strong>Qui</strong></span> <span class='ocrx_word' id='word_1_284' title='bbox 639 3518 911 3573; x_wconf 86' lang='lat' dir='ltr'><strong>manducat</strong></span> <span class='ocrx_word' id='word_1_285' title='bbox 931 3558 947 3585; x_wconf 94' lang='lat'><strong>,</strong></span> <span class='ocrx_word' id='word_1_286' title='bbox 987 3535 1087 3573; x_wconf 91' lang='lat' dir='ltr'><strong>non</strong></span> <span class='ocrx_word' id='word_1_287' title='bbox 1112 3518 1496 3572; x_wconf 81' lang='lat' dir='ltr'><strong>manducantem</strong></span> <span class='ocrx_word' id='word_1_288' title='bbox 1521 3534 1620 3571; x_wconf 91' lang='lat' dir='ltr'><strong>non</strong></span> <span class='ocrx_word' id='word_1_289' title='bbox 1638 3528 1878 3588; x_wconf 85' lang='lat' dir='ltr'><strong>spernat;</strong></span> <span class='ocrx_word' id='word_1_290' title='bbox 1901 3528 1948 3574; x_wconf 89' lang='lat' dir='ltr'><strong>et</strong></span> 
     </span>
    </p>
   </div>
   <div class='ocr_carea' id='block_1_36' title="bbox 365 3611 1943 3683">
    <p class='ocr_par' dir='ltr' id='par_1_36' title="bbox 365 3611 1943 3683">
     <span class='ocr_line' id='line_1_36' title="bbox 365 3611 1943 3683; baseline 0.001 -18"><span class='ocrx_word' id='word_1_291' title='bbox 365 3613 452 3682; x_wconf 76' lang='lat' dir='ltr'><strong>qui</strong></span> <span class='ocrx_word' id='word_1_292' title='bbox 462 3628 563 3666; x_wconf 90' lang='lat' dir='ltr'><strong>non</strong></span> <span class='ocrx_word' id='word_1_293' title='bbox 576 3612 867 3678; x_wconf 85' lang='lat' dir='ltr'><strong>manducat,</strong></span> <span class='ocrx_word' id='word_1_294' title='bbox 886 3611 1269 3665; x_wconf 88' lang='lat' dir='ltr'><strong>manducantem</strong></span> <span class='ocrx_word' id='word_1_295' title='bbox 1284 3629 1383 3665; x_wconf 91' lang='lat' dir='ltr'><strong>non</strong></span> <span class='ocrx_word' id='word_1_296' title='bbox 1395 3611 1588 3683; x_wconf 89' lang='lat' dir='ltr'><strong>judicet</strong></span> <span class='ocrx_word' id='word_1_297' title='bbox 1599 3614 1624 3665; x_wconf 73' lang='grc' dir='ltr'>ξ)</span> <span class='ocrx_word' id='word_1_298' title='bbox 1639 3611 1813 3681; x_wconf 83' lang='lat' dir='ltr'><strong>(Rom.</strong></span> <span class='ocrx_word' id='word_1_299' title='bbox 1833 3628 1943 3680; x_wconf 73' lang='lat' dir='ltr'><strong>le,</strong></span> 
     </span>
    </p>
   </div>
   <div class='ocr_carea' id='block_1_37' title="bbox 366 3704 1946 3775">
    <p class='ocr_par' dir='ltr' id='par_1_37' title="bbox 366 3704 1946 3775">
     <span class='ocr_line' id='line_1_37' title="bbox 366 3704 1946 3775; baseline 0 -15"><span class='ocrx_word' id='word_1_300' title='bbox 366 3706 449 3775; x_wconf 70' lang='grc' dir='ltr'><strong>ὅ.)</strong></span> <span class='ocrx_word' id='word_1_301' title='bbox 481 3706 642 3760; x_wconf 85' lang='lat' dir='ltr'><strong>Istum</strong></span> <span class='ocrx_word' id='word_1_302' title='bbox 671 3705 907 3771; x_wconf 90' lang='lat' dir='ltr'><strong>modum,</strong></span> <span class='ocrx_word' id='word_1_303' title='bbox 931 3705 1032 3759; x_wconf 90' lang='lat' dir='ltr'><strong>hoc</strong></span> <span class='ocrx_word' id='word_1_304' title='bbox 1052 3712 1549 3775; x_wconf 89' lang='lat' dir='ltr'><strong>temperamentum,</strong></span> <span class='ocrx_word' id='word_1_305' title='bbox 1574 3720 1679 3774; x_wconf 92' lang='lat' dir='ltr'><strong>quo</strong></span> <span class='ocrx_word' id='word_1_306' title='bbox 1700 3704 1946 3760; x_wconf 85' lang='lat' dir='ltr'><strong>scandala</strong></span> 
     </span>
    </p>
   </div>
   <div class='ocr_carea' id='block_1_38' title="bbox 364 3795 1945 3866">
    <p class='ocr_par' dir='ltr' id='par_1_38' title="bbox 364 3795 1945 3866">
     <span class='ocr_line' id='line_1_38' title="bbox 364 3795 1945 3866; baseline 0.001 -16"><span class='ocrx_word' id='word_1_307' title='bbox 364 3796 663 3862; x_wconf 85' lang='lat' dir='ltr'><strong>devitaret,</strong></span> <span class='ocrx_word' id='word_1_308' title='bbox 710 3797 847 3852; x_wconf 88' lang='lat' dir='ltr'><strong>inter</strong></span> <span class='ocrx_word' id='word_1_309' title='bbox 872 3796 1169 3866; x_wconf 87' lang='lat' dir='ltr'><strong>jejunantes</strong></span> <span class='ocrx_word' id='word_1_310' title='bbox 1212 3796 1430 3851; x_wconf 90' lang='lat' dir='ltr'><strong>sabbato</strong></span> <span class='ocrx_word' id='word_1_311' title='bbox 1472 3803 1527 3850; x_wconf 91' lang='lat' dir='ltr'><strong>et</strong></span> <span class='ocrx_word' id='word_1_312' title='bbox 1564 3795 1945 3851; x_wconf 90' lang='lat' dir='ltr'><strong>manducantes</strong></span> 
     </span>
    </p>
   </div>
   <div class='ocr_carea' id='block_1_39' title="bbox 367 3886 1945 3957">
    <p class='ocr_par' dir='ltr' id='par_1_39' title="bbox 367 3886 1945 3957">
     <span class='ocr_line' id='line_1_39' title="bbox 367 3886 1945 3957; baseline 0.001 -17"><span class='ocrx_word' id='word_1_313' title='bbox 367 3896 608 3953; x_wconf 88' lang='lat' dir='ltr'><strong>teneret,</strong></span> <span class='ocrx_word' id='word_1_314' title='bbox 639 3897 697 3942; x_wconf 92' lang='lat' dir='ltr'><strong>ut</strong></span> <span class='ocrx_word' id='word_1_315' title='bbox 738 3896 793 3942; x_wconf 93' lang='lat' dir='ltr'><strong>et</strong></span> <span class='ocrx_word' id='word_1_316' title='bbox 820 3888 997 3957; x_wconf 91' lang='lat' dir='ltr'><strong>ipsum</strong></span> <span class='ocrx_word' id='word_1_317' title='bbox 1036 3901 1141 3942; x_wconf 88' lang='lat' dir='ltr'><strong>non</strong></span> <span class='ocrx_word' id='word_1_318' title='bbox 1171 3886 1576 3941; x_wconf 89' lang='lat' dir='ltr'><strong>manducantem</strong></span> <span class='ocrx_word' id='word_1_319' title='bbox 1619 3887 1945 3943; x_wconf 89' lang='lat' dir='ltr'><strong>manducans</strong></span> 
     </span>
    </p>
   </div>
   <div class='ocr_carea' id='block_1_40' title="bbox 363 3980 1945 4051">
    <p class='ocr_par' dir='ltr' id='par_1_40' title="bbox 363 3980 1945 4051">
     <span class='ocr_line' id='line_1_40' title="bbox 363 3980 1945 4051; baseline 0.003 -18"><span class='ocrx_word' id='word_1_320' title='bbox 363 3981 589 4049; x_wconf 90' lang='lat' dir='ltr'><strong>quisque</strong></span> <span class='ocrx_word' id='word_1_321' title='bbox 614 3996 718 4035; x_wconf 90' lang='lat' dir='ltr'><strong>non</strong></span> <span class='ocrx_word' id='word_1_322' title='bbox 747 3988 1021 4051; x_wconf 77' lang='lat' dir='ltr'><strong>Sperneret</strong></span> <span class='ocrx_word' id='word_1_323' title='bbox 1042 4021 1057 4045; x_wconf 96' lang='lat'><strong>,</strong></span> <span class='ocrx_word' id='word_1_324' title='bbox 1086 3988 1141 4035; x_wconf 92' lang='lat' dir='ltr'><strong>et</strong></span> <span class='ocrx_word' id='word_1_325' title='bbox 1164 3980 1277 4050; x_wconf 90' lang='lat' dir='ltr'><strong>ipse</strong></span> <span class='ocrx_word' id='word_1_326' title='bbox 1305 3994 1410 4035; x_wconf 92' lang='lat' dir='ltr'><strong>non</strong></span> <span class='ocrx_word' id='word_1_327' title='bbox 1444 3980 1769 4036; x_wconf 90' lang='lat' dir='ltr'><strong>manducans</strong></span> <span class='ocrx_word' id='word_1_328' title='bbox 1794 3997 1945 4037; x_wconf 89' lang='lat' dir='ltr'><strong>man-</strong></span> 
     </span>
    </p>
   </div>
   <div class='ocr_carea' id='block_1_41' title="bbox 365 4073 1076 4143">
    <p class='ocr_par' dir='ltr' id='par_1_41' title="bbox 365 4073 1076 4143">
     <span class='ocr_line' id='line_1_41' title="bbox 365 4073 1076 4143; baseline -0.003 -14"><span class='ocrx_word' id='word_1_329' title='bbox 365 4073 645 4129; x_wconf 86' lang='lat' dir='ltr'><strong>ducantem</strong></span> <span class='ocrx_word' id='word_1_330' title='bbox 668 4089 772 4128; x_wconf 92' lang='lat' dir='ltr'><strong>non</strong></span> <span class='ocrx_word' id='word_1_331' title='bbox 795 4073 1076 4143; x_wconf 87' lang='lat' dir='ltr'><strong>judicaret.</strong></span> 
     </span>
    </p>
   </div>
   <div class='ocr_carea' id='block_1_42' title="bbox 434 4164 1942 4236">
    <p class='ocr_par' dir='ltr' id='par_1_42' title="bbox 434 4164 1942 4236">
     <span class='ocr_line' id='line_1_42' title="bbox 434 4164 1942 4236; baseline 0.001 -16"><span class='ocrx_word' id='word_1_332' title='bbox 434 4166 663 4224; x_wconf 77' lang='lat' dir='ltr'><strong>CAPUT</strong></span> <span class='ocrx_word' id='word_1_333' title='bbox 695 4165 951 4220; x_wconf 77' lang='lat' dir='ltr'><strong>lX.—2l.</strong></span> <span class='ocrx_word' id='word_1_334' title='bbox 982 4165 1166 4220; x_wconf 81' lang='lat' dir='ltr'><strong>Petrus</strong></span> <span class='ocrx_word' id='word_1_335' title='bbox 1190 4166 1358 4233; x_wconf 83' lang='lat' dir='ltr'><strong>etiam,</strong></span> <span class='ocrx_word' id='word_1_336' title='bbox 1374 4166 1561 4235; x_wconf 91' lang='lat' dir='ltr'><strong>inquit,</strong></span> <span class='ocrx_word' id='word_1_337' title='bbox 1585 4164 1942 4236; x_wconf 82' lang='lat' dir='ltr'><strong>Apostolorum</strong></span> 
     </span>
    </p>
   </div>
   <div class='ocr_carea' id='block_1_43' title="bbox 362 4256 1941 4327">
    <p class='ocr_par' dir='ltr' id='par_1_43' title="bbox 362 4256 1941 4327">
     <span class='ocr_line' id='line_1_43' title="bbox 362 4256 1941 4327; baseline 0.002 -16"><span class='ocrx_word' id='word_1_338' title='bbox 362 4267 535 4326; x_wconf 85' lang='lat' dir='ltr'><strong>caput,</strong></span> <span class='ocrx_word' id='word_1_339' title='bbox 567 4258 675 4311; x_wconf 73' lang='grc' dir='ltr'><strong>εωιί</strong></span> <span class='ocrx_word' id='word_1_340' title='bbox 692 4258 908 4327; x_wconf 85' lang='lat' dir='ltr'><strong>janitor,</strong></span> <span class='ocrx_word' id='word_1_341' title='bbox 934 4266 980 4311; x_wconf 90' lang='lat' dir='ltr'><strong>et</strong></span> <span class='ocrx_word' id='word_1_342' title='bbox 1017 4256 1255 4311; x_wconf 71' lang='lat' dir='ltr'><strong>Ecclesiae</strong></span> <span class='ocrx_word' id='word_1_343' title='bbox 1276 4257 1678 4325; x_wconf 79' lang='lat' dir='ltr'><strong>fundamentum,</strong></span> <span class='ocrx_word' id='word_1_344' title='bbox 1703 4266 1941 4314; x_wconf 74' lang='lat' dir='ltr'><strong>exstincto</strong></span> 
     </span>
    </p>
   </div>
   <div class='ocr_carea' id='block_1_44' title="bbox 364 4345 1933 4421">
    <p class='ocr_par' dir='ltr' id='par_1_44' title="bbox 364 4345 1933 4421">
     <span class='ocr_line' id='line_1_44' title="bbox 364 4345 1933 4421; baseline 0.002 -20"><span class='ocrx_word' id='word_1_345' title='bbox 364 4345 577 4402; x_wconf 83' lang='lat' dir='ltr'><strong>Simone</strong></span> <span class='ocrx_word' id='word_1_346' title='bbox 594 4349 677 4415; x_wconf 88' lang='lat' dir='ltr'><strong>qui</strong></span> <span class='ocrx_word' id='word_1_347' title='bbox 697 4347 884 4402; x_wconf 78' lang='lat' dir='ltr'><strong>diaboli</strong></span> <span class='ocrx_word' id='word_1_348' title='bbox 900 4353 1063 4419; x_wconf 82' lang='lat' dir='ltr'><strong>fuerat</strong></span> <span class='ocrx_word' id='word_1_349' title='bbox 1085 4348 1283 4402; x_wconf 86' lang='lat' dir='ltr'><strong>nonnisi</strong></span> <span class='ocrx_word' id='word_1_350' title='bbox 1293 4348 1491 4419; x_wconf 87' lang='lat' dir='ltr'><strong>jejunio</strong></span> <span class='ocrx_word' id='word_1_351' title='bbox 1507 4350 1736 4403; x_wconf 84' lang='lat' dir='ltr'><strong>vincendi</strong></span> <span class='ocrx_word' id='word_1_352' title='bbox 1747 4352 1933 4421; x_wconf 85' lang='lat' dir='ltr'><strong>ﬁgura,</strong></span> 
     </span>
    </p>
   </div>
   <div class='ocr_carea' id='block_1_45' title="bbox 361 4438 1939 4509">
    <p class='ocr_par' dir='ltr' id='par_1_45' title="bbox 361 4438 1939 4509">
     <span class='ocr_line' id='line_1_45' title="bbox 361 4438 1939 4509; baseline 0.003 -19"><span class='ocrx_word' id='word_1_353' title='bbox 361 4438 588 4509; x_wconf 87' lang='lat' dir='ltr'><strong>idipsum</strong></span> <span class='ocrx_word' id='word_1_354' title='bbox 625 4438 886 4493; x_wconf 85' lang='lat' dir='ltr'><strong>Romanos</strong></span> <span class='ocrx_word' id='word_1_355' title='bbox 929 4439 1163 4506; x_wconf 90' lang='lat' dir='ltr'><strong>edocuit,</strong></span> <span class='ocrx_word' id='word_1_356' title='bbox 1202 4456 1415 4509; x_wconf 90' lang='lat' dir='ltr'><strong>quorum</strong></span> <span class='ocrx_word' id='word_1_357' title='bbox 1448 4440 1573 4508; x_wconf 86' lang='lat' dir='ltr'><strong>ﬁdes</strong></span> <span class='ocrx_word' id='word_1_358' title='bbox 1613 4443 1939 4495; x_wconf 84' lang='lat' dir='ltr'><strong>aununtiatur</strong></span> 
     </span>
    </p>
   </div>
   <div class='ocr_carea' id='block_1_46' title="bbox 362 4530 1939 4604">
    <p class='ocr_par' dir='ltr' id='par_1_46' title="bbox 362 4530 1939 4604">
     <span class='ocr_line' id='line_1_46' title="bbox 362 4530 1939 4604; baseline 0.007 -23"><span class='ocrx_word' id='word_1_359' title='bbox 362 4531 595 4585; x_wconf 85' lang='lat' dir='ltr'><strong>universo</strong></span> <span class='ocrx_word' id='word_1_360' title='bbox 611 4530 718 4584; x_wconf 89' lang='lat' dir='ltr'><strong>orbi</strong></span> <span class='ocrx_word' id='word_1_361' title='bbox 755 4540 1018 4585; x_wconf 90' lang='lat' dir='ltr'><strong>terrarum.</strong></span> <span class='ocrx_word' id='word_1_362' title='bbox 1052 4531 1312 4602; x_wconf 87' lang='lat' dir='ltr'><strong>Numquid</strong></span> <span class='ocrx_word' id='word_1_363' title='bbox 1341 4547 1466 4602; x_wconf 87' lang='lat' dir='ltr'><strong>ergo</strong></span> <span class='ocrx_word' id='word_1_364' title='bbox 1494 4534 1671 4587; x_wconf 63' lang='lat' dir='ltr'><strong>caeteri</strong></span> <span class='ocrx_word' id='word_1_365' title='bbox 1701 4535 1939 4604; x_wconf 89' lang='lat' dir='ltr'><strong>Apostoli</strong></span> 
     </span>
    </p>
   </div>
   <div class='ocr_carea' id='block_1_47' title="bbox 362 4623 1935 4693">
    <p class='ocr_par' dir='ltr' id='par_1_47' title="bbox 362 4623 1935 4693">
     <span class='ocr_line' id='line_1_47' title="bbox 362 4623 1935 4693; baseline 0.004 -16"><span class='ocrx_word' id='word_1_366' title='bbox 362 4623 628 4693; x_wconf 88' lang='lat' dir='ltr'><strong>prandere</strong></span> <span class='ocrx_word' id='word_1_367' title='bbox 678 4623 1004 4679; x_wconf 85' lang='lat' dir='ltr'><strong>Christianos</strong></span> <span class='ocrx_word' id='word_1_368' title='bbox 1052 4634 1235 4679; x_wconf 88' lang='lat' dir='ltr'><strong>contra</strong></span> <span class='ocrx_word' id='word_1_369' title='bbox 1284 4624 1499 4679; x_wconf 89' lang='lat' dir='ltr'><strong>Petrum</strong></span> <span class='ocrx_word' id='word_1_370' title='bbox 1551 4625 1841 4682; x_wconf 90' lang='lat' dir='ltr'><strong>docuerunt</strong></span> <span class='ocrx_word' id='word_1_371' title='bbox 1882 4628 1935 4684; x_wconf 91' lang='lat' dir='ltr'><strong>in</strong></span> 
     </span>
    </p>
   </div>
   <div class='ocr_carea' id='block_1_48' title="bbox 363 4716 1938 4787">
    <p class='ocr_par' dir='ltr' id='par_1_48' title="bbox 363 4716 1938 4787">
     <span class='ocr_line' id='line_1_48' title="bbox 363 4716 1938 4787; baseline 0.004 -18"><span class='ocrx_word' id='word_1_372' title='bbox 363 4716 616 4772; x_wconf 88' lang='lat' dir='ltr'><strong>universo</strong></span> <span class='ocrx_word' id='word_1_373' title='bbox 640 4717 769 4773; x_wconf 88' lang='lat' dir='ltr'><strong>orbe</strong></span> <span class='ocrx_word' id='word_1_374' title='bbox 789 4716 1085 4772; x_wconf 88' lang='lat' dir='ltr'><strong>terrarum?</strong></span> <span class='ocrx_word' id='word_1_375' title='bbox 1102 4716 1249 4773; x_wconf 90' lang='lat' dir='ltr'><strong>Sicut</strong></span> <span class='ocrx_word' id='word_1_376' title='bbox 1263 4717 1442 4787; x_wconf 90' lang='lat' dir='ltr'><strong>itaque</strong></span> <span class='ocrx_word' id='word_1_377' title='bbox 1459 4718 1599 4773; x_wconf 90' lang='lat' dir='ltr'><strong>inter</strong></span> <span class='ocrx_word' id='word_1_378' title='bbox 1613 4733 1672 4774; x_wconf 88' lang='lat' dir='ltr'><strong>se</strong></span> <span class='ocrx_word' id='word_1_379' title='bbox 1692 4720 1938 4776; x_wconf 83' lang='lat' dir='ltr'><strong>vixerunt</strong></span> 
     </span>
    </p>
   </div>
   <div class='ocr_carea' id='block_1_49' title="bbox 359 4809 1935 4887">
    <p class='ocr_par' dir='ltr' id='par_1_49' title="bbox 359 4809 1935 4887">
     <span class='ocr_line' id='line_1_49' title="bbox 359 4809 1935 4887; baseline 0.005 -24"><span class='ocrx_word' id='word_1_380' title='bbox 359 4809 698 4865; x_wconf 86' lang='lat' dir='ltr'><strong>concorditer</strong></span> <span class='ocrx_word' id='word_1_381' title='bbox 741 4810 929 4887; x_wconf 87' lang='lat' dir='ltr'><strong>Petrus</strong></span> <span class='ocrx_word' id='word_1_382' title='bbox 975 4820 1028 4866; x_wconf 93' lang='lat' dir='ltr'><strong>et</strong></span> <span class='ocrx_word' id='word_1_383' title='bbox 1059 4810 1404 4881; x_wconf 91' lang='lat' dir='ltr'><strong>condiscipuli</strong></span> <span class='ocrx_word' id='word_1_384' title='bbox 1438 4812 1575 4881; x_wconf 89' lang='lat' dir='ltr'><strong>ejus,</strong></span> <span class='ocrx_word' id='word_1_385' title='bbox 1601 4813 1678 4868; x_wconf 90' lang='lat' dir='ltr'><strong>sic</strong></span> <span class='ocrx_word' id='word_1_386' title='bbox 1707 4813 1845 4869; x_wconf 91' lang='lat' dir='ltr'><strong>inter</strong></span> <span class='ocrx_word' id='word_1_387' title='bbox 1874 4831 1935 4871; x_wconf 90' lang='lat' dir='ltr'><strong>se</strong></span> 
     </span>
    </p>
   </div>
   <div class='ocr_carea' id='block_1_50' title="bbox 365 4900 1935 4973">
    <p class='ocr_par' dir='ltr' id='par_1_50' title="bbox 365 4900 1935 4973">
     <span class='ocr_line' id='line_1_50' title="bbox 365 4900 1935 4973; baseline 0.004 -19"><span class='ocrx_word' id='word_1_388' title='bbox 365 4900 708 4956; x_wconf 88' lang='lat' dir='ltr'><strong>concorditer</strong></span> <span class='ocrx_word' id='word_1_389' title='bbox 733 4900 914 4955; x_wconf 83' lang='lat' dir='ltr'><strong>vivant</strong></span> <span class='ocrx_word' id='word_1_390' title='bbox 942 4901 1161 4957; x_wconf 88' lang='lat' dir='ltr'><strong>sabbato</strong></span> <span class='ocrx_word' id='word_1_391' title='bbox 1191 4900 1492 4971; x_wconf 82' lang='lat' dir='ltr'><strong>jejunantes</strong></span> <span class='ocrx_word' id='word_1_392' title='bbox 1518 4918 1651 4973; x_wconf 91' lang='lat' dir='ltr'><strong>quos</strong></span> <span class='ocrx_word' id='word_1_393' title='bbox 1680 4904 1935 4973; x_wconf 85' lang='lat' dir='ltr'><strong>plantavit</strong></span> 
     </span>
    </p>
   </div>
   <div class='ocr_carea' id='block_1_51' title="bbox 360 4988 1934 5063">
    <p class='ocr_par' dir='ltr' id='par_1_51' title="bbox 360 4988 1934 5063">
     <span class='ocr_line' id='line_1_51' title="bbox 360 4988 1934 5063; baseline 0.006 -20"><span class='ocrx_word' id='word_1_394' title='bbox 360 4988 573 5054; x_wconf 88' lang='lat' dir='ltr'><strong>Petrus,</strong></span> <span class='ocrx_word' id='word_1_395' title='bbox 602 4999 657 5046; x_wconf 87' lang='lat' dir='ltr'><strong>et</strong></span> <span class='ocrx_word' id='word_1_396' title='bbox 684 4991 903 5046; x_wconf 87' lang='lat' dir='ltr'><strong>sabbato</strong></span> <span class='ocrx_word' id='word_1_397' title='bbox 934 4992 1249 5061; x_wconf 91' lang='lat' dir='ltr'><strong>prandentes</strong></span> <span class='ocrx_word' id='word_1_398' title='bbox 1268 5008 1402 5062; x_wconf 91' lang='lat' dir='ltr'><strong>quos</strong></span> <span class='ocrx_word' id='word_1_399' title='bbox 1426 4994 1795 5063; x_wconf 86' lang='lat' dir='ltr'><strong>plantaverunt</strong></span> <span class='ocrx_word' id='word_1_400' title='bbox 1815 5011 1934 5052; x_wconf 86' lang='lat' dir='ltr'><strong>con-</strong></span> 
     </span>
    </p>
   </div>
   <div class='ocr_carea' id='block_1_52' title="bbox 359 5080 1929 5157">
    <p class='ocr_par' dir='ltr' id='par_1_52' title="bbox 359 5080 1929 5157">
     <span class='ocr_line' id='line_1_52' title="bbox 359 5080 1929 5157; baseline 0.006 -22"><span class='ocrx_word' id='word_1_401' title='bbox 359 5080 603 5151; x_wconf 86' lang='lat' dir='ltr'><strong>discipuli</strong></span> <span class='ocrx_word' id='word_1_402' title='bbox 625 5082 757 5151; x_wconf 86' lang='lat' dir='ltr'><strong>ejus.</strong></span> <span class='ocrx_word' id='word_1_403' title='bbox 786 5083 886 5137; x_wconf 87' lang='lat' dir='ltr'><strong>Est</strong></span> <span class='ocrx_word' id='word_1_404' title='bbox 909 5083 1119 5153; x_wconf 90' lang='lat' dir='ltr'><strong>quidem</strong></span> <span class='ocrx_word' id='word_1_405' title='bbox 1142 5092 1196 5139; x_wconf 91' lang='lat' dir='ltr'><strong>et</strong></span> <span class='ocrx_word' id='word_1_406' title='bbox 1215 5084 1330 5139; x_wconf 71' lang='lat' dir='ltr'><strong>lucc</strong></span> <span class='ocrx_word' id='word_1_407' title='bbox 1357 5086 1535 5154; x_wconf 91' lang='lat' dir='ltr'><strong>opinio</strong></span> <span class='ocrx_word' id='word_1_408' title='bbox 1562 5087 1929 5157; x_wconf 90' lang='lat' dir='ltr'><strong>plurimorum,</strong></span> 
     </span>
    </p>
   </div>
   <div class='ocr_carea' id='block_1_53' title="bbox 360 5173 1927 5251">
    <p class='ocr_par' dir='ltr' id='par_1_53' title="bbox 360 5173 1927 5251">
     <span class='ocr_line' id='line_1_53' title="bbox 360 5173 1927 5251; baseline 0.007 -26"><span class='ocrx_word' id='word_1_409' title='bbox 360 5173 603 5241; x_wconf 83' lang='lat' dir='ltr'><strong>quamvis</strong></span> <span class='ocrx_word' id='word_1_410' title='bbox 623 5188 739 5229; x_wconf 90' lang='lat' dir='ltr'><strong>eam</strong></span> <span class='ocrx_word' id='word_1_411' title='bbox 753 5174 1067 5245; x_wconf 87' lang='lat' dir='ltr'><strong>perhibeant</strong></span> <span class='ocrx_word' id='word_1_412' title='bbox 1089 5190 1207 5231; x_wconf 90' lang='lat' dir='ltr'><strong>esse</strong></span> <span class='ocrx_word' id='word_1_413' title='bbox 1232 5176 1415 5231; x_wconf 83' lang='lat' dir='ltr'><strong>falsam</strong></span> <span class='ocrx_word' id='word_1_414' title='bbox 1432 5178 1671 5250; x_wconf 89' lang='lat' dir='ltr'><strong>plerique</strong></span> <span class='ocrx_word' id='word_1_415' title='bbox 1683 5181 1927 5251; x_wconf 81' lang='lat' dir='ltr'><strong>Romani,</strong></span> 
     </span>
    </p>
   </div>
   <div class='ocr_carea' id='block_1_54' title="bbox 355 5265 1930 5342">
    <p class='ocr_par' dir='ltr' id='par_1_54' title="bbox 355 5265 1930 5342">
     <span class='ocr_line' id='line_1_54' title="bbox 355 5265 1930 5342; baseline 0.007 -24"><span class='ocrx_word' id='word_1_416' title='bbox 355 5265 500 5333; x_wconf 89' lang='lat' dir='ltr'><strong>quod</strong></span> <span class='ocrx_word' id='word_1_417' title='bbox 550 5266 824 5335; x_wconf 90' lang='lat' dir='ltr'><strong>apostolus</strong></span> <span class='ocrx_word' id='word_1_418' title='bbox 849 5267 1035 5323; x_wconf 88' lang='lat' dir='ltr'><strong>Petrus</strong></span> <span class='ocrx_word' id='word_1_419' title='bbox 1061 5282 1180 5323; x_wconf 91' lang='lat' dir='ltr'><strong>cum</strong></span> <span class='ocrx_word' id='word_1_420' title='bbox 1211 5268 1428 5325; x_wconf 91' lang='lat' dir='ltr'><strong>Simone</strong></span> <span class='ocrx_word' id='word_1_421' title='bbox 1456 5287 1611 5342; x_wconf 89' lang='lat' dir='ltr'><strong>mago</strong></span> <span class='ocrx_word' id='word_1_422' title='bbox 1638 5273 1726 5328; x_wconf 90' lang='lat' dir='ltr'><strong>die</strong></span> <span class='ocrx_word' id='word_1_423' title='bbox 1755 5274 1930 5329; x_wconf 86' lang='lat' dir='ltr'><strong>domi-</strong></span> 
     </span>
    </p>
   </div>
   <div class='ocr_carea' id='block_1_55' title="bbox 354 5358 1930 5434">
    <p class='ocr_par' dir='ltr' id='par_1_55' title="bbox 354 5358 1930 5434">
     <span class='ocr_line' id='line_1_55' title="bbox 354 5358 1930 5434; baseline 0.008 -23"><span class='ocrx_word' id='word_1_424' title='bbox 354 5358 480 5413; x_wconf 89' lang='lat' dir='ltr'><strong>nico</strong></span> <span class='ocrx_word' id='word_1_425' title='bbox 510 5368 839 5427; x_wconf 84' lang='lat' dir='ltr'><strong>certaturus,</strong></span> <span class='ocrx_word' id='word_1_426' title='bbox 884 5368 1101 5431; x_wconf 89' lang='lat' dir='ltr'><strong>propter</strong></span> <span class='ocrx_word' id='word_1_427' title='bbox 1144 5362 1317 5432; x_wconf 91' lang='lat' dir='ltr'><strong>ipsum</strong></span> <span class='ocrx_word' id='word_1_428' title='bbox 1368 5378 1572 5434; x_wconf 69' lang='lat' dir='ltr'><strong>magna:</strong></span> <span class='ocrx_word' id='word_1_429' title='bbox 1622 5369 1930 5424; x_wconf 89' lang='lat' dir='ltr'><strong>tentationis</strong></span> 
     </span>
    </p>
   </div>
   <div class='ocr_carea' id='block_1_56' title="bbox 353 5450 1930 5530">
    <p class='ocr_par' dir='ltr' id='par_1_56' title="bbox 353 5450 1930 5530">
     <span class='ocr_line' id='line_1_56' title="bbox 353 5450 1930 5530; baseline 0.008 -27"><span class='ocrx_word' id='word_1_430' title='bbox 353 5450 675 5521; x_wconf 81' lang='lat' dir='ltr'><strong>periculum,</strong></span> <span class='ocrx_word' id='word_1_431' title='bbox 695 5452 864 5522; x_wconf 88' lang='lat' dir='ltr'><strong>pridie</strong></span> <span class='ocrx_word' id='word_1_432' title='bbox 889 5468 1008 5508; x_wconf 90' lang='lat' dir='ltr'><strong>cum</strong></span> <span class='ocrx_word' id='word_1_433' title='bbox 1028 5453 1265 5524; x_wconf 89' lang='lat' dir='ltr'><strong>ejusdem</strong></span> <span class='ocrx_word' id='word_1_434' title='bbox 1291 5455 1438 5510; x_wconf 88' lang='lat' dir='ltr'><strong>urbis</strong></span> <span class='ocrx_word' id='word_1_435' title='bbox 1464 5457 1703 5514; x_wconf 87' lang='lat' dir='ltr'><strong>Ecclesia</strong></span> <span class='ocrx_word' id='word_1_436' title='bbox 1721 5460 1930 5530; x_wconf 86' lang='lat' dir='ltr'><strong>jejuna-</strong></span> 
     </span>
    </p>
   </div>
   <div class='ocr_carea' id='block_1_57' title="bbox 354 5543 1925 5622">
    <p class='ocr_par' dir='ltr' id='par_1_57' title="bbox 354 5543 1925 5622">
     <span class='ocr_line' id='line_1_57' title="bbox 354 5543 1925 5622; baseline 0.008 -25"><span class='ocrx_word' id='word_1_437' title='bbox 354 5543 512 5610; x_wconf 82' lang='lat' dir='ltr'><strong>verit,</strong></span> <span class='ocrx_word' id='word_1_438' title='bbox 536 5552 591 5601; x_wconf 90' lang='lat' dir='ltr'><strong>et</strong></span> <span class='ocrx_word' id='word_1_439' title='bbox 607 5554 893 5602; x_wconf 81' lang='lat' dir='ltr'><strong>consecuta</strong></span> <span class='ocrx_word' id='word_1_440' title='bbox 914 5554 1018 5602; x_wconf 88' lang='lat' dir='ltr'><strong>tam</strong></span> <span class='ocrx_word' id='word_1_441' title='bbox 1030 5560 1287 5618; x_wconf 87' lang='lat' dir='ltr'><strong>prospero</strong></span> <span class='ocrx_word' id='word_1_442' title='bbox 1306 5547 1644 5621; x_wconf 86' lang='lat' dir='ltr'><strong>gloriosoque</strong></span> <span class='ocrx_word' id='word_1_443' title='bbox 1658 5567 1925 5622; x_wconf 90' lang='lat' dir='ltr'><strong>successu,</strong></span> 
     </span>
    </p>
   </div>
   <div class='ocr_carea' id='block_1_58' title="bbox 414 5764 1931 5825">
    <p class='ocr_par' dir='ltr' id='par_1_58' title="bbox 414 5764 1931 5825">
     <span class='ocr_line' id='line_1_58' title="bbox 414 5764 1931 5825; baseline 0.006 -10"><span class='ocrx_word' id='word_1_444' title='bbox 414 5764 434 5797; x_wconf 73' lang='grc'>³</span> <span class='ocrx_word' id='word_1_445' title='bbox 458 5769 588 5816; x_wconf 61' lang='lat' dir='ltr'><strong>Lam:</strong></span> <span class='ocrx_word' id='word_1_446' title='bbox 616 5769 813 5817; x_wconf 70' lang='lat' dir='ltr'><strong>Tarium</strong></span> <span class='ocrx_word' id='word_1_447' title='bbox 830 5770 979 5825; x_wconf 87' lang='lat' dir='ltr'><strong>errat,</strong></span> <span class='ocrx_word' id='word_1_448' title='bbox 994 5765 1225 5819; x_wconf 85' lang='lat' dir='ltr'><strong>uthincei</strong></span> <span class='ocrx_word' id='word_1_449' title='bbox 1242 5766 1429 5819; x_wconf 81' lang='lat' dir='ltr'><strong>evenire</strong></span> <span class='ocrx_word' id='word_1_450' title='bbox 1442 5767 1931 5824; x_wconf 77' lang='lat' dir='ltr'><strong>timendwnsitetiam</strong></span> 
     </span>
    </p>
   </div>
   <div class='ocr_carea' id='block_1_59' title="bbox 350 5824 1925 5898">
    <p class='ocr_par' dir='ltr' id='par_1_59' title="bbox 350 5824 1925 5898">
     <span class='ocr_line' id='line_1_59' title="bbox 350 5824 1925 5898; baseline 0.005 -19"><span class='ocrx_word' id='word_1_451' title='bbox 350 5824 495 5890; x_wconf 78' lang='lat' dir='ltr'><strong>illud,</strong></span> <span class='ocrx_word' id='word_1_452' title='bbox 508 5834 602 5881; x_wconf 87' lang='lat' dir='ltr'><strong>etc.</strong></span> <span class='ocrx_word' id='word_1_453' title='bbox 618 5834 676 5881; x_wconf 72' lang='lat' dir='ltr'><strong>At</strong></span> <span class='ocrx_word' id='word_1_454' title='bbox 693 5828 775 5881; x_wconf 80' lang='lat' dir='ltr'><strong>alii</strong></span> <span class='ocrx_word' id='word_1_455' title='bbox 794 5828 905 5882; x_wconf 75' lang='lat' dir='ltr'><strong>aid.</strong></span> <span class='ocrx_word' id='word_1_456' title='bbox 928 5824 1100 5894; x_wconf 80' lang='lat' dir='ltr'><strong>legunt</strong></span> <span class='ocrx_word' id='word_1_457' title='bbox 1112 5832 1235 5884; x_wconf 87' lang='lat' dir='ltr'><strong>sicut</strong></span> <span class='ocrx_word' id='word_1_458' title='bbox 1248 5836 1301 5883; x_wconf 88' lang='lat' dir='ltr'><strong>et</strong></span> <span class='ocrx_word' id='word_1_459' title='bbox 1320 5842 1427 5895; x_wconf 86' lang='lat' dir='ltr'><strong>nos,</strong></span> <span class='ocrx_word' id='word_1_460' title='bbox 1442 5837 1670 5895; x_wconf 80' lang='lat' dir='ltr'><strong>quantum</strong></span> <span class='ocrx_word' id='word_1_461' title='bbox 1689 5840 1810 5898; x_wconf 89' lang='lat' dir='ltr'><strong>erat,</strong></span> <span class='ocrx_word' id='word_1_462' title='bbox 1831 5843 1925 5887; x_wconf 88' lang='lat' dir='ltr'><strong>etc.</strong></span> 
     </span>
    </p>
   </div>
   <div class='ocr_carea' id='block_1_60' title="bbox 1530 356 2423 418">
    <p class='ocr_par' dir='ltr' id='par_1_60' title="bbox 1530 356 2423 418">
     <span class='ocr_line' id='line_1_60' title="bbox 1530 356 2423 418; baseline 0.001 -2"><span class='ocrx_word' id='word_1_463' title='bbox 1530 357 2006 418; x_wconf 64' lang='lat' dir='ltr'><strong>F&#39;PlSTOLARUM</strong></span> <span class='ocrx_word' id='word_1_464' title='bbox 2040 356 2319 418; x_wconf 86' lang='lat' dir='ltr'><strong>CLASSlS</strong></span> <span class='ocrx_word' id='word_1_465' title='bbox 2357 361 2423 418; x_wconf 86' lang='lat' dir='ltr'><strong>ll.</strong></span> 
     </span>
    </p>
   </div>
   <div class='ocr_carea' id='block_1_61' title="bbox 3537 369 3638 425">
    <p class='ocr_par' dir='ltr' id='par_1_61' title="bbox 3537 369 3638 425">
     <span class='ocr_line' id='line_1_61' title="bbox 3537 369 3638 425; baseline -0.01 0"><span class='ocrx_word' id='word_1_466' title='bbox 3537 369 3638 425; x_wconf 69' lang='lat'><strong>“6</strong></span> 
     </span>
    </p>
   </div>
   <div class='ocr_carea' id='block_1_62' title="bbox 2074 474 3643 552">
    <p class='ocr_par' dir='ltr' id='par_1_62' title="bbox 2074 474 3643 552">
     <span class='ocr_line' id='line_1_62' title="bbox 2074 474 3643 552; baseline 0.006 -23"><span class='ocrx_word' id='word_1_467' title='bbox 2074 474 2320 531; x_wconf 91' lang='lat' dir='ltr'><strong>eumdem</strong></span> <span class='ocrx_word' id='word_1_468' title='bbox 2347 490 2552 533; x_wconf 90' lang='lat' dir='ltr'><strong>morem</strong></span> <span class='ocrx_word' id='word_1_469' title='bbox 2576 478 2803 536; x_wconf 87' lang='lat' dir='ltr'><strong>tenuerit</strong></span> <span class='ocrx_word' id='word_1_470' title='bbox 2819 520 2834 549; x_wconf 94' lang='lat'><strong>,</strong></span> <span class='ocrx_word' id='word_1_471' title='bbox 2861 494 3087 552; x_wconf 90' lang='lat' dir='ltr'><strong>eumque</strong></span> <span class='ocrx_word' id='word_1_472' title='bbox 3116 475 3333 535; x_wconf 76' lang='lat' dir='ltr'><strong>imitatae</strong></span> <span class='ocrx_word' id='word_1_473' title='bbox 3366 478 3475 536; x_wconf 89' lang='lat' dir='ltr'><strong>sint</strong></span> <span class='ocrx_word' id='word_1_474' title='bbox 3505 497 3643 537; x_wconf 79' lang='lat' dir='ltr'><strong>non-</strong></span> 
     </span>
    </p>
   </div>
   <div class='ocr_carea' id='block_1_63' title="bbox 2069 566 3642 640">
    <p class='ocr_par' dir='ltr' id='par_1_63' title="bbox 2069 566 3642 640">
     <span class='ocr_line' id='line_1_63' title="bbox 2069 566 3642 640; baseline 0.006 -20"><span class='ocrx_word' id='word_1_475' title='bbox 2069 566 2226 622; x_wconf 91' lang='lat' dir='ltr'><strong>nullae</strong></span> <span class='ocrx_word' id='word_1_476' title='bbox 2248 567 2550 624; x_wconf 89' lang='lat' dir='ltr'><strong>Occidentis</strong></span> <span class='ocrx_word' id='word_1_477' title='bbox 2569 568 2843 627; x_wconf 75' lang='lat' dir='ltr'><strong>Ecclesiae.</strong></span> <span class='ocrx_word' id='word_1_478' title='bbox 2872 572 2977 628; x_wconf 90' lang='lat' dir='ltr'><strong>Sed</strong></span> <span class='ocrx_word' id='word_1_479' title='bbox 3002 575 3066 640; x_wconf 88' lang='lat' dir='ltr'><strong>si,</strong></span> <span class='ocrx_word' id='word_1_480' title='bbox 3086 566 3146 629; x_wconf 89' lang='lat' dir='ltr'><strong>ut</strong></span> <span class='ocrx_word' id='word_1_481' title='bbox 3171 571 3273 626; x_wconf 85' lang='lat' dir='ltr'><strong>iste</strong></span> <span class='ocrx_word' id='word_1_482' title='bbox 3289 571 3435 640; x_wconf 90' lang='lat' dir='ltr'><strong>dicit,</strong></span> <span class='ocrx_word' id='word_1_483' title='bbox 3457 572 3642 630; x_wconf 89' lang='lat' dir='ltr'><strong>Simon</strong></span> 
     </span>
    </p>
   </div>
   <div class='ocr_carea' id='block_1_64' title="bbox 2070 657 3640 734">
    <p class='ocr_par' dir='ltr' id='par_1_64' title="bbox 2070 657 3640 734">
     <span class='ocr_line' id='line_1_64' title="bbox 2070 657 3640 734; baseline 0.008 -25"><span class='ocrx_word' id='word_1_484' title='bbox 2070 670 2257 726; x_wconf 88' lang='lat' dir='ltr'><strong>magus</strong></span> <span class='ocrx_word' id='word_1_485' title='bbox 2286 657 2450 727; x_wconf 85' lang='lat' dir='ltr'><strong>ﬁgura</strong></span> <span class='ocrx_word' id='word_1_486' title='bbox 2488 669 2603 715; x_wconf 90' lang='lat' dir='ltr'><strong>erat</strong></span> <span class='ocrx_word' id='word_1_487' title='bbox 2627 660 2819 717; x_wconf 90' lang='lat' dir='ltr'><strong>diaboli</strong></span> <span class='ocrx_word' id='word_1_488' title='bbox 2845 702 2861 729; x_wconf 96' lang='lat'><strong>,</strong></span> <span class='ocrx_word' id='word_1_489' title='bbox 2882 677 2988 718; x_wconf 92' lang='lat' dir='ltr'><strong>non</strong></span> <span class='ocrx_word' id='word_1_490' title='bbox 3024 664 3180 734; x_wconf 90' lang='lat' dir='ltr'><strong>plane</strong></span> <span class='ocrx_word' id='word_1_491' title='bbox 3198 660 3527 720; x_wconf 90' lang='lat' dir='ltr'><strong>sabbatarius</strong></span> <span class='ocrx_word' id='word_1_492' title='bbox 3550 676 3640 721; x_wconf 87' lang='lat' dir='ltr'><strong>aut</strong></span> 
     </span>
    </p>
   </div>
   <div class='ocr_carea' id='block_1_65' title="bbox 2069 749 3642 829">
    <p class='ocr_par' dir='ltr' id='par_1_65' title="bbox 2069 749 3642 829">
     <span class='ocr_line' id='line_1_65' title="bbox 2069 749 3642 829; baseline 0.011 -27"><span class='ocrx_word' id='word_1_493' title='bbox 2069 749 2448 807; x_wconf 88' lang='lat' dir='ltr'><strong>dominicarius</strong></span> <span class='ocrx_word' id='word_1_494' title='bbox 2472 794 2488 818; x_wconf 95' lang='lat'><strong>,</strong></span> <span class='ocrx_word' id='word_1_495' title='bbox 2534 753 2627 808; x_wconf 88' lang='lat' dir='ltr'><strong>sed</strong></span> <span class='ocrx_word' id='word_1_496' title='bbox 2657 755 2992 825; x_wconf 89' lang='lat' dir='ltr'><strong>quotidianus</strong></span> <span class='ocrx_word' id='word_1_497' title='bbox 3017 767 3098 813; x_wconf 89' lang='lat' dir='ltr'><strong>est</strong></span> <span class='ocrx_word' id='word_1_498' title='bbox 3130 758 3223 815; x_wconf 91' lang='lat' dir='ltr'><strong>ille</strong></span> <span class='ocrx_word' id='word_1_499' title='bbox 3247 768 3502 829; x_wconf 88' lang='lat' dir='ltr'><strong>tentator;</strong></span> <span class='ocrx_word' id='word_1_500' title='bbox 3540 778 3642 819; x_wconf 90' lang='lat' dir='ltr'><strong>nec</strong></span> 
     </span>
    </p>
   </div>
   <div class='ocr_carea' id='block_1_66' title="bbox 2069 845 3642 926">
    <p class='ocr_par' dir='ltr' id='par_1_66' title="bbox 2069 845 3642 926">
     <span class='ocr_line' id='line_1_66' title="bbox 2069 845 3642 926; baseline 0.01 -28"><span class='ocrx_word' id='word_1_501' title='bbox 2069 852 2248 899; x_wconf 88' lang='lat' dir='ltr'><strong>tamen</strong></span> <span class='ocrx_word' id='word_1_502' title='bbox 2276 845 2530 902; x_wconf 90' lang='lat' dir='ltr'><strong>adversus</strong></span> <span class='ocrx_word' id='word_1_503' title='bbox 2575 862 2698 903; x_wconf 89' lang='lat' dir='ltr'><strong>eum</strong></span> <span class='ocrx_word' id='word_1_504' title='bbox 2734 850 2969 919; x_wconf 90' lang='lat' dir='ltr'><strong>quotidie</strong></span> <span class='ocrx_word' id='word_1_505' title='bbox 3006 850 3304 923; x_wconf 87' lang='lat' dir='ltr'><strong>jejuna‘tur,</strong></span> <span class='ocrx_word' id='word_1_506' title='bbox 3344 856 3555 926; x_wconf 89' lang='lat' dir='ltr'><strong>quando</strong></span> <span class='ocrx_word' id='word_1_507' title='bbox 3586 866 3642 912; x_wconf 88' lang='lat' dir='ltr'><strong>et</strong></span> 
     </span>
    </p>
   </div>
   <div class='ocr_carea' id='block_1_67' title="bbox 2069 936 3642 1019">
    <p class='ocr_par' dir='ltr' id='par_1_67' title="bbox 2069 936 3642 1019">
     <span class='ocr_line' id='line_1_67' title="bbox 2069 936 3642 1019; baseline 0.009 -28"><span class='ocrx_word' id='word_1_508' title='bbox 2069 936 2255 993; x_wconf 90' lang='lat' dir='ltr'><strong>diebus</strong></span> <span class='ocrx_word' id='word_1_509' title='bbox 2280 938 2561 995; x_wconf 92' lang='lat' dir='ltr'><strong>dominicis</strong></span> <span class='ocrx_word' id='word_1_510' title='bbox 2582 942 2850 1010; x_wconf 89' lang='lat' dir='ltr'><strong>omnibus,</strong></span> <span class='ocrx_word' id='word_1_511' title='bbox 2894 958 2925 999; x_wconf 93' lang='lat' dir='ltr'><strong>e</strong></span> <span class='ocrx_word' id='word_1_512' title='bbox 2964 945 3339 1017; x_wconf 86' lang='lat' dir='ltr'><strong>quinquaginta</strong></span> <span class='ocrx_word' id='word_1_513' title='bbox 3378 957 3499 1019; x_wconf 90' lang='lat' dir='ltr'><strong>post</strong></span> <span class='ocrx_word' id='word_1_514' title='bbox 3539 950 3642 1005; x_wconf 90' lang='lat' dir='ltr'><strong>Pa-</strong></span> 
     </span>
    </p>
   </div>
   <div class='ocr_carea' id='block_1_68' title="bbox 2066 1030 3641 1111">
    <p class='ocr_par' dir='ltr' id='par_1_68' title="bbox 2066 1030 3641 1111">
     <span class='ocr_line' id='line_1_68' title="bbox 2066 1030 3641 1111; baseline 0.007 -27"><span class='ocrx_word' id='word_1_515' title='bbox 2066 1030 2214 1097; x_wconf 87' lang='lat' dir='ltr'><strong>scha,</strong></span> <span class='ocrx_word' id='word_1_516' title='bbox 2240 1039 2295 1085; x_wconf 88' lang='lat' dir='ltr'><strong>et</strong></span> <span class='ocrx_word' id='word_1_517' title='bbox 2314 1046 2410 1101; x_wconf 89' lang='lat' dir='ltr'><strong>per</strong></span> <span class='ocrx_word' id='word_1_518' title='bbox 2421 1031 2627 1107; x_wconf 84' lang='lat' dir='ltr'><strong>diversa</strong></span> <span class='ocrx_word' id='word_1_519' title='bbox 2653 1033 2769 1090; x_wconf 83' lang='lat' dir='ltr'><strong>loca</strong></span> <span class='ocrx_word' id='word_1_520' title='bbox 2788 1035 2975 1091; x_wconf 91' lang='lat' dir='ltr'><strong>diebus</strong></span> <span class='ocrx_word' id='word_1_521' title='bbox 2996 1036 3320 1093; x_wconf 88' lang='lat' dir='ltr'><strong>solemnibus</strong></span> <span class='ocrx_word' id='word_1_522' title='bbox 3348 1048 3641 1111; x_wconf 85' lang='lat' dir='ltr'><strong>martyrum</strong></span> 
     </span>
    </p>
   </div>
   <div class='ocr_carea' id='block_1_69' title="bbox 2066 1120 3645 1195">
    <p class='ocr_par' dir='ltr' id='par_1_69' title="bbox 2066 1120 3645 1195">
     <span class='ocr_line' id='line_1_69' title="bbox 2066 1120 3645 1195; baseline 0.006 -21"><span class='ocrx_word' id='word_1_523' title='bbox 2066 1130 2117 1175; x_wconf 89' lang='lat' dir='ltr'><strong>et</strong></span> <span class='ocrx_word' id='word_1_524' title='bbox 2144 1120 2294 1176; x_wconf 90' lang='lat' dir='ltr'><strong>festis</strong></span> <span class='ocrx_word' id='word_1_525' title='bbox 2318 1122 2615 1194; x_wconf 91' lang='lat' dir='ltr'><strong>quibusque</strong></span> <span class='ocrx_word' id='word_1_526' title='bbox 2631 1126 2917 1195; x_wconf 89' lang='lat' dir='ltr'><strong>prandetur</strong></span> <span class='ocrx_word' id='word_1_527' title='bbox 2945 1145 2959 1181; x_wconf 91' lang='lat'><strong>:</strong></span> <span class='ocrx_word' id='word_1_528' title='bbox 2990 1136 3043 1182; x_wconf 92' lang='lat' dir='ltr'><strong>et</strong></span> <span class='ocrx_word' id='word_1_529' title='bbox 3064 1136 3241 1182; x_wconf 90' lang='lat' dir='ltr'><strong>tamen</strong></span> <span class='ocrx_word' id='word_1_530' title='bbox 3261 1128 3502 1184; x_wconf 86' lang='lat' dir='ltr'><strong>diabolus</strong></span> <span class='ocrx_word' id='word_1_531' title='bbox 3526 1130 3645 1183; x_wconf 89' lang='lat' dir='ltr'><strong>vin-</strong></span> 
     </span>
    </p>
   </div>
   <div class='ocr_carea' id='block_1_70' title="bbox 2069 1214 3642 1290">
    <p class='ocr_par' dir='ltr' id='par_1_70' title="bbox 2069 1214 3642 1290">
     <span class='ocr_line' id='line_1_70' title="bbox 2069 1214 3642 1290; baseline 0.005 -22"><span class='ocrx_word' id='word_1_532' title='bbox 2069 1215 2226 1281; x_wconf 90' lang='lat' dir='ltr'><strong>citur,</strong></span> <span class='ocrx_word' id='word_1_533' title='bbox 2241 1214 2288 1268; x_wconf 90' lang='lat' dir='ltr'><strong>si</strong></span> <span class='ocrx_word' id='word_1_534' title='bbox 2307 1215 2446 1271; x_wconf 91' lang='lat' dir='ltr'><strong>oculi</strong></span> <span class='ocrx_word' id='word_1_535' title='bbox 2472 1216 2638 1271; x_wconf 89' lang='lat' dir='ltr'><strong>nostri</strong></span> <span class='ocrx_word' id='word_1_536' title='bbox 2655 1217 2758 1272; x_wconf 87' lang='lat' dir='ltr'><strong>sint</strong></span> <span class='ocrx_word' id='word_1_537' title='bbox 2779 1233 2988 1289; x_wconf 89' lang='lat' dir='ltr'><strong>semper</strong></span> <span class='ocrx_word' id='word_1_538' title='bbox 3006 1219 3072 1273; x_wconf 91' lang='lat' dir='ltr'><strong>ad</strong></span> <span class='ocrx_word' id='word_1_539' title='bbox 3099 1220 3401 1287; x_wconf 88' lang='lat' dir='ltr'><strong>Dominum,</strong></span> <span class='ocrx_word' id='word_1_540' title='bbox 3438 1228 3496 1275; x_wconf 91' lang='lat' dir='ltr'><strong>ut</strong></span> <span class='ocrx_word' id='word_1_541' title='bbox 3526 1220 3642 1290; x_wconf 91' lang='lat' dir='ltr'><strong>ipse</strong></span> 
     </span>
    </p>
   </div>
   <div class='ocr_carea' id='block_1_71' title="bbox 2069 1309 3645 1385">
    <p class='ocr_par' dir='ltr' id='par_1_71' title="bbox 2069 1309 3645 1385">
     <span class='ocr_line' id='line_1_71' title="bbox 2069 1309 3645 1385; baseline 0.003 -20"><span class='ocrx_word' id='word_1_542' title='bbox 2069 1309 2261 1365; x_wconf 87' lang='lat' dir='ltr'><strong>evellat</strong></span> <span class='ocrx_word' id='word_1_543' title='bbox 2287 1309 2355 1364; x_wconf 91' lang='lat' dir='ltr'><strong>de</strong></span> <span class='ocrx_word' id='word_1_544' title='bbox 2379 1311 2569 1379; x_wconf 88' lang='lat' dir='ltr'><strong>laqueo</strong></span> <span class='ocrx_word' id='word_1_545' title='bbox 2610 1311 2771 1381; x_wconf 90' lang='lat' dir='ltr'><strong>pedes</strong></span> <span class='ocrx_word' id='word_1_546' title='bbox 2798 1321 3008 1367; x_wconf 91' lang='lat' dir='ltr'><strong>nostros</strong></span> <span class='ocrx_word' id='word_1_547' title='bbox 3026 1312 3045 1384; x_wconf 96' lang='lat'><strong>(</strong></span> <span class='ocrx_word' id='word_1_548' title='bbox 3065 1311 3214 1367; x_wconf 88' lang='lat' dir='ltr'><strong>Psal.</strong></span> <span class='ocrx_word' id='word_1_549' title='bbox 3241 1329 3391 1379; x_wconf 70' lang='lat' dir='ltr'><strong>xxxv,</strong></span> <span class='ocrx_word' id='word_1_550' title='bbox 3421 1314 3489 1368; x_wconf 81' lang='grc'><strong>15</strong></span> <span class='ocrx_word' id='word_1_551' title='bbox 3510 1313 3562 1385; x_wconf 90' lang='grc'>);</span> <span class='ocrx_word' id='word_1_552' title='bbox 3587 1321 3645 1369; x_wconf 90' lang='lat' dir='ltr'><strong>et</strong></span> 
     </span>
    </p>
   </div>
   <div class='ocr_carea' id='block_1_72' title="bbox 2068 1402 3643 1475">
    <p class='ocr_par' dir='ltr' id='par_1_72' title="bbox 2068 1402 3643 1475">
     <span class='ocr_line' id='line_1_72' title="bbox 2068 1402 3643 1475; baseline 0.001 -17"><span class='ocrx_word' id='word_1_553' title='bbox 2068 1403 2179 1458; x_wconf 85' lang='lat' dir='ltr'><strong>sive</strong></span> <span class='ocrx_word' id='word_1_554' title='bbox 2224 1402 2603 1458; x_wconf 84' lang='lat' dir='ltr'><strong>manducamus</strong></span> <span class='ocrx_word' id='word_1_555' title='bbox 2648 1404 2759 1459; x_wconf 90' lang='lat' dir='ltr'><strong>sive</strong></span> <span class='ocrx_word' id='word_1_556' title='bbox 2800 1403 3065 1470; x_wconf 90' lang='lat' dir='ltr'><strong>bibimus,</strong></span> <span class='ocrx_word' id='word_1_557' title='bbox 3116 1405 3226 1459; x_wconf 90' lang='lat' dir='ltr'><strong>sive</strong></span> <span class='ocrx_word' id='word_1_558' title='bbox 3272 1405 3643 1475; x_wconf 89' lang='lat' dir='ltr'><strong>quodcumque</strong></span> 
     </span>
    </p>
   </div>
   <div class='ocr_carea' id='block_1_73' title="bbox 2068 1494 3642 1568">
    <p class='ocr_par' dir='ltr' id='par_1_73' title="bbox 2068 1494 3642 1568">
     <span class='ocr_line' id='line_1_73' title="bbox 2068 1494 3642 1568; baseline 0.002 -18"><span class='ocrx_word' id='word_1_559' title='bbox 2068 1494 2311 1563; x_wconf 85' lang='lat' dir='ltr'><strong>facimus,</strong></span> <span class='ocrx_word' id='word_1_560' title='bbox 2339 1497 2514 1551; x_wconf 89' lang='lat' dir='ltr'><strong>omnia</strong></span> <span class='ocrx_word' id='word_1_561' title='bbox 2554 1498 2605 1551; x_wconf 92' lang='lat' dir='ltr'><strong>in</strong></span> <span class='ocrx_word' id='word_1_562' title='bbox 2634 1498 2855 1567; x_wconf 87' lang='lat' dir='ltr'><strong>gloriam</strong></span> <span class='ocrx_word' id='word_1_563' title='bbox 2878 1497 2971 1553; x_wconf 89' lang='lat' dir='ltr'><strong>Dci</strong></span> <span class='ocrx_word' id='word_1_564' title='bbox 3000 1498 3250 1552; x_wconf 87' lang='lat' dir='ltr'><strong>faciamus</strong></span> <span class='ocrx_word' id='word_1_565' title='bbox 3272 1514 3284 1560; x_wconf 92' lang='lat'>;</span> <span class='ocrx_word' id='word_1_566' title='bbox 3306 1507 3358 1553; x_wconf 92' lang='lat' dir='ltr'><strong>et</strong></span> <span class='ocrx_word' id='word_1_567' title='bbox 3387 1506 3642 1568; x_wconf 91' lang='lat' dir='ltr'><strong>quantum</strong></span> 
     </span>
    </p>
   </div>
   <div class='ocr_carea' id='block_1_74' title="bbox 2068 1584 3642 1652">
    <p class='ocr_par' dir='ltr' id='par_1_74' title="bbox 2068 1584 3642 1652">
     <span class='ocr_line' id='line_1_74' title="bbox 2068 1584 3642 1652; baseline 0.003 -13"><span class='ocrx_word' id='word_1_568' title='bbox 2068 1584 2123 1640; x_wconf 92' lang='lat' dir='ltr'><strong>in</strong></span> <span class='ocrx_word' id='word_1_569' title='bbox 2144 1586 2295 1641; x_wconf 89' lang='lat' dir='ltr'><strong>nobis</strong></span> <span class='ocrx_word' id='word_1_570' title='bbox 2325 1595 2424 1652; x_wconf 89' lang='lat' dir='ltr'><strong>est,</strong></span> <span class='ocrx_word' id='word_1_571' title='bbox 2454 1587 2570 1641; x_wconf 90' lang='lat' dir='ltr'><strong>sine</strong></span> <span class='ocrx_word' id='word_1_572' title='bbox 2604 1587 2901 1642; x_wconf 79' lang='lat' dir='ltr'><strong>offensione</strong></span> <span class='ocrx_word' id='word_1_573' title='bbox 2942 1588 3106 1643; x_wconf 90' lang='lat' dir='ltr'><strong>simus</strong></span> <span class='ocrx_word' id='word_1_574' title='bbox 3131 1587 3325 1642; x_wconf 70' lang='lat' dir='ltr'><strong>Judaeis</strong></span> <span class='ocrx_word' id='word_1_575' title='bbox 3360 1597 3413 1643; x_wconf 87' lang='lat' dir='ltr'><strong>et</strong></span> <span class='ocrx_word' id='word_1_576' title='bbox 3442 1589 3642 1645; x_wconf 86' lang='lat' dir='ltr'><strong>Graecis</strong></span> 
     </span>
    </p>
   </div>
   <div class='ocr_carea' id='block_1_75' title="bbox 2066 1677 3642 1750">
    <p class='ocr_par' dir='ltr' id='par_1_75' title="bbox 2066 1677 3642 1750">
     <span class='ocr_line' id='line_1_75' title="bbox 2066 1677 3642 1750; baseline 0.003 -18"><span class='ocrx_word' id='word_1_577' title='bbox 2066 1685 2123 1733; x_wconf 89' lang='lat' dir='ltr'><strong>et</strong></span> <span class='ocrx_word' id='word_1_578' title='bbox 2148 1677 2396 1733; x_wconf 85' lang='lat' dir='ltr'><strong>Ecclesiae</strong></span> <span class='ocrx_word' id='word_1_579' title='bbox 2434 1679 2529 1733; x_wconf 92' lang='lat' dir='ltr'><strong>Dei</strong></span> <span class='ocrx_word' id='word_1_580' title='bbox 2557 1680 2617 1749; x_wconf 87' lang='grc' dir='ltr'><strong>(ι</strong></span> <span class='ocrx_word' id='word_1_581' title='bbox 2644 1679 2761 1736; x_wconf 88' lang='lat' dir='ltr'><strong>Cor.</strong></span> <span class='ocrx_word' id='word_1_582' title='bbox 2793 1696 2849 1745; x_wconf 68' lang='grc' dir='ltr'><strong>ι,</strong></span> <span class='ocrx_word' id='word_1_583' title='bbox 2881 1681 2969 1745; x_wconf 79' lang='grc'><strong>51,</strong></span> <span class='ocrx_word' id='word_1_584' title='bbox 2998 1680 3122 1749; x_wconf 71' lang='grc'><strong>52).</strong></span> <span class='ocrx_word' id='word_1_585' title='bbox 3154 1679 3303 1748; x_wconf 86' lang='lat' dir='ltr'><strong>Quod</strong></span> <span class='ocrx_word' id='word_1_586' title='bbox 3331 1696 3516 1750; x_wconf 89' lang='lat' dir='ltr'><strong>parum</strong></span> <span class='ocrx_word' id='word_1_587' title='bbox 3549 1696 3642 1736; x_wconf 92' lang='lat' dir='ltr'><strong>co-</strong></span> 
     </span>
    </p>
   </div>
   <div class='ocr_carea' id='block_1_76' title="bbox 2066 1769 3639 1840">
    <p class='ocr_par' dir='ltr' id='par_1_76' title="bbox 2066 1769 3639 1840">
     <span class='ocr_line' id='line_1_76' title="bbox 2066 1769 3639 1840; baseline 0.003 -18"><span class='ocrx_word' id='word_1_588' title='bbox 2066 1769 2254 1839; x_wconf 88' lang='lat' dir='ltr'><strong>gitant,</strong></span> <span class='ocrx_word' id='word_1_589' title='bbox 2281 1772 2512 1840; x_wconf 90' lang='lat' dir='ltr'><strong>quicum</strong></span> <span class='ocrx_word' id='word_1_590' title='bbox 2537 1771 2833 1828; x_wconf 83' lang='lat' dir='ltr'><strong>offensione</strong></span> <span class='ocrx_word' id='word_1_591' title='bbox 2856 1772 3197 1839; x_wconf 80' lang='lat' dir='ltr'><strong>manducaui,</strong></span> <span class='ocrx_word' id='word_1_592' title='bbox 3221 1772 3304 1826; x_wconf 89' lang='lat' dir='ltr'><strong>vel</strong></span> <span class='ocrx_word' id='word_1_593' title='bbox 3329 1787 3447 1827; x_wconf 91' lang='lat' dir='ltr'><strong>cum</strong></span> <span class='ocrx_word' id='word_1_594' title='bbox 3469 1772 3639 1827; x_wconf 83' lang='lat' dir='ltr'><strong>offen-</strong></span> 
     </span>
    </p>
   </div>
   <div class='ocr_carea' id='block_1_77' title="bbox 2065 1860 3640 1934">
    <p class='ocr_par' dir='ltr' id='par_1_77' title="bbox 2065 1860 3640 1934">
     <span class='ocr_line' id='line_1_77' title="bbox 2065 1860 3640 1934; baseline 0.003 -20"><span class='ocrx_word' id='word_1_595' title='bbox 2065 1860 2215 1916; x_wconf 90' lang='lat' dir='ltr'><strong>sione</strong></span> <span class='ocrx_word' id='word_1_596' title='bbox 2262 1862 2503 1932; x_wconf 88' lang='lat' dir='ltr'><strong>jejunant</strong></span> <span class='ocrx_word' id='word_1_597' title='bbox 2531 1905 2545 1929; x_wconf 95' lang='lat'><strong>,</strong></span> <span class='ocrx_word' id='word_1_598' title='bbox 2594 1872 2649 1918; x_wconf 87' lang='lat' dir='ltr'><strong>et</strong></span> <span class='ocrx_word' id='word_1_599' title='bbox 2698 1879 2793 1934; x_wconf 88' lang='lat' dir='ltr'><strong>per</strong></span> <span class='ocrx_word' id='word_1_600' title='bbox 2838 1865 3140 1920; x_wconf 89' lang='lat' dir='ltr'><strong>utramlibet</strong></span> <span class='ocrx_word' id='word_1_601' title='bbox 3182 1864 3640 1934; x_wconf 84' lang='lat' dir='ltr'><strong>intemperantiam</strong></span> 
     </span>
    </p>
   </div>
   <div class='ocr_carea' id='block_1_78' title="bbox 2064 1953 3636 2026">
    <p class='ocr_par' dir='ltr' id='par_1_78' title="bbox 2064 1953 3636 2026">
     <span class='ocr_line' id='line_1_78' title="bbox 2064 1953 3636 2026; baseline 0.003 -20"><span class='ocrx_word' id='word_1_602' title='bbox 2064 1953 2314 2009; x_wconf 84' lang='lat' dir='ltr'><strong>scandala</strong></span> <span class='ocrx_word' id='word_1_603' title='bbox 2350 1955 2657 2022; x_wconf 86' lang='lat' dir='ltr'><strong>concitant,</strong></span> <span class='ocrx_word' id='word_1_604' title='bbox 2688 1954 2881 2026; x_wconf 89' lang='lat' dir='ltr'><strong>quibus</strong></span> <span class='ocrx_word' id='word_1_605' title='bbox 2920 1969 3027 2010; x_wconf 89' lang='lat' dir='ltr'><strong>non</strong></span> <span class='ocrx_word' id='word_1_606' title='bbox 3068 1963 3347 2025; x_wconf 85' lang='lat' dir='ltr'><strong>superatur</strong></span> <span class='ocrx_word' id='word_1_607' title='bbox 3373 1955 3636 2023; x_wconf 86' lang='lat' dir='ltr'><strong>diabolus,</strong></span> 
     </span>
    </p>
   </div>
   <div class='ocr_carea' id='block_1_79' title="bbox 2062 2041 3663 2099">
    <p class='ocr_par' dir='ltr' id='par_1_79' title="bbox 2062 2041 3663 2099">
     <span class='ocr_line' id='line_1_79' title="bbox 2062 2041 3663 2099; baseline 0.004 -2"><span class='ocrx_word' id='word_1_608' title='bbox 2062 2041 2157 2098; x_wconf 89' lang='lat' dir='ltr'><strong>sed</strong></span> <span class='ocrx_word' id='word_1_609' title='bbox 2174 2043 2402 2099; x_wconf 87' lang='lat' dir='ltr'><strong>laetatur.</strong></span> <span class='ocrx_word' id='word_1_610' title='bbox 3646 2059 3663 2087; x_wconf 79' lang='grc' dir='ltr'><em>ι</em></span> 
     </span>
    </p>
   </div>
   <div class='ocr_carea' id='block_1_80' title="bbox 2133 2135 3638 2209">
    <p class='ocr_par' dir='ltr' id='par_1_80' title="bbox 2133 2135 3638 2209">
     <span class='ocr_line' id='line_1_80' title="bbox 2133 2135 3638 2209; baseline 0.003 -20"><span class='ocrx_word' id='word_1_611' title='bbox 2133 2135 2223 2189; x_wconf 70' lang='grc'><strong>22.</strong></span> <span class='ocrx_word' id='word_1_612' title='bbox 2266 2136 2417 2202; x_wconf 88' lang='lat' dir='ltr'><strong>Quod</strong></span> <span class='ocrx_word' id='word_1_613' title='bbox 2464 2136 2509 2190; x_wconf 90' lang='lat' dir='ltr'><strong>si</strong></span> <span class='ocrx_word' id='word_1_614' title='bbox 2557 2136 2944 2209; x_wconf 87' lang='lat' dir='ltr'><strong>respondetur,</strong></span> <span class='ocrx_word' id='word_1_615' title='bbox 2979 2135 3080 2192; x_wconf 86' lang='lat' dir='ltr'><strong>hoc</strong></span> <span class='ocrx_word' id='word_1_616' title='bbox 3107 2136 3355 2193; x_wconf 90' lang='lat' dir='ltr'><strong>docuisse</strong></span> <span class='ocrx_word' id='word_1_617' title='bbox 3382 2136 3638 2194; x_wconf 77' lang='lat' dir='ltr'><strong>Iacobum</strong></span> 
     </span>
    </p>
   </div>
   <div class='ocr_carea' id='block_1_81' title="bbox 2062 2226 3635 2299">
    <p class='ocr_par' dir='ltr' id='par_1_81' title="bbox 2062 2226 3635 2299">
     <span class='ocr_line' id='line_1_81' title="bbox 2062 2226 3635 2299; baseline 0.001 -17"><span class='ocrx_word' id='word_1_618' title='bbox 2062 2226 2429 2299; x_wconf 82' lang='lat' dir='ltr'><strong>Jerosolymis,</strong></span> <span class='ocrx_word' id='word_1_619' title='bbox 2460 2227 2653 2297; x_wconf 90' lang='lat' dir='ltr'><strong>Ephesi</strong></span> <span class='ocrx_word' id='word_1_620' title='bbox 2675 2227 2955 2296; x_wconf 86' lang='lat' dir='ltr'><strong>Joannem,</strong></span> <span class='ocrx_word' id='word_1_621' title='bbox 2994 2236 3324 2298; x_wconf 66' lang='lat' dir='ltr'><strong>crateresque</strong></span> <span class='ocrx_word' id='word_1_622' title='bbox 3347 2228 3464 2283; x_wconf 90' lang='lat' dir='ltr'><strong>aliis</strong></span> <span class='ocrx_word' id='word_1_623' title='bbox 3482 2229 3635 2298; x_wconf 90' lang='lat' dir='ltr'><strong>locis,</strong></span> 
     </span>
    </p>
   </div>
   <div class='ocr_carea' id='block_1_82' title="bbox 2060 2319 3635 2393">
    <p class='ocr_par' dir='ltr' id='par_1_82' title="bbox 2060 2319 3635 2393">
     <span class='ocr_line' id='line_1_82' title="bbox 2060 2319 3635 2393; baseline 0.002 -19"><span class='ocrx_word' id='word_1_624' title='bbox 2060 2320 2203 2391; x_wconf 89' lang='lat' dir='ltr'><strong>quod</strong></span> <span class='ocrx_word' id='word_1_625' title='bbox 2219 2319 2397 2375; x_wconf 87' lang='lat' dir='ltr'><strong>docuit</strong></span> <span class='ocrx_word' id='word_1_626' title='bbox 2423 2321 2608 2376; x_wconf 84' lang='lat' dir='ltr'><strong>Romae</strong></span> <span class='ocrx_word' id='word_1_627' title='bbox 2629 2322 2837 2389; x_wconf 88' lang='lat' dir='ltr'><strong>Petrus,</strong></span> <span class='ocrx_word' id='word_1_628' title='bbox 2864 2321 2915 2377; x_wconf 92' lang='lat' dir='ltr'><strong>id</strong></span> <span class='ocrx_word' id='word_1_629' title='bbox 2936 2330 3017 2377; x_wconf 89' lang='lat' dir='ltr'><strong>est</strong></span> <span class='ocrx_word' id='word_1_630' title='bbox 3041 2330 3098 2376; x_wconf 94' lang='lat' dir='ltr'><strong>ut</strong></span> <span class='ocrx_word' id='word_1_631' title='bbox 3115 2322 3334 2377; x_wconf 88' lang='lat' dir='ltr'><strong>sabbato</strong></span> <span class='ocrx_word' id='word_1_632' title='bbox 3344 2322 3635 2393; x_wconf 87' lang='lat' dir='ltr'><strong>jejunetur,</strong></span> 
     </span>
    </p>
   </div>
   <div class='ocr_carea' id='block_1_83' title="bbox 2059 2413 3637 2483">
    <p class='ocr_par' dir='ltr' id='par_1_83' title="bbox 2059 2413 3637 2483">
     <span class='ocr_line' id='line_1_83' title="bbox 2059 2413 3637 2483; baseline 0.001 -16"><span class='ocrx_word' id='word_1_633' title='bbox 2059 2413 2156 2468; x_wconf 90' lang='lat' dir='ltr'><strong>sed</strong></span> <span class='ocrx_word' id='word_1_634' title='bbox 2182 2413 2248 2468; x_wconf 91' lang='lat' dir='ltr'><strong>ab</strong></span> <span class='ocrx_word' id='word_1_635' title='bbox 2277 2413 2377 2469; x_wconf 91' lang='lat' dir='ltr'><strong>hac</strong></span> <span class='ocrx_word' id='word_1_636' title='bbox 2410 2415 2650 2469; x_wconf 87' lang='lat' dir='ltr'><strong>doctrina</strong></span> <span class='ocrx_word' id='word_1_637' title='bbox 2682 2424 2850 2469; x_wconf 87' lang='lat' dir='ltr'><strong>terras</strong></span> <span class='ocrx_word' id='word_1_638' title='bbox 2874 2423 3092 2470; x_wconf 60' lang='lat' dir='ltr'><strong>caeteras</strong></span> <span class='ocrx_word' id='word_1_639' title='bbox 3109 2414 3371 2481; x_wconf 89' lang='lat' dir='ltr'><strong>deviasse,</strong></span> <span class='ocrx_word' id='word_1_640' title='bbox 3396 2422 3556 2483; x_wconf 89' lang='lat' dir='ltr'><strong>atque</strong></span> <span class='ocrx_word' id='word_1_641' title='bbox 3580 2414 3637 2469; x_wconf 87' lang='lat' dir='ltr'><strong>in</strong></span> 
     </span>
    </p>
   </div>
   <div class='ocr_carea' id='block_1_84' title="bbox 2059 2504 3638 2563">
    <p class='ocr_par' dir='ltr' id='par_1_84' title="bbox 2059 2504 3638 2563">
     <span class='ocr_line' id='line_1_84' title="bbox 2059 2504 3638 2563; baseline 0.002 -3"><span class='ocrx_word' id='word_1_642' title='bbox 2059 2519 2123 2560; x_wconf 85' lang='lat' dir='ltr'><strong>ea</strong></span> <span class='ocrx_word' id='word_1_643' title='bbox 2151 2504 2372 2560; x_wconf 84' lang='lat' dir='ltr'><strong>Romam</strong></span> <span class='ocrx_word' id='word_1_644' title='bbox 2400 2506 2611 2561; x_wconf 86' lang='lat' dir='ltr'><strong>stetisse</strong></span> <span class='ocrx_word' id='word_1_645' title='bbox 2636 2524 2648 2559; x_wconf 92' lang='lat'><strong>:</strong></span> <span class='ocrx_word' id='word_1_646' title='bbox 2678 2516 2730 2561; x_wconf 92' lang='lat' dir='ltr'><strong>et</strong></span> <span class='ocrx_word' id='word_1_647' title='bbox 2751 2521 2781 2562; x_wconf 90' lang='lat' dir='ltr'><strong>e</strong></span> <span class='ocrx_word' id='word_1_648' title='bbox 2818 2507 3085 2561; x_wconf 89' lang='lat' dir='ltr'><strong>contrario</strong></span> <span class='ocrx_word' id='word_1_649' title='bbox 3112 2505 3340 2561; x_wconf 86' lang='lat' dir='ltr'><strong>refertur</strong></span> <span class='ocrx_word' id='word_1_650' title='bbox 3377 2505 3638 2563; x_wconf 77' lang='lat' dir='ltr'><strong>Occiden-</strong></span> 
     </span>
    </p>
   </div>
   <div class='ocr_carea' id='block_1_85' title="bbox 2059 2595 3639 2668">
    <p class='ocr_par' dir='ltr' id='par_1_85' title="bbox 2059 2595 3639 2668">
     <span class='ocr_line' id='line_1_85' title="bbox 2059 2595 3639 2668; baseline 0.003 -19"><span class='ocrx_word' id='word_1_651' title='bbox 2059 2595 2128 2651; x_wconf 89' lang='lat' dir='ltr'><strong>tis</strong></span> <span class='ocrx_word' id='word_1_652' title='bbox 2173 2596 2348 2665; x_wconf 90' lang='lat' dir='ltr'><strong>potius</strong></span> <span class='ocrx_word' id='word_1_653' title='bbox 2389 2598 2565 2668; x_wconf 90' lang='lat' dir='ltr'><strong>aliqua</strong></span> <span class='ocrx_word' id='word_1_654' title='bbox 2594 2598 2710 2652; x_wconf 86' lang='lat' dir='ltr'><strong>loca</strong></span> <span class='ocrx_word' id='word_1_655' title='bbox 2751 2598 2803 2651; x_wconf 93' lang='lat' dir='ltr'><strong>in</strong></span> <span class='ocrx_word' id='word_1_656' title='bbox 2839 2598 3028 2667; x_wconf 87' lang='lat' dir='ltr'><strong>quibus</strong></span> <span class='ocrx_word' id='word_1_657' title='bbox 3056 2598 3224 2653; x_wconf 86' lang='lat' dir='ltr'><strong>Roma</strong></span> <span class='ocrx_word' id='word_1_658' title='bbox 3258 2605 3359 2667; x_wconf 89' lang='lat' dir='ltr'><strong>est,</strong></span> <span class='ocrx_word' id='word_1_659' title='bbox 3389 2614 3495 2653; x_wconf 90' lang='lat' dir='ltr'><strong>non</strong></span> <span class='ocrx_word' id='word_1_660' title='bbox 3525 2613 3639 2654; x_wconf 88' lang='lat' dir='ltr'><strong>ser-</strong></span> 
     </span>
    </p>
   </div>
   <div class='ocr_carea' id='block_1_86' title="bbox 2058 2688 3633 2758">
    <p class='ocr_par' dir='ltr' id='par_1_86' title="bbox 2058 2688 3633 2758">
     <span class='ocr_line' id='line_1_86' title="bbox 2058 2688 3633 2758; baseline 0.002 -17"><span class='ocrx_word' id='word_1_661' title='bbox 2058 2702 2212 2742; x_wconf 91' lang='lat' dir='ltr'><strong>vasse</strong></span> <span class='ocrx_word' id='word_1_662' title='bbox 2230 2688 2371 2757; x_wconf 92' lang='lat' dir='ltr'><strong>quod</strong></span> <span class='ocrx_word' id='word_1_663' title='bbox 2396 2689 2635 2758; x_wconf 84' lang='lat' dir='ltr'><strong>Apostoli</strong></span> <span class='ocrx_word' id='word_1_664' title='bbox 2656 2688 3014 2756; x_wconf 89' lang='lat' dir='ltr'><strong>tradiderunt;</strong></span> <span class='ocrx_word' id='word_1_665' title='bbox 3037 2689 3267 2744; x_wconf 88' lang='lat' dir='ltr'><strong>Orientis</strong></span> <span class='ocrx_word' id='word_1_666' title='bbox 3292 2705 3421 2745; x_wconf 91' lang='lat' dir='ltr'><strong>vero</strong></span> <span class='ocrx_word' id='word_1_667' title='bbox 3443 2698 3633 2757; x_wconf 89' lang='lat' dir='ltr'><strong>terras,</strong></span> 
     </span>
    </p>
   </div>
   <div class='ocr_carea' id='block_1_87' title="bbox 2058 2778 3638 2852">
    <p class='ocr_par' dir='ltr' id='par_1_87' title="bbox 2058 2778 3638 2852">
     <span class='ocr_line' id='line_1_87' title="bbox 2058 2778 3638 2852; baseline 0.004 -21"><span class='ocrx_word' id='word_1_668' title='bbox 2058 2778 2201 2833; x_wconf 89' lang='lat' dir='ltr'><strong>unde</strong></span> <span class='ocrx_word' id='word_1_669' title='bbox 2227 2780 2393 2849; x_wconf 84' lang='lat' dir='ltr'><strong>coepit</strong></span> <span class='ocrx_word' id='word_1_670' title='bbox 2414 2780 2588 2849; x_wconf 91' lang='lat' dir='ltr'><strong>ipsum</strong></span> <span class='ocrx_word' id='word_1_671' title='bbox 2612 2781 2958 2851; x_wconf 86' lang='lat' dir='ltr'><strong>Evangelium</strong></span> <span class='ocrx_word' id='word_1_672' title='bbox 2998 2781 3295 2852; x_wconf 63' lang='lat' dir='ltr'><strong>praedicari,</strong></span> <span class='ocrx_word' id='word_1_673' title='bbox 3322 2781 3375 2835; x_wconf 92' lang='lat' dir='ltr'><strong>in</strong></span> <span class='ocrx_word' id='word_1_674' title='bbox 3405 2796 3470 2837; x_wconf 88' lang='lat' dir='ltr'><strong>eo</strong></span> <span class='ocrx_word' id='word_1_675' title='bbox 3494 2780 3638 2851; x_wconf 89' lang='lat' dir='ltr'><strong>quod</strong></span> 
     </span>
    </p>
   </div>
   <div class='ocr_carea' id='block_1_88' title="bbox 2057 2871 3634 2946">
    <p class='ocr_par' dir='ltr' id='par_1_88' title="bbox 2057 2871 3634 2946">
     <span class='ocr_line' id='line_1_88' title="bbox 2057 2871 3634 2946; baseline 0.004 -22"><span class='ocrx_word' id='word_1_676' title='bbox 2057 2871 2124 2925; x_wconf 89' lang='lat' dir='ltr'><strong>ab</strong></span> <span class='ocrx_word' id='word_1_677' title='bbox 2151 2873 2395 2927; x_wconf 91' lang='lat' dir='ltr'><strong>omnibus</strong></span> <span class='ocrx_word' id='word_1_678' title='bbox 2420 2873 2578 2928; x_wconf 91' lang='lat' dir='ltr'><strong>simul</strong></span> <span class='ocrx_word' id='word_1_679' title='bbox 2603 2889 2722 2928; x_wconf 91' lang='lat' dir='ltr'><strong>cum</strong></span> <span class='ocrx_word' id='word_1_680' title='bbox 2745 2874 2861 2944; x_wconf 92' lang='lat' dir='ltr'><strong>ipso</strong></span> <span class='ocrx_word' id='word_1_681' title='bbox 2900 2876 3063 2930; x_wconf 93' lang='lat' dir='ltr'><strong>Petro</strong></span> <span class='ocrx_word' id='word_1_682' title='bbox 3086 2876 3358 2946; x_wconf 89' lang='lat' dir='ltr'><strong>Apostolis</strong></span> <span class='ocrx_word' id='word_1_683' title='bbox 3384 2875 3634 2931; x_wconf 90' lang='lat' dir='ltr'><strong>traditum</strong></span> 
     </span>
    </p>
   </div>
   <div class='ocr_carea' id='block_1_89' title="bbox 2055 2964 3632 3035">
    <p class='ocr_par' dir='ltr' id='par_1_89' title="bbox 2055 2964 3632 3035">
     <span class='ocr_line' id='line_1_89' title="bbox 2055 2964 3632 3035; baseline 0.003 -20"><span class='ocrx_word' id='word_1_684' title='bbox 2055 2970 2157 3028; x_wconf 90' lang='lat' dir='ltr'><strong>est,</strong></span> <span class='ocrx_word' id='word_1_685' title='bbox 2186 2979 2253 3021; x_wconf 81' lang='lat' dir='ltr'><strong>ne</strong></span> <span class='ocrx_word' id='word_1_686' title='bbox 2273 2964 2491 3019; x_wconf 88' lang='lat' dir='ltr'><strong>sabbato</strong></span> <span class='ocrx_word' id='word_1_687' title='bbox 2519 2964 2804 3034; x_wconf 87' lang='lat' dir='ltr'><strong>jejuuetur,</strong></span> <span class='ocrx_word' id='word_1_688' title='bbox 2838 2966 2950 3021; x_wconf 91' lang='lat' dir='ltr'><strong>sine</strong></span> <span class='ocrx_word' id='word_1_689' title='bbox 2980 2967 3155 3035; x_wconf 90' lang='lat' dir='ltr'><strong>aliqua</strong></span> <span class='ocrx_word' id='word_1_690' title='bbox 3181 2967 3438 3021; x_wconf 89' lang='lat' dir='ltr'><strong>varietate</strong></span> <span class='ocrx_word' id='word_1_691' title='bbox 3477 2981 3632 3020; x_wconf 89' lang='lat' dir='ltr'><strong>man-</strong></span> 
     </span>
    </p>
   </div>
   <div class='ocr_carea' id='block_1_90' title="bbox 2055 3054 3635 3129">
    <p class='ocr_par' dir='ltr' id='par_1_90' title="bbox 2055 3054 3635 3129">
     <span class='ocr_line' id='line_1_90' title="bbox 2055 3054 3635 3129; baseline 0.002 -20"><span class='ocrx_word' id='word_1_692' title='bbox 2055 3054 2192 3109; x_wconf 87' lang='lat' dir='ltr'><strong>sisse</strong></span> <span class='ocrx_word' id='word_1_693' title='bbox 2222 3073 2236 3108; x_wconf 93' lang='lat'><strong>:</strong></span> <span class='ocrx_word' id='word_1_694' title='bbox 2281 3056 2685 3112; x_wconf 86' lang='lat' dir='ltr'><strong>interminabilis</strong></span> <span class='ocrx_word' id='word_1_695' title='bbox 2713 3066 2794 3112; x_wconf 89' lang='lat' dir='ltr'><strong>est</strong></span> <span class='ocrx_word' id='word_1_696' title='bbox 2832 3058 2930 3112; x_wconf 89' lang='lat' dir='ltr'><strong>ista</strong></span> <span class='ocrx_word' id='word_1_697' title='bbox 2960 3059 3247 3124; x_wconf 86' lang='lat' dir='ltr'><strong>contentio,</strong></span> <span class='ocrx_word' id='word_1_698' title='bbox 3286 3072 3547 3129; x_wconf 89' lang='lat' dir='ltr'><strong>generans</strong></span> <span class='ocrx_word' id='word_1_699' title='bbox 3569 3059 3635 3113; x_wconf 80' lang='lat' dir='ltr'><strong>li-</strong></span> 
     </span>
    </p>
   </div>
   <div class='ocr_carea' id='block_1_91' title="bbox 2057 3146 3635 3221">
    <p class='ocr_par' dir='ltr' id='par_1_91' title="bbox 2057 3146 3635 3221">
     <span class='ocr_line' id='line_1_91' title="bbox 2057 3146 3635 3221; baseline 0.004 -22"><span class='ocrx_word' id='word_1_700' title='bbox 2057 3154 2157 3212; x_wconf 91' lang='lat' dir='ltr'><strong>tes,</strong></span> <span class='ocrx_word' id='word_1_701' title='bbox 2203 3160 2309 3200; x_wconf 91' lang='lat' dir='ltr'><strong>non</strong></span> <span class='ocrx_word' id='word_1_702' title='bbox 2354 3146 2546 3203; x_wconf 83' lang='lat' dir='ltr'><strong>ﬁniens</strong></span> <span class='ocrx_word' id='word_1_703' title='bbox 2574 3149 2914 3218; x_wconf 87' lang='lat' dir='ltr'><strong>quaestiones.</strong></span> <span class='ocrx_word' id='word_1_704' title='bbox 2942 3150 3023 3205; x_wconf 89' lang='lat' dir='ltr'><strong>Sit</strong></span> <span class='ocrx_word' id='word_1_705' title='bbox 3058 3165 3185 3221; x_wconf 88' lang='lat' dir='ltr'><strong>ergo</strong></span> <span class='ocrx_word' id='word_1_706' title='bbox 3210 3165 3316 3204; x_wconf 89' lang='lat' dir='ltr'><strong>una</strong></span> <span class='ocrx_word' id='word_1_707' title='bbox 3342 3149 3475 3205; x_wconf 86' lang='lat' dir='ltr'><strong>fides</strong></span> <span class='ocrx_word' id='word_1_708' title='bbox 3513 3151 3635 3205; x_wconf 90' lang='lat' dir='ltr'><strong>uni-</strong></span> 
     </span>
    </p>
   </div>
   <div class='ocr_carea' id='block_1_92' title="bbox 2053 3241 3633 3314">
    <p class='ocr_par' dir='ltr' id='par_1_92' title="bbox 2053 3241 3633 3314">
     <span class='ocr_line' id='line_1_92' title="bbox 2053 3241 3633 3314; baseline 0.003 -21"><span class='ocrx_word' id='word_1_709' title='bbox 2053 3253 2223 3294; x_wconf 84' lang='lat' dir='ltr'><strong>versae</strong></span> <span class='ocrx_word' id='word_1_710' title='bbox 2247 3255 2365 3310; x_wconf 89' lang='lat' dir='ltr'><strong>quae</strong></span> <span class='ocrx_word' id='word_1_711' title='bbox 2390 3241 2585 3312; x_wconf 89' lang='lat' dir='ltr'><strong>ubique</strong></span> <span class='ocrx_word' id='word_1_712' title='bbox 2616 3242 2864 3297; x_wconf 88' lang='lat' dir='ltr'><strong>dilatatur</strong></span> <span class='ocrx_word' id='word_1_713' title='bbox 2890 3242 3143 3298; x_wconf 73' lang='lat' dir='ltr'><strong>Ecclesia:</strong></span> <span class='ocrx_word' id='word_1_714' title='bbox 3162 3284 3177 3310; x_wconf 94' lang='lat'><strong>,</strong></span> <span class='ocrx_word' id='word_1_715' title='bbox 3209 3251 3458 3314; x_wconf 89' lang='lat' dir='ltr'><strong>tanquam</strong></span> <span class='ocrx_word' id='word_1_716' title='bbox 3486 3244 3633 3299; x_wconf 83' lang='lat' dir='ltr'><strong>intus</strong></span> 
     </span>
    </p>
   </div>
   <div class='ocr_carea' id='block_1_93' title="bbox 2052 3330 3633 3407">
    <p class='ocr_par' dir='ltr' id='par_1_93' title="bbox 2052 3330 3633 3407">
     <span class='ocr_line' id='line_1_93' title="bbox 2052 3330 3633 3407; baseline 0.006 -22"><span class='ocrx_word' id='word_1_717' title='bbox 2052 3330 2107 3385; x_wconf 94' lang='lat' dir='ltr'><strong>in</strong></span> <span class='ocrx_word' id='word_1_718' title='bbox 2150 3333 2404 3388; x_wconf 89' lang='lat' dir='ltr'><strong>membris</strong></span> <span class='ocrx_word' id='word_1_719' title='bbox 2450 3375 2463 3401; x_wconf 95' lang='lat'><strong>,</strong></span> <span class='ocrx_word' id='word_1_720' title='bbox 2512 3334 2718 3389; x_wconf 89' lang='lat' dir='ltr'><strong>etiamsi</strong></span> <span class='ocrx_word' id='word_1_721' title='bbox 2767 3335 2879 3405; x_wconf 89' lang='lat' dir='ltr'><strong>ipsa</strong></span> <span class='ocrx_word' id='word_1_722' title='bbox 2922 3333 3044 3389; x_wconf 77' lang='lat' dir='ltr'><strong>fidei</strong></span> <span class='ocrx_word' id='word_1_723' title='bbox 3099 3338 3270 3392; x_wconf 88' lang='lat' dir='ltr'><strong>unitas</strong></span> <span class='ocrx_word' id='word_1_724' title='bbox 3318 3336 3633 3407; x_wconf 88' lang='lat' dir='ltr'><strong>quibusdam</strong></span> 
     </span>
    </p>
   </div>
   <div class='ocr_carea' id='block_1_94' title="bbox 2054 3422 3631 3499">
    <p class='ocr_par' dir='ltr' id='par_1_94' title="bbox 2054 3422 3631 3499">
     <span class='ocr_line' id='line_1_94' title="bbox 2054 3422 3631 3499; baseline 0.005 -22"><span class='ocrx_word' id='word_1_725' title='bbox 2054 3422 2279 3478; x_wconf 88' lang='lat' dir='ltr'><strong>diversis</strong></span> <span class='ocrx_word' id='word_1_726' title='bbox 2331 3426 2791 3481; x_wconf 88' lang='lat' dir='ltr'><strong>observationibus</strong></span> <span class='ocrx_word' id='word_1_727' title='bbox 2840 3426 3141 3482; x_wconf 87' lang='lat' dir='ltr'><strong>celebratur</strong></span> <span class='ocrx_word' id='word_1_728' title='bbox 3168 3467 3184 3495; x_wconf 94' lang='lat'><strong>,</strong></span> <span class='ocrx_word' id='word_1_729' title='bbox 3242 3428 3431 3499; x_wconf 91' lang='lat' dir='ltr'><strong>quibus</strong></span> <span class='ocrx_word' id='word_1_730' title='bbox 3482 3428 3631 3485; x_wconf 90' lang='lat' dir='ltr'><strong>nullo</strong></span> 
     </span>
    </p>
   </div>
   <div class='ocr_carea' id='block_1_95' title="bbox 2051 3514 3631 3589">
    <p class='ocr_par' dir='ltr' id='par_1_95' title="bbox 2051 3514 3631 3589">
     <span class='ocr_line' id='line_1_95' title="bbox 2051 3514 3631 3589; baseline 0.006 -22"><span class='ocrx_word' id='word_1_731' title='bbox 2051 3514 2213 3568; x_wconf 90' lang='lat' dir='ltr'><strong>modo</strong></span> <span class='ocrx_word' id='word_1_732' title='bbox 2266 3515 2406 3584; x_wconf 92' lang='lat' dir='ltr'><strong>quod</strong></span> <span class='ocrx_word' id='word_1_733' title='bbox 2470 3516 2524 3570; x_wconf 90' lang='lat' dir='ltr'><strong>in</strong></span> <span class='ocrx_word' id='word_1_734' title='bbox 2583 3516 2688 3571; x_wconf 83' lang='lat' dir='ltr'><strong>fide</strong></span> <span class='ocrx_word' id='word_1_735' title='bbox 2729 3532 2915 3572; x_wconf 90' lang='lat' dir='ltr'><strong>verum</strong></span> <span class='ocrx_word' id='word_1_736' title='bbox 2964 3527 3046 3573; x_wconf 91' lang='lat' dir='ltr'><strong>est</strong></span> <span class='ocrx_word' id='word_1_737' title='bbox 3091 3519 3390 3589; x_wconf 88' lang='lat' dir='ltr'><strong>impeditur.</strong></span> <span class='ocrx_word' id='word_1_738' title='bbox 3453 3519 3631 3577; x_wconf 83' lang='lat' dir='ltr'><strong>Omnis</strong></span> 
     </span>
    </p>
   </div>
   <div class='ocr_carea' id='block_1_96' title="bbox 2050 3603 3624 3683">
    <p class='ocr_par' dir='ltr' id='par_1_96' title="bbox 2050 3603 3624 3683">
     <span class='ocr_line' id='line_1_96' title="bbox 2050 3603 3624 3683; baseline 0.004 -24"><span class='ocrx_word' id='word_1_739' title='bbox 2050 3603 2191 3659; x_wconf 86' lang='lat' dir='ltr'><strong>enim</strong></span> <span class='ocrx_word' id='word_1_740' title='bbox 2236 3604 2559 3673; x_wconf 85' lang='lat' dir='ltr'><strong>pulchritudo</strong></span> <span class='ocrx_word' id='word_1_741' title='bbox 2606 3606 2728 3675; x_wconf 71' lang='lat' dir='ltr'><strong>ﬁlia:</strong></span> <span class='ocrx_word' id='word_1_742' title='bbox 2770 3608 2901 3678; x_wconf 88' lang='lat' dir='ltr'><strong>regis</strong></span> <span class='ocrx_word' id='word_1_743' title='bbox 2951 3608 3249 3664; x_wconf 87' lang='lat' dir='ltr'><strong>intrinsecus</strong></span> <span class='ocrx_word' id='word_1_744' title='bbox 3288 3609 3624 3683; x_wconf 81' lang='lat' dir='ltr'><strong>(Psal.xuv,</strong></span> 
     </span>
    </p>
   </div>
   <div class='ocr_carea' id='block_1_97' title="bbox 2052 3695 3623 3770">
    <p class='ocr_par' dir='ltr' id='par_1_97' title="bbox 2052 3695 3623 3770">
     <span class='ocr_line' id='line_1_97' title="bbox 2052 3695 3623 3770; baseline 0.005 -22"><span class='ocrx_word' id='word_1_745' title='bbox 2052 3695 2140 3766; x_wconf 74' lang='grc'><strong>14)</strong></span> <span class='ocrx_word' id='word_1_746' title='bbox 2158 3714 2170 3748; x_wconf 92' lang='lat'><strong>:</strong></span> <span class='ocrx_word' id='word_1_747' title='bbox 2187 3696 2289 3750; x_wconf 66' lang='lat' dir='ltr'><strong>illa:</strong></span> <span class='ocrx_word' id='word_1_748' title='bbox 2314 3706 2491 3751; x_wconf 86' lang='lat' dir='ltr'><strong>autem</strong></span> <span class='ocrx_word' id='word_1_749' title='bbox 2518 3697 2915 3755; x_wconf 89' lang='lat' dir='ltr'><strong>observationes</strong></span> <span class='ocrx_word' id='word_1_750' title='bbox 2944 3715 3064 3770; x_wconf 72' lang='lat' dir='ltr'><strong>qum</strong></span> <span class='ocrx_word' id='word_1_751' title='bbox 3088 3701 3247 3755; x_wconf 88' lang='lat' dir='ltr'><strong>variae</strong></span> <span class='ocrx_word' id='word_1_752' title='bbox 3267 3701 3623 3768; x_wconf 86' lang='lat' dir='ltr'><strong>celebrantur,</strong></span> 
     </span>
    </p>
   </div>
   <div class='ocr_carea' id='block_1_98' title="bbox 2050 3788 3628 3865">
    <p class='ocr_par' dir='ltr' id='par_1_98' title="bbox 2050 3788 3628 3865">
     <span class='ocr_line' id='line_1_98' title="bbox 2050 3788 3628 3865; baseline 0.005 -24"><span class='ocrx_word' id='word_1_753' title='bbox 2050 3788 2103 3842; x_wconf 92' lang='lat' dir='ltr'><strong>in</strong></span> <span class='ocrx_word' id='word_1_754' title='bbox 2130 3789 2244 3859; x_wconf 89' lang='lat' dir='ltr'><strong>ejus</strong></span> <span class='ocrx_word' id='word_1_755' title='bbox 2272 3797 2420 3844; x_wconf 87' lang='lat' dir='ltr'><strong>veste</strong></span> <span class='ocrx_word' id='word_1_756' title='bbox 2448 3790 2842 3862; x_wconf 89' lang='lat' dir='ltr'><strong>intelliguntur;</strong></span> <span class='ocrx_word' id='word_1_757' title='bbox 2874 3793 3017 3849; x_wconf 89' lang='lat' dir='ltr'><strong>unde</strong></span> <span class='ocrx_word' id='word_1_758' title='bbox 3058 3793 3129 3849; x_wconf 93' lang='lat' dir='ltr'><strong>ibi</strong></span> <span class='ocrx_word' id='word_1_759' title='bbox 3171 3793 3382 3862; x_wconf 90' lang='lat' dir='ltr'><strong>dicitur,</strong></span> <span class='ocrx_word' id='word_1_760' title='bbox 3418 3792 3486 3847; x_wconf 86' lang='lat' dir='ltr'><strong>In</strong></span> <span class='ocrx_word' id='word_1_761' title='bbox 3511 3795 3628 3865; x_wconf 76' lang='lat' dir='ltr'><strong>ﬁm-</strong></span> 
     </span>
    </p>
   </div>
   <div class='ocr_carea' id='block_1_99' title="bbox 2047 3880 3626 3959">
    <p class='ocr_par' dir='ltr' id='par_1_99' title="bbox 2047 3880 3626 3959">
     <span class='ocr_line' id='line_1_99' title="bbox 2047 3880 3626 3959; baseline 0.005 -24"><span class='ocrx_word' id='word_1_762' title='bbox 2047 3880 2168 3935; x_wconf 89' lang='lat' dir='ltr'><strong>briis</strong></span> <span class='ocrx_word' id='word_1_763' title='bbox 2210 3884 2375 3937; x_wconf 84' lang='lat' dir='ltr'><strong>aureis</strong></span> <span class='ocrx_word' id='word_1_764' title='bbox 2413 3884 2785 3939; x_wconf 87' lang='lat' dir='ltr'><strong>circumamicta</strong></span> <span class='ocrx_word' id='word_1_765' title='bbox 2812 3887 3048 3941; x_wconf 86' lang='lat' dir='ltr'><strong>varietate</strong></span> <span class='ocrx_word' id='word_1_766' title='bbox 3084 3885 3267 3959; x_wconf 85' lang='lat' dir='ltr'><strong>(lbid.,</strong></span> <span class='ocrx_word' id='word_1_767' title='bbox 3292 3884 3402 3959; x_wconf 78' lang='grc'><strong>15).</strong></span> <span class='ocrx_word' id='word_1_768' title='bbox 3428 3885 3533 3942; x_wconf 84' lang='lat' dir='ltr'><strong>Sed</strong></span> <span class='ocrx_word' id='word_1_769' title='bbox 3561 3900 3626 3943; x_wconf 86' lang='lat' dir='ltr'><strong>ea</strong></span> 
     </span>
    </p>
   </div>
   <div class='ocr_carea' id='block_1_100' title="bbox 2047 3975 3622 4047">
    <p class='ocr_par' dir='ltr' id='par_1_100' title="bbox 2047 3975 3622 4047">
     <span class='ocr_line' id='line_1_100' title="bbox 2047 3975 3622 4047; baseline 0.004 -19"><span class='ocrx_word' id='word_1_770' title='bbox 2047 3989 2257 4045; x_wconf 90' lang='lat' dir='ltr'><strong>quoque</strong></span> <span class='ocrx_word' id='word_1_771' title='bbox 2298 3975 2460 4029; x_wconf 87' lang='lat' dir='ltr'><strong>vestis</strong></span> <span class='ocrx_word' id='word_1_772' title='bbox 2503 3975 2574 4030; x_wconf 89' lang='lat' dir='ltr'><strong>ita</strong></span> <span class='ocrx_word' id='word_1_773' title='bbox 2620 3976 2841 4032; x_wconf 90' lang='lat' dir='ltr'><strong>diversis</strong></span> <span class='ocrx_word' id='word_1_774' title='bbox 2888 3979 3333 4034; x_wconf 88' lang='lat' dir='ltr'><strong>celebrationibus</strong></span> <span class='ocrx_word' id='word_1_775' title='bbox 3366 3978 3622 4047; x_wconf 84' lang='lat' dir='ltr'><strong>varietur,</strong></span> 
     </span>
    </p>
   </div>
   <div class='ocr_carea' id='block_1_101' title="bbox 1952 4067 3328 4141">
    <p class='ocr_par' dir='ltr' id='par_1_101' title="bbox 1952 4067 3328 4141">
     <span class='ocr_line' id='line_1_101' title="bbox 1952 4067 3328 4141; baseline 0.003 -22"><span class='ocrx_word' id='word_1_776' title='bbox 1952 4090 1974 4127; x_wconf 66' lang='grc' dir='ltr'><strong><em>ς</em></strong></span> <span class='ocrx_word' id='word_1_777' title='bbox 2047 4074 2105 4120; x_wconf 94' lang='lat' dir='ltr'><strong>ut</strong></span> <span class='ocrx_word' id='word_1_778' title='bbox 2146 4082 2255 4120; x_wconf 87' lang='lat' dir='ltr'><strong>non</strong></span> <span class='ocrx_word' id='word_1_779' title='bbox 2289 4067 2525 4122; x_wconf 90' lang='lat' dir='ltr'><strong>adversis</strong></span> <span class='ocrx_word' id='word_1_780' title='bbox 2560 4070 2987 4125; x_wconf 90' lang='lat' dir='ltr'><strong>contentionibus</strong></span> <span class='ocrx_word' id='word_1_781' title='bbox 3024 4069 3328 4141; x_wconf 89' lang='lat' dir='ltr'><strong>dissipetur.</strong></span> 
     </span>
    </p>
   </div>
   <div class='ocr_carea' id='block_1_102' title="bbox 2114 4156 3622 4230">
    <p class='ocr_par' dir='ltr' id='par_1_102' title="bbox 2114 4156 3622 4230">
     <span class='ocr_line' id='line_1_102' title="bbox 2114 4156 3622 4230; baseline 0.004 -17"><span class='ocrx_word' id='word_1_782' title='bbox 2114 4156 2339 4214; x_wconf 89' lang='lat' dir='ltr'><strong>CAPUT</strong></span> <span class='ocrx_word' id='word_1_783' title='bbox 2368 4159 2434 4214; x_wconf 83' lang='lat' dir='ltr'><strong>X.</strong></span> <span class='ocrx_word' id='word_1_784' title='bbox 2449 4190 2519 4202; x_wconf 89' lang='lat'><strong>—-</strong></span> <span class='ocrx_word' id='word_1_785' title='bbox 2533 4161 2623 4216; x_wconf 74' lang='grc'><strong>25.</strong></span> <span class='ocrx_word' id='word_1_786' title='bbox 2647 4161 2931 4229; x_wconf 84' lang='lat' dir='ltr'><strong>Postremo,</strong></span> <span class='ocrx_word' id='word_1_787' title='bbox 2951 4163 3137 4230; x_wconf 91' lang='lat' dir='ltr'><strong>inquit,</strong></span> <span class='ocrx_word' id='word_1_788' title='bbox 3154 4164 3199 4216; x_wconf 89' lang='lat' dir='ltr'><strong>si</strong></span> <span class='ocrx_word' id='word_1_789' title='bbox 3210 4162 3425 4218; x_wconf 66' lang='lat' dir='ltr'><strong>ludens</strong></span> <span class='ocrx_word' id='word_1_790' title='bbox 3442 4164 3622 4219; x_wconf 85' lang='lat' dir='ltr'><strong>sabba-</strong></span> 
     </span>
    </p>
   </div>
   <div class='ocr_carea' id='block_1_103' title="bbox 2046 4251 3623 4325">
    <p class='ocr_par' dir='ltr' id='par_1_103' title="bbox 2046 4251 3623 4325">
     <span class='ocr_line' id='line_1_103' title="bbox 2046 4251 3623 4325; baseline 0.004 -22"><span class='ocrx_word' id='word_1_791' title='bbox 2046 4258 2152 4303; x_wconf 85' lang='lat' dir='ltr'><strong>tum</strong></span> <span class='ocrx_word' id='word_1_792' title='bbox 2171 4251 2378 4303; x_wconf 90' lang='lat' dir='ltr'><strong>colendo</strong></span> <span class='ocrx_word' id='word_1_793' title='bbox 2408 4252 2712 4319; x_wconf 82' lang='lat' dir='ltr'><strong>dominicum</strong></span> <span class='ocrx_word' id='word_1_794' title='bbox 2736 4263 2901 4323; x_wconf 87' lang='lat' dir='ltr'><strong>negat,</strong></span> <span class='ocrx_word' id='word_1_795' title='bbox 2925 4254 3172 4325; x_wconf 90' lang='lat' dir='ltr'><strong>quomodo</strong></span> <span class='ocrx_word' id='word_1_796' title='bbox 3198 4253 3513 4310; x_wconf 79' lang='lat' dir='ltr'><strong>Christianus</strong></span> <span class='ocrx_word' id='word_1_797' title='bbox 3540 4257 3623 4310; x_wconf 87' lang='lat' dir='ltr'><strong>ob-</strong></span> 
     </span>
    </p>
   </div>
   <div class='ocr_carea' id='block_1_104' title="bbox 2043 4342 3619 4413">
    <p class='ocr_par' dir='ltr' id='par_1_104' title="bbox 2043 4342 3619 4413">
     <span class='ocr_line' id='line_1_104' title="bbox 2043 4342 3619 4413; baseline 0.004 -18"><span class='ocrx_word' id='word_1_798' title='bbox 2043 4350 2206 4395; x_wconf 86' lang='lat' dir='ltr'><strong>servat</strong></span> <span class='ocrx_word' id='word_1_799' title='bbox 2237 4342 2537 4399; x_wconf 83' lang='lat' dir='ltr'><strong>sabbatum?</strong></span> <span class='ocrx_word' id='word_1_800' title='bbox 2577 4345 2677 4398; x_wconf 80' lang='lat' dir='ltr'><strong>Aut</strong></span> <span class='ocrx_word' id='word_1_801' title='bbox 2712 4346 2866 4399; x_wconf 82' lang='lat' dir='ltr'><strong>simus</strong></span> <span class='ocrx_word' id='word_1_802' title='bbox 2893 4345 3187 4413; x_wconf 84' lang='lat' dir='ltr'><strong>Christiani,</strong></span> <span class='ocrx_word' id='word_1_803' title='bbox 3225 4354 3271 4401; x_wconf 88' lang='lat' dir='ltr'><strong>et</strong></span> <span class='ocrx_word' id='word_1_804' title='bbox 3309 4346 3619 4402; x_wconf 89' lang='lat' dir='ltr'><strong>dominicum</strong></span> 
     </span>
    </p>
   </div>
   <div class='ocr_carea' id='block_1_105' title="bbox 2042 4436 3681 4527">
    <p class='ocr_par' dir='ltr' id='par_1_105' title="bbox 2042 4436 3681 4527">
     <span class='ocr_line' id='line_1_105' title="bbox 2042 4436 3681 4527; baseline 0.007 -39"><span class='ocrx_word' id='word_1_805' title='bbox 2042 4436 2307 4501; x_wconf 85' lang='lat' dir='ltr'><strong>colamus;</strong></span> <span class='ocrx_word' id='word_1_806' title='bbox 2353 4444 2439 4491; x_wconf 89' lang='lat' dir='ltr'><strong>aut</strong></span> <span class='ocrx_word' id='word_1_807' title='bbox 2467 4438 2623 4493; x_wconf 86' lang='lat' dir='ltr'><strong>simus</strong></span> <span class='ocrx_word' id='word_1_808' title='bbox 2663 4437 2856 4507; x_wconf 69' lang='lat' dir='ltr'><strong>Judaei,</strong></span> <span class='ocrx_word' id='word_1_809' title='bbox 2886 4449 2932 4494; x_wconf 91' lang='lat' dir='ltr'><strong>et</strong></span> <span class='ocrx_word' id='word_1_810' title='bbox 2973 4440 3231 4495; x_wconf 87' lang='lat' dir='ltr'><strong>sabbatum</strong></span> <span class='ocrx_word' id='word_1_811' title='bbox 3259 4442 3569 4497; x_wconf 81' lang='lat' dir='ltr'><strong>observemus</strong></span> <span class='ocrx_word' id='word_1_812' title='bbox 3598 4458 3621 4498; x_wconf 91' lang='lat'><strong>:</strong></span> <span class='ocrx_word' id='word_1_813' title='bbox 3668 4497 3681 4527; x_wconf 44' lang='grc' dir='ltr'><strong><em>Ι</em></strong></span> 
     </span>
    </p>
   </div>
   <div class='ocr_carea' id='block_1_106' title="bbox 2048 4526 3616 4607">
    <p class='ocr_par' dir='ltr' id='par_1_106' title="bbox 2048 4526 3616 4607">
     <span class='ocr_line' id='line_1_106' title="bbox 2048 4526 3616 4607; baseline 0.006 -27"><span class='ocrx_word' id='word_1_814' title='bbox 2048 4544 2067 4580; x_wconf 77' lang='lat' dir='ltr'><strong>t</strong></span> <span class='ocrx_word' id='word_1_815' title='bbox 2111 4526 2275 4581; x_wconf 84' lang='lat' dir='ltr'><strong>Nemo</strong></span> <span class='ocrx_word' id='word_1_816' title='bbox 2300 4528 2439 4583; x_wconf 90' lang='lat' dir='ltr'><strong>enim</strong></span> <span class='ocrx_word' id='word_1_817' title='bbox 2482 4538 2639 4599; x_wconf 81' lang='lat' dir='ltr'><strong>potest</strong></span> <span class='ocrx_word' id='word_1_818' title='bbox 2662 4530 2853 4585; x_wconf 85' lang='lat' dir='ltr'><strong>duobus</strong></span> <span class='ocrx_word' id='word_1_819' title='bbox 2881 4531 3097 4586; x_wconf 88' lang='lat' dir='ltr'><strong>dominis</strong></span> <span class='ocrx_word' id='word_1_820' title='bbox 3134 4534 3313 4588; x_wconf 86' lang='lat' dir='ltr'><strong>servire</strong></span> <span class='ocrx_word' id='word_1_821' title='bbox 3346 4551 3366 4586; x_wconf 74' lang='grc' dir='ltr'><strong><em>ι</em></strong></span> <span class='ocrx_word' id='word_1_822' title='bbox 3405 4535 3616 4607; x_wconf 78' lang='lat' dir='ltr'><strong>(Matth.</strong></span> 
     </span>
    </p>
   </div>
   <div class='ocr_carea' id='block_1_107' title="bbox 2040 4618 3618 4694">
    <p class='ocr_par' dir='ltr' id='par_1_107' title="bbox 2040 4618 3618 4694">
     <span class='ocr_line' id='line_1_107' title="bbox 2040 4618 3618 4694; baseline 0.006 -19"><span class='ocrx_word' id='word_1_823' title='bbox 2040 4635 2135 4688; x_wconf 82' lang='lat' dir='ltr'><strong>v1,</strong></span> <span class='ocrx_word' id='word_1_824' title='bbox 2165 4618 2282 4692; x_wconf 74' lang='grc'>24).</span> <span class='ocrx_word' id='word_1_825' title='bbox 2328 4620 2513 4676; x_wconf 87' lang='lat' dir='ltr'><strong>Nonne</strong></span> <span class='ocrx_word' id='word_1_826' title='bbox 2549 4622 2621 4676; x_wconf 86' lang='lat' dir='ltr'><strong>ita</strong></span> <span class='ocrx_word' id='word_1_827' title='bbox 2650 4622 2900 4693; x_wconf 87' lang='lat' dir='ltr'><strong>loquitur,</strong></span> <span class='ocrx_word' id='word_1_828' title='bbox 2947 4631 3198 4694; x_wconf 87' lang='lat' dir='ltr'><strong>tanquam</strong></span> <span class='ocrx_word' id='word_1_829' title='bbox 3239 4627 3442 4683; x_wconf 92' lang='lat' dir='ltr'><strong>sabbati</strong></span> <span class='ocrx_word' id='word_1_830' title='bbox 3481 4629 3618 4685; x_wconf 87' lang='lat' dir='ltr'><strong>alius</strong></span> 
     </span>
    </p>
   </div>
   <div class='ocr_carea' id='block_1_108' title="bbox 2040 4714 3618 4791">
    <p class='ocr_par' dir='ltr' id='par_1_108' title="bbox 2040 4714 3618 4791">
     <span class='ocr_line' id='line_1_108' title="bbox 2040 4714 3618 4791; baseline 0.003 -20"><span class='ocrx_word' id='word_1_831' title='bbox 2040 4714 2288 4771; x_wconf 89' lang='lat' dir='ltr'><strong>dominus</strong></span> <span class='ocrx_word' id='word_1_832' title='bbox 2313 4714 2401 4782; x_wconf 90' lang='lat' dir='ltr'><strong>sit,</strong></span> <span class='ocrx_word' id='word_1_833' title='bbox 2446 4715 2579 4770; x_wconf 92' lang='lat' dir='ltr'><strong>alius</strong></span> <span class='ocrx_word' id='word_1_834' title='bbox 2603 4714 2886 4770; x_wconf 84' lang='lat' dir='ltr'><strong>dominici?</strong></span> <span class='ocrx_word' id='word_1_835' title='bbox 2921 4715 3030 4772; x_wconf 89' lang='lat' dir='ltr'><strong>Nec</strong></span> <span class='ocrx_word' id='word_1_836' title='bbox 3061 4717 3191 4772; x_wconf 90' lang='lat' dir='ltr'><strong>illud</strong></span> <span class='ocrx_word' id='word_1_837' title='bbox 3219 4719 3365 4774; x_wconf 89' lang='lat' dir='ltr'><strong>audit</strong></span> <span class='ocrx_word' id='word_1_838' title='bbox 3392 4721 3534 4791; x_wconf 90' lang='lat' dir='ltr'><strong>quod</strong></span> <span class='ocrx_word' id='word_1_839' title='bbox 3563 4730 3618 4776; x_wconf 89' lang='lat' dir='ltr'><strong>et</strong></span> 
     </span>
    </p>
   </div>
   <div class='ocr_carea' id='block_1_109' title="bbox 2041 4806 3615 4876">
    <p class='ocr_par' dir='ltr' id='par_1_109' title="bbox 2041 4806 3615 4876">
     <span class='ocr_line' id='line_1_109' title="bbox 2041 4806 3615 4876; baseline 0.003 -14"><span class='ocrx_word' id='word_1_840' title='bbox 2041 4806 2155 4876; x_wconf 90' lang='lat' dir='ltr'><strong>ipse</strong></span> <span class='ocrx_word' id='word_1_841' title='bbox 2183 4807 2621 4862; x_wconf 88' lang='lat' dir='ltr'><strong>commemoravit</strong></span> <span class='ocrx_word' id='word_1_842' title='bbox 2652 4824 2666 4861; x_wconf 93' lang='lat'><strong>:</strong></span> <span class='ocrx_word' id='word_1_843' title='bbox 2699 4806 2949 4863; x_wconf 86' lang='lat' dir='ltr'><strong>Dominus</strong></span> <span class='ocrx_word' id='word_1_844' title='bbox 2978 4818 3051 4863; x_wconf 85' lang='lat' dir='ltr'><strong>est</strong></span> <span class='ocrx_word' id='word_1_845' title='bbox 3079 4811 3211 4863; x_wconf 86' lang='lat' dir='ltr'><strong>enim</strong></span> <span class='ocrx_word' id='word_1_846' title='bbox 3234 4812 3427 4866; x_wconf 79' lang='lat' dir='ltr'><strong>sabbati</strong></span> <span class='ocrx_word' id='word_1_847' title='bbox 3446 4811 3615 4866; x_wconf 85' lang='lat' dir='ltr'><strong>Filius</strong></span> 
     </span>
    </p>
   </div>
   <div class='ocr_carea' id='block_1_110' title="bbox 2042 4898 3614 4972">
    <p class='ocr_par' dir='ltr' id='par_1_110' title="bbox 2042 4898 3614 4972">
     <span class='ocr_line' id='line_1_110' title="bbox 2042 4898 3614 4972; baseline 0.004 -19"><span class='ocrx_word' id='word_1_848' title='bbox 2042 4900 2260 4955; x_wconf 84' lang='lat' dir='ltr'><strong>hominis</strong></span> <span class='ocrx_word' id='word_1_849' title='bbox 2288 4900 2437 4971; x_wconf 89' lang='lat' dir='ltr'><strong>(Luc.</strong></span> <span class='ocrx_word' id='word_1_850' title='bbox 2459 4917 2531 4968; x_wconf 80' lang='lat' dir='ltr'><strong>v1,</strong></span> <span class='ocrx_word' id='word_1_851' title='bbox 2555 4898 2631 4972; x_wconf 84' lang='lat'><strong>5).</strong></span> <span class='ocrx_word' id='word_1_852' title='bbox 2662 4900 2812 4968; x_wconf 87' lang='lat' dir='ltr'><strong>Quod</strong></span> <span class='ocrx_word' id='word_1_853' title='bbox 2847 4909 3025 4957; x_wconf 91' lang='lat' dir='ltr'><strong>autem</strong></span> <span class='ocrx_word' id='word_1_854' title='bbox 3058 4902 3129 4957; x_wconf 90' lang='lat' dir='ltr'><strong>ita</strong></span> <span class='ocrx_word' id='word_1_855' title='bbox 3156 4918 3253 4958; x_wconf 91' lang='lat' dir='ltr'><strong>nos</strong></span> <span class='ocrx_word' id='word_1_856' title='bbox 3279 4903 3393 4960; x_wconf 86' lang='lat' dir='ltr'><strong>vult</strong></span> <span class='ocrx_word' id='word_1_857' title='bbox 3425 4918 3545 4960; x_wconf 90' lang='lat' dir='ltr'><strong>esse</strong></span> <span class='ocrx_word' id='word_1_858' title='bbox 3579 4918 3614 4960; x_wconf 82' lang='lat' dir='ltr'><strong>a</strong></span> 
     </span>
    </p>
   </div>
   <div class='ocr_carea' id='block_1_111' title="bbox 2040 4991 3608 5063">
    <p class='ocr_par' dir='ltr' id='par_1_111' title="bbox 2040 4991 3608 5063">
     <span class='ocr_line' id='line_1_111' title="bbox 2040 4991 3608 5063; baseline 0.002 -16"><span class='ocrx_word' id='word_1_859' title='bbox 2040 4991 2259 5047; x_wconf 81' lang='lat' dir='ltr'><strong>sabbato</strong></span> <span class='ocrx_word' id='word_1_860' title='bbox 2283 4993 2504 5061; x_wconf 91' lang='lat' dir='ltr'><strong>alienos,</strong></span> <span class='ocrx_word' id='word_1_861' title='bbox 2544 4994 2681 5047; x_wconf 89' lang='lat' dir='ltr'><strong>sicut</strong></span> <span class='ocrx_word' id='word_1_862' title='bbox 2708 4992 2875 5048; x_wconf 70' lang='lat' dir='ltr'><strong>Judmi</strong></span> <span class='ocrx_word' id='word_1_863' title='bbox 2904 5001 3029 5048; x_wconf 90' lang='lat' dir='ltr'><strong>sunt</strong></span> <span class='ocrx_word' id='word_1_864' title='bbox 3067 5009 3100 5049; x_wconf 88' lang='lat' dir='ltr'><strong>a</strong></span> <span class='ocrx_word' id='word_1_865' title='bbox 3129 4994 3392 5050; x_wconf 89' lang='lat' dir='ltr'><strong>dominico</strong></span> <span class='ocrx_word' id='word_1_866' title='bbox 3429 4994 3608 5063; x_wconf 88' lang='lat' dir='ltr'><strong>alieni,</strong></span> 
     </span>
    </p>
   </div>
   <div class='ocr_carea' id='block_1_112' title="bbox 2038 5086 3611 5157">
    <p class='ocr_par' dir='ltr' id='par_1_112' title="bbox 2038 5086 3611 5157">
     <span class='ocr_line' id='line_1_112' title="bbox 2038 5086 3611 5157; baseline 0.003 -18"><span class='ocrx_word' id='word_1_867' title='bbox 2038 5099 2214 5141; x_wconf 91' lang='lat' dir='ltr'><strong>nonne</strong></span> <span class='ocrx_word' id='word_1_868' title='bbox 2234 5093 2437 5140; x_wconf 89' lang='lat' dir='ltr'><strong>tantum</strong></span> <span class='ocrx_word' id='word_1_869' title='bbox 2458 5094 2600 5141; x_wconf 89' lang='lat' dir='ltr'><strong>errat</strong></span> <span class='ocrx_word' id='word_1_870' title='bbox 2616 5095 2673 5141; x_wconf 91' lang='lat' dir='ltr'><strong>ut</strong></span> <span class='ocrx_word' id='word_1_871' title='bbox 2698 5087 2865 5157; x_wconf 89' lang='lat' dir='ltr'><strong>possit</strong></span> <span class='ocrx_word' id='word_1_872' title='bbox 2880 5086 3039 5141; x_wconf 91' lang='lat' dir='ltr'><strong>etiam</strong></span> <span class='ocrx_word' id='word_1_873' title='bbox 3062 5087 3259 5153; x_wconf 90' lang='lat' dir='ltr'><strong>dicere,</strong></span> <span class='ocrx_word' id='word_1_874' title='bbox 3280 5087 3351 5141; x_wconf 91' lang='lat' dir='ltr'><strong>ita</strong></span> <span class='ocrx_word' id='word_1_875' title='bbox 3377 5100 3475 5142; x_wconf 89' lang='lat' dir='ltr'><strong>nos</strong></span> <span class='ocrx_word' id='word_1_876' title='bbox 3500 5102 3611 5144; x_wconf 85' lang='lat' dir='ltr'><strong>non</strong></span> 
     </span>
    </p>
   </div>
   <div class='ocr_carea' id='block_1_113' title="bbox 2034 5176 3611 5249">
    <p class='ocr_par' dir='ltr' id='par_1_113' title="bbox 2034 5176 3611 5249">
     <span class='ocr_line' id='line_1_113' title="bbox 2034 5176 3611 5249; baseline 0.002 -17"><span class='ocrx_word' id='word_1_877' title='bbox 2034 5176 2233 5233; x_wconf 89' lang='lat' dir='ltr'><strong>debere</strong></span> <span class='ocrx_word' id='word_1_878' title='bbox 2278 5178 2516 5247; x_wconf 90' lang='lat' dir='ltr'><strong>accipere</strong></span> <span class='ocrx_word' id='word_1_879' title='bbox 2544 5178 2738 5249; x_wconf 89' lang='lat' dir='ltr'><strong>Legem</strong></span> <span class='ocrx_word' id='word_1_880' title='bbox 2772 5191 2872 5233; x_wconf 90' lang='lat' dir='ltr'><strong>nec</strong></span> <span class='ocrx_word' id='word_1_881' title='bbox 2914 5177 3228 5248; x_wconf 87' lang='lat' dir='ltr'><strong>Prophetas,</strong></span> <span class='ocrx_word' id='word_1_882' title='bbox 3266 5178 3401 5233; x_wconf 88' lang='lat' dir='ltr'><strong>sicut</strong></span> <span class='ocrx_word' id='word_1_883' title='bbox 3440 5177 3611 5235; x_wconf 85' lang='lat' dir='ltr'><strong>Judaei</strong></span> 
     </span>
    </p>
   </div>
   <div class='ocr_carea' id='block_1_114' title="bbox 2036 5267 3610 5345">
    <p class='ocr_par' dir='ltr' id='par_1_114' title="bbox 2036 5267 3610 5345">
     <span class='ocr_line' id='line_1_114' title="bbox 2036 5267 3610 5345; baseline 0.001 -21"><span class='ocrx_word' id='word_1_884' title='bbox 2036 5284 2143 5325; x_wconf 92' lang='lat' dir='ltr'><strong>non</strong></span> <span class='ocrx_word' id='word_1_885' title='bbox 2180 5269 2445 5338; x_wconf 90' lang='lat' dir='ltr'><strong>accipiunt</strong></span> <span class='ocrx_word' id='word_1_886' title='bbox 2481 5270 2823 5339; x_wconf 84' lang='lat' dir='ltr'><strong>Evangelium</strong></span> <span class='ocrx_word' id='word_1_887' title='bbox 2874 5284 2973 5326; x_wconf 90' lang='lat' dir='ltr'><strong>nec</strong></span> <span class='ocrx_word' id='word_1_888' title='bbox 3000 5267 3317 5339; x_wconf 82' lang='lat' dir='ltr'><strong>Apostolos?</strong></span> <span class='ocrx_word' id='word_1_889' title='bbox 3341 5268 3493 5345; x_wconf 84' lang='lat' dir='ltr'><strong>Quod</strong></span> <span class='ocrx_word' id='word_1_890' title='bbox 3517 5271 3610 5340; x_wconf 91' lang='lat' dir='ltr'><strong>qui</strong></span> 
     </span>
    </p>
   </div>
   <div class='ocr_carea' id='block_1_115' title="bbox 2036 5358 3603 5433">
    <p class='ocr_par' dir='ltr' id='par_1_115' title="bbox 2036 5358 3603 5433">
     <span class='ocr_line' id='line_1_115' title="bbox 2036 5358 3603 5433; baseline -0.001 -17"><span class='ocrx_word' id='word_1_891' title='bbox 2036 5361 2191 5433; x_wconf 91' lang='lat' dir='ltr'><strong>sapit,</strong></span> <span class='ocrx_word' id='word_1_892' title='bbox 2224 5360 2348 5431; x_wconf 89' lang='lat' dir='ltr'><strong>quid</strong></span> <span class='ocrx_word' id='word_1_893' title='bbox 2390 5361 2514 5415; x_wconf 86' lang='lat' dir='ltr'><strong>mali</strong></span> <span class='ocrx_word' id='word_1_894' title='bbox 2543 5362 2713 5431; x_wconf 88' lang='lat' dir='ltr'><strong>sapiat</strong></span> <span class='ocrx_word' id='word_1_895' title='bbox 2749 5361 2930 5431; x_wconf 87' lang='lat' dir='ltr'><strong>utique</strong></span> <span class='ocrx_word' id='word_1_896' title='bbox 2973 5360 3242 5430; x_wconf 89' lang='lat' dir='ltr'><strong>intelligis.</strong></span> <span class='ocrx_word' id='word_1_897' title='bbox 3269 5358 3376 5414; x_wconf 90' lang='lat' dir='ltr'><strong>Sed</strong></span> <span class='ocrx_word' id='word_1_898' title='bbox 3417 5366 3603 5430; x_wconf 79' lang='lat' dir='ltr'><strong>vetera,</strong></span> 
     </span>
    </p>
   </div>
   <div class='ocr_carea' id='block_1_116' title="bbox 2037 5450 3607 5523">
    <p class='ocr_par' dir='ltr' id='par_1_116' title="bbox 2037 5450 3607 5523">
     <span class='ocr_line' id='line_1_116' title="bbox 2037 5450 3607 5523; baseline -0.001 -15"><span class='ocrx_word' id='word_1_899' title='bbox 2037 5452 2226 5523; x_wconf 89' lang='lat' dir='ltr'><strong>inquit,</strong></span> <span class='ocrx_word' id='word_1_900' title='bbox 2253 5453 2422 5507; x_wconf 87' lang='lat' dir='ltr'><strong>omnia</strong></span> <span class='ocrx_word' id='word_1_901' title='bbox 2454 5453 2779 5517; x_wconf 87' lang='lat' dir='ltr'><strong>transierunt,</strong></span> <span class='ocrx_word' id='word_1_902' title='bbox 2804 5462 2853 5507; x_wconf 87' lang='lat' dir='ltr'><strong>et</strong></span> <span class='ocrx_word' id='word_1_903' title='bbox 2882 5453 2936 5506; x_wconf 91' lang='lat' dir='ltr'><strong>in</strong></span> <span class='ocrx_word' id='word_1_904' title='bbox 2955 5450 3153 5507; x_wconf 83' lang='lat' dir='ltr'><strong>Christo</strong></span> <span class='ocrx_word' id='word_1_905' title='bbox 3187 5450 3324 5520; x_wconf 76' lang='lat' dir='ltr'><strong>facta</strong></span> <span class='ocrx_word' id='word_1_906' title='bbox 3342 5460 3457 5505; x_wconf 88' lang='lat' dir='ltr'><strong>sunt</strong></span> <span class='ocrx_word' id='word_1_907' title='bbox 3477 5468 3607 5506; x_wconf 75' lang='lat' dir='ltr'><strong>noua</strong></span> 
     </span>
    </p>
   </div>
   <div class='ocr_carea' id='block_1_117' title="bbox 2038 5544 3606 5620">
    <p class='ocr_par' dir='ltr' id='par_1_117' title="bbox 2038 5544 3606 5620">
     <span class='ocr_line' id='line_1_117' title="bbox 2038 5544 3606 5620; baseline 0.001 -18"><span class='ocrx_word' id='word_1_908' title='bbox 2038 5548 2104 5619; x_wconf 93' lang='lat' dir='ltr'><strong>(ll</strong></span> <span class='ocrx_word' id='word_1_909' title='bbox 2143 5548 2261 5603; x_wconf 87' lang='lat' dir='ltr'><strong>Cor.</strong></span> <span class='ocrx_word' id='word_1_910' title='bbox 2286 5564 2321 5603; x_wconf 87' lang='lat' dir='ltr'><strong>v</strong></span> <span class='ocrx_word' id='word_1_911' title='bbox 2341 5588 2357 5613; x_wconf 94' lang='lat'><strong>,</strong></span> <span class='ocrx_word' id='word_1_912' title='bbox 2400 5545 2506 5620; x_wconf 81' lang='grc'>17)</span> <span class='ocrx_word' id='word_1_913' title='bbox 2536 5565 2550 5601; x_wconf 89' lang='lat'><strong>:</strong></span> <span class='ocrx_word' id='word_1_914' title='bbox 2576 5547 2677 5603; x_wconf 91' lang='lat' dir='ltr'><strong>hoc</strong></span> <span class='ocrx_word' id='word_1_915' title='bbox 2694 5562 2877 5602; x_wconf 87' lang='lat' dir='ltr'><strong>verum</strong></span> <span class='ocrx_word' id='word_1_916' title='bbox 2894 5554 2975 5602; x_wconf 91' lang='lat' dir='ltr'><strong>est</strong></span> <span class='ocrx_word' id='word_1_917' title='bbox 3020 5544 3151 5601; x_wconf 80' lang='lat' dir='ltr'><strong>Nam</strong></span> <span class='ocrx_word' id='word_1_918' title='bbox 3174 5552 3451 5616; x_wconf 89' lang='lat' dir='ltr'><strong>propterea</strong></span> <span class='ocrx_word' id='word_1_919' title='bbox 3468 5547 3606 5603; x_wconf 77' lang='lat' dir='ltr'><strong>sicut</strong></span> 
     </span>
    </p>
   </div>
   <div class='ocr_carea' id='block_1_118' title="bbox 2035 5639 3591 5711">
    <p class='ocr_par' dir='ltr' id='par_1_118' title="bbox 2035 5639 3591 5711">
     <span class='ocr_line' id='line_1_118' title="bbox 2035 5639 3591 5711; baseline -0.002 -14"><span class='ocrx_word' id='word_1_920' title='bbox 2035 5640 2201 5697; x_wconf 66' lang='lat' dir='ltr'><strong>Judaai</strong></span> <span class='ocrx_word' id='word_1_921' title='bbox 2245 5640 2475 5696; x_wconf 86' lang='lat' dir='ltr'><strong>sabbatis</strong></span> <span class='ocrx_word' id='word_1_922' title='bbox 2504 5656 2608 5696; x_wconf 91' lang='lat' dir='ltr'><strong>non</strong></span> <span class='ocrx_word' id='word_1_923' title='bbox 2652 5654 2931 5705; x_wconf 88' lang='lat' dir='ltr'><strong>vacamus,</strong></span> <span class='ocrx_word' id='word_1_924' title='bbox 2964 5639 3173 5695; x_wconf 91' lang='lat' dir='ltr'><strong>etiamsi</strong></span> <span class='ocrx_word' id='word_1_925' title='bbox 3201 5639 3267 5694; x_wconf 90' lang='lat' dir='ltr'><strong>ad</strong></span> <span class='ocrx_word' id='word_1_926' title='bbox 3296 5640 3591 5711; x_wconf 84' lang='lat' dir='ltr'><strong>significan-</strong></span> 
     </span>
    </p>
   </div>
   <div class='ocr_carea' id='block_1_119' title="bbox 2035 5731 3595 5806">
    <p class='ocr_par' dir='ltr' id='par_1_119' title="bbox 2035 5731 3595 5806">
     <span class='ocr_line' id='line_1_119' title="bbox 2035 5731 3595 5806; baseline -0.001 -19"><span class='ocrx_word' id='word_1_927' title='bbox 2035 5733 2157 5788; x_wconf 90' lang='lat' dir='ltr'><strong>dam</strong></span> <span class='ocrx_word' id='word_1_928' title='bbox 2180 5735 2419 5804; x_wconf 89' lang='lat' dir='ltr'><strong>requiem</strong></span> <span class='ocrx_word' id='word_1_929' title='bbox 2459 5748 2578 5806; x_wconf 88' lang='lat' dir='ltr'><strong>quae</strong></span> <span class='ocrx_word' id='word_1_930' title='bbox 2603 5734 2695 5789; x_wconf 90' lang='lat' dir='ltr'><strong>illo</strong></span> <span class='ocrx_word' id='word_1_931' title='bbox 2728 5734 2815 5789; x_wconf 93' lang='lat' dir='ltr'><strong>die</strong></span> <span class='ocrx_word' id='word_1_932' title='bbox 2840 5731 3130 5803; x_wconf 79' lang='lat' dir='ltr'><strong>significata</strong></span> <span class='ocrx_word' id='word_1_933' title='bbox 3159 5741 3279 5801; x_wconf 81' lang='lat' dir='ltr'><strong>est,</strong></span> <span class='ocrx_word' id='word_1_934' title='bbox 3309 5732 3595 5788; x_wconf 89' lang='lat' dir='ltr'><strong>christiana</strong></span> 
     </span>
    </p>
   </div>
   <div class='ocr_carea' id='block_1_120' title="bbox 2032 5826 3599 5901">
    <p class='ocr_par' dir='ltr' id='par_1_120' title="bbox 2032 5826 3599 5901">
     <span class='ocr_line' id='line_1_120' title="bbox 2032 5826 3599 5901; baseline -0.003 -16"><span class='ocrx_word' id='word_1_935' title='bbox 2032 5827 2323 5885; x_wconf 88' lang='lat' dir='ltr'><strong>sobrietate</strong></span> <span class='ocrx_word' id='word_1_936' title='bbox 2345 5836 2401 5887; x_wconf 91' lang='lat' dir='ltr'><strong>et</strong></span> <span class='ocrx_word' id='word_1_937' title='bbox 2435 5828 2730 5901; x_wconf 81' lang='lat' dir='ltr'><strong>frugalitate</strong></span> <span class='ocrx_word' id='word_1_938' title='bbox 2749 5833 2979 5897; x_wconf 87' lang='lat' dir='ltr'><strong>servata,</strong></span> <span class='ocrx_word' id='word_1_939' title='bbox 3008 5826 3196 5899; x_wconf 88' lang='lat' dir='ltr'><strong>jejunii</strong></span> <span class='ocrx_word' id='word_1_940' title='bbox 3216 5826 3486 5886; x_wconf 77' lang='lat' dir='ltr'><strong>vinculum</strong></span> <span class='ocrx_word' id='word_1_941' title='bbox 3512 5838 3599 5881; x_wconf 83' lang='lat' dir='ltr'><strong>ro-</strong></span> 
     </span>
    </p>
   </div>
  </div>
