4044 6338
338 586 383 605 ον’

445 427 541 483 M7

442 539 699 593 laxamus.
730 532 793 588 Et
818 532 860 586 si
896 530 1056 600 aliqui
1102 528 1291 583 fratres
1322 524 1486 580 nostri
1514 521 1748 593 requiem
1777 520 2003 588 sabbati,

444 625 771 683 relaxatione
815 620 1002 693 jejunii
1046 616 1442 690 significandam
1497 628 1615 670 esse
1659 627 1764 668 non
1806 619 2011 682 putant,

446 729 777 787 nequaquam
821 712 889 768 de
925 709 1085 766 vestis
1129 709 1287 779 regia:
1325 706 1578 761 varietate
1622 704 1906 774 litigamus,
1948 715 2017 756 ne

447 809 612 881 ipsius
648 807 845 878 reginae
864 847 879 872 ,
907 804 995 859 ubi
1031 817 1187 857 unam
1231 800 1387 855 [idem
1414 797 1573 854 etiam
1597 795 1663 851 de
1690 796 1801 866 ipsa
1829 792 2017 865 requie

445 901 783 965 retinemus,
822 896 1073 953 interiora
1112 893 1348 949 membra
1393 905 1665 947 vexemus.
1705 888 1819 943 Etsi
1875 887 2017 943 enim

445 992 567 1064 quia
595 1000 772 1046 vetera
797 989 1139 1054 transierunt,
1170 1001 1288 1039 cum
1312 985 1389 1040 eis
1415 982 1623 1038 transiit
1648 980 1808 1035 etiam
1832 993 2016 1033 carna-

444 1085 512 1141 lis
544 1083 746 1140 vacatio
774 1082 1008 1147 sabbati;
1038 1096 1140 1134 non
1165 1088 1341 1133 tamen
1372 1077 1491 1147 quia
1520 1075 1737 1131 sabbato
1766 1081 1818 1128 et
1841 1072 2016 1128 domi-

448 1174 570 1230 nico
607 1174 721 1228 sine
775 1170 1141 1240 superstitiosa
1191 1165 1465 1222 vacatione
1510 1164 1854 1235 prandemus,
1899 1162 2019 1217 ideo

446 1265 651 1321 duobus
677 1263 904 1318 dominis
932 1260 1214 1328 servimus,
1230 1258 1348 1330 quia
1372 1265 1427 1313 et
1451 1255 1653 1312 sabbati
1690 1263 1744 1310 et
1771 1251 2021 1308 dominici

450 1371 587 1412 unus
619 1363 702 1411 est
729 1354 992 1409 dominus.

517 1448 606 1503 24.
641 1446 744 1501 Iste
769 1453 943 1499 autem
969 1442 1058 1513 qui
1104 1449 1283 1497 vetera
1308 1436 1564 1494 transisse
1592 1437 1669 1494 sic
1696 1434 1855 1501 dicit,
1889 1433 2023 1488 utin

458 1536 654 1593 Christo
707 1536 899 1591 cederet
939 1551 1031 1588 ara
1074 1531 1243 1598 altari,
1294 1529 1494 1602 gladius
1534 1528 1752 1601 jejunio,
1795 1524 2023 1597 precibus

451 1631 601 1702 ignis,
632 1629 751 1700 pani
776 1644 942 1699 pecus,
969 1626 1145 1697 poculo
1169 1623 1395 1695 sanguis,
1424 1623 1593 1677 nescit
1619 1619 1801 1675 altaris
1830 1633 2023 1672 nomen

451 1721 618 1791 magis
646 1719 802 1790 Legis
820 1727 874 1773 et
898 1716 1278 1787 Prophetarum
1303 1713 1520 1770 Litteris
1542 1711 1951 1781 frequentatum,
1970 1716 2025 1764 et

391 1844 394 1851 λ
454 1811 618 1865 altare
647 1810 755 1864 Deo
777 1808 924 1879 prius
949 1808 1002 1861 in
1032 1803 1388 1869 tabernaculo,
1420 1802 1559 1874 quod
1583 1818 1674 1874 per
1699 1800 1915 1872 Moysen
1941 1798 2020 1853 fa-

450 1908 592 1954 ctum
631 1907 731 1962 est,
761 1897 1076 1952 collocatum
1107 1894 1126 1967 (
1150 1893 1317 1949 Exod.
1344 1910 1433 1961 ιι,
1461 1892 1594 1965 Si);
1624 1906 1768 1945 aram
1815 1903 2026 1960 quoque

453 1990 507 2045 in
539 1989 839 2060 apostolicis
868 1988 1084 2044 Litteris
1114 1986 1372 2052 inveniri,
1400 1985 1488 2040 ubi
1514 1984 1767 2054 Martyres
1792 1981 2025 2035 clamant

457 2082 554 2137 sub
581 2096 673 2135 ara
705 2080 798 2136 Dei
828 2080 1019 2150 (Apoc.
1053 2094 1124 2145 Vl,
1152 2077 1207 2143 9,
1237 2074 1357 2147 10).
1403 2075 1538 2129 Dicit
1568 2073 1793 2128 cessisse
1823 2071 2027 2142 jejunio

452 2174 683 2245 gladium
703 2215 715 2237 ,
749 2188 852 2226 non
886 2169 1169 2225 recordans
1200 2168 1347 2222 illum
1381 2183 1485 2237 quo
1513 2165 1705 2220 milites
1735 2162 2026 2234 evangelici

452 2271 728 2321 armantur
763 2278 829 2316 ex
860 2271 1084 2329 utroque
1116 2258 1491 2324 Testamento,
1526 2255 1757 2326 gladium
1792 2254 1872 2308 bis
1899 2268 2026 2308 acu-

453 2362 565 2410 tum
623 2352 800 2424 (Eph.
851 2367 930 2419 vi,
980 2351 1079 2417 l7,
1108 2359 1154 2403 et
1184 2347 1341 2403 Hebr.
1378 2363 1449 2412 tv,
1482 2348 1595 2418 12).
1632 2347 1765 2400 Dieit
1801 2346 2029 2400 cessisse

453 2444 698 2518 precibus
724 2444 895 2513 ignem
921 2484 936 2509 ,
967 2441 1114 2510 quasi
1152 2456 1255 2494 non
1284 2448 1337 2494 et
1361 2448 1485 2492 tunc
1506 2450 1691 2507 preces
1716 2434 2028 2490 defereban-

459 2543 546 2590 tur
576 2534 627 2588 in
651 2531 924 2601 templum,
955 2540 1008 2584 et
1028 2544 1168 2585 nunc
1194 2544 1222 2581 a
1248 2527 1457 2582 Christo
1486 2526 1620 2595 ignis
1644 2532 1724 2579 est
1753 2524 1945 2578 missus
1976 2522 2029 2577 in

455 2622 711 2681 mundum
738 2621 892 2694 (Luc.
910 2637 1005 2689 xu,
1032 2621 1143 2690 49).
1176 2620 1307 2675 Dicit
1324 2619 1548 2673 cessisse
1566 2615 1685 2685 pani
1710 2629 1890 2684 pecus,
1916 2623 2032 2667 tan-

457 2728 614 2785 quam
644 2712 886 2767 nesciens
907 2720 959 2765 et
981 2718 1105 2765 tunc
1135 2710 1185 2763 in
1214 2708 1419 2763 Domini
1442 2720 1624 2761 mensa
1649 2719 1815 2775 panes
1841 2719 2033 2774 pr0po-

460 2805 671 2861 sitionis
693 2802 818 2872 poni
848 2802 1022 2856 solere
1073 2799 1273 2871 (Exod.
1295 2814 1423 2865 xxv,
1457 2797 1587 2868 30),
1612 2804 1665 2851 et
1687 2810 1827 2850 nunc
1879 2810 1938 2851 se
1966 2795 2033 2851 de

459 2895 579 2967 agni
600 2891 921 2950 immaculati
946 2907 1167 2961 corpore
1194 2899 1393 2962 partem
1406 2904 1637 2946 sumere.
1656 2887 1793 2943 Dicit
1808 2888 2033 2943 cessisse

464 2986 656 3058 poculo
670 2984 1001 3056 sanguinem,
1017 2998 1119 3037 non
1148 2984 1382 3052 cogitans
1397 2982 1555 3036 etiam
1574 2995 1713 3034 nunc
1725 2994 1783 3035 se
1794 2981 2033 3049 accipere

463 3077 515 3132 in
545 3075 737 3146 poculo
762 3072 1070 3145 sanguinem
1101 3070 1265 3143 (Luc.
1288 3087 1419 3134 χχιι,
1452 3069 1635 3139 7-20).
1674 3068 1882 3136 Quanto
1909 3084 2033 3139 ergo

354 3176 365 3191 '
462 3168 655 3224 melius
692 3176 747 3223 et
799 3165 1175 3237 congruentius
1225 3172 1399 3219 vetera
1457 3162 1709 3217 transisse
1735 3202 1751 3228 ,
1805 3167 1859 3215 et
1897 3175 2033 3215 nova

464 3258 518 3314 in
569 3258 786 3314 Christo
838 3255 974 3313 facta
1027 3270 1148 3311 esse
1199 3252 1277 3309 sic
1321 3254 1541 3320 diceret,
1596 3258 1655 3306 ut
1701 3252 1915 3308 cederet
1959 3252 2037 3305 al-

461 3363 573 3405 tare
600 3349 773 3413 altari,
801 3347 1001 3418 gladius
1024 3345 1218 3417 gladio,
1246 3346 1379 3414 ignis
1410 3343 1551 3414 igni,
1582 3345 1732 3413 panis
1760 3344 1904 3414 pani,
1935 3357 2033 3412 pe-

464 3456 557 3495 cus
585 3438 784 3509 pecori,
823 3437 1033 3507 sanguis
1062 3435 1321 3504 sanguini.
1369 3433 1621 3489 Videmus
1646 3435 1839 3504 quippe
1874 3434 1927 3488 in
1953 3432 2037 3487 his

462 3529 706 3586 omnibus
735 3528 999 3583 eamalem
1039 3534 1351 3581 vetustatem
1381 3526 1643 3595 spirituali
1669 3524 1860 3580 cedere
1889 3524 2040 3578 novi-

467 3622 582 3676 tati.
607 3620 695 3677 Sic
722 3634 849 3689 ergo
877 3616 1275 3688 intelligendum
1301 3622 1401 3678 est,
1427 3615 1538 3671 sive
1566 3614 1619 3669 in
1647 3616 1747 3669 isto
1772 3614 1857 3670 die
1885 3614 2035 3669 volu-

468 3713 561 3767 bili
588 3712 813 3781 septimo
843 3708 1184 3780 prandeatur,
1211 3708 1323 3762 sive
1357 3721 1389 3761 a
1415 3705 1728 3776 quibusdam
1769 3706 1925 3760 etiam
1954 3704 2037 3773 je-

469 3805 707 3873 junetur,
753 3809 930 3857 tamen
975 3799 1197 3855 sabbato
1236 3798 1495 3869 spirituali
1526 3797 1798 3852 sabbatum
1827 3796 2040 3851 carnale

467 3898 712 3962 cessisse;
736 3893 943 3965 quando
957 3892 1011 3948 in
1028 3892 1129 3947 isto
1148 3891 1464 3961 sempiterna
1486 3899 1539 3945 et
1550 3904 1671 3944 vera
1689 3889 1897 3958 requies
1916 3902 2044 3941 con-

471 3989 778 4059 cupiscitur,
795 3987 849 4041 in
879 3983 971 4040 illo
987 3983 1193 4039 vacatio
1223 3981 1527 4053 temporalis
1543 3979 1652 4050 jam
1674 3978 2040 4049 superstitiosa

471 4081 844 4138 contemnitur.

544 4171 694 4227 CAP.
729 4169 821 4227 XI.
852 4198 926 4211 —
961 4167 1051 4223 25.
1096 4166 1302 4223 Cretera
1347 4178 1468 4235 quae
1505 4170 1829 4232 sequuntur,
1855 4158 2044 4231 quibus

473 4278 622 4319 suam
647 4262 1056 4333 disputationem
1077 4259 1179 4314 iste
1203 4254 1488 4320 concludit,
1515 4253 1654 4309 sicut
1677 4252 1777 4306 alia
1802 4251 2044 4322 quaedam

477 4368 599 4425 qum
623 4353 745 4407 inde
769 4349 1231 4406 commemoranda
1258 4363 1362 4401 non
1393 4346 1677 4400 arbitratus
1697 4358 1812 4398 sum
1836 4384 1852 4410 ,
1880 4343 2045 4396 multo

475 4444 643 4514 magis
685 4442 751 4497 ad
800 4456 1013 4497 causam
1058 4455 1162 4493 non
1211 4438 1495 4506 pertinent,
1552 4437 1604 4488 in
1651 4449 1752 4504 qua
1795 4433 1864 4488 de
1903 4432 2045 4502 jeju-

474 4537 566 4590 nio
607 4532 811 4588 sabbati
853 4533 935 4587 vel
980 4528 1203 4600 prandio
1240 4527 1555 4597 disputatur.
1582 4523 1686 4579 Sed
1714 4538 1779 4578 ea
1805 4522 1897 4576 tibi
1923 4522 2043 4591 ipsi,

473 4626 705 4681 maxime
730 4624 773 4678 si
803 4638 867 4677 ex
897 4621 961 4675 iis
980 4634 1098 4690 qum
1125 4633 1155 4672 a
1184 4631 1268 4671 me
1294 4616 1434 4670 dicta
1457 4622 1580 4670 sunt
1606 4612 1800 4683 aliquid
1830 4611 2047 4681 adjuva-

476 4717 574 4784 ris,
604 4712 923 4770 advertenda
953 4719 1007 4766 et
1042 4707 1325 4779 judicands
1364 4706 1591 4762 dimitto.
1621 4704 1678 4760 Si
1708 4713 1886 4758 autem
1914 4716 2048 4773 quo-

475 4806 619 4861 niam
644 4803 768 4859 huic
793 4811 1048 4873 quantum
1079 4799 1220 4869 potui
1244 4796 1569 4853 sufficienter
1592 4793 1933 4864 respondisse
1959 4808 2045 4847 me

476 4905 625 4969 puto,
644 4894 711 4950 de
738 4895 836 4948 hac
854 4908 915 4948 re
931 4891 1243 4948 sententiam
1264 4905 1433 4945 meam
1456 4888 1666 4958 quaeris,
1692 4900 1790 4956 ego
1815 4888 1865 4940 in
1887 4901 2047 4941 evan-

476 4986 662 5058 gelicis
703 4993 758 5040 et
805 4982 1109 5053 apostolicis
1158 4979 1393 5046 Litteris,
1438 4985 1657 5046 totoque
1698 4976 2049 5031 instrumento

478 5079 621 5151 quod
659 5075 958 5149 appellatur
997 5072 1395 5128 Testamentum
1422 5070 1646 5136 Novum,
1671 5069 1849 5125 animo
1878 5069 1931 5125 id
1958 5085 2049 5125 re-

480 5171 722 5236 volvens,
751 5165 908 5221 video
932 5170 1255 5234 praeceptum
1281 5176 1400 5217 esse
1421 5160 1696 5230 jejunium.
1727 5160 1930 5228 Quibus
1953 5175 2050 5215 au-

479 5269 588 5317 tem
616 5259 806 5315 diebus
825 5270 930 5311 non
952 5262 1197 5326 oporteat
1211 5252 1472 5322 jejunare,
1502 5259 1557 5306 et
1575 5252 1766 5321 quibus
1786 5258 2047 5320 oporteat,

478 5361 749 5422 praecepto
777 5345 986 5402 Domini
1003 5344 1089 5399 vel
1108 5343 1465 5415 apostolorum
1495 5357 1599 5397 non
1622 5342 1833 5397 invenio
1860 5340 2051 5395 delini-

480 5451 615 5497 tum.
646 5442 723 5495 Ac
746 5453 845 5510 per
868 5438 972 5494 hoc
995 5436 1187 5499 sentio,
1212 5449 1317 5489 non
1334 5433 1546 5504 quidem
1574 5433 1640 5488 ad
1664 5430 2005 5489 obtinendam
2032 5469 2048 5495 ,

482 5549 642 5605 quam
662 5533 794 5589 ﬁdes
823 5532 1030 5587 obtinet
1055 5536 1212 5598 atque
1233 5526 1433 5596 justitia
1462 5527 1479 5558 ί
1511 5526 1563 5579 in
1587 5539 1687 5594 qua
1709 5532 1790 5579 est
1816 5520 2053 5592 pulchri-

481 5623 608 5678 tudo
623 5622 745 5677 ﬁlize
758 5622 898 5692 regis
920 5619 1255 5680 intrinsecus,
1269 5614 1364 5672 sed
1381 5623 1557 5669 tamen
1581 5614 1643 5666 ad
1657 5611 2054 5682 signiﬁcandam

430 5794 435 5804 ‘
481 5796 533 5860 et
561 5776 729 5837 Germ:
745 5776 953 5845 habent',
964 5776 1262 5895 mﬁdes
1290 5776 1464 5829 obtinet
1485 5776 1854 5848 atquejustitia,
1882 5783 1932 5825 et
1952 5786 2055 5823 me-

478 5854 597 5895 rito:
614 5858 725 5895 nam
741 5845 945 5895 verbum
1135 5879 1149 5895 .
1163 5842 1225 5891 ad
1237 5837 1451 5895 recident
1471 5845 1805 5895 sanuttemam
1822 5838 2050 5887 refertur.

478 5849 597 5898 rito:
614 5858 725 5896 nam
741 5845 945 5895 verbum
964 5845 1149 5904 obticet,
1163 5845 1225 5891 ad
1237 5845 1451 5904 requiem
1471 5845 1805 5904 smpiternam
1822 5845 2050 5887 retertur.

1671 412 1725 465 S.
1767 408 2131 466 AUGUSTINI
2172 408 2474 466 EPISCOPI

3594 409 3693 466 148

2124 521 2357 591 requiem
2375 519 2748 590 sempiternam
2770 517 2855 573 ubi
2869 526 2951 573 est
2961 532 3141 572 verum
3155 518 3432 575 sabbatum
3450 562 3465 586 ,
3484 520 3663 575 relaxa
3686 554 3691 561 -

2121 613 2317 668 tionem
2347 627 2503 683 quam
2532 610 3155 680 constrictionemjejunii
3184 612 3354 680 aptius
3378 614 3684 669 convenire.

2188 704 2277 760 26.
2311 691 2684 759 Verumtamen
2704 688 2758 757 in
2786 702 2940 772 hujus
2957 701 3158 758 sabbati
3177 704 3378 774 jejunio
3397 704 3509 760 sive
3532 720 3690 776 pran-

2121 795 2229 862 dio,
2280 794 2410 850 nihil
2454 793 2583 849 mihi
2631 793 2839 848 videtur
2881 792 3043 848 tutius
3089 794 3426 865 pacatiusque
3466 797 3689 866 servari,

2119 901 2277 957 quam
2303 894 2360 941 ut
2380 885 2467 955 qui
2485 884 2773 950 nmnducat,
2796 900 2898 938 non
2924 882 3306 938 manducantem
3328 901 3427 938 non
3455 896 3660 955 spernat
3676 929 3692 953 ,

2120 986 2167 1031 et
2191 976 2276 1050 qui
2296 994 2398 1031 non
2423 976 2690 1031 manducat
2712 1016 2727 1041 ,
2758 974 3141 1028 manducantem
3178 991 3278 1029 non
3306 975 3533 1047 judicet;
3573 979 3694 1048 quia

2121 1085 2277 1138 neque
2320 1068 2363 1122 si
2405 1066 2866 1121 manducaverimus
2892 1063 3275 1131 abundabimus,
3312 1082 3469 1135 neque
3502 1069 3547 1122 si
3594 1086 3695 1123 non

2124 1157 2590 1211 manducaverimus
2611 1156 2856 1228 egebimus
2877 1155 3049 1227 (Rom.
3076 1171 3183 1223 xtv,
3201 1155 3256 1226 5)
3282 1175 3294 1210 :
3319 1158 3578 1213 custodita
3595 1159 3700 1215 sci-

2124 1249 2245 1303 licet
2268 1264 2452 1304 eorum
2479 1249 2619 1303 inter
2645 1262 2779 1318 quos
2823 1247 3047 1301 vivimus
3071 1289 3086 1315 ,
3117 1256 3172 1303 et
3207 1263 3326 1302 cum
3356 1251 3548 1319 quibus
3589 1251 3699 1305 Deo

2122 1340 2347 1395 vivimus
2369 1341 2387 1372 ί
2411 1380 2428 1408 ,
2453 1340 2503 1394 in
2532 1339 2617 1395 his
2632 1340 2792 1395 rebus
2812 1338 3065 1394 inoll‘ensa
3086 1340 3357 1396 societate.
3389 1341 3537 1397 Sicut
3555 1344 3698 1399 e‘nim

2124 1431 2263 1503 quod
2291 1432 2365 1486 ait
2389 1431 2674 1502 Apostolus
2707 1446 2888 1485 verum
2916 1440 2994 1485 est
3016 1473 3030 1497 ,
3054 1431 3243 1485 malum
3268 1448 3373 1487 esse
3400 1433 3589 1488 homini
3614 1437 3701 1503 qui

2127 1540 2215 1593 per
2235 1522 2556 1589 offensionem
2576 1519 3039 1594 manducat(1bid.,
3053 1521 3215 1587 20,,et
3228 1520 3252 1577 Ι
3267 1521 3383 1577 Cor.
3400 1526 3571 1598 vm,8)
3594 1542 3608 1591 ;
3628 1527 3700 1582 ita

2127 1613 2319 1668 malum
2338 1622 2420 1669 est
2433 1613 2632 1668 homini
2649 1614 2736 1684 qui
2754 1629 2849 1684 per
2867 1614 3213 1669 offensionem
3227 1615 3448 1685 jejunat.
3465 1616 3580 1672 Non
3598 1619 3701 1673 ita-

2125 1720 2229 1777 que
2246 1706 2411 1760 simus
2437 1706 2513 1760 eis
2543 1705 2761 1771 similes,
2777 1705 2867 1776 qui
2896 1705 3132 1761 videntes
3152 1705 3406 1763 Joannem
3430 1725 3531 1765 non
3552 1726 3701 1766 man-

2126 1796 2406 1851 ducantem
2433 1811 2531 1850 nec
2559 1796 2847 1863 bibentem,
2873 1795 3120 1851 dixerunt
3150 1816 3161 1850 :
3189 1797 3505 1854 Dwmonium
3531 1799 3697 1854 habet.

2125 1887 2229 1944 Sed
2259 1904 2354 1943 nec
2373 1902 2555 1942 rursus
2579 1887 2674 1951 eis,
2700 1888 2789 1959 qui
2810 1888 3049 1944 videntes
3077 1889 3345 1945 Christum
3371 1891 3702 1946 manducan-

2130 1987 2232 2033 tem
2250 1987 2305 2034 et
2326 1978 2609 2042 bibentem,
2631 1978 2877 2033 dixerunt
2897 1996 2910 2034 :
2929 1977 3062 2032 Ecce
3078 1980 3225 2034 homo
3245 1996 3399 2035 vorax
3417 1990 3462 2035 et
3478 1983 3699 2048 vinosus,

2128 2071 2319 2124 amicus
2360 2069 2736 2139 publicanorum
2778 2079 2824 2124 et
2866 2080 3181 2142 peccatorum
3225 2071 3433 2143 (Matth.
3461 2090 3548 2139 ιι,
3584 2074 3697 2145 19).
3752 2088 3765 2097 ·

2129 2160 2259 2216 Rem
2290 2163 2484 2232 quippe
2502 2160 2655 2216 valde
2671 2162 3019 2216 necessariam
3040 2161 3121 2216 his
3140 2161 3296 2217 dictis
3317 2163 3566 2220 Dominus
3586 2164 3703 2234 ipse

2129 2252 2347 2321 subjecit
2379 2259 2537 2320 atque
2565 2251 2640 2305 ait
2668 2268 2681 2304 :
2716 2249 2780 2304 Et
2801 2251 3086 2321 justiﬁcala
3115 2261 3189 2306 est
3225 2253 3471 2323 sapientia
3497 2253 3549 2307 in
3577 2252 3703 2323 ﬁliis

2134 2343 2240 2397 suis
2288 2339 2497 2412 (Ibid.).
2528 2340 2629 2407 Qui
2678 2341 2784 2395 sint
2832 2349 3006 2395 autem
3052 2340 3171 2407 isti,
3211 2341 3261 2397 si
3303 2336 3557 2413 requiris,
3589 2342 3704 2412 lege

2130 2437 2268 2509 quod
2290 2438 2542 2507 scriptum
2569 2445 2651 2492 est
2677 2452 2692 2492 :
2737 2432 2863 2490 Filii
2902 2437 3161 2508 sapientite
3185 2435 3412 2490 Ecclesia
3444 2436 3705 2509 justorum

2135 2524 2321 2599 (Eccli.
2378 2542 2454 2592 ιιι,
2485 2528 2508 2581 l
2538 2527 2557 2598 )
2587 2544 2601 2582 :
2634 2526 2669 2581 ii
2712 2533 2835 2581 sunt
2862 2526 2949 2598 qui
2979 2526 3189 2596 quando
3215 2525 3564 2591 manducant,
3595 2540 3705 2579 non

2133 2616 2513 2673 manducantes
2539 2632 2641 2671 non
2664 2625 2953 2686 spernunt;
2985 2615 3193 2687 quando
3221 2632 3324 2670 non
3352 2615 3699 2684 manducant,

2133 2709 2509 2763 manducantes
2537 2723 2640 2763 non
2668 2708 2944 2778 judicant;
2971 2707 3067 2763 sed
3089 2721 3185 2764 eos
3210 2708 3364 2778 plane
3389 2706 3477 2778 qui
3503 2723 3598 2778 per
3619 2706 3702 2761 of-

2133 2800 2423 2857 fensionem
2455 2816 2561 2856 non
2591 2800 2908 2855 manducant
2939 2799 3054 2855 sive
3086 2798 3426 2866 manducant,
3455 2797 3537 2854 vel
3558 2813 3706 2869 sper-

2133 2903 2266 2949 nunt
2291 2894 2373 2949 vel
2398 2894 2651 2963 judicant.

2203 3005 2427 3062 CAPUT
2455 3004 2743 3061 Xll.—-27.
2772 2994 2839 3060 Et
2861 3004 2928 3060 de
2963 3003 3050 3060 die
3094 3003 3307 3076 quidem
3345 3002 3547 3059 sabbati
3575 3003 3703 3058 faci-

2138 3099 2236 3153 lior
2269 3114 2425 3153 causa
2469 3106 2570 3162 est,
2608 3099 2730 3168 quia
2756 3105 2810 3153 et
2838 3096 3076 3152 Romana
3116 3096 3320 3166 jejunat
3364 3095 3622 3159 Ecclesia,
3651 3102 3707 3149 et

2136 3190 2252 3245 aliae
2281 3190 2567 3255 nonnullae,
2596 3188 2817 3245 etiamsi
2839 3204 3038 3259 paucae,
3066 3189 3180 3242 sive
3210 3187 3284 3241 illi
3317 3189 3568 3257 proximae
3596 3185 3709 3240 sive

2138 3280 2440 3353 longinqua:
2470 3300 2483 3336 :
2514 3281 2601 3337 die
2642 3290 2817 3336 autem
2842 3279 3108 3335 dominico
3137 3278 3379 3350 jejunare
3403 3275 3709 3332 scandalum

2138 3380 2222 3428 est
2268 3388 2513 3441 magnum
2545 3413 2560 3437 ,
2602 3371 2831 3425 maxime
2884 3378 3225 3440 posteaquam
3278 3368 3507 3423 innotuit
3552 3366 3707 3421 dete-

2139 3461 2343 3518 stabilis
2368 3461 2694 3533 multumque
2720 3459 2840 3515 fidei
2866 3459 3137 3515 catholicae
3163 3458 3553 3531 Scripturisque
3571 3452 3711 3513 divi—

2140 3555 2223 3609 nis
2249 3555 2580 3623 apertissime
2606 3553 2866 3608 contraria
2907 3551 3126 3608 haeresis
3156 3551 3588 3615 Manichaeorum,
3615 3549 3707 3621 qui

2142 3646 2252 3700 suis
2280 3645 2606 3700 auditoribus
2649 3643 2712 3698 ad
2735 3643 3079 3714 jejunandum
3122 3644 3281 3699 istum
3308 3651 3555 3712 tanquam
3579 3656 3711 3696 con-

2143 3737 2427 3790 stituerunt
2454 3732 2743 3804 legitimum
2785 3733 2955 3801 diem;
2999 3751 3092 3805 per
3114 3731 3256 3804 quod
3297 3733 3488 3788 factum
3515 3739 3625 3794 est,
3658 3737 3712 3785 ut

2139 3826 2394 3897 jejunium
2447 3825 2551 3881 diei
2599 3825 2850 3880 dominici
2897 3824 3201 3879 horribilius
3246 3821 3548 3877 haberetur.
3600 3819 3715 3875 Nisi

2145 3918 2278 3973 forte
2314 3918 2505 3988 aliquis
2549 3916 2769 3972 idoneus
2799 3916 2869 3972 sit
2909 3916 3049 3971 nulla
3090 3914 3379 3971 refectione
3407 3913 3715 3983 interposita

2148 4009 2284 4063 ultra
2329 4007 2713 4063 hebdomadem
2756 4012 3074 4079 perpetuare
3109 4005 3389 4077 jejunium,
3419 4012 3478 4059 ut
3514 4002 3715 4074 jejunio

2146 4100 2487 4172 quadraginta
2512 4100 2735 4165 dierum,
2754 4107 3004 4169 quantum
3029 4097 3278 4167 potuerit,
3309 4094 3713 4167 appropinquet,

2146 4190 2285 4244 sicut
2329 4189 2532 4259 aliquos
2563 4187 2758 4243 fecisse
2780 4187 3163 4257 cognovimus.
3210 4185 3340 4240 Nam
3369 4193 3424 4240 et
3447 4182 3513 4238 ad
3543 4182 3716 4255 ipsum

2148 4282 2619 4354 quadragenarium
2668 4295 2942 4335 numerum
2983 4279 3286 4349 pervenisse
3334 4275 3635 4348 quemdam,
3685 4288 3717 4328 a

2149 4371 2399 4427 fratribus
2448 4371 2551 4426 fide
2603 4368 2923 4440 dignissimis
2974 4369 3127 4424 nobis
3193 4375 3552 4424 asseveratum
3611 4372 3715 4420 est.

2150 4464 2604 4532 Quemadmodum
2647 4463 2785 4518 enim
2828 4471 3064 4516 veterum
3112 4470 3316 4531 patrum
3355 4457 3719 4530 temporibus,

2149 4554 2355 4626 Moyses
2384 4562 2437 4610 et
2465 4553 2609 4607 Elias
2633 4552 2759 4606 nihil
2789 4559 2970 4607 contra
3003 4550 3218 4622 prandia
3262 4549 3599 4607 sabbatorum
3627 4547 3710 4602 fe-

2150 4655 2359 4712 cerunt,
2388 4660 2507 4699 cum
2534 4642 2722 4699 diebus
2742 4642 3085 4713 quadraginta
3106 4640 3513 4710 jejunaverunt;
3540 4639 3610 4693 ita
3630 4637 3720 4708 qui

2124 4760 2129 4763 -
2152 4736 2379 4806 potuerit
2400 4744 2599 4803 septem
2619 4732 3032 4802 diesjejunando
3053 4731 3295 4797 transire,
3316 4746 3419 4784 non
3437 4729 3533 4785 sibi
3559 4726 3623 4783 ad
3640 4741 3725 4797 je—

2148 4825 2441 4898 junandum
2469 4825 2627 4895 elegit
2653 4822 2973 4877 dominicum
3004 4821 3168 4888 diem,
3195 4820 3287 4876 sed
3319 4820 3372 4875 in
3398 4818 3463 4875 lis
3491 4834 3610 4874 eum
3638 4817 3723 4871 in-

2152 4917 2322 4979 venit,
2351 4928 2485 4985 quos
2529 4912 2897 4983 jejunaturum
2933 4925 2989 4965 se
3020 4912 3163 4966 vovit
3190 4911 3446 4981 plurimos
3474 4908 3609 4964 dies.
3637 4907 3725 4963 Je'

2148 5009 2355 5080 junium
2407 5016 2579 5060 tamen
2625 5006 2783 5059 etiam
2831 5003 3198 5059 continuatum
3230 5001 3273 5056 si
3310 5003 3361 5056 in
3397 4998 3731 5056 hebdomade

2153 5096 2463 5153 solvendum
2502 5102 2619 5164 est,
2664 5094 2809 5149 nullo
2843 5093 3218 5163 congruentius
3252 5104 3409 5163 quam
3457 5090 3730 5147 dominico

2153 5188 2239 5243 die
2268 5188 2509 5243 solvitur.
2536 5185 2590 5240 Si
2622 5192 2796 5240 autem
2827 5194 2944 5255 post
2957 5183 3343 5240 hebdomadem
3372 5196 3565 5251 corpus
3603 5181 3735 5235 reﬁ—

2154 5279 2327 5344 citur,
2382 5293 2488 5331 non
2535 5276 2717 5345 utique
2769 5274 2837 5330 ad
2886 5274 3229 5345 jejunandum
3276 5271 3392 5327 dies
3433 5270 3734 5326 dominicus

2155 5368 2392 5440 eligitur;
2421 5367 2514 5423 sed
2552 5368 2605 5422 in
2633 5381 2853 5421 numero
2873 5408 2889 5433 ,
2910 5379 3068 5436 quem
3094 5364 3275 5418 voveri
3304 5361 3529 5432 placuit,
3573 5359 3728 5415 inve-

2155 5461 2321 5513 nitur.

2226 5548 2317 5603 28.
2357 5545 2466 5601 Nec
2502 5545 2632 5600 illud
2661 5551 2871 5600 moveat
2896 5542 3038 5613 quod
3061 5543 3475 5599 Prlseillianistte
3494 5582 3510 5609 ,
3560 5539 3733 5599 Iani-

2160 5642 2423 5695 chmorum
2452 5638 2743 5706 simillimi,
2770 5637 2837 5691 ad
2861 5637 3206 5707 jejunandum
3231 5638 3322 5693 die
3345 5636 3609 5693 dominico
3636 5650 3727 5689 so-

2158 5769 2639 5884 ωζξὲιὰἃὶηωιῑε
2660 5765 3016 5876 Etcumguibus
3038 5765 3364 5832 Daovlvtmus,
3381 5768 3732 5836 «μαγάδιδι
