4080 6346
304 367 415 426 NO

303 486 423 543 ieat
457 482 829 544 testimonium
865 476 934 535 de
971 473 1346 547 Apostolorum
1377 472 1594 529 Actibus
1619 473 1896 538 adhibere,

307 593 432 636 cum
463 585 610 634 esset
638 571 913 646 apostolus
939 568 1135 623 Paulus
1165 565 1216 620 in
1242 563 1470 620 Troade.
1487 563 1575 620 Sic
1601 565 1741 620 enim
1772 563 1901 618 scri-

307 681 460 742 ptum
491 678 612 724 est:
641 665 708 721 In
732 681 836 720 una
863 671 1029 716 autem
1053 657 1246 714 sabbati
1266 658 1578 728 congregatis
1601 658 1742 711 nobis
1761 656 1904 727 fran-

307 778 427 833 gere
443 775 648 831 panem,
667 757 864 812 Paulus
874 751 1161 825 disputabat
1176 750 1298 816 illis,
1314 750 1538 804 exiturus
1552 748 1655 802 alia
1673 749 1773 816 die,
1794 764 1903 818 pro-

307 855 555 923 dusitque
573 865 854 907 sermonem
876 861 1032 919 usque
1055 844 1123 897 ad
1143 843 1363 897 medium
1388 843 1548 896 noctis
1567 840 1700 913 (Act.
1717 858 1806 909 xx,
1821 842 1899 912 7).

307 947 516 1004 Deinde
541 961 663 1001 cum
689 939 1052 998 descendisset
1075 937 1143 993 de
1163 937 1458 1003 caenaculo,
1481 936 1569 990 ubi
1597 935 1902 1006 congregati

307 1052 488 1107 erant,
519 1041 588 1096 ad
637 1036 1058 1096 resuscitandum
1089 1032 1480 1089 adolescentem
1499 1072 1513 1097 ,
1540 1031 1627 1101 qui
1654 1039 1902 1101 gravatus

307 1150 505 1190 somno
531 1134 598 1188 de
639 1135 867 1186 fenestra
895 1126 1159 1182 ceciderat
1185 1133 1238 1179 et
1263 1133 1502 1179 mortuus
1528 1122 1813 1188 ferebatur,
1837 1121 1902 1176 de

306 1227 428 1296 ipso
453 1222 716 1295 Apostolo
742 1221 1012 1290 Scriptura
1029 1218 1106 1271 sic
1124 1216 1383 1286 loquitur:
1406 1213 1691 1267 Ascendens
1715 1221 1898 1279 autem,

306 1318 501 1388 inquit,
519 1332 635 1370 cum
653 1314 881 1385 fregisset
903 1327 1082 1380 panem
1099 1318 1249 1379 atque
1262 1315 1526 1378 gustasset,
1542 1307 1761 1375 satisque
1781 1313 1903 1359 esset

308 1411 568 1464 allocutus
606 1423 760 1477 usque
797 1405 864 1458 ad
889 1403 1198 1468 diluculum,
1228 1402 1299 1454 sic
1341 1401 1591 1472 profectus
1621 1407 1690 1452 est
1717 1396 1766 1470 (1
1775 1398 1900 1465 bid.,

311 1502 425 1575 ll).
456 1503 610 1557 Absit
653 1509 708 1554 ut
746 1499 848 1554 hoc
891 1497 967 1552 sic
1005 1495 1327 1565 accipiatur,
1375 1501 1624 1562 tanquam
1671 1492 1905 1546 solerent

310 1595 555 1668 Apostoli
586 1591 854 1648 dominico
885 1589 970 1644 die
995 1587 1306 1643 solemniter
1325 1585 1586 1655 jejunare.
1620 1582 1735 1638 Una
1761 1581 1902 1636 enim

311 1687 520 1743 sabbati
550 1695 680 1740 tunc
713 1682 1081 1753 appellabatur
1106 1680 1255 1744 dies,
1300 1677 1388 1747 qui
1427 1692 1567 1731 nunc
1608 1675 1903 1730 dominicus

310 1779 633 1849 appellatur,
649 1775 790 1845 quod
815 1774 868 1828 in
891 1771 1190 1841 Evangeliis
1209 1768 1443 1839 apertius
1465 1768 1746 1820 invenitur.
1771 1765 1902 1819 Nam

309 1872 427 1928 dies
450 1869 864 1925 resurrectionis
884 1865 1114 1932 Domini,
1147 1865 1313 1934 prima
1341 1861 1545 1916 sabbati
1574 1877 1602 1914 a
1634 1859 1900 1926 Matthzeo,

308 1977 340 2017 a
382 1961 599 2017 caeteris
635 1968 813 2014 autem
861 1957 1028 2012 tribus
1070 1971 1171 2009 una
1213 1954 1416 2008 sabbati
1453 1952 1643 2008 dicitur
1687 1951 1900 2022 (Matth.

308 2059 495 2120 xxvin,
526 2055 551 2108 l
575 2069 592 2117 ;
625 2052 791 2107 Marc.
819 2067 929 2117 xvn,
951 2050 1006 2114 2;
1037 2047 1164 2102 Luc.
1189 2064 1332 2113 xxrv,
1360 2050 1381 2100 l
1409 2064 1424 2112 ;
1455 2055 1503 2100 et
1531 2045 1688 2100 Joan.
1714 2062 1801 2111 xx,
1821 2046 1900 2117 l);

308 2163 471 2218 quem
499 2153 711 2201 constat
735 2159 857 2200 eum
884 2157 1026 2208 esse,
1059 2141 1148 2212 qui
1177 2139 1475 2195 dominicus
1502 2147 1683 2208 postea
1715 2138 1900 2208 appel-

307 2238 448 2294 latus
480 2245 583 2291 est.
613 2239 718 2290 Aut
742 2250 870 2306 ergo
888 2243 1006 2305 post
1029 2241 1296 2304 peractum
1319 2231 1457 2286 diem
1479 2231 1703 2296 sabbati,
1731 2231 1904 2284 noctis

309 2329 464 2383 initio
488 2326 1040 2396 fuerantcongregati,
1071 2340 1191 2395 quae
1220 2325 1400 2394 utique
1425 2338 1527 2376 nox
1546 2322 1655 2391 jam
1676 2322 1742 2375 ad
1761 2321 1903 2375 diem

310 2419 678 2486 dominicum,
711 2417 814 2473 hoc
853 2426 936 2473 est
961 2415 1029 2470 ad
1058 2431 1215 2470 unam
1241 2414 1445 2470 sabbati
1483 2413 1817 2484 pertinebat;
1850 2421 1905 2468 et

306 2511 382 2567 ita
411 2511 603 2567 eadem
637 2520 793 2566 nocte
840 2509 1102 2565 fracturus
1143 2523 1335 2578 panem
1357 2548 1372 2572 ,
1403 2508 1539 2562 sicut
1565 2507 1821 2575 frangitur
1851 2507 1902 2559 in

307 2612 649 2658 sacramento
700 2603 945 2672 corporis
1011 2600 1244 2664 Christi,
1301 2599 1551 2670 produxit
1600 2614 1901 2654 sermonem

311 2709 490 2762 usque
508 2694 576 2748 ad
600 2693 832 2749 medium
862 2693 1055 2759 noctis,
1084 2701 1142 2746 ut
1167 2699 1287 2760 post
1309 2697 1641 2746 sacramenta
1667 2689 1900 2744 celebra-

308 2795 386 2853 ta,
417 2801 608 2842 rursus
637 2801 804 2856 usque
823 2784 890 2838 ad
911 2783 1202 2838 diluculum
1230 2783 1504 2852 alloquens
1531 2789 1898 2850 congregatos,

313 2878 568 2949 quoniam
600 2877 821 2932 multum
846 2875 1148 2942 festinabat,
1178 2882 1236 2928 ut
1263 2874 1566 2929 lueescente
1595 2871 1900 2942 proficisce-

312 2983 467 3028 retur
489 2971 759 3026 dominico
787 2969 911 3024 die:
939 2977 1029 3022 aut
1065 2976 1212 3022 certe
1249 2967 1294 3020 si
1337 2965 1388 3020 in
1432 2979 1537 3019 una
1567 2963 1772 3019 sabbati
1797 2978 1902 3018 non

313 3082 413 3138 per
440 3074 676 3132 noctem,
705 3063 798 3119 sed
832 3077 926 3134 per
953 3061 1092 3117 diem
1120 3059 1251 3116 hora
1272 3057 1524 3113 dominici
1547 3056 1752 3112 fuerant
1771 3072 1901 3111 con-

309 3157 550 3230 gregati;
601 3171 666 3210 eo
714 3155 833 3224 ipso
874 3169 980 3224 quo
1016 3153 1215 3207 dictum
1255 3158 1356 3213 est,
1387 3146 1589 3204 Paulus
1617 3147 1902 3217 disputabat

311 3249 443 3317 illis,
477 3248 706 3304 editurus
735 3248 839 3302 alia
865 3245 966 3313 die,
995 3259 1249 3315 expressa
1279 3250 1363 3298 est
1389 3257 1546 3296 causa
1579 3240 1901 3310 producendi

312 3341 604 3405 sermonis,
631 3340 755 3410 quia
782 3339 954 3393 fuerat
981 3338 1242 3404 exiturus,
1272 3344 1324 3390 et
1347 3349 1441 3389 eos
1469 3332 1795 3388 sufficienter
1821 3333 1902 3387 itt-

311 3445 522 3492 uruere
547 3432 819 3503 cupiebat.
858 3432 971 3486 Non
1001 3446 1130 3501 ergo
1167 3428 1481 3484 solemniter
1519 3426 1605 3482 die
1637 3426 1902 3482 dominico

307 3525 642 3616 jejunahant,
667 3524 761 3579 sed
785 3523 1118 3578 necessarius
1145 3535 1324 3576 sermo
1343 3561 1358 3585 ,
1389 3519 1480 3588 qui
1506 3517 1665 3574 studii
1693 3518 1901 3574 ferven-

313 3613 503 3673 tissimi
536 3618 852 3689 audiebatur
884 3617 1104 3683 ardore,
1149 3613 1420 3671 reficiendi
1463 3613 1701 3683 corporis
1741 3627 1899 3667 causa

309 3711 781 3780 interrumpendus
811 3725 932 3765 esse
959 3725 1065 3763 non
1085 3709 1228 3762 visus
1245 3715 1328 3762 est
1349 3706 1648 3776 profecturo
1675 3707 1902 3774 Aposto-

309 3803 399 3867 lo,
432 3804 522 3873 qui
551 3818 674 3868 eos,
708 3811 925 3876 propter
953 3802 1089 3858 alios
1123 3815 1250 3854 suos
1279 3814 1655 3869 usquequaque
1692 3799 1899 3852 discur-

311 3909 428 3961 sus,
460 3895 541 3950 vel
569 3894 700 3962 alias
733 3908 1022 3963 nunquam.
1055 3892 1137 3946 vel
1163 3890 1433 3946 rarissime
1459 3889 1733 3953 visitabat;
1766 3905 1903 3972 prac-

310 3988 498 4042 sertim
548 3987 670 4058 quia
723 3995 848 4042 tunc
892 4002 954 4041 ex
1007 3987 1109 4040 illis
1154 3985 1306 4040 terris
1344 3984 1480 4040 sicut
1524 3983 1899 4052 consequentia

313 4077 534 4145 docent,
566 4078 634 4132 ita
664 4078 996 4133 discessurus
1027 4084 1170 4142 erat,
1203 4085 1257 4129 ut
1279 4076 1387 4145 jam
1418 4090 1520 4129 non
1553 4082 1694 4130 esset
1725 4089 1817 4128 eos
1846 4073 1897 4128 in

311 4183 476 4224 carne
503 4169 734 4224 visurus.
771 4171 846 4224 Ac
865 4178 965 4239 per
992 4168 1090 4223 hoc
1119 4168 1283 4238 magis
1304 4168 1604 4222 ostenditur
1619 4167 1898 4221 dominicis

312 4259 503 4314 diebus
535 4261 690 4315 solita
713 4261 817 4314 illis
839 4276 944 4314 non
977 4260 1139 4314 fuisse
1157 4258 1375 4328 jejunia,
1404 4259 1524 4327 quia
1552 4273 1620 4312 ne
1645 4257 1745 4312 hoc
1777 4273 1896 4311 orc

311 4351 551 4418 deretur,
580 4354 783 4408 curavit
805 4352 1033 4422 scriptor
1061 4352 1176 4405 libri
1199 4365 1412 4406 musam
1436 4350 1758 4420 producendi
1785 4364 1898 4404 ser-

309 4446 488 4500 monis
534 4461 838 4517 exponere;
898 4456 955 4500 ut
1005 4445 1264 4499 sciremus
1305 4444 1348 4498 si
1391 4443 1563 4512 aliqua
1609 4443 1898 4497 necessitas

310 4538 536 4604 oriatur,
565 4537 856 4608 urgentiori
895 4536 1089 4590 actioni
1119 4550 1226 4588 non
1251 4549 1372 4588 esse
1403 4533 1675 4603 prandium
1704 4532 1896 4602 praefe-

308 4629 536 4685 rendum
567 4647 581 4682 :
613 4629 862 4700 quamvis
890 4629 957 4682 ab
984 4628 1100 4682 istis
1124 4626 1426 4680 avidissime
1449 4625 1803 4688 audientibus,
1844 4635 1899 4680 et

311 4722 486 4793 ipsum
533 4722 730 4777 fontem
771 4721 1126 4790 cegitantibns
1153 4718 1509 4789 profecturum
1533 4761 1546 4783 ,
1587 4728 1745 4788 atque
1775 4719 1896 4774 ideo

310 4827 504 4884 magna
530 4813 616 4868 siti
653 4829 759 4867 non
789 4829 940 4882 aquae
965 4854 979 4878 ,
1011 4810 1106 4866 sed
1131 4811 1278 4865 verbi
1307 4811 1421 4864 sine
1449 4810 1693 4864 satietate
1737 4809 1896 4879 quid-

308 4904 436 4972 quid
463 4904 716 4960 iuuebat
743 4902 1128 4968 haurientibus,
1159 4915 1264 4956 non
1289 4909 1487 4954 tantum
1503 4901 1714 4954 carnale
1741 4915 1898 4969 pran-

305 4993 482 5060 dium,
511 5010 692 5049 verum
725 4994 882 5048 etiam
911 5008 1060 5047 caena
1087 4999 1388 5060 contempta
1417 4999 1520 5045 est.

380 5084 474 5140 29.
516 5083 622 5140 Sed
653 5093 778 5140 tunc
807 5083 1050 5154 quamvis
1077 5082 1344 5136 dominico
1373 5080 1460 5136 die
1490 5078 1640 5134 solita
1672 5076 1775 5132 illis
1814 5077 1891 5148 -

301 5176 456 5246 junia
485 5193 589 5231 non
617 5175 861 5242 fuissent,
887 5191 990 5230 non
1017 5181 1132 5229 erat
1160 5182 1333 5228 tamen
1361 5170 1610 5226 Ecclesia:
1639 5177 1741 5224 tam
1769 5169 1897 5224 insi-

301 5271 427 5338 gnis
454 5269 697 5332 offensio,
745 5269 786 5322 si
828 5269 1001 5338 aliqua
1033 5267 1120 5320 tali
1153 5265 1467 5320 necessitate
1487 5305 1500 5328 ,
1529 5263 1734 5334 qualem
1764 5277 1894 5330 apo-

303 5361 480 5416 stolus
505 5360 697 5416 Paulus
720 5360 923 5426 habuit,
953 5360 1042 5414 die
1069 5367 1182 5413 toto
1206 5357 1473 5412 dominico
1499 5371 1663 5425 usque
1693 5354 1758 5408 ad
1778 5370 1893 5407 me-

303 5453 456 5509 dium
487 5454 691 5520 noctis,
727 5452 804 5508 vel
838 5452 998 5508 etiam
1028 5465 1196 5522 usque
1233 5449 1300 5505 ad
1343 5447 1632 5503 diluculum
1677 5446 1896 5500 reficere

302 5560 536 5616 corpora
567 5561 671 5602 non
703 5553 970 5601 curarent.
1002 5544 1150 5599 Nunc
1189 5560 1316 5597 vero
1347 5552 1686 5611 posteaquam
1719 5540 1892 5594 luere-

307 5638 398 5692 tici
423 5677 441 5704 ,
471 5636 700 5692 maxime
736 5635 1034 5708 impiissimi
1063 5633 1336 5689 Manichaei
1366 5634 1406 5700 ,
1435 5632 1632 5703 jejunia
1660 5631 1763 5685 diei
1795 5630 1893 5686 do-

420 5801 523 5864 Lm.
548 5793 756 5864 uadum.
783 5801 836 5844 et
848 5802 1086 5864 ,
1109 5789 1434 5863 praetermissa
1465 5799 1585 5839 voce
1608 5782 1892 5849 uam'chari,

303 5856 515 5918 habent,
537 5856 746 5908 maxime
1047 5856 1256 5918 jejtmt'a.

1527 354 2010 418 EPISTOLARUM
2046 357 2324 418 CLASSIS
2357 358 2423 417 .

2377 475 2549 547 aliqua
2589 476 2907 534 necessitate
2943 485 3258 535 occurrente
3299 494 3589 552 peragere,

2011 569 2103 623 sed
2130 570 2278 639 quasi
2307 584 2456 625 sacra
2487 569 2825 626 solemnitate
2861 579 3053 640 statuta
3091 572 3453 644 dogatizare
3477 589 3590 632 cm-

2010 670 2203 733 perunt
2219 672 2274 718 et
2294 663 2639 718 innotuerunt
2655 663 2864 737 populis
2884 663 3215 732 christianis;
3235 666 3470 737 profecto
3492 682 3592 726 nec

2009 757 2101 811 tali
2148 757 2496 822 necessitate,
2545 757 2754 828 qualem
2784 758 3068 830 Apostolus
3092 757 3303 825 habuit,
3345 759 3591 816 existimo

2009 847 2302 904 faciendum
2326 865 2442 905 esse
2471 849 2608 920 quod
2637 849 2792 920 fecit,
2832 867 2899 906 ne
2929 850 3099 922 majus
3123 851 3318 906 malum
3349 852 3590 908 incurra-

2009 951 2096 997 tur
2122 943 2174 996 in
2201 943 2470 1008 seandalo,
2514 959 2672 1014 quam
2716 943 2913 998 bonum
2949 943 3269 1014 percipiatur
3304 959 3370 999 ex
3405 945 3586 1000 verbo.

2013 1033 2278 1104 Quidquid
2308 1043 2485 1088 tamen
2515 1049 2686 1089 causae
2717 1035 2799 1089 vel
2831 1034 3160 1090 necessitatis
3190 1035 3470 1102 exstiterit,
3494 1050 3591 1091 cur

2009 1126 2170 1180 homo
2195 1126 2514 1180 christianns
2542 1126 2626 1181 die
2647 1125 2913 1181 dominico
2929 1127 3170 1196 jejunare
3191 1137 3428 1199 cogatur,
3453 1127 3590 1182 sicut

2009 1221 2169 1276 etiam
2212 1220 2341 1276 illud
2390 1221 2442 1275 in
2489 1220 2706 1276 Actibus
2750 1221 3124 1290 Apostolorum
3165 1221 3484 1288 invenimus,
3537 1221 3588 1278 in

2008 1311 2262 1383 naufragii
2311 1312 2543 1382 periculo
2562 1353 2577 1380 ,
2626 1312 2713 1366 ubi
2743 1322 2796 1366 et
2825 1312 2937 1381 ipse
2964 1312 3247 1381 Apostolus
3273 1311 3550 1382 navigabat
3571 1353 3585 1378 ,

2008 1406 2407 1478 quatuordecim
2439 1405 2623 1460 diebus
2649 1447 2662 1469 ,
2710 1419 2772 1460 ac
2806 1419 2903 1476 per
2941 1405 3041 1458 hoc
3077 1403 3282 1458 duobus
3309 1403 3589 1462 dominicis

2003 1499 2294 1570 jejunatum
2324 1497 2630 1573 (Act.xxvn,
2659 1495 2785 1569 33);
2814 1497 2956 1551 nullo
2983 1496 3142 1551 modo
3165 1495 3406 1551 dubitare
3429 1495 3590 1550 debe-

2008 1609 2148 1656 mus,
2183 1592 2506 1645 dominicum
2533 1589 2671 1644 diem
2695 1632 2709 1653 ,
2755 1588 2970 1659 quando
2995 1603 3100 1642 non
3130 1588 3308 1656 plures
3333 1587 3446 1642 dies
3474 1586 3589 1642 sine

2008 1684 2110 1739 ulla
2133 1683 2421 1737 refectione
2443 1680 2782 1736 continuandi
2810 1687 3088 1745 voventur,
3117 1679 3252 1733 inter
3267 1679 3588 1749 jejuniorum

2008 1776 2121 1831 dies
2150 1792 2252 1830 non
2285 1790 2404 1830 esse
2433 1773 2754 1844 ponendum.

2079 1867 2306 1922 CAPUT
2337 1865 2478 1921 Xlll.
2508 1897 2578 1906 -
2617 1866 2704 1920 50.
2748 1865 2854 1920 Cur
2893 1873 3066 1918 autem
3119 1869 3303 1934 quarta
3349 1871 3402 1917 et
3441 1871 3591 1917 sexta

2007 1961 2235 2014 maxime
2252 1959 2454 2028 jejuuet
2481 1958 2738 2026 Ecclesia,
2759 1959 2842 2012 illa
2865 1957 3002 2011 ratio
3022 1957 3170 2011 reddi
3199 1956 3424 2022 videtur,
3449 1952 3591 2026 quod

2008 2056 2342 2110 considerato
2387 2051 2700 2123 livangelio,
2746 2053 2857 2122 ipsa
2909 2061 3094 2121 quarta
3138 2050 3380 2116 sabbati,
3432 2063 3589 2120 quam

2007 2149 2166 2219 vulgo
2195 2156 2440 2220 quartam
2473 2147 2657 2201 feriam
2688 2155 2909 2211 vocant,
2944 2145 3223 2199 consilium
3251 2143 3592 2215 reperiuntur

2007 2239 2071 2294 ad
2115 2239 2459 2294 occidendum
2507 2237 2784 2291 Dominum
2833 2235 3019 2292 fecisse
3057 2234 3244 2290 Judtei.
3282 2233 3591 2289 intermisso

2007 2343 2184 2387 autem
2212 2347 2316 2386 uno
2345 2331 2433 2385 die
2457 2373 2471 2397 ,
2503 2331 2653 2401 cujus
2683 2345 2902 2401 vespera
2935 2329 3186 2384 Dominus
3229 2327 3430 2382 Pascha
3468 2340 3588 2381 cum

2007 2427 2280 2496 discipulis
2322 2416 2687 2480 manducavit.
2728 2425 2816 2494 qui
2858 2424 2977 2478 finis
3019 2423 3113 2478 fuit
3151 2423 3266 2494 ejus
3297 2422 3400 2477 diei
3429 2437 3589 2493 quem

2007 2531 2257 2571 vocamus
2283 2517 2520 2587 quintam
2550 2515 2785 2578 sabbati,
2816 2515 3007 2569 deinde
3037 2515 3259 2569 traditus
3289 2524 3369 2569 est
3399 2530 3457 2570 ea
3489 2529 3588 2568 no-

2007 2619 2093 2664 cte
2114 2625 2232 2679 quae
2249 2609 2356 2678 jam
2379 2608 2443 2662 ad
2465 2593 2668 2662 sextam
2694 2609 2918 2675 sabbati,
2944 2608 3034 2678 qui
3059 2607 3172 2662 dies
3195 2607 3455 2677 passionis
3475 2606 3592 2677 ejus

2008 2700 2320 2753 manifestus
2349 2708 2448 2763 est,
2472 2697 2788 2768 pertinebat.
2817 2699 2912 2752 Hic
2926 2698 3042 2752 dies
3065 2698 3264 2768 primus
3283 2712 3591 2769 azymorum

2007 2793 2104 2846 fuit
2139 2809 2167 2846 a
2213 2808 2429 2862 vespera
2479 2793 2754 2862 incipiens.
2797 2791 2903 2846 Sed
2951 2792 3225 2846 Matthzcus
3269 2792 3591 2862 evangelista

2006 2886 2242 2954 quintam
2274 2884 2477 2937 sabbati
2506 2884 2632 2938 dicit
2653 2882 2814 2937 fuisse
2842 2884 3062 2952 primam
3088 2881 3230 2936 diem
3257 2897 3588 2953 azymorum;

2005 2977 2126 3047 quia
2157 2977 2272 3046 ejus
2299 2992 2519 3045 vespera
2551 2987 2823 3044 sequente,
2857 2975 3026 3028 futura
3057 2985 3171 3028 erat
3196 2988 3346 3029 caena
3370 2974 3591 3043 pascha-

2003 3069 2072 3123 lis
2093 3113 2107 3136 ,
2149 3086 2249 3139 qtta
2297 3084 2447 3122 cu-na
2491 3068 2775 3135 incipiebat
2799 3083 3041 3138 azymum
3069 3077 3122 3120 et
3148 3067 3266 3119 ovis
3294 3065 3589 3120 immolatio

2006 3161 2333 3216 manducari.
2367 3160 2442 3213 Ex
2471 3173 2575 3228 quo
2601 3158 2864 3227 colligitur
2892 3166 3134 3227 quartam
3167 3157 3370 3211 sabbati
3401 3156 3586 3226 fuisse,

2006 3251 2219 3322 quando
2244 3252 2312 3305 ait
2347 3251 2637 3304 Dominus:
2674 3249 2828 3304 Scitis
2855 3250 2971 3320 quia
3001 3258 3112 3320 post
3144 3247 3352 3303 biduum
3384 3235 3589 3314 Pascha

2005 3348 2088 3416 et
2113 3389 2126 3411 ,
2166 3355 2212 3399 et
2239 3344 2287 3398 F
2289 3346 2404 3398 ilius
2438 3344 2652 3397 hominis
2690 3342 2911 3396 tradetur
2941 3351 2996 3394 ut
3019 3341 3345 3411 crucigatur
3375 3339 3585 3412 (Matth.

2005 3455 2148 3504 xxw,
2161 3437 2217 3508 2)
2237 3454 2249 3490 :
2266 3452 2325 3490 ac
2343 3452 2435 3505 per
2450 3435 2549 3488 hoc
2565 3435 2679 3488 dics
2693 3434 2803 3504 ipse
2816 3432 3018 3502 jejunio
3029 3431 3312 3501 deputatus
3328 3440 3428 3494 est,
3444 3431 3586 3501 quia,

2007 3532 2142 3585 sicut
2170 3529 2496 3597 livangclista
2518 3527 2755 3596 sequitur
2771 3536 2823 3580 et
2844 3525 2991 3590 dicit,
3011 3524 3154 3578 Tunc
3169 3523 3454 3594 congregati
3473 3533 3590 3577 sunt

2007 3624 2256 3695 principes
2272 3621 2584 3673 sacerdotum
2599 3629 2642 3672 et
2659 3619 2873 3672 seniores
2891 3617 3065 3688 populi
3081 3618 3132 3669 in
3146 3618 3329 3670 atrium
3347 3617 3589 3686 principis

2006 3715 2351 3777 sacerdotum,
2375 3713 2460 3780 qui
2483 3711 2738 3765 dicebatur
2759 3711 3002 3782 Caipltas,
3018 3720 3063 3764 et
3083 3711 3344 3764 consilium
3365 3709 3589 3780 fecerunt

2005 3820 2058 3863 ut
2083 3808 2258 3862 Iesum
2288 3805 2404 3860 dolo
2429 3813 2645 3859 tenerent
2671 3813 2718 3858 et
2747 3805 3024 3857 occiderent
3047 3801 3210 3874 (Ibid,
3241 3803 3294 3867 ,
3320 3804 3394 3875 4).
3422 3801 3590 3857 Inter-

2005 3903 2168 3956 misso
2195 3911 2368 3954 autem
2397 3916 2500 3952 uno
2527 3898 2633 3964 die,
2658 3897 2723 3952 de
2744 3911 2848 3968 quo
2871 3896 2995 3950 dicit
3023 3897 3383 3965 Evangelium,
3412 3895 3587 3948 Prima

2005 4001 2170 4046 autem
2184 4008 2476 4062 azymorum
2490 3997 2802 4042 accesserunt
2820 3988 3055 4059 discipuli
3074 3989 3140 4039 ad
3152 3987 3182 4039 J
3191 4004 3326 4040 esum
3338 3987 3554 4041 dicentes
3570 4001 3589 4039 :

2009 4083 2106 4137 Ubi
2131 4084 2202 4136 vis
2228 4099 2460 4153 paremus
2488 4081 2572 4134 tibi
2595 4079 2849 4133 comedere
2879 4079 3064 4149 pascha
3106 4077 3290 4149 (Ibid.,
3316 4079 3380 4132 i7
3402 4077 3459 4149 )l
3485 4078 3588 4133 hoc

2005 4188 2132 4244 ergo
2158 4173 2243 4226 die
2268 4172 2572 4225 intermisso
2593 4211 2606 4236 ,
2639 4184 2824 4240 passus
2855 4177 2936 4222 est
2960 4169 3216 4221 Dominus
3242 4210 3254 4230 ,
3296 4169 3434 4238 quod
3465 4170 3583 4223 nul-

2003 4266 2085 4320 lus
2119 4264 2367 4333 ambigit,
2401 4270 2547 4316 sexta
2579 4261 2816 4326 sabbati;
2848 4269 3170 4330 quapropter
3202 4271 3254 4312 et
3291 4260 3399 4329 ipsa
3436 4271 3587 4316 sexta

2002 4368 2149 4412 recte
2175 4356 2377 4426 jejunio
2405 4356 2728 4427 deputatur:
2758 4353 2956 4424 jejunia
2995 4353 3189 4422 quippe
3234 4352 3585 4409 humilitatem

2003 4448 2315 4518 signicant.
2347 4447 2494 4504 Unde
2521 4447 2717 4500 dictum
2741 4455 2820 4499 est
2845 4461 2858 4497 :
2886 4442 2948 4496 Et
2974 4443 3303 4498 humiliabam
3323 4445 3374 4497 in
3388 4445 3588 4516 jejunio

2003 4542 2223 4594 anintam
2251 4556 2411 4592 meam
2446 4537 2612 4609 (Psal.
2644 4553 2822 4606 xxxw,
2851 4537 2962 4606 13).

2074 4636 2162 4691 5L
2205 4636 2454 4707 Sequitur
2489 4633 2803 4699 sabbatum,
2850 4646 2957 4702 quo
3005 4629 3090 4686 die
3132 4645 3257 4685 caro
3293 4629 3492 4685 Christi
3533 4631 3585 4686 in

2003 4737 2348 4783 monumento
2369 4726 2647 4796 requievit,
2679 4725 2814 4778 sicut
2841 4723 2890 4777 in
2921 4723 3106 4792 primis
3129 4723 3378 4792 operibus
3404 4722 3584 4778 mundi

2005 4819 2265 4889 requievit
2314 4819 2450 4872 Deus
2489 4816 2573 4869 die
2623 4816 2712 4869 illo
2753 4815 2820 4868 ab
2863 4815 3111 4868 omnibus
3153 4813 3405 4885 operibus
3451 4815 3582 4868 suis.

2005 4911 2138 4965 Hinc
2160 4917 2341 4963 exorta
2373 4917 2451 4961 est
2481 4908 2580 4960 ista
2609 4907 2659 4960 in
2687 4907 2882 4975 reginae
2914 4907 3051 4959 illius
3082 4914 3230 4960 veste
3254 4906 3502 4967 varietas,
3529 4915 3586 4972 ut

2002 5003 2111 5068 alii,
2146 5002 2281 5055 sicut
2311 5000 2539 5054 maxime
2570 4999 2743 5069 populi
2776 5000 3004 5053 Orientis
3029 5041 3043 5066 ,
3088 5006 3304 5069 propter
3346 4999 3584 5068 requiem

2002 5095 2396 5166 significandam
2426 5094 2644 5148 mallent
2671 5094 2908 5146 relaxare
2928 5092 3219 5161 jejunium,
3249 5090 3335 5145 alii
3369 5098 3586 5159 propter

2005 5188 2354 5241 humilitatem
2383 5187 2568 5238 mortis
2592 5185 2794 5238 Domini
2815 5184 3077 5253 jejunare,
3105 5183 3243 5237 sicut
3267 5182 3506 5235 Romana
3531 5189 3586 5235 et

2003 5280 2269 5334 nonnulla:
2292 5278 2597 5333 Occidentis
2627 5278 2898 5332 Ecclesiae.
2925 5275 3078 5344 Quod
3103 5275 3312 5344 quidem
3335 5288 3442 5328 uno
3471 5273 3581 5340 die,

2003 5388 2108 5442 quo
2135 5371 2336 5425 Pascha
2366 5370 2666 5424 celebratur
2693 5379 2908 5439 propter
2929 5365 3284 5422 renovandam
3317 5366 3392 5420 rei
3420 5374 3585 5435 gestae

2001 5466 2313 5522 memoriam
2332 5507 2346 5531 ,
2374 5481 2475 5534 qua
2506 5463 2746 5532 discipuli
2779 5463 3078 5517 humanitus
3107 5468 3332 5514 mortem
3376 5459 3586 5514 Domini

2003 5561 2305 5623 doluerunt,
2338 5559 2414 5612 sic
2437 5557 2506 5611 ab
2531 5555 2776 5610 omnibus
2794 5556 3076 5625 jejunatur,
3103 5552 3340 5606 utetiam
3369 5551 3441 5606 illi
3464 5549 3588 5606 sab-

2005 5653 2112 5707 bati
2142 5650 2398 5719 jejunium
2428 5646 2773 5702 devotissime
2800 5645 3101 5706 celebrent,
3143 5643 3229 5714 qui
3255 5643 3464 5697 caneris
3493 5657 3588 5712 per

2009 5753 2174 5798 totum
2203 5757 2398 5795 annmn
2425 5740 2658 5793 sabbatis
2699 5735 2986 5806 prandent;
3034 5743 3316 5804 utrumque
3344 5732 3586 5787 videlicet

2011 5835 2390 5912 signicantes,
2419 5831 2544 5892 etin
2573 5844 2678 5894 uno
2699 5825 3060 5896 anniversario
3085 5827 3172 5884 die
3195 5825 3392 5895 luctum
3421 5821 3586 5880 disci-
