4080 6346
480 310 578 369 151

478 425 727 498 pulcrum
748 460 767 493 ,
812 426 870 479 et
909 425 1119 479 caeteris
1160 421 1396 479 sabbatis
1434 421 1628 494 quietis
1672 420 1893 479 bonum.
1951 412 2081 480 Duo‘

479 517 675 588 quippe
702 508 863 582 Sunt,
902 527 1024 585 quae
1059 515 1329 584 iustorum
1366 513 1778 582 beatitudinem,
1810 522 1865 572 et
1892 516 2069 573 omnis

480 604 715 663 miseriae
754 603 913 661 ﬁnem
949 604 1155 676 sperari
1187 603 1389 661 faciunt
1410 647 1426 674 ,
1466 620 1613 662 mors
1656 616 1711 664 et
1742 608 2067 665 resurrectio

479 707 834 756 mortuorum.
866 697 924 753 In
953 705 1127 754 morte
1152 697 1364 770 requies
1390 704 1491 765 est,
1524 698 1591 754 de
1621 714 1724 770 qua
1748 699 1940 756 dicitur
1968 714 2067 771 per

479 788 800 861 Prophetam
827 807 840 845 ε
866 788 1021 845 Plebs
1041 807 1150 845 mea
1170 791 1302 845 intra
1320 790 1374 844 in
1394 790 1602 845 cellaria
1626 800 1744 858 tua;
1763 792 2067 848 abscondere

478 880 726 953 pusillum
751 881 909 937 donec
929 890 1149 937 transeat
1167 882 1246 937 ira
1270 879 1479 936 Domini
1506 880 1659 952 (Isai.
1690 898 1833 949 xxvi,
1861 882 1977 954 20).
2009 882 2067 940 In

478 974 873 1031 resurrectione
891 984 1068 1029 autem
1096 973 1149 1027 in
1179 973 1391 1029 homine
1417 981 1549 1041 toto,
1592 973 1645 1029 id
1681 983 1795 1041 est,
1824 975 1878 1029 in
1907 990 2069 1033 carne

482 1072 538 1122 et
562 1065 751 1136 spiritu
775 1063 1007 1137 perfecta
1030 1062 1275 1119 felicitas.
1300 1064 1434 1121 Hinc
1462 1064 1661 1121 factum
1681 1074 1765 1122 est
1789 1074 1849 1121 ut
1871 1065 2065 1123 horum

481 1157 709 1216 duorum
737 1167 1017 1227 utrumque
1036 1172 1145 1212 non
1165 1157 1565 1229 signiﬁcandum
1590 1167 1864 1230 putaretur
1883 1160 2069 1219 labore

476 1248 667 1322 jejunii
690 1291 705 1316 ,
736 1250 830 1306 sed
860 1250 1036 1320 potius
1059 1248 1363 1307 refectionis
1388 1251 1684 1321 hilaritate,
1722 1262 1943 1325 excepto
1969 1270 2066 1327 pa-

480 1341 650 1398 schali
680 1356 787 1397 uno
812 1342 1053 1408 sabbato,
1080 1357 1186 1414 quo
1211 1342 1624 1414 discipulorum,
1653 1346 1788 1401 sicut
1811 1346 2062 1417 diximus,

434 1440 439 1481 ξ
485 1432 655 1491 luctus
680 1444 898 1505 propter
917 1434 995 1489 rei
1021 1444 1185 1506 gestae
1202 1436 1520 1494 memoriam
1540 1435 1711 1494 fuerat
1723 1438 1927 1511 jejunio
1943 1455 2069 1512 pro-

435 1576 443 1591 ,
478 1524 671 1584 lixiore
694 1527 1003 1599 signandus.

435 1620 444 1674 i
552 1613 777 1674 CAPUT
802 1617 1130 1678 ΚΗΛ-52.
1161 1620 1269 1678 Sed
1295 1621 1545 1694 quoniam
1580 1638 1688 1679 non
1733 1624 2061 1698 invenimus,

482 1718 540 1766 ut
553 1709 664 1783 jam
694 1728 853 1785 supra
872 1717 1309 1783 commemoravi,
1341 1716 1395 1772 in
1426 1718 1746 1789 evangelicis
1770 1730 1826 1776 et
1850 1730 2065 1794 aposto-

479 1801 600 1858 licis
624 1802 843 1861 Litteris
865 1848 881 1874 ,
913 1822 1031 1877 qua:
1059 1808 1127 1863 ad
1166 1808 1299 1864 Novi
1329 1809 1655 1867 Testamenti
1683 1814 2066 1872 revelationem

480 1896 696 1967 proprie
725 1898 1030 1967 pertinent,
1068 1901 1228 1956 certis
1268 1900 1457 1957 diebus
1492 1904 1754 1975 aliquibus
1793 1908 2067 1967 evidenter

480 1998 806 2061 praeceptum
833 1991 1162 2050 observanda
1193 2009 1313 2051 esse
1336 1995 1558 2066 jejunia,
1591 2006 1647 2054 et
1678 1997 1799 2056 ideo
1824 2015 1912 2057 res
1932 2016 2067 2073 quo-

481 2093 586 2149 que
610 2079 731 2149 ista,
772 2082 911 2139 sicut
935 2084 1053 2140 aliae
1078 2086 1320 2155 plurimae
1351 2103 1481 2157 quas
1509 2102 1821 2148 enumerare
1848 2092 2066 2153 difficile

480 2179 598 2238 est,
628 2172 829 2231 invenit
856 2177 912 2233 in
938 2185 1088 2235 veste
1114 2180 1255 2236 illius
1294 2181 1417 2238 ﬁlias
1444 2183 1614 2255 regis,
1645 2183 1747 2241 hoc
1771 2196 1854 2243 est
1884 2188 2068 2246 Eccle-

481 2265 597 2332 siae,
626 2268 895 2325 varietatis
920 2270 1131 2340 locum;
1162 2272 1407 2329 indicabo
1433 2275 1525 2330 tibi
1554 2276 1680 2346 quid
1710 2277 1841 2334 mihi
1865 2279 1933 2336 de
1963 2281 2066 2339 hoc

483 2358 775 2428 requirenti
800 2362 1139 2433 responderit
1163 2366 1499 2421 venerandus
1528 2368 1861 2439 Ambrosius,
1894 2387 1925 2426 a
1959 2388 2066 2444 quo

482 2448 781 2521 baptizatus
821 2470 939 2511 sum
962 2497 978 2525 ,
1009 2456 1416 2515 Mediolanensls
1452 2461 1753 2534 episcopus.
1783 2463 1917 2519 Nam
1942 2481 2062 2526 cum

481 2542 537 2599 in
566 2544 753 2601 eadem
779 2548 996 2605 civitate
1024 2558 1198 2606 mater
1228 2566 1346 2607 mea
1386 2568 1595 2609 mecum
1624 2563 1799 2623 esset,
1830 2565 1886 2613 et
1912 2558 2065 2616 nobis

480 2636 657 2694 adhuc
679 2640 1077 2699 catechumenis
1105 2659 1291 2714 parum
1320 2644 1419 2701 ista
1444 2648 1773 2716 curantibus,
1802 2649 1890 2704 illa
1920 2651 2067 2707 solli-

482 2726 771 2785 citudinem
814 2740 1026 2802 gereret
1063 2742 1241 2790 utrum
1281 2736 1573 2793 secundum
1619 2754 1822 2795 morem
1868 2750 2066 2799 nostrae

482 2817 714 2875 civitatis
740 2821 837 2877 sibi
869 2830 1011 2879 esset
1048 2824 1269 2882 sabbato
1300 2827 1668 2898 jejunandum,
1700 2845 1769 2886 an
1813 2832 2066 2891 Ecclesia:

481 2908 895 2970 Mediolanensis
920 2931 1071 2972 more
1090 2918 1479 2988 prandendum,
1506 2929 1565 2976 ut
1586 2921 1685 2977 hac
1709 2938 1827 2979 eam
1850 2934 2069 2981 cuncta-

480 2999 627 3057 tione
656 3002 936 3061 liberarem
958 3047 975 3075 ,
1002 3006 1325 3081 interrogavi
1354 3011 1456 3066 hoc
1496 3012 1856 3084 supradictum
1896 3015 2069 3072 homi-

477 3107 603 3150 nem
634 3095 747 3151 Dei.
771 3097 840 3153 At
862 3098 981 3156 ille:
1014 3100 1150 3166 Quid
1165 3119 1389 3175 possum,
1412 3104 1598 3175 inquit,
1623 3107 1739 3162 hinc
1764 3108 1942 3165 docere
1958 3127 2069 3166 am-

479 3186 617 3261 plius
654 3205 806 3261 quam
846 3191 955 3262 ipse
990 3193 1167 3263 facio?
1194 3194 1296 3251 Ubi
1324 3211 1424 3267 ego
1450 3206 1759 3267 putaveram
1786 3200 1918 3257 nihil
1943 3218 2066 3260 eum

479 3280 581 3336 ista
607 3286 954 3355 reSponsione
981 3289 1299 3359 pnecepisse
1317 3332 1331 3358 ,
1361 3290 1463 3345 nisi
1492 3301 1551 3346 ut
1577 3291 1797 3348 sabbato
1833 3296 2067 3366 prande-

477 3386 696 3439 remus;
741 3374 844 3432 hoc
877 3378 1071 3449 quippe
1112 3380 1284 3451 ipsum
1324 3381 1500 3439 facere
1539 3384 1936 3442 sciebam:sed
1978 3388 2066 3447 ille

480 3476 695 3523 Secutus
721 3469 936 3538 adjecit,
973 3471 1187 3539 Quando
1216 3475 1294 3529 hic
1318 3492 1455 3543 sum,
1486 3493 1585 3533 non
1608 3479 1792 3552 jejuno
1824 3482 2066 3550 sabbato;

479 3558 686 3627 quando
716 3560 896 3616 Roma:
920 3581 1053 3632 sum,
1069 3567 1250 3638 jejuno
1276 3566 1481 3623 sabbato
1505 3585 1524 3624 :
1548 3580 1595 3624 et
1619 3572 1687 3625 ad
1705 3588 2068 3643 quamcumque

479 3647 765 3707 Ecclesium
790 3655 1043 3723 veneritis,
1072 3657 1263 3728 inquit,
1292 3660 1402 3730 ejus
1430 3677 1618 3716 morem
1644 3673 1835 3720 servate
1854 3706 1869 3730 ,
1893 3666 1938 3720 si
1960 3666 2069 3738 pati

479 3740 781 3797 scandalum
802 3760 901 3800 non
930 3746 1079 3801 vultis
1098 3757 1187 3802 aut
1210 3752 1396 3820 facere.
1422 3750 1533 3807 Hoc
1563 3769 1880 3826 responsum
1906 3758 2066 3815 retuli

477 3832 548 3888 ad
572 3842 818 3905 matrem,
842 3838 998 3910 eique
1016 3839 1245 3909 suffecit,
1272 3858 1372 3899 uec
1390 3842 1648 3902 dubitavit
1666 3863 1786 3904 esse
1810 3850 2068 3906 obedien-

478 3922 607 3979 dum
632 3942 647 3980 :
678 3926 781 3984 hoc
809 3930 969 3987 etiam
991 3947 1086 3989 nos
1113 3934 1281 3990 secuti
1305 3950 1509 3993 sumus.
1538 3937 1641 3995 Sed
1664 3940 1910 4010 quoniam
1934 3958 2065 4001 con-

476 4016 667 4090 tingit,
700 4023 931 4080 maxime
960 4023 1016 4080 in
1041 4025 1252 4096 Africa,
1278 4035 1338 4084 ut
1370 4044 1473 4085 una
1500 4029 1737 4087 Ecclesia
1775 4033 1863 4090 vel
1906 4036 2064 4094 unius

476 4110 712 4181 regionis
739 4113 1015 4184 Ecclesiae,
1043 4117 1178 4174 alios
1207 4119 1438 4177 habeant
1467 4122 1688 4178 sabbato
1714 4126 2060 4196 prandentes,

475 4199 609 4257 alios
634 4202 971 4275 jejunantes;
1001 4224 1117 4265 mos
1139 4225 1322 4267 eorum
1344 4212 1475 4269 mihi
1499 4216 1804 4286 sequendus
1828 4218 2057 4290 videtur,

473 4294 668 4364 quibus
682 4313 865 4355 eorum
887 4302 1201 4370 populorum
1222 4298 1560 4378 congregatio
1578 4312 1806 4381 regenda
1822 4316 2063 4371 commis-

472 4398 535 4440 sa
560 4393 658 4440 est.
688 4387 1021 4461 Quapropter
1045 4393 1090 4447 si
1121 4396 1343 4451 consilio
1370 4413 1511 4467 meo,
1540 4402 1833 4468 praesertim
1856 4404 1978 4475 quia
2004 4405 2059 4461 in

412 4487 429 4543 ﬂ
471 4472 577 4530 hac
603 4490 763 4533 causa
792 4479 912 4549 plus
934 4480 1069 4537 forte
1098 4498 1257 4554 quam
1279 4487 1408 4542 satis
1433 4486 1550 4557 fuit,
1584 4497 1635 4546 te
1662 4472 1888 4561 petente.
1901 4504 2059 4567 atque

470 4578 713 4638 urgente,
756 4571 967 4630 locutus
1006 4590 1121 4631 sum
1146 4618 1162 4646 ,
1204 4576 1431 4635 libenter
1454 4584 1779 4653 acquiescis;
1810 4588 2059 4658 episcopo

472 4666 566 4714 tuo
588 4660 641 4717 in
671 4661 769 4719 hac
792 4679 850 4720 re
876 4665 986 4722 noli
1015 4670 1265 4726 resistere
1284 4713 1299 4737 ,
1341 4681 1396 4729 et
1422 4675 1561 4745 quod
1606 4676 1730 4734 facit
1766 4680 1913 4751 ipse,
1942 4682 2057 4739 sine

470 4752 585 4809 ullo
613 4756 863 4828 scrupulo
890 4759 974 4814 vel
1002 4759 1382 4833 disceptatione
1406 4775 1633 4825 sectare.

860 4850 1194 4909 EPISTOLA
1236 4853 1482 4913 XXXVII
1508 4862 1526 4883 ‘
1556 4858 1655 4934 (a).

474 4935 778 5015 Gratulatur
803 4941 1231 5015 sibiAugustinus
1247 4947 1519 5004 litterarias
1543 4968 1663 5006 suas
1690 4952 2058 5014 lucubrationes

543 5010 709 5093 legis:
730 5010 1053 5081 approbari'a
1074 5014 1447 5093 Simpliciano;
1472 5022 1674 5093 ejusque
1697 5040 1922 5080 censura:
1938 5010 2057 5083 sub;

678 5091 783 5167 tum
804 5094 1007 5166 steteras
1028 5102 1159 5167 suos
1172 5081 1344 5167 libros,
1368 5081 1473 5167 tuin
1491 5081 1581 5167 ξοδ
1593 5081 1725 5163 ’ᾳαοε
1740 5095 1803 5150 de
1821 5081 2058 5167 quastio-

547 5151 693 5208 nibus
717 5153 781 5209 ab
809 5155 920 5225 ipso
953 5158 1224 5227 propositis
1248 5151 1564 5232 conscripsit.

472 5244 700 5302 Domino
724 5245 1032 5304 beatissimo
1058 5258 1113 5305 et
1139 5253 1513 5309 venerabiliter
1540 5255 1900 5315 sincerissima
1926 5261 2056 5317 cha-

541 5336 698 5393 ritate
720 5338 1090 5407 amplectendo
1108 5342 1246 5410 patri
1268 5342 1608 5401 Smrucuuo
1636 5345 1713 5421 (b)
1739 5390 1755 5418 ,
1786 5350 2054 5408 Ancusrt-

540 5441 639 5481 NUS
661 5467 676 5491 ,
710 5426 763 5481 in
792 5427 1019 5483 Domino
1048 5430 1292 5488 salutem.

534 5515 554 5589 ξ
577 5522 755 5589 Deerat
770 5518 826 5589 in
857 5517 951 5589 hoc
983 5526 1133 5589 to_mo.
1167 5522 1249 5589 [sic
1271 5523 1399 5589 edita
1423 5531 1501 5576 est
1535 5525 1723 5580 collatis
1742 5535 1886 5581 antea
1920 5529 2058 5585 libris

469 5578 686 5690 Ennium
706 5578 889 5632 habent
918 5581 1163 5645 prensam
1184 5582 1323 5635 libris
1352 5589 1674 5650 quaestionum
1702 5578 2058 5658 adIIVSimplﬁia:

470 5700 696 5815 digiti.
712 5700 925 5815 ἐι
949 5718 964 5757 :
994 5719 1107 5772 quae
1136 5714 1302 5760 autem
1323 5711 1383 5761 57
1409 5718 1541 5775 erat,
1575 5727 1705 5767 nunc
1734 5715 1842 5767 109.
1877 5719 2057 5783 scripta

533 5825 607 5888 (ὁ)
630 5824 959 5892 simplicisnus
985 5831 1211 5889 Ecclesia
1240 5834 1608 5893 lediolanensis
1636 5842 1843 5896 antistes
1875 5843 2058 5897 beatis-

1720 306 1780 363 S.
1818 302 2186 365 AUGUSTINI
2221 305 2525 370 EPISCOPI

2182 502 2185 507 η
2251 427 2306 483 1.
2337 426 2530 486 Plenas
2556 426 2820 488 bonorum
2858 431 3173 505 gaudiorum
3214 435 3419 497 litteras
3438 479 3455 509 ,
3495 443 3642 514 quod
3680 449 3758 505 sis

2175 534 2384 576 memor
2404 522 2540 592 mei,
2586 538 2783 596 meque
2804 532 2867 581 ut
2890 528 3032 584 soles
3055 529 3263 602 diligas,
3292 547 3605 608 magnaeque
3631 554 3754 611 gra-

2179 615 2422 672 tulationi
2465 618 2560 675 tibi
2599 618 2669 675 sit
2708 620 2960 692 quidquid
3005 622 3061 677 in
3106 638 3194 679 me
3235 624 3498 684 donorum
3536 645 3757 691 suorum

2181 706 2441 765 Dominus
2467 710 2712 767 conferre
2735 711 2979 784 dignatus
3003 722 3085 769 est
3111 716 3473 776 misericordia
3505 736 3621 790 sua,
3646 740 3757 783 non

2176 802 2385 858 meritis
2408 805 2542 859 meis
2558 844 2573 871 ,
2617 805 2810 861 missas
2834 821 3055 862 munere
3079 806 3383 867 Sanctitatis
3406 821 3509 870 tua:
3533 819 3750 889 accepi:

2176 892 2231 949 in
2258 894 2450 965 quibus
2473 895 2719 952 allectum
2760 897 2813 952 in
2850 913 2936 954 me
2962 908 3239 969 paternum
3266 902 3334 959 de
3362 912 3454 960 tuo
3482 906 3757 980 benignis-

2178 985 2317 1041 simo
2359 986 2522 1044 corde
2566 1003 2674 1043 non
2710 992 3047 1060 repentinum
3087 1000 3142 1047 et
3182 1009 3389 1053 novum,
3422 996 3612 1066 hausi,
3658 1001 3756 1057 sed

2178 1085 2459 1150 expertum
2486 1093 2615 1135 sane
2645 1081 3019 1153 cognitumque
3060 1084 3331 1155 repetivi,
3372 1087 3587 1146 domine
3624 1082 3784 1147 bea?

2176 1172 2381 1228 tissime
2402 1214 2419 1242 ,
2464 1181 2519 1230 et
2554 1175 2927 1233 venerabiliter
2967 1176 3324 1236 sincerissima
3348 1181 3610 1241 charitate
3636 1200 3755 1242 am-

2171 1265 2470 1336 plectende.

2243 1359 2299 1415 2.
2327 1358 2481 1417 Unde
2506 1367 2682 1417 autem
2713 1369 2858 1420 tanta
2895 1372 3080 1422 exorta
3116 1372 3198 1422 est
3237 1364 3463 1426 felicitas
3497 1369 3755 1429 litterario

2172 1451 2343 1508 labori
2380 1462 2594 1520 nostro,
2627 1471 2733 1526 quo
2757 1456 2811 1511 in
2850 1457 3105 1514 librorum
3137 1462 3486 1531 quorumdam
3515 1466 3753 1520 conscri-

2170 1545 2353 1616 ptione
2395 1547 2733 1615 sudavimus,
2777 1558 2888 1606 uta
2936 1558 3022 1606 tua
3066 1551 3379 1624 Dignatione
3420 1555 3754 1627 legerentur?

2172 1638 2271 1694 nisi
2302 1639 2423 1711 quia
2452 1641 2737 1708 Dominus,
2779 1644 2865 1699 cui
2890 1644 3096 1699 subdita
3128 1654 3211 1701 est
3238 1647 3412 1702 anima
3435 1664 3590 1720 mea,
3621 1665 3753 1706 con-

2175 1730 2339 1787 solari
2377 1733 2543 1789 voluit
2567 1749 2721 1790 curas
2745 1752 2926 1804 meas,
2958 1745 3012 1792 et
3051 1753 3083 1793 a
3116 1740 3310 1797 timore
3337 1756 3618 1811 recreare,
3645 1759 3750 1815 quo

2172 1839 2260 1880 me
2284 1823 2336 1879 in
2385 1824 2578 1882 talibus
2619 1828 2869 1897 operibus
2911 1844 3131 1887 necesse
3166 1840 3248 1887 est
3288 1847 3407 1889 esse
3444 1835 3751 1902 sollicitum,

2174 1916 2364 1972 necubi
2393 1917 2528 1972 forte
2561 1918 2824 1975 indoctior
2848 1920 2931 1975 vel
2959 1921 3223 1978 incautior
3248 1964 3262 1988 ,
3288 1925 3530 1995 quamvis
3554 1925 3608 1981 in
3633 1928 3753 1998 pla~

2170 2016 2395 2072 nissimo
2434 2032 2623 2089 campo
2658 2018 2927 2085 veritatis,
2967 2020 3254 2076 offendam.
3298 2020 3433 2078 Cum
3478 2023 3619 2078 enim
3657 2024 3753 2080 tibi

2174 2109 2351 2180 placet
2385 2110 2527 2182 quod
2558 2111 2770 2181 scribo,
2810 2112 2934 2167 novi
2962 2113 3046 2168 cui
3076 2113 3318 2184 placeat;
3358 2116 3606 2186 quoniam
3634 2118 3755 2187 quis

2174 2208 2229 2255 te
2275 2199 2535 2257 inhabitet
2560 2202 2708 2257 novi.
2757 2202 2901 2258 Idem
2948 2205 3143 2275 quippe
3187 2208 3424 2261 omnium
3471 2222 3754 2263 munerum

2176 2292 2530 2364 spiritualium
2563 2294 2878 2351 distributor
2900 2304 3059 2368 atque
3083 2297 3302 2368 largitor
3328 2314 3425 2369 per
3452 2306 3598 2355 tuam
3624 2315 3751 2358 sen-

2173 2391 2391 2444 tentiam
2408 2390 2739 2446 conﬁrmabit
2753 2390 3106 2447 obedientiam
3123 2406 3315 2447 meam.
3334 2392 3595 2464 Quidquid
3610 2395 3754 2450 enim

2178 2480 2374 2537 habent
2399 2482 2485 2537 illa
2520 2483 2716 2554 scripta
2752 2484 3104 2540 delectatione
3133 2492 3221 2540 tua
3250 2485 3502 2556 dignum,
3550 2486 3602 2541 in
3633 2501 3753 2542 meo

2176 2574 2472 2630 ministerio
2511 2574 2643 2630 dixit
2680 2576 2849 2644 Deus,
2892 2576 3037 2640 Fiat,
3078 2586 3135 2632 et
3170 2576 3368 2632 factum
3409 2585 3492 2634 est
3523 2595 3537 2635 :
3566 2577 3620 2633 in
3664 2586 3750 2634 tua

2172 2680 2301 2721 vero
2344 2665 2724 2736 approbatione
2768 2666 2901 2724 vidit
2926 2668 3066 2724 Deus
3092 2668 3216 2740 quia
3252 2668 3451 2726 bonum
3474 2677 3557 2726 est
3591 2668 3751 2744 (Gen.

2171 2773 2224 2827 ι,
2260 2759 2324 2825 5,
2367 2757 2455 2831 4).

2244 2852 2296 2907 5.
2330 2850 2752 2919 Quaestiunculas
2767 2867 2917 2923 sane,
2944 2868 3078 2926 quas
3098 2853 3227 2910 mihi
3246 2853 3755 2926 enodandasjubere

2174 2947 2423 3019 dignatus
2449 2962 2527 3014 es,
2561 2948 2661 3003 etsi
2689 2964 2810 3005 mea
2838 2949 3084 3004 tarditate
3104 2949 3403 3020 implicatus
3429 2965 3533 3004 non
3560 2950 3755 3005 intelli~

2170 3055 2350 3112 gerem
2371 3082 2387 3109 ,
2438 3041 2541 3095 tuis
2578 3041 2784 3097 meritis
2825 3040 3034 3112 adjutus
3057 3041 3343 3112 aperirem.
3372 3040 3597 3097 Tantum
3626 3040 3755 3098 illud

2172 3147 2384 3203 quaeso,
2424 3140 2485 3187 ut
2512 3146 2611 3203 pro
2636 3147 2754 3188 mea
2795 3131 3100 3187 inﬁrmitate
3137 3130 3444 3202 depreceris
3469 3131 3635 3188 Deum
3655 3172 3670 3196 ,
3701 3141 3755 3187 et

2170 3223 2284 3280 sive
2319 3224 2372 3278 in
2415 3224 2478 3279 iis
2518 3225 2709 3295 quibus
2746 3240 2832 3279 me
2874 3239 3124 3280 exercere
3164 3223 3392 3295 benigne
3430 3232 3754 3295 paterneque

2173 3316 2422 3383 voluisti,
2454 3316 2566 3371 sive
2591 3316 2642 3370 in
2673 3315 2791 3371 aliis
2827 3332 3174 3388 quaecumque
3196 3326 3381 3372 nostra
3407 3318 3461 3372 in
3493 3328 3606 3371 tuas
3630 3331 3751 3372 san-

2171 3419 2286 3468 ctas
2325 3427 2515 3469 manus
2553 3412 2690 3468 forte
2726 3413 3100 3484 pervenerint,
3148 3414 3270 3485 quia
3308 3414 3444 3470 sicut
3470 3414 3563 3470 Dei
3605 3412 3750 3483 data,

2171 3503 2249 3559 sic
2284 3504 2448 3559 etiam
2491 3519 2612 3561 mea
2650 3514 2824 3560 errata
2862 3520 3156 3577 cognosco,
3207 3521 3315 3561 non
3355 3507 3526 3562 solum
3567 3521 3749 3562 curam

2174 3596 2402 3667 legentis
2445 3596 2753 3667 impendas,
2798 3596 2894 3654 sed
2931 3598 3090 3654 etiam
3130 3614 3410 3656 censuram
3434 3600 3749 3673 corrigentis

2173 3703 2432 3745 assumas.
2466 3688 2613 3745 Vale.

2560 3804 2893 3863 EPISTOLA
2931 3804 3201 3863 XXXVIII
3223 3808 3240 3832 ⁶
3268 3805 3367 3883 (ιι).

2170 3898 2480 3972 Augustinus
2509 3898 2812 3972 Profuturo,
2841 3899 2903 3954 de
2924 3900 3188 3955 toleranda
3202 3900 3412 3955 adversa
3430 3899 3743 3970 valetudine;

2403 3991 2466 4046 de
2492 4001 2651 4047 morte
2678 3991 2887 4064 Megalii
2905 4033 2921 4061 ,
2950 4001 2996 4047 et
3020 3992 3083 4047 de
3109 3992 3384 4047 cohibenda
3406 3993 3504 4048 ira.

2493 4108 2666 4165 Fratri
2701 4110 3018 4168 Pnoru-runo
3066 4113 3421 4171 Auensruvus.

2244 4227 2296 4283 1.
2333 4226 2634 4284 Secundum
2666 4229 2945 4300 spiritum,
2986 4238 3240 4301 quantum
3281 4232 3506 4289 Domino
3548 4233 3742 4305 placet,

2166 4325 2325 4391 atque
2365 4319 2506 4376 vires
2549 4320 2663 4391 ipse
2707 4322 2950 4393 prtehere
2996 4322 3275 4393 dignatur,
3330 4333 3475 4379 recte
3516 4338 3741 4394 sumus;

2166 4424 2393 4481 corpore
2445 4419 2663 4479 autem,
2708 4425 2807 4482 ego
2851 4413 2903 4466 in
2951 4412 3090 4467 lecto
3137 4428 3274 4468 sum.
3320 4412 3427 4468 Nec
3470 4414 3744 4472 ambulare

2164 4506 2306 4562 enim
2328 4546 2342 4571 ,
2391 4519 2492 4560 nec
2528 4513 2670 4558 stare
2694 4544 2709 4571 ,
2745 4518 2842 4558 nec
2879 4505 3068 4560 sedere
3100 4520 3314 4575 possum
3335 4547 3350 4572 ,
3387 4505 3633 4577 rhagadis
3658 4510 3744 4566 vel

2164 4596 2452 4654 exochadis
2479 4596 2664 4651 dolore
2687 4605 2741 4651 et
2770 4606 2979 4652 tumore
3004 4597 3099 4669 (b).
3140 4596 3247 4654 Sed
3276 4598 3434 4653 etiam
3465 4600 3543 4655 sic
3562 4644 3577 4667 ,
3604 4618 3741 4673 quo-

2163 4689 2307 4746 niam
2334 4688 2388 4745 id
2409 4689 2632 4745 Domino
2653 4690 2842 4760 placet,
2869 4688 2995 4760 quid
3022 4688 3165 4746 aliud
3196 4690 3477 4747 dicendum
3508 4702 3610 4762 est,
3640 4695 3740 4752 nisi

2160 4783 2286 4855 quia
2308 4790 2453 4839 recte
2473 4780 2693 4837 sumus?
2718 4781 2898 4836 Potius
2918 4782 3060 4837 enim
3083 4783 3127 4838 si
3153 4782 3204 4837 id
3225 4783 3472 4840 nolumus
3491 4787 3631 4856 quod
3654 4788 3739 4843 ille

2162 4877 2293 4946 vult,
2313 4891 2411 4933 nos
2437 4875 2681 4947 culpandi
2707 4889 2909 4943 sumus,
2937 4890 3098 4947 quam
3124 4877 3213 4933 ille
3238 4892 3343 4933 non
3368 4889 3516 4936 recte
3538 4864 3757 4953 aliquid"

2160 5037 2281 5087 simo
2307 5034 2549 5103 successit
2584 5033 2826 5103 Ambrosio
2843 5068 2859 5095 ,
2886 5033 3060 5103 exlib.
3086 5034 3118 5085 2
3136 5042 3377 5103 _ue_tract.,
3414 5049 3459 5086 c.
3487 5038 3533 5098 1,
3561 5051 3741 5103 nempe

2158 5110 2285 5163 anno
2307 5099 2417 5163 597.
2433 5104 2543 5145 Nam
2560 5098 2831 5163 ambrosius
2841 5096 3002 5163 pridie
3025 5098 3278 5163 Paschatis,
3297 5096 3435 5163 juxta
3456 5096 3739 5163 scriptorem

2158 5111 2285 5150 anno
2307 5111 2394 5148 '09!
2406 5134 2417 5145 .
2434 5111 2543 5145 nam
2560 5111 3002 5206 mntirosmsgirtate
3027 5111 3278 5158 Pascnaus,
3297 5111 3435 5162 juxta
3456 5111 3739 5163 scriptorem

2157 5161 2313 5222 ipsius
2332 5157 2746 5227 vitasl’aulinum',
2764 5158 2835 5227 tie
2854 5166 3028 5209 unctus
3051 5167 3153 5221 est;
3177 5160 3259 5209 die
3295 5159 3481 5227 scilicet
3502 5163 3537 5227 4
3558 5165 3739 5227 aprilis,

2160 5192 3742 5333 Ei'girlﬁéggliééﬁfda‘éiﬁﬁ?iSiéni'ﬁiwih'sﬁi-iib

2160 5286 2251 5333 mei
2286 5286 2325 5333 it
2343 5296 2423 5333 an.
2545 5318 2557 5330 .

2162 5285 2325 5334 incidit
2343 5296 2423 5333 an.
2448 5285 2557 5331 597.

2158 5297 2325 5334 meum
2343 5297 2423 5333 an.
2448 5297 2557 5331 om.

2223 5347 2241 5365 "
2261 5345 2619 5412 necoguitaest
2638 5343 2699 5393 ad
2720 5357 2765 5395 a.
2790 5358 2839 5395 a.
2870 5346 2956 5410 bg.
2974 5345 3043 5412 bl.
3068 5360 3111 5397 c.
3137 5359 3207 5397 cc.
3227 5346 3284 5412 π.
3309 5361 3361 5411 g.
3386 5361 3468 5412 gv.
3492 5361 3543 5398 n.
3567 5363 3610 5399 r.
3636 5363 3678 5401 s.
3700 5358 3738 5403 t.

2156 5421 2234 5461 vc.
2258 5408 2339 5459 vd.
2361 5407 2577 5470 duossb.
2594 5414 2799 5470 quatuor
2813 5423 2861 5459 v.
2881 5407 2934 5458 et
2946 5409 3007 5458 ad
3024 5418 3123 5458 Am.
3149 5410 3257 5459 Bad.
3274 5407 3350 5458 EE.
3374 5407 3482 5461 [ἴον.

2221 5471 2293 5544 (α)
2309 5470 2433 5519 Alias
2448 5468 2538 5519 149
2559 5468 2698 5533 :qute
2718 5477 2884 5521 autem
2905 5470 2968 5521 58
2990 5477 3113 5532 erat,
3136 5484 3264 5521 nunc
3286 5471 3393 5521 215.
3417 5474 3596 5537 scripta
3616 5475 3741 5525 circa

2221 5533 2373 5582 adium
2393 5544 2473 5581 an.
2497 5533 2607 5582 597.

2157 5544 2373 5583 meatum
2393 5544 2473 5581 an.
2497 5544 2607 5582 397.

2222 5595 2294 5668 (ὁ)
2320 5594 2567 5668 nhagades
2602 5600 2654 5645 et
2691 5595 2966 5668 exocbades
2999 5605 3029 5668 a_
3063 5594 3265 5645 medicis
3297 5595 3578 5668 referuntur
3614 5599 3743 5650 inter

2159 5658 2272 5724 vitia
2294 5658 2426 5724 sedis
2452 5670 2463 5705 :
2490 5670 2634 5724 rogas
2656 5658 2843 5724 scilicet
2876 5669 2905 5705 a
2928 5659 3079 5707 verbo
3100 5669 3449 5724 resso_rumpo_,
3474 5658 3643 5711 ﬁssura
3666 5669 3743 5713 est

2158 5721 2285 5770 circa
2305 5721 2477 5770 sedem
2500 5720 2736 5782 in'venis,
2762 5731 2872 5782 quae
2894 5732 2921 5767 a
2944 5721 3191 5782 sanguinis
3218 5720 3372 5769 ﬂuore
3394 5720 3617 5772 dicuntur
3639 5724 3741 5774 bte-

2158 5782 2459 5847 morrhoides
2474 5796 2491 5847 ;7
2504 5780 2719 5847 ieajochas
2746 5780 2866 5847 vero
2887 5780 3151 5847 abexecho
3173 5784 3385 5847 emineo,
3409 5788 3568 5836 tumor
3591 5794 3669 5838 est
3690 5787 3742 5837 in

2157 5844 2298 5910 sede,
2323 5845 2463 5896 venis
2483 5845 2654 5896 iisdem
2676 5843 3075 5906 prominentibus.
