4080 6346
256 503 345 562 vel
386 499 569 557 facere
611 490 699 549 vel
738 487 917 546 sinere
958 478 1346 543 existimandus
1388 486 1494 536 est.
1540 477 1692 535 Nosti
1734 476 1852 532 haec

260 594 443 655 omnia
477 610 493 648 :
523 587 623 646 sed
657 585 780 658 quia
818 579 951 639 mibi
983 593 1043 635 es
1092 576 1229 631 alter
1260 587 1396 645 ego,
1436 570 1564 643 quid
1602 570 1854 627 libentius

261 699 444 748 tecum
462 684 716 754 loquerer
734 720 751 746 ,
778 675 880 732 nisi
906 670 1050 745 quod
1072 683 1282 726 mecum
1307 664 1528 738 loquor?
1566 663 1857 721 Commen-

259 783 456 846 damus
492 788 623 846 ergo
646 767 845 826 sanctis
867 762 1196 821 orationibus
1223 758 1328 815 tuis
1355 765 1409 813 et
1435 756 1553 812 dies
1585 763 1641 812 et
1666 762 1856 810 noctes

251 838 504 935 ’nostras,
531 838 591 922 ut
617 862 783 920 oretis
811 874 910 932 pro
936 856 1113 923 nobis,
1144 868 1212 910 ne
1234 852 1422 908 diebus
1441 850 1858 920 intemperanter

256 972 509 1026 utamur,
550 965 612 1012 ut
633 962 819 1011 noctes
847 964 1000 1022 aequo
1026 948 1205 1003 animo
1230 944 1540 1006 toleremus,
1569 950 1628 997 ut
1650 939 1857 997 etiamsi

269 1051 614 1109 ambulemus
642 1046 697 1100 in
742 1041 919 1098 medio
964 1039 1170 1095 umbrae
1209 1034 1396 1092 mortis
1419 1075 1436 1104 ,
1476 1033 1753 1090 nobiscum
1789 1031 1859 1087 sit

264 1145 534 1202 Dominus
575 1154 643 1194 ne
681 1136 963 1191 timeamus
992 1130 1151 1187 mala.

330 1236 391 1291 2.
414 1231 572 1303 Quod
601 1244 767 1285 senex
790 1225 1041 1297 Megalius
1072 1222 1150 1295 (a)
1177 1219 1460 1277 defunctus
1483 1217 1589 1287 sit,
1630 1217 1740 1289 jam
1764 1227 1860 1273 vos

264 1328 487 1386 audisse
509 1325 631 1396 quis
656 1318 898 1378 dubitet?
942 1319 1107 1373 Erant
1146 1315 1289 1372 enim
1327 1329 1357 1369 a
1384 1312 1713 1383 depositione
1741 1326 1862 1367 cor-

266 1421 415 1494 poris
452 1418 572 1489 ejus
595 1458 609 1482 ,
639 1430 760 1471 cum
788 1412 904 1468 htec
942 1409 1231 1465 scriberem
1256 1449 1272 1475 ,
1321 1406 1433 1462 dies
1472 1404 1641 1461 ferme
1680 1403 1861 1475 viginti

265 1523 514 1587 quatuor.
546 1510 731 1566 Utrum
754 1507 865 1578 jam
891 1503 1089 1559 videris
1121 1503 1163 1569 ³,
1193 1499 1513 1571 disponebas
1535 1497 1700 1562 enim,
1740 1509 1862 1552 suc-

265 1621 537 1665 cessorem
554 1605 815 1675 primatus
832 1601 969 1671 ejus,
989 1599 1035 1654 si
1062 1597 1175 1652 fieri
1195 1602 1387 1667 potest,
1412 1609 1569 1650 nosse
1589 1593 1857 1648 volumus.

265 1702 378 1758 Non
392 1700 593 1756 desunt
612 1695 880 1763 scandala,
902 1691 997 1749 sed
1017 1705 1189 1762 neque
1207 1687 1473 1761 refugium
1493 1706 1509 1755 ;
1540 1702 1646 1742 non
1666 1687 1863 1743 desunt

266 1807 529 1851 maerores
547 1833 564 1858 ,
594 1790 689 1847 sed
718 1803 891 1860 neque
917 1784 1330 1841 consolationes.
1371 1782 1543 1852 Atque
1568 1780 1709 1836 inter
1745 1778 1862 1835 hmo

265 1902 428 1958 quam
476 1881 803 1955 vigilandum
850 1879 951 1942 sit,
1000 1892 1069 1932 ne
1106 1876 1418 1947 cujusquam
1464 1872 1645 1929 odium
1684 1871 1860 1927 cordis

268 1979 460 2034 intima
490 1984 704 2040 teneat,
749 1985 923 2043 neque
949 1970 1089 2025 sinat
1112 1977 1172 2023 ut
1198 1981 1411 2023 oremus
1441 1966 1607 2021 Deum
1635 1965 1689 2020 in
1714 1964 1862 2020 cubi-

268 2073 391 2129 culo
417 2080 608 2126 nostro
632 2069 813 2124 clauso
838 2065 977 2121 ostio
1011 2062 1222 2135 (Matth.
1252 2076 1340 2129 vt,
1369 2060 1459 2132 6),
1489 2058 1586 2116 sed
1605 2059 1860 2114 adversus

268 2166 443 2235 ipsum
473 2164 644 2217 Deum
685 2158 897 2216 claudat
934 2156 1126 2211 ostium
1149 2195 1167 2222 ,
1208 2153 1389 2223 nosti,
1430 2152 1631 2222 optime
1663 2149 1856 2206 frater:

270 2257 520 2330 subrepit
543 2262 721 2311 autem
746 2294 764 2321 ,
799 2252 923 2308 dum
963 2249 1099 2305 nulli
1138 2247 1389 2303 irascenti
1428 2247 1503 2301 ira
1531 2260 1627 2301 sua
1651 2244 1862 2301 videtur

270 2351 490 2420 injuste.
544 2348 621 2402 ita
665 2345 808 2401 enim
849 2344 1242 2398 inveteraseens
1280 2339 1357 2393 ira
1388 2338 1447 2393 fit
1481 2338 1662 2393 odium
1683 2380 1699 2406 ,
1733 2338 1862 2394 dum

272 2440 424 2512 quasi
455 2437 584 2508 justi
625 2434 829 2491 doloris
865 2432 1097 2487 admixta
1136 2429 1394 2495 dulcedo,
1436 2427 1633 2483 diutius
1661 2442 1778 2483 eam
1806 2427 1861 2483 in

263 2548 392 2588 vase
413 2532 639 2596 detinet,
666 2528 839 2583 donec
855 2534 1022 2581 totum
1043 2532 1282 2586 acescat,
1313 2535 1513 2592 vasque
1536 2528 1858 2590 corrumpat.

268 2625 612 2695 Quapropter
636 2620 806 2675 multo
835 2617 1024 2673 melius
1043 2657 1059 2685 ,
1090 2630 1191 2671 nec
1222 2614 1365 2685 juste
1407 2613 1652 2683 cuiquam
1681 2613 1864 2667 irasci-

268 2733 428 2785 mur,
477 2730 638 2786 quam
666 2712 813 2769 velut
836 2710 979 2780 juste
1020 2706 1300 2763 irascendo
1336 2705 1387 2761 in
1421 2705 1643 2776 alicujus
1680 2706 1862 2761 odium

270 2809 362 2866 ira:
392 2808 606 2864 occulta
632 2804 887 2861 facilitate
916 2801 1234 2857 delabimur.
1278 2797 1339 2854 In
1363 2797 1684 2869 recipiendis
1719 2798 1863 2854 enim

276 2900 582 2972 hospitibus
606 2896 823 2969 ignotis,
854 2893 1089 2949 solemus
1108 2890 1307 2957 dicere,
1336 2890 1505 2945 multo
1529 2904 1649 2946 esse
1671 2889 1864 2947 melius

277 2994 487 3050 malum
517 2991 790 3045 hominem
816 2986 1041 3058 perpeti,
1073 2999 1231 3056 quam
1262 2982 1481 3039 forsitan
1498 2999 1595 3055 per
1614 2984 1864 3055 ignoran-

272 3086 403 3142 tiam
433 3083 650 3140 excludi
676 3081 899 3145 bonum,
925 3078 1051 3134 dum
1076 3090 1327 3132 cavemus
1351 3092 1420 3132 ne
1438 3076 1729 3146 recipiatur
1747 3090 1864 3131 ma-

269 3177 351 3233 lus
380 3196 395 3233 :
428 3176 527 3232 sed
562 3175 617 3230 in
655 3171 933 3229 affectibus
970 3170 1132 3225 animi
1155 3178 1341 3225 contra
1371 3176 1471 3225 est.
1502 3167 1635 3224 Nam
1663 3169 1866 3225 incom-

276 3267 592 3342 parabiliter
620 3264 883 3320 salubrius
912 3268 998 3319 est
1028 3262 1188 3318 etiam
1215 3261 1307 3316 irtc
1330 3260 1471 3330 juste
1494 3260 1726 3331 pulsanti
1757 3275 1864 3316 non

275 3362 490 3433 aperire
523 3357 801 3431 penetrale
839 3354 1050 3422 cordis,
1082 3368 1241 3425 quam
1269 3352 1551 3408 admittere
1578 3366 1684 3407 non
1710 3350 1865 3409 facile

270 3467 648 3517 recessuram,
690 3460 743 3506 et
766 3457 1141 3522 perventuram
1175 3445 1245 3502 de
1276 3444 1488 3501 surculo
1529 3444 1596 3500 ad
1638 3445 1862 3501 trabem.

270 3544 453 3600 Audet
481 3544 680 3614 quippe
707 3539 1044 3611 impudenter
1062 3539 1228 3593 etiam
1257 3551 1500 3593 crescere
1526 3536 1683 3592 citius
1706 3552 1863 3608 quam

269 3645 510 3710 putatur.
556 3634 675 3691 Non
701 3634 844 3690 enim
871 3632 1138 3689 erubescit
1162 3632 1215 3686 in
1242 3630 1477 3686 tenebris
1497 3672 1511 3698 ,
1554 3645 1676 3685 cum
1706 3644 1867 3700 super

272 3746 392 3788 eam
420 3731 503 3786 sol
529 3730 785 3786 occiderit
803 3728 963 3802 (Eph.
986 3742 1065 3797 1v,
1086 3726 1202 3800 26).
1221 3728 1431 3783 Recolis
1455 3736 1597 3784 certe
1617 3742 1721 3799 qua
1737 3742 1868 3791 cura

270 3832 328 3879 et
350 3831 553 3895 quanta
575 3821 933 3879 sollicitudine
958 3822 1058 3876 ista
1089 3820 1414 3891 scripserim,
1447 3822 1492 3877 si
1515 3821 1710 3879 recolis
1737 3821 1866 3894 quid

270 3932 489 3974 mecum
512 3931 684 3990 nuper
704 3916 758 3971 in
786 3914 974 3971 itinere
998 3914 1228 3985 quodam
1250 3914 1458 3970 locutus
1477 3915 1571 3970 sis.

341 4010 399 4064 3.
434 4007 679 4064 Fratrem
704 4007 961 4064 Severum
984 4049 999 4074 ,
1036 4014 1090 4062 et
1108 4006 1198 4077 qui
1226 4020 1346 4062 cum
1372 4021 1438 4062 co
1467 4015 1620 4075 sunt,
1662 4007 1864 4064 saluta-

275 4116 418 4157 mus.
448 4101 624 4156 Etiam
644 4099 869 4155 fortasse
891 4099 1019 4170 ipsis
1041 4098 1425 4164 scriberemus,
1450 4099 1494 4153 si
1524 4115 1619 4169 pcr
1647 4098 1866 4155 festina-

273 4195 481 4249 tionem
502 4192 788 4263 perlatoris
808 4191 1017 4247 liceret.
1039 4190 1170 4245 Peto
1185 4200 1362 4245 autem
1382 4198 1441 4244 ut
1459 4190 1597 4260 apud
1617 4191 1863 4247 eumdem

275 4286 497 4342 fratrem
533 4295 773 4340 nostrum
802 4284 1096 4350 Victorem,
1128 4282 1213 4337 cui
1235 4297 1335 4352 ago
1363 4283 1523 4338 etiam
1552 4283 1690 4354 apud
1720 4291 1865 4339 tuam

275 4380 631 4435 Sanctitatem
659 4378 854 4449 gratias
877 4375 1017 4447 quod
1043 4374 1445 4431 Constantinam
1476 4388 1595 4429 cum
1621 4383 1868 4446 pergeret

273 4473 549 4539 indicavit,
582 4470 811 4543 petendo
824 4461 1045 4539 adjuves
1069 4476 1287 4541 propter
1300 4466 1570 4539 negotium
1592 4467 1733 4539 quod
1752 4468 1866 4539 ipse

278 4566 451 4633 novit,
487 4564 558 4620 de
586 4579 693 4635 quo
719 4561 1091 4634 gravissimum
1120 4559 1328 4632 pondus
1348 4575 1444 4631 pro
1464 4574 1525 4616 ea
1550 4574 1612 4616 re
1637 4560 1865 4616 multum

275 4654 618 4730 deprecantis
661 4653 893 4710 Nectarii
944 4653 1161 4722 majoris
1206 4651 1401 4723 patior,
1446 4666 1544 4723 per
1591 4650 1865 4708 Calamam

274 4764 518 4807 remeare
543 4763 613 4805 ne
635 4755 886 4821 gravetur
917 4763 932 4802 :
960 4745 1040 4806 sic
1062 4744 1205 4802 enim
1230 4744 1473 4817 promisit
1500 4744 1649 4801 mihi.
1676 4744 1826 4801 Vale.

278 5015 293 5026 .
336 4954 354 4986 ι
378 4959 515 5026 Loy_.,
530 4952 786 5025 iuveneris.
807 4958 862 5005 At
882 4951 992 5003 Bad.
1022 4958 1123 5003 Am.
1153 4954 1227 5001 tr.
1255 4956 1308 5003 et
1327 4955 1437 5002 Mss.
1461 4950 1824 5015 quatuordecim
1847 4985 1865 5014 ,

338 5102 412 5164 (α)
435 5102 525 5170 Ηξίξ
553 5100 787 5170 Megalius
815 5099 1107 5170 Calgmensis
1140 5099 1394 5170 episcopus
1427 5103 1479 5170 et
1499 5096 1728 5170 Numidiae
1764 5099 1865 5170 pri:

414 5165 495 5213 cui
513 5165 564 5212 in
587 5159 863 5227 episcopatu
877 5162 1017 5227 forte,
1031 5159 1574 5227 Possidius,_in_primatu
1596 5159 1779 5227 autem;
1791 5163 1866 5214 uti

270 5238 342 5274 ex
364 5222 500 5275 conc.
526 5222 889 5287 carthagihensi
911 5224 1134 5287 anni_597
1160 5222 1476 5287 intelligitur,
1500 5224 1867 5287 Crescentianus

266 5289 529 5352 arceessit,
552 5295 596 5336 S.
622 5285 937 5352 Augustinum
959 5285 1194 5352 ordinavit
1217 5286 1519 5352 episcomtm;
1546 5298 1655 5352 cum
1676 5285 1725 5333 in
1751 5298 1865 5352 eum

267 5354 442 5412 tamen
456 5351 613 5400 adhuc
626 5346 963 5412 presbyterum
980 5346 1231 5412 epistolam
1251 5346 1525 5409 scripSisiet
1547 5347 1714 5412 iratus,
1729 5349 1867 5412 Cujus

268 5410 469 5472 injuria:
504 5409 697 5473 veniam
730 5409 1022 5473 deprecatus
1052 5410 1101 5458 in
1120 5409 1698 5473 iepisooporumgooqcilio
1736 5409 1866 5473 calu-

266 5470 458 5521 mniam
474 5478 525 5523 et
540 5470 813 5523 falsitatem’
820 5473 998 5531 scripto
1013 5470 1364 5531 condemnavit,
1385 5484 1449 5520 ex
1474 5471 1557 5520 lib.
1572 5472 1603 5519 5
1615 5478 1744 5522 cont.
1770 5471 1862 5523 litt.

268 5534 576 5597 Pet_iliani,c.
606 5534 681 5595 16,
704 5548 754 5583 n.
783 5534 867 5597 l9;
886 5534 970 5585 lib.
993 5534 1520 5597 §_cont.7§:resconium,
1543 5548 1587 5585 c.
1612 5534 1692 5594 80,
1708 5548 1757 5583 n.
1783 5534 1863 5597 92,

269 5603 330 5660 et
354 5595 441 5645 lib.
459 5594 632 5648 (cont.
659 5595 965 5660 eumdem,ic.
989 5595 1070 5656 64,
1094 5594 1355 5660 n.79,__etc.
1380 5603 1479 5646 Huc
1501 5596 1688 5660 fortean
1709 5594 1866 5660 respi-l

266 5629 1073 5723 amatamamatam
1084 5629 1867 5723 suarumsuarum:

267 5720 544 5787 gustinds:
575 5720 712 5775 iuon
731 5722 910 5775 desunt
930 5720 1210 5785 scandala,»
1242 5728 1337 5773 etc.

1465 343 1950 422 ertsrounun
1985 360 2263 421 CLASSIS
2298 361 2366 419 ιι.

3432 374 3540 435 154

2355 492 2702 554 EPISTOLA
2739 495 2964 556 xxxux
2987 500 3009 526 ί
3033 498 3135 574 (a).

1958 607 2303 682 Hieronymus
2332 609 2632 683 Augustino,
2654 613 3007 668 commendans
3034 614 3113 670 illi
3137 613 3466 689 Prtesidium,
3494 628 3542 676 et

2405 700 2595 757 salvere
2622 702 2808 773 jubens
2832 703 3094 776 Alypium.

2008 810 2227 869 Domino
2254 828 2367 868 vere
2391 822 2564 869 sancto
2592 822 2641 871 et
2666 815 2950 872 beatissimo
2986 835 3136 892 papa
3170 820 3469 880 Ancusrmo
3486 862 3504 891 ,

2283 911 2620 969 HIERONYIUS
2639 954 2654 979 ,
2680 912 2735 969 in
2756 912 2957 970 Christo
2982 914 3219 971 salutem.

2035 1023 2187 1081 CAP.
2210 1023 2494 1083 PRIMUM.
2508 1058 2579 1068 —
2600 1028 2652 1083 1.
2672 1027 2819 1083 Anno
2835 1030 3108 1099 praeterito,
3127 1048 3215 1103 per
3231 1033 3439 1105 fratrem
3453 1050 3546 1090 no-

1962 1124 2124 1175 strum
2144 1118 2391 1174 Asterium
2415 1120 2819 1191 hypodiaconum
2845 1122 3140 1195 Dignationi
3168 1134 3269 1182 tute
3283 1126 3545 1197 epistolam

1963 1212 2215 1277 miseram,
2243 1221 2529 1284 promptum
2550 1213 2764 1269 reddens
2782 1215 3100 1272 salutationis
3119 1218 3368 1289 ofﬁcium;
3396 1236 3547 1289 quam

1966 1303 2054 1358 tibi
2070 1305 2287 1359 arbitror
2305 1304 2575 1359 redditam.
2606 1304 2761 1360 Nunc
2776 1323 2967 1378 quoque
2987 1325 3076 1380 per
3093 1318 3319 1364 sanctum
3340 1314 3547 1381 fratrem

1966 1415 2132 1452 meum
2160 1397 2467 1453 Praesidium
2495 1399 2782 1465 diaconum,
2816 1398 3016 1453 obsecro
3042 1401 3260 1472 primunt
3287 1410 3343 1457 ut
3364 1401 3545 1457 menti-

1965 1492 2099 1547 neris
2123 1492 2219 1547 mei
2248 1507 2267 1547 :
2296 1491 2476 1545 deinde
2512 1500 2567 1546 ut
2608 1491 2833 1562 bajulum
2868 1491 3147 1546 litterarum
3185 1493 3367 1549 habeas
3402 1510 3543 1549 com-

1966 1582 2286 1650 mendatum,
2316 1592 2362 1637 et
2386 1583 2509 1637 mihi
2540 1584 2672 1639 scias
2698 1584 3135 1654 germanissimum
3153 1626 3169 1650 ,
3199 1585 3315 1639 etin
3340 1585 3547 1653 quibus-

1967 1690 2178 1744 cumque
2203 1675 2471 1730 necessitas
2497 1673 2849 1745 postulaverit,
2882 1679 3049 1746 foveas
3085 1683 3233 1746 atque
3269 1685 3550 1743 sustentes;

1965 1782 2067 1821 non
2089 1782 2189 1836 quo
2211 1766 2383 1838 aliqua
2407 1782 2462 1820 re
2506 1765 2727 1839 (Christo
2756 1764 3027 1837 tribuente)
3052 1765 3303 1837 indigeat,
3335 1765 3422 1820 sed
3450 1782 3550 1836 quo

1965 1857 2209 1913 bonorum
2245 1858 2493 1912 amicitias
2520 1858 2806 1913 avidissime
2836 1865 3064 1930 expetat,
3103 1866 3150 1911 et
3173 1872 3227 1911 se
3251 1857 3305 1912 in
3324 1857 3403 1911 his
3428 1874 3551 1911 con-

1956 1951 2234 2024 jungendis
2256 1951 2534 2006 maximum
2561 1958 2697 2022 putet
2725 1950 3020 2019 beneﬁcium
3061 1959 3401 2005 consecutum.
3448 1948 3553 2007 Cur

1963 2050 2132 2096 autem
2158 2041 2225 2095 ad
2249 2040 2571 2098 Occidentem
2591 2041 2933 2113 navigaverit,
2958 2041 3070 2113 ipso
3094 2042 3283 2115 poteris
3314 2050 3554 2098 narrante

1963 2151 2277 2207 cognoscere.

2034 2226 2189 2283 CAP.
2222 2226 2285 2281 ll.
2312 2254 2386 2268 —-
2438 2226 2495 2283 2.
2521 2223 2634 2280 Nos
2657 2224 2714 2280 in
2746 2224 3049 2281 monasterio
3077 2226 3363 2296 constituti,
3400 2226 3555 2286 variis

1966 2320 2083 2375 hinc
2104 2319 2222 2374 inde
2252 2318 2484 2390 [luctibus
2504 2318 2778 2390 quatimur,
2802 2328 2851 2375 et
2866 2320 3283 2393 peregrinationis
3302 2320 3555 2377 molestias

1965 2412 2291 2467 sustinemus.
2339 2410 2448 2467 Sed
2472 2411 2723 2465 credimus
2750 2411 2804 2465 in
2829 2427 2888 2466 eo
2906 2412 2995 2483 qui
3020 2412 3181 2479 dixit,
3215 2429 3234 2464 ι
3268 2410 3555 2481 Conﬁdite;

1965 2521 2057 2576 ego
2078 2505 2175 2559 vici
2202 2504 2447 2558 mundum
2468 2520 2487 2556 ι
2522 2502 2702 2573 (loan.
2730 2518 2848 2570 xvr,
2880 2504 2997 2576 33),
3027 2504 3162 2575 quod
3180 2505 3291 2575 ipso
3311 2502 3557 2560 tribuente

1966 2605 2012 2652 et
2034 2597 2270 2668 prtesule,
2298 2603 2473 2650 contra
2494 2595 2685 2650 hostem
2713 2594 2969 2650 diabolum
2996 2596 3254 2651 victoriam
3279 2611 3555 2667 consequa-

1966 2708 2099 2746 ntur.
2143 2690 2391 2747 Sanctum
2418 2698 2465 2743 et
2499 2688 2831 2745 venerabilem
2864 2693 3074 2761 fratrem
3111 2698 3342 2744 nostrum
3370 2705 3557 2760 papam

1966 2786 2229 2857 Alypium,
2262 2792 2317 2838 ut
2339 2799 2449 2838 meo
2477 2783 2711 2855 obsequio
2734 2783 2940 2848 salutes,
2969 2781 3194 2839 obsecro.
3236 2782 3415 2838 Sancti
3445 2786 3555 2854 fra-

1968 2886 2096 2947 tres,
2126 2878 2214 2950 qui
2242 2877 2500 2932 nobiscum
2527 2876 2582 2931 in
2620 2877 2926 2931 monasterio
2952 2873 3175 2931 Domino
3205 2874 3388 2931 servire
3413 2874 3557 2945 festi-

1966 2980 2123 3038 nant,
2161 2970 2353 3042 oppido
2391 2979 2439 3026 te
2476 2970 2722 3025 salutant.
2764 2966 3083 3024 Incolumem
3127 2977 3175 3024 te
3205 2977 3253 3023 et
3287 2983 3557 3023 memorent

1967 3063 2097 3130 mei,
2130 3061 2357 3117 Christus
2386 3060 2526 3115 Deus
2554 3070 2722 3116 noster
2748 3068 2947 3115 tueatur
2973 3060 3324 3133 omnipotens,
3354 3059 3557 3115 domine

1968 3172 2084 3213 vere
2105 3162 2279 3211 sancte
2302 3162 2349 3210 et
2371 3152 2692 3225 suscipiende
2718 3168 2874 3225 papa.

2416 3286 2748 3345 EPISTOLA
2784 3285 2880 3343 XL
2917 3288 2976 3312 α·
3007 3284 3104 3360 (b).

1968 3384 2280 3458 Augustinus
2306 3381 2622 3454 Hieronymo
2640 3381 2710 3451 de
2737 3380 2883 3435 titulo
2910 3379 3104 3452 vulgati
3129 3379 3193 3435 ab
3217 3379 3328 3452 ipso
3354 3378 3469 3435 libri
3495 3381 3560 3437 de

2042 3478 2385 3550 Scriptoribus
2420 3474 2769 3531 ecclesiasticis
2799 3490 2819 3530 :
2843 3481 2951 3529 tum
2980 3472 3043 3528 de
3067 3472 3224 3529 Petro
3256 3474 3559 3546 reprehenso

2041 3588 2142 3627 non
2180 3570 2486 3626 mendaciter
2515 3587 2546 3624 a
2575 3568 2744 3623 Paulo
2763 3610 2779 3636 ,
2814 3567 2877 3622 de
2904 3583 3003 3640 quo
3034 3568 3147 3640 jam
3174 3568 3335 3624 eidem
3360 3568 3561 3640 scripsit

1974 3666 1977 3671 ’
2043 3663 2329 3733 Epistolam
2352 3662 2443 3718 28.
2476 3660 2726 3716 Hortatur
2756 3668 3007 3732 postremo
3035 3667 3091 3715 ut
3119 3660 3301 3732 prodat
3328 3659 3559 3733 Origenis

2043 3762 2090 3809 et
2114 3753 2427 3826 singulorum
2456 3753 2805 3807 haereticorum
2828 3760 3013 3808 errata.

1972 3868 2198 3927 Domino
2224 3866 2570 3924 dilectissimo
2590 3906 2605 3934 ,
2634 3874 2690 3922 et
2713 3866 2863 3923 cultu
2893 3866 3257 3923 sincerissimo
3284 3864 3559 3925 charitatis

2042 3958 2377 4017 observando
2415 3966 2572 4029 atque
2598 3956 2972 4028 amplectende
3000 3956 3190 4028 fratri,
3217 3966 3273 4015 et
3308 3973 3557 4031 compre‘

2040 4052 2257 4125 sbytero
2282 4050 2611 4118 HIERONYIO,
2636 4050 2995 4107 AUGUSTINUS.
3050 4076 3053 4077 ν

2039 4164 2195 4222 CAP.
2228 4163 2584 4221 PRIMUM.—
2609 4165 2662 4219 1.
2691 4163 2873 4220 Habeo
2901 4164 3125 4235 gratiam
3145 4164 3289 4235 quod
3314 4179 3412 4236 pro
3432 4165 3559 4223 sub-

1971 4257 2166 4327 scripta
2190 4255 2526 4319 salutatione,
2550 4254 2760 4325 plenam
2787 4254 2918 4310 mibi
2947 4257 3224 4326 epistolam
3253 4257 3555 4326 reddidisti,

1971 4348 2064 4404 sed
2094 4348 2396 4404 breviorem
2420 4346 2587 4402 multo
2607 4362 2765 4417 quam
2799 4362 2867 4403 ex
2902 4354 2955 4402 te
2984 4347 3178 4405 vellem
3198 4364 3439 4415 sumere,
3462 4350 3557 4407 tali

1969 4438 2087 4496 viro
2101 4481 2116 4507 ,
2137 4454 2167 4495 a
2187 4454 2294 4511 quo
2313 4447 2553 4510 tempora
2573 4438 2900 4510 quantalibet
2920 4447 3164 4510 occupet,
3186 4440 3364 4496 nullus
3379 4456 3558 4499 sermo

1970 4531 2205 4603 prolixus
2243 4538 2347 4586 est.
2373 4530 2684 4602 Quanquam
2716 4530 2893 4602 itaque
2921 4544 3020 4586 nos
3050 4533 3385 4602 negotiorum
3424 4534 3557 4590 alie-
3590 4592 3593 4597 ,

1971 4642 2191 4694 norum,
2231 4641 2524 4697 eorumque
2566 4626 2886 4682 secularium
2906 4665 2923 4691 ,
2964 4625 3107 4681 curis
3152 4627 3559 4685 circumstemur

1970 4719 2300 4791 ingentibus;
2334 4726 2511 4775 tamen
2557 4718 2793 4789 epistolae
2833 4726 2942 4774 tua:
2982 4718 3228 4775 brevitati
3268 4720 3421 4778 facile
3450 4738 3559 4779 non

1970 4811 2300 4883 ignoscerem
2321 4851 2337 4878 ,
2368 4810 2471 4865 nisi
2499 4809 2790 4881 cogitarem
2830 4826 2989 4881 quam
3019 4813 3356 4882 paucioribus
3380 4816 3561 4873 verbis

1970 4904 2105 4960 meis
2154 4902 2484 4960 redderetur.
2526 4903 2732 4970 Quare,
2776 4904 3097 4975 aggredere,
3140 4923 3360 4978 quaeso,
3402 4910 3559 4967 istam

1970 4995 2247 5052 nobiscum
2292 4995 2602 5051 litterariam
2648 4994 3094 5065 collocutionem,
3121 5012 3189 5053 ne
3226 5000 3449 5056 multum
3490 5001 3557 5058 ad

1971 5101 2072 5144 nos
2116 5086 2496 5158 disjungcndos
2547 5086 2708 5143 liceat
2758 5086 3016 5144 absentiae
3062 5093 3555 5163 corporali:quan-

1971 5194 2129 5251 quam
2170 5178 2336 5234 simus
2386 5178 2439 5233 in
2477 5178 2703 5233 Domino
2733 5178 2966 5249 Spiritus
3009 5180 3212 5239 unitate
3252 5184 3555 5253 conjuncti,

1972 5272 2184 5330 etiamsi
2219 5272 2287 5328 ab
2322 5271 2444 5329 stilo
2485 5272 2856 5344 quiescamus,
2898 5282 2955 5330 et
3000 5284 3285 5331 taceamus.
3324 5277 3391 5331 Et
3437 5277 3559 5335 libri

2036 5432 2057 5452 '
2080 5431 2333 5482 Recensita
2356 5436 2433 5480 est
2446 5428 2513 5496 ad
2546 5442 2591 5480 a.
2615 5430 2667 5480 b.
2704 5442 2778 5481 cc.
2814 5429 2875 5484 fs.
2892 5431 2933 5496 j.
2956 5443 3047 5481 mr.
3071 5443 3114 5482 r.
3137 5431 3213 5481 sb.
3232 5436 3271 5484 t.
3293 5438 3351 5484 tt.
3376 5444 3452 5483 vc.
3474 5432 3560 5484 de-

1971 5507 2083 5546 cem
2098 5509 2145 5545 v.
2172 5500 2225 5545 et
2245 5500 2346 5541 Am.
2370 5492 2479 5541 Bad.
2502 5499 2579 5542 Er.
2603 5499 2714 5542 ων.

2034 5558 2076 5577 ⁸·
2099 5564 2228 5607 Hanc
2245 5555 2616 5619 recognovimus
2650 5556 2709 5619 ad
2730 5566 2775 5604 a.
2800 5553 2868 5604 bl.
2891 5554 2976 5604 bn.
3012 5565 3085 5605 cc.
3110 5553 3168 5606 fs.
3187 5556 3226 5619 j.
3251 5569 3402 5609 mr.r.
3425 5558 3501 5609 sb.
3518 5566 3556 5611 t.

1965 5624 2029 5671 tt.
2053 5632 2129 5670 ve.
2153 5630 2330 5669 novem
2342 5617 2391 5667 v'.
2416 5617 2476 5666 ad
2496 5624 2595 5666 Am.
2622 5617 2731 5667 Bad.
2753 5623 2829 5667 Er.
2852 5624 2961 5666 Lov.

1970 5679 2256 5794 an(a%9t_.llias
2288 5682 2344 5731 t7
2364 5694 2378 5731 :
2396 5691 2504 5744 quae
2543 5686 2709 5731 autem
2728 5679 2790 5730 39
2820 5686 2951 5741 erat,
2974 5692 3104 5732 nunc
3134 5680 3213 5733 26.
3234 5684 3413 5750 scripta
3434 5686 3560 5741 circa

1952 5864 1955 5869 ,
2000 5804 2311 5882 ablatis-snt;
2325 5818 2338 5856 :
2364 5816 2476 5871 quae
2509 5811 2676 5882 autem
2708 5804 2772 5858 40
2795 5811 2931 5872 erat,
2953 5809 3242 5875 _eontinetur
3265 5813 3343 5866 26.
3381 5817 3559 5880 Scripta

1968 5868 2098 5922 circa
2116 5874 2197 5922 tta;
2218 5868 2327 5921 3W.
