4044 6338
1080 275 1118 290 φρ.

521 479 736 554 quidem
756 521 772 548 ,
804 491 940 550 quos
964 475 1036 536 de
1072 475 1268 534 horreo
1311 469 1580 528 dominico
1623 465 1942 532 elaborasti,
1973 477 2111 534 pene

524 583 692 630 totum
741 580 792 628 te
831 569 986 626 nobis
1027 565 1300 622 exhibent.
1327 561 1382 618 Si
1409 561 1550 615 enim
1585 567 1865 630 propterea
1907 565 1958 610 te
2002 571 2109 610 non

527 665 806 727 novimus,
832 662 954 732 quia
985 659 1173 720 faciem
1203 655 1277 728 tui
1308 652 1548 724 corporis
1573 665 1679 710 non
1711 649 1935 703 vidimus
1963 665 1975 701 :
2007 648 2111 703 hoc

527 755 686 812 modo
729 768 828 808 nec
875 752 991 821 ipse
1020 758 1072 805 te
1100 747 1277 812 nosti;
1306 760 1427 800 nam
1472 752 1527 798 tu
1567 755 1776 812 quoque
1813 756 1918 795 non
1961 740 2110 794 vides

530 865 667 905 eam.
692 847 748 903 Si
790 854 967 902 autem
1009 845 1099 912 tibi
1146 857 1248 896 non
1279 838 1348 894 ob
1376 837 1519 892 aliud
1554 844 1708 890 notus
1733 849 1819 902 es,
1847 833 1949 888 nisi
1987 833 2109 902 quia

526 942 666 996 nosti
699 941 934 994 animum
961 946 1146 999 tuum;
1175 941 1228 988 et
1255 945 1353 986 nos
1377 945 1498 984 eum
1526 944 1630 983 non
1658 925 1995 981 mediocriter
2017 937 2112 977 no-

526 1032 703 1086 vimus
729 1031 776 1083 in
803 1027 992 1082 litteris
1023 1025 1145 1092 tuis,
1174 1024 1223 1076 in
1253 1020 1446 1092 quibus
1471 1018 1832 1074 benedicimus
1863 1014 2106 1080 Domino,

528 1123 668 1194 quod
701 1123 830 1188 tibi,
862 1128 916 1175 et
959 1117 1138 1182 nobis,
1185 1114 1537 1183 omnibusque
1563 1108 1845 1175 fratribus,
1883 1106 1977 1177 qui
2023 1114 2112 1160 tua

528 1217 743 1286 legunt,
776 1223 827 1269 te
852 1211 1008 1270 talem
1029 1208 1192 1265 dedit.

601 1306 757 1361 CAP.
788 1305 849 1359 ll.
879 1333 952 1344 —-
986 1301 1041 1355 2.
1067 1299 1225 1356 Liber
1245 1295 1458 1368 quidam
1486 1303 1609 1348 tuus
1635 1292 1773 1348 inter
1794 1299 1984 1347 caetera
2007 1305 2114 1346 non

528 1397 619 1453 diu
648 1406 730 1454 est
764 1406 821 1451 ut
848 1393 993 1451 venit
1033 1393 1086 1446 in
1126 1402 1314 1444 manus
1347 1395 1557 1442 nostras
1581 1403 1593 1438 :
1616 1399 1734 1454 qua:
1764 1382 1834 1438 sit
1875 1381 1990 1451 ejus
2030 1381 2113 1436 in-

529 1491 779 1561 scriptio,
808 1488 1076 1543 nescimus
1102 1483 1305 1547 adhuc;
1334 1496 1438 1536 non
1469 1478 1608 1533 enim
1638 1477 1741 1532 hoc
1770 1477 1937 1531 codex
1969 1479 2111 1545 Ipse,

527 1593 587 1640 ut
630 1582 859 1643 assolet,
909 1579 961 1632 in
1010 1575 1236 1630 liminari
1287 1571 1476 1643 pagina
1518 1568 1895 1641 praetendebat.
1929 1567 2114 1639 Epita-

528 1675 712 1746 phium
743 1681 917 1726 tamen
951 1665 1202 1738 appellari
1230 1663 1440 1720 dicebat
1473 1661 1640 1718 frater
1671 1659 1811 1730 apud
1833 1675 1989 1729 quem
2029 1661 2114 1713 in-

528 1774 720 1820 ventus
744 1770 862 1826 est;
889 1757 1030 1830 quod
1057 1758 1106 1812 ei
1134 1771 1328 1810 nomen
1358 1755 1448 1809 tibi
1475 1753 1735 1824 placuisse
1762 1759 1820 1805 ut
1845 1750 2116 1809 inderetur

531 1854 892 1918 crederemus,
916 1851 960 1906 si
987 1864 1173 1906 eorum
1203 1855 1406 1903 tantum
1430 1846 1513 1900 vel
1535 1846 1692 1910 vitas,
1713 1844 1797 1899 vel
1827 1843 2020 1912 scripta
2043 1841 2116 1895 ibi

531 1947 862 2016 legissemus,
884 1942 974 2013 qui
995 1944 1103 2011 jam
1131 1939 1363 1995 defuncti
1385 1945 1581 1993 essent.
1605 1934 1739 1990 Cum
1767 1949 1894 1989 vero
1922 1932 2116 1987 multo-

531 2051 648 2090 rum
695 2041 749 2089 et
795 2049 860 2090 eo
905 2039 1144 2102 tempore
1183 2045 1289 2100 quo
1311 2028 1662 2091 scribebatur,
1691 2035 1746 2082 et
1782 2039 1922 2080 nunc
1952 2037 2117 2092 usque

530 2126 856 2191 viventium,
898 2126 969 2179 ibi
1015 2130 1502 2179 commemorentur
1541 2120 1830 2189 Opuscula;
1862 2119 2118 2174 miramur

528 2232 625 2273 cur
671 2217 812 2272 hunc
848 2215 899 2271 ei
939 2215 1150 2270 titulum
1191 2213 1275 2268 vel
1319 2211 1657 2282 itnposueris,
1685 2210 1769 2264 vel
1800 2208 2119 2278 imposuisse

530 2307 788 2363 credaris.
825 2308 966 2362 Sane
1009 2306 1210 2361 utiliter
1235 2319 1267 2360 a
1292 2313 1346 2360 te
1371 2302 1736 2373 conscriptum
1778 2301 2023 2357 eumdem
2050 2300 2114 2354 li-

529 2400 685 2455 brum
711 2399 841 2453 satis
867 2398 1240 2468 approbamus.

601 2491 756 2546 CAP.
798 2489 885 2544 Ill.
917 2519 991 2532 -—
1033 2489 1085 2544 5.
1128 2489 1186 2543 ln
1229 2486 1564 2558 expositione
1612 2500 1824 2556 quoque
1867 2484 2121 2556 Epistolas

532 2583 678 2639 Pauli
709 2583 776 2636 ad
806 2581 1040 2648 Galatas,
1063 2581 1362 2636 invenimus
1389 2577 1585 2650 aliquid
1611 2577 1748 2648 quod
1771 2591 1870 2633 nos
1895 2577 2120 2632 multum

531 2685 763 2732 moveat.
791 2675 848 2731 Si
878 2675 1020 2729 enim
1063 2673 1130 2729 ad
1168 2672 1472 2742 Scripturas
1511 2680 1722 2726 sanctas
1749 2670 1977 2725 admissa
2010 2669 2123 2725 fue-

533 2769 642 2824 rint
679 2767 826 2822 velut
863 2767 1102 2822 ofﬁciosa
1132 2765 1409 2822 mendacia
1430 2806 1445 2829 ,
1475 2764 1599 2834 quid
1632 2763 1684 2819 in
1715 2763 1796 2819 eis
1826 2762 2122 2818 remanebit

533 2857 904 2914 auctoritatis?
933 2873 1052 2928 quae
1082 2857 1296 2912 tandem
1322 2857 1389 2912 de
1411 2856 1701 2926 Scripturis
1731 2856 1832 2912 illis
1859 2857 2120 2912 sententia

533 2951 853 3022 proferetur,
882 2949 1032 3020 cujus
1060 2948 1294 3020 pondere
1322 2949 1666 3004 contentiosa:
1695 2949 1938 3003 falsitatis
1966 2947 2121 3004 obte-

534 3051 682 3098 ratur
709 3041 1054 3112 improbitas?
1078 3040 1266 3097 Statim
1294 3040 1439 3096 enim
1468 3049 1526 3096 ut
1554 3041 1868 3111 protuleris;
1897 3041 1942 3096 si
1969 3040 2123 3098 aliter

535 3134 675 3202 sapit
718 3134 810 3205 qui
854 3142 1038 3189 contra
1086 3133 1291 3202 nititur,
1337 3133 1479 3194 dicet
1517 3132 1664 3198 illud,
1693 3133 1832 3202 quod
1859 3133 2120 3202 prolatum

536 3225 667 3292 erit,
700 3225 928 3281 honesto
966 3225 1142 3296 aliquo
1182 3224 1360 3279 officio
1399 3224 1712 3294 scriptorem
1744 3224 1904 3280 fuisse
1932 3225 2123 3279 menti-

539 3326 672 3378 lum.
705 3317 804 3373 Ubi
829 3319 969 3372 enim
993 3317 1095 3373 hoc
1122 3333 1228 3373 non
1255 3318 1466 3390 poterit,
1495 3319 1537 3371 si
1567 3318 1736 3388 potuit
1765 3317 1815 3372 in
1842 3333 1903 3372 ea
1935 3332 2120 3371 narra-

543 3408 712 3474 tione,
745 3424 903 3482 quam
933 3423 1156 3463 exorsus
1182 3410 1468 3479 Apostolus
1494 3411 1591 3476 ait,
1621 3409 1746 3474 Qua:
1773 3418 1934 3462 aulem
1960 3408 2122 3462 scribo

538 3500 673 3555 vobis
691 3544 704 3565 ,
735 3517 842 3566 ecce
867 3517 1037 3554 coram
1057 3499 1166 3554 Deo
1195 3503 1313 3572 quia
1339 3519 1440 3555 non
1477 3503 1691 3555 mentior
1721 3502 1736 3571 (
1760 3500 1875 3555 Gal.
1906 3503 1956 3565 l,
1983 3501 2054 3556 20
2075 3499 2120 3570 ),

538 3593 682 3652 credi
709 3593 1066 3670 aflirmarique
1093 3593 1345 3649 mentitus
1370 3608 1435 3648 eo
1459 3593 1578 3649 loco
1605 3594 1693 3647 ubi
1718 3593 1848 3647 dixit
1871 3593 1937 3647 de
1960 3594 2120 3648 Petro

539 3695 596 3743 et
626 3686 869 3742 Barnaba
899 3704 911 3740 :
941 3687 1066 3740 Cum
1095 3686 1311 3740 viderem
1342 3687 1460 3756 quia
1489 3703 1588 3739 non
1617 3694 1745 3739 recte
1772 3685 2124 3756 ingrediuntur

539 3781 608 3834 ad
635 3780 888 3834 veritatem
916 3777 1180 3850 Evangelii
1209 3777 1447 3848 (Ibidem,
1477 3795 1534 3844 ll,
1566 3778 1692 3848 li)?
1720 3776 1772 3832 Si
1805 3777 1944 3830 enim
1977 3783 2124 3831 recte

540 3871 615 3926 illi
658 3870 1106 3941 ingrediebantur,
1151 3869 1251 3924 iste
1299 3868 1549 3923 mentitus
1589 3878 1708 3932 est;
1747 3866 1794 3922 si
1835 3876 2009 3921 autem
2055 3867 2123 3920 ibi

542 3965 794 4019 mentitus
816 3973 930 4029 est,
966 3962 1055 4017 ubi
1088 3977 1269 4016 verum
1296 3961 1466 4016 dixit?
1497 3961 1575 4015 An
1608 3961 1676 4014 ibi
1708 3976 1890 4015 verum
1927 3960 2126 4015 dixisse

538 4056 823 4121 videbitur,
872 4055 960 4110 ubi
1013 4053 1114 4109 hoc
1149 4053 1373 4116 dixerit,
1413 4052 1552 4123 quod
1600 4052 1767 4107 lector
1809 4055 1971 4121 sapit;
2003 4065 2124 4105 cum

459 4182 461 4184 -
537 4161 667 4203 vero
695 4155 880 4203 contra
922 4161 1135 4202 sensum
1178 4145 1393 4200 lectoris
1434 4143 1630 4214 aliquid
1665 4142 1975 4205 occurrerit,
2007 4140 2126 4196 offi-

538 4237 685 4295 cioso
713 4238 990 4294 mendacio
1016 4234 1394 4307 deputabitur?
1418 4234 1532 4290 Non
1575 4235 1716 4289 enim
1744 4233 1933 4289 deesse
1972 4242 2121 4303 pote-

538 4339 662 4386 runt
686 4345 882 4394 causas,
915 4345 1011 4384 cur
1038 4329 1378 4384 existimetur
1405 4344 1510 4382 non
1541 4327 1712 4382 solum
1743 4326 2000 4396 potuisse,
2028 4340 2122 4380 ve-

537 4436 655 4476 rum
685 4421 844 4475 etiam
875 4419 1123 4477 debuisse
1153 4420 1396 4481 mentiri,
1429 4419 1473 4472 si
1500 4418 1622 4472 huic
1651 4419 1847 4488 regula:
1872 4417 2125 4476 concedi-

539 4520 630 4568 tur
673 4512 842 4567 locus.
871 4510 985 4565 Non
1010 4524 1144 4578 opus
1187 4517 1272 4566 est
1313 4509 1461 4564 hanc.
1486 4524 1700 4563 causam
1746 4508 1924 4564 multis
1949 4509 2126 4564 verbis

539 4619 729 4673 agere,
768 4603 1065 4673 praesertim
1111 4601 1251 4674 apud
1284 4611 1368 4667 te,
1409 4602 1496 4658 cui
1537 4603 1802 4671 sapienter
1831 4603 2126 4672 providenti

541 4698 741 4754 dictum
771 4706 853 4754 sat
877 4704 979 4752 est.
1007 4695 1347 4767 Nequaquam
1374 4711 1502 4752 vero
1530 4695 1660 4750 mihi
1689 4697 2043 4766 arrogaverim
2071 4705 2128 4752 nt

543 4791 810 4862 ingenium
851 4801 1028 4856 tuum,
1071 4790 1253 4846 divino
1290 4789 1434 4845 dono
1481 4805 1734 4857 aureum,
1774 4791 1909 4846 meis
1953 4790 2126 4846 obolis

540 4884 710 4942 ditare
753 4886 1107 4948 contendam;
1147 4899 1247 4939 nec
1283 4893 1365 4939 est
1405 4885 1684 4956 quisquam
1722 4893 1775 4940 te
1810 4884 1979 4956 magis
2007 4885 2123 4940 ido-

538 4995 692 5044 neus,
714 4979 804 5048 qui
830 4994 965 5050 opus
990 4978 1119 5034 illud
1149 4977 1416 5032 emendet.

607 5071 764 5126 CAP.
789 5069 876 5125 IV.
901 5099 972 5111 -
1012 5071 1064 5124 4.
1090 5069 1271 5140 Neque
1295 5070 1437 5126 enim
1462 5085 1491 5124 a
1512 5084 1600 5125 me
1625 5069 1895 5126 docendus
1917 5084 1976 5124 es
1993 5084 2125 5139 quo-

541 5163 701 5218 modo
730 5161 1054 5232 intelligatur
1072 5161 1210 5231 quod
1239 5161 1378 5217 idem
1402 5161 1562 5228 dicit,
1591 5160 1779 5218 Factus
1799 5178 1908 5217 sum
1928 5159 2126 5216 Indicis

526 5265 786 5326 'tanquam
807 5254 1038 5314 latim.
1059 5263 1113 5308 ιιι
1131 5253 1340 5309 ludam
1361 5255 1705 5325 lucrifacerem
1725 5256 1764 5327 (l
1781 5254 1896 5309 Cor.
1915 5254 2120 5325 tx,20);

541 5356 595 5401 et
616 5359 808 5403 cartera
833 5362 950 5418 quae
976 5346 1044 5401 ibi
1068 5346 1312 5400 dicuntur
1332 5346 1700 5417 compassione
1723 5347 2123 5413 misericordiae,

547 5452 654 5492 non
695 5437 1032 5493 simulatione
1062 5437 1303 5491 fallaciae.
1332 5437 1418 5492 Fit
1451 5439 1590 5498 enim
1621 5446 1866 5510 tanquam
1894 5447 2125 5508 mgrotus

543 5527 634 5596 qui
661 5527 926 5585 ministrat
951 5537 1185 5599 aegroto;
1209 5542 1312 5582 non
1337 5543 1458 5582 cum
1486 5543 1544 5583 se
1570 5527 1744 5583 febres
1767 5527 1962 5584 habere
1977 5543 2126 5582 men-

547 5617 693 5684 titur,
719 5619 812 5673 sed
841 5634 961 5675 cum
991 5619 1167 5675 animo
1195 5618 1526 5675 condolentis
1561 5621 1755 5691 cogitat
1778 5619 2124 5690 quemadmo-

547 5708 673 5766 dum
702 5712 800 5766 sibi
831 5712 1020 5768 serviri
1041 5714 1221 5778 vellet,
1249 5713 1294 5768 si
1327 5715 1438 5783 ipse
1458 5721 1757 5783 aegrotaret.
1784 5713 1914 5770 Nam
1942 5715 2124 5785 utique

553 5802 766 5860 ludens
790 5813 938 5872 erat;
963 5804 1298 5864 Christianus
1330 5814 1508 5863 autem
1551 5805 1742 5878 factus,
1778 5823 1887 5886 non
1916 5807 2127 5878 Judaeu-

1757 345 1816 406 S.
1855 342 2218 404 AUGUSTI!"
2256 344 2560 406 EPISGOPI

3697 244 3740 256 '-
3835 253 3839 255 .

3739 261 3794 272 Du-

3697 359 3810 428 ιιι(

2220 480 2340 520 rum
2362 463 2700 522 Sacramenta
2724 466 3032 538 aliqua,
3053 483 3171 540 quin
3195 472 3578 532 convenienter
3595 475 3686 534 ille
3702 493 3804 547 po-

2220 558 2381 626 pulus
2409 567 2464 613 et
2492 559 2727 629 legitimo
2761 568 3001 630 tempore
3029 576 3135 632 quo
3161 563 3472 632 oportebat,
3501 580 3802 637 acceperat.

2221 648 2405 720 Itaque
2429 651 2662 720 suscepit
2686 667 2745 706 ea
2777 651 3124 719 celebranda,
3155 669 3275 710 cum
3301 654 3410 723 jam
3435 656 3634 714 Christi
3657 669 3808 730 esset

2221 741 2546 810 Apostolus;
2579 741 2670 797 sed
2703 751 2760 797 ut
2782 743 2999 800 doceret
3017 758 3126 800 non
3151 759 3272 808 esse
3292 747 3588 815 perniciosa
3619 749 3684 806 iis
3710 751 3807 821 qui

2220 847 2287 890 ea
2315 835 2545 900 vellent,
2573 836 2708 889 sicut
2734 850 2766 890 a
2797 836 3102 905 parentibus
3127 852 3220 906 per
3239 837 3433 908 Legem
3462 851 3803 912 acceperant,

2222 925 2510 993 custodire,
2536 928 2696 983 etiam
2722 943 2842 984 cum
2863 927 3076 984 Christo
3095 929 3469 996 credidissent,
3492 947 3598 988 non
3620 941 3802 996 tamen

2221 1016 2276 1072 in
2306 1019 2386 1074 eis
2423 1019 2534 1089 jam
2573 1020 2955 1075 constituerent
2985 1036 3134 1089 spem
3175 1021 3397 1087 salutis;
3425 1023 3676 1092 quoniam
3707 1041 3806 1094 per

2218 1108 2502 1164 Dominum
2526 1110 2705 1166 Jesum
2733 1112 2875 1166 salus
2904 1111 3038 1181 ipsa,
3071 1128 3188 1180 qum
3213 1113 3317 1168 illis
3337 1112 3700 1170 Sacramentis
3724 1116 3805 1182 si:

2218 1203 2588 1273 gnificabatur,
2619 1203 2924 1259 advenerat.
2957 1203 3187 1273 Ideoque
3221 1203 3509 1271 Gentibus,
3535 1205 3676 1275 quod
3718 1207 3807 1260 in-

2219 1306 2400 1350 suetos
2429 1312 2456 1348 a
2491 1297 2594 1351 fide
2621 1305 2932 1352 revocarent
2969 1312 3130 1354 onere
3158 1298 3305 1367 gravi
3334 1307 3390 1355 et
3414 1314 3519 1354 non
3557 1316 3810 1358 necessa-

2219 1388 2323 1455 rio,
2344 1390 2489 1444 nullo
2506 1389 2663 1445 modo
2680 1390 2997 1459 imponenda
3016 1405 3135 1445 esse
3151 1391 3403 1448 censebat
3419 1391 3555 1460 (Act.
3575 1408 3669 1458 xv,
3687 1391 3805 1462 28).

2294 1483 2345 1536 5.
2387 1483 2722 1552 Quapropter
2748 1498 2853 1538 non
2896 1482 3015 1537 ideo
3046 1483 3258 1538 Petrum
3301 1483 3632 1547 etnendavit,
3664 1485 3808 1551 quod

2222 1582 2471 1644 paternas
2495 1572 2806 1630 traditiones
2829 1574 3135 1629 observaret
3159 1591 3170 1626 :
3194 1573 3332 1643 quod
3355 1575 3399 1628 si
3428 1573 3602 1629 facere
3627 1576 3808 1640 vellet,

2221 1681 2324 1724 nec
2355 1665 2680 1721 mendaciter
2701 1681 2801 1722 nec
2823 1665 3115 1734 incongrue
3145 1667 3369 1732 faceret;
3399 1667 3640 1737 quamvis
3663 1668 3810 1728 enim

2217 1757 2328 1827 jam
2361 1756 2627 1826 superflua
2649 1799 2664 1823 ,
2697 1765 2874 1812 tamen
2915 1757 3067 1810 solita
3098 1771 3206 1810 non
3233 1765 3523 1812 nocerent:
3549 1757 3641 1812 sed
3672 1772 3811 1825 quo-

2221 1848 2364 1904 niam
2393 1847 2590 1904 Gentes
2636 1848 2858 1918 cogebat
2902 1847 3183 1903 Judaizare
3230 1845 3391 1919 (Gal.
3417 1863 3473 1914 ιι,
3504 1846 3632 1917 Η),
3663 1846 3814 1918 quod

2223 1939 2371 1994 nullo
2400 1940 2558 1994 modo
2589 1948 2786 2009 posset,
2813 1939 2912 1994 nisi
2939 1955 2999 1994 ea
3025 1940 3103 1996 sic
3127 1948 3326 2008 ageret,
3364 1949 3608 2008 tanquam
3634 1938 3814 1994 adhuc

2223 2030 2383 2086 etiam
2412 2042 2532 2100 post
2559 2032 2767 2090 Domini
2792 2032 3077 2088 adventum
3105 2031 3404 2088 necessaria
3427 2031 3581 2088 saluti
3601 2030 3812 2104 forent;

2221 2121 2361 2192 quod
2392 2121 2736 2176 vehementer
2770 2139 2863 2192 per
2891 2123 3244 2192 apostolatutu
3273 2122 3420 2177 Pauli
3465 2122 3658 2177 veritas
3699 2122 3818 2178 dis-

2223 2215 2412 2270 suasit.
2453 2214 2563 2270 Ncc
2603 2217 2878 2286 apostolus
2903 2215 3094 2272 Petrus
3138 2215 3239 2270 hoc
3283 2215 3592 2286 ignorabat;
3623 2216 3721 2271 sed
3762 2216 3816 2274 id

2223 2308 2482 2376 faciebat,
2512 2309 2710 2365 timens
2744 2325 2837 2365 eos
2872 2313 2962 2381 qui
2992 2325 3056 2366 ex
3087 2309 3491 2364 circumcisione
3531 2317 3704 2364 erant.
3740 2309 3816 2364 Ita

2223 2409 2282 2457 et
2305 2404 2416 2470 ipse
2438 2416 2562 2455 vere
2588 2408 2862 2455 correctus
2884 2412 2984 2467 est,
3009 2409 3061 2456 et
3089 2400 3283 2456 Paulus
3311 2415 3439 2454 vera
3469 2400 3724 2464 narravit,
3749 2415 3820 2456 ne

2225 2500 2409 2552 sancta
2453 2489 2750 2561 Scriptura,
2779 2507 2898 2561 qua:
2942 2491 3009 2546 ad
3056 2491 3213 2546 fidem
3258 2491 3487 2561 posteris
3529 2490 3671 2546 edita
3700 2499 3815 2558 est,

2227 2583 2462 2642 admissa
2489 2585 2801 2640 auctoritate
2827 2583 3110 2651 mendacii,
3141 2593 3246 2640 tota
3271 2582 3430 2654 dubia
3457 2592 3604 2648 nutet
3626 2591 3681 2639 et
3713 2584 3817 2638 llu-

2229 2683 2393 2730 ctuet.
2426 2675 2542 2731 Non
2570 2677 2710 2732 enim
2739 2685 2916 2746 potest
2947 2684 3038 2732 aut
3065 2684 3276 2746 Oportet
3311 2675 3504 2734 litteris
3527 2674 3814 2746 explicari,

2228 2777 2426 2837 quanta
2465 2774 2519 2821 et
2550 2782 2709 2836 quant
2740 2767 3125 2836 inexplicabilia
3157 2765 3292 2839 mala
3325 2773 3743 2840 consequantur,
3774 2765 3817 2822 si

2232 2856 2336 2912 hoc
2353 2858 2794 2913 concesserimus.
2815 2857 3002 2913 Posset
3021 2866 3200 2912 autem
3221 2865 3516 2930 opportune
3535 2856 3820 2926 minusque

2229 2951 2531 3022 periculose
2556 2949 2937 3016 demonstrari,
2969 2950 3014 3004 si
3045 2964 3222 3004 coram
3253 2948 3392 3006 inter
3418 2963 3517 3004 nos
3544 2949 3819 3022 colloque-

2227 3059 2429 3100 remur.

2305 3134 2359 3190 6.
2401 3134 2516 3190 lloc
2557 3148 2684 3206 ergo
2730 3131 3034 3189 Iudaeorum
3079 3131 3270 3188 Paulus
3319 3132 3628 3200 dimiserat,
3674 3133 3822 3204 quod

2234 3228 2434 3282 malum
2454 3226 2758 3290 habebant;
2784 3234 2838 3279 et
2866 3225 2919 3278 in
2947 3224 3131 3294 primis
3161 3223 3310 3291 illud,
3343 3224 3484 3296 quod
3515 3225 3822 3298 ignorantes

2230 3318 2326 3374 Dei
2351 3318 2641 3388 justitiam,
2669 3327 2726 3372 et
2751 3331 2900 3372 suam
2922 3315 3180 3386 justitiam
3206 3315 3442 3390 volentes
3471 3317 3818 3386 constititcre,

2223 3411 2445 3482 justitice
2489 3411 2583 3466 Dei
2628 3426 2736 3466 non
2779 3418 2903 3466 sunt
2939 3408 3161 3478 subjecti
3191 3407 3379 3479 (Rom.
3404 3422 3458 3471 x,
3487 3409 3520 3463 5
3541 3411 3582 3476 ).
3615 3408 3822 3484 Deinde

2229 3502 2372 3573 quod
2400 3511 2519 3572 post
2549 3502 2851 3570 passionem
2877 3509 2932 3556 et
2961 3501 3411 3555 resurrectionem
3437 3497 3632 3566 Christi
3653 3541 3667 3563 ,
3695 3500 3823 3556 dato

2227 3609 2292 3648 ac
2321 3595 2660 3652 manifestato
2685 3593 3028 3648 Sacramento
3048 3593 3234 3663 gratia:
3258 3589 3547 3652 secundum
3573 3591 3820 3648 ordinem

2231 3683 2645 3747 Melchisedech,
2665 3683 2835 3738 adhuc
2860 3683 3113 3756 putabant
3129 3683 3470 3738 Sacramenta
3493 3691 3692 3746 vetera,
3713 3699 3820 3740 non

2232 3792 2299 3852 ex
2328 3776 2708 3852 consuetudine
2749 3776 3103 3832 solemnitatis
3124 3817 3139 3841 ,
3167 3776 3262 3830 sed
3291 3789 3357 3830 ex
3387 3773 3706 3830 necessitate
3736 3790 3823 3844 sa-

2231 3870 2355 3926 lutis
2375 3885 2492 3924 esse
2511 3869 2827 3930 celebranda
2854 3887 2868 3924 :
2891 3885 3010 3940 qua:
3032 3877 3206 3923 tamen
3229 3869 3272 3922 si
3299 3882 3566 3937 nunquam
3594 3866 3825 3938 fuissent

2233 3961 2558 4028 necessaria,
2591 3960 2920 4018 infructuose
2947 3969 3106 4030 atque
3133 3960 3361 4016 inaniter
3387 3973 3480 4029 pro
3508 3958 3585 4014 eis
3613 3959 3824 4023 Macha-

2231 4053 2332 4110 bzei
2363 4062 2624 4124 martyres
2655 4052 2840 4108 fierent
2873 4050 2935 4122 (ll
2963 4050 3136 4106 Maeli.
3156 4067 3250 4118 vn,
3275 4052 3351 4124 l).
3381 4051 3656 4120 Postremo
3680 4051 3828 4128 istud

2231 4144 2375 4216 quod
2417 4145 2793 4214 praedicatores
2831 4145 3013 4216 gratia:
3040 4144 3371 4200 Christianos
3400 4143 3474 4213 (a)
3500 4143 3666 4200 Judaei
3700 4153 3823 4208 tan-

2231 4254 2390 4310 quam
2424 4237 2606 4294 hostes
2633 4237 2789 4308 Legis
2820 4237 3292 4310 persequebantur.
3324 4237 3431 4292 llos
3454 4244 3612 4306 atque
3633 4236 3821 4306 hujus-

2233 4330 2374 4386 modi
2394 4345 2604 4386 errores
2631 4338 2685 4385 et
2712 4330 2856 4390 vitia.
2877 4329 3003 4382 dicit
3023 4344 3081 4384 se
3101 4329 3290 4384 damna
3309 4329 3327 4360 ¹
3347 4338 3399 4383 ct
3422 4338 3656 4384 stercora
3682 4329 3826 4383 arbi-

2232 4432 2458 4492 tratum,
2505 4433 2563 4482 ut
2606 4423 2875 4480 Christum
2924 4421 3255 4478 lucrifaceret
3297 4421 3554 4495 (Philipp.
3584 4438 3669 4490 tu,
3699 4422 3819 4496 8,);

2233 4530 2339 4571 non
2370 4515 2770 4570 observationes
2797 4513 2954 4585 Legis
2973 4553 2989 4579 ,
3020 4513 3064 4568 si
3096 4529 3244 4569 more
3281 4515 3452 4584 patrio
3481 4514 3823 4570 ceiebraren-

2236 4615 2337 4672 tur,
2367 4606 2504 4662 sicut
2530 4616 2582 4662 et
2611 4605 2678 4660 ab
2715 4605 2832 4675 ipso
2860 4604 3142 4660 celebratae
3171 4613 3296 4660 sunt
3333 4607 3450 4662 sine
3488 4604 3591 4659 ulla
3634 4604 3824 4660 salutis

2233 4699 2580 4766 necessitate,
2615 4714 2720 4754 non
2751 4699 2773 4730 ⁸
2796 4698 2935 4754 sicut
2961 4697 3128 4754 ιιιιὰεεί
3158 4699 3502 4762 celebrandas
3531 4697 3820 4767 putabant,

2232 4801 2322 4846 aut
2352 4790 2527 4846 fallaci
2554 4791 2892 4846 simulatione
2911 4832 2926 4857 ,
2956 4790 3096 4861 quod
3122 4790 3173 4844 in
3201 4790 3358 4845 Petro
3382 4789 3820 4860 reprehenderat.

2232 4883 2364 4938 Nam
2396 4884 2439 4939 si
2469 4893 2746 4954 pr0pterea
2779 4883 2866 4938 illa
2895 4883 3237 4939 Sacramenta
3258 4881 3565 4946 celebravit,
3592 4881 3712 4951 quia
3748 4881 3823 4936 si-

2233 4975 2453 5029 muiavit
2472 4990 2529 5030 se
2550 4975 2790 5029 Judaeum
2813 4983 2870 5028 ut
2890 4973 3010 5028 illos
3029 4973 3395 5038 lucrifaceret;
3417 4987 3511 5028 cur
3531 4987 3636 5048 non
3659 4973 3821 5028 etiam

2232 5068 2551 5129 sacriﬁcavit
2589 5083 2708 5126 cum
2738 5067 3032 5134 Gentibus,
3070 5069 3194 5138 quia
3230 5076 3284 5124 et
3310 5067 3376 5131 iis
3403 5069 3493 5140 qui
3535 5068 3651 5124 sine
3679 5068 3824 5138 Lege

2235 5169 2389 5216 erant
2409 5201 2422 5225 ,
2457 5168 2705 5230 tanquam
2735 5159 2851 5214 sine
2885 5159 3023 5230 Lege
3061 5160 3232 5216 factus
3257 5169 3367 5228 est,
3403 5171 3458 5215 ut
3489 5176 3581 5216 eos
3610 5175 3823 5232 qu0que

2233 5251 2588 5317 lucrifaceret,
2613 5251 2713 5306 nisi
2738 5251 2859 5321 quia
2885 5260 2940 5308 et
2968 5251 3097 5308 illud
3122 5252 3265 5319 fecit,
3291 5262 3346 5307 ut
3373 5261 3557 5307 natura
3584 5252 3818 5319 Judaaus,

2236 5353 2291 5400 et
2317 5342 2420 5414 hoc
2451 5351 2619 5397 totum
2647 5342 2811 5406 dixit,
2850 5357 2955 5398 non
2988 5354 3046 5398 ut
3075 5344 3333 5399 fallaciter
3365 5360 3422 5400 se
3458 5344 3677 5414 fingeret
3701 5358 3823 5399 esse

2233 5434 2375 5506 quod
2416 5449 2523 5490 non
2561 5444 2711 5502 erat,
2739 5434 2831 5496 sed
2869 5444 2925 5494 ut
2949 5435 3365 5494 misericorditer
3404 5435 3482 5494 eis
3520 5436 3592 5492 ita
3630 5436 3821 5492 subve-

2299 5631 2316 5663 ι
2354 5631 2554 5684 sicitas.
2591 5643 2747 5695 pr0pe
2780 5643 2969 5682 mnes.
3009 5637 3064 5684 At
3097 5632 3210 5684 ΕΜ.
3245 5633 3460 5688 habent:
3488 5631 3608 5688 αισα
3640 5645 3692 5684 se
3734 5632 3820 5686 do-

2233 5705 2419 5753 mitare,
2446 5702 2540 5744 etc.

2297 5758 2317 5828 ξ
2341 5763 2488 5828 t_)eest
2503 5754 2749 5828 Δηοιιειιξιιιι
2769 5753 2877 5803 Bad.
2903 5761 3003 5804 Am.
3029 5760 3102 5805 Er.
3128 5762 3180 5807 et
3215 5753 3475 5823 plerosque
3497 5763 3603 5811 Mss.
3829 5731 3850 5823 λ

2299 5817 2373 5883 (a)
2398 5823 2557 5879 Forte,
