4080 6346
208 390 318 446 45⁸1

208 499 479 557 piendum
506 512 630 554 esse
657 496 907 560 sentiret,
929 508 996 549 se
1017 495 1061 550 si
1089 494 1204 564 ipse
1235 492 1286 547 in
1306 493 1494 548 eodem
1522 507 1703 548 errore
1732 493 1804 546 la-

207 594 471 656 boraret;
501 606 609 645 non
637 588 841 644 scilicet
868 585 1170 642 mentientis
1197 593 1336 648 astu,
1360 583 1452 638 sed
1477 584 1807 653 compaticn-

210 686 285 740 tis
299 682 538 739 allecto?
555 681 706 736 Sicut
716 695 783 734 eo
803 679 920 748 ipso
939 677 1060 732 loco
1075 675 1390 746 generaliter
1411 674 1601 734 intulit,
1617 672 1807 726 Factus

210 794 332 831 sum
361 774 586 843 inﬁnitis
609 772 871 841 inﬁrmus,
898 780 954 823 ut
982 769 1208 838 inﬁrmos
1237 767 1582 837 lucrifacerem
1609 764 1663 836 {l
1685 763 1803 818 Cor.

209 884 264 924 1x
285 910 301 927 .
335 866 439 936 22)
464 882 480 930 ;
513 873 573 919 ut
599 877 830 933 sequens
852 861 1142 922 conclusio,
1175 858 1418 911 Omnibus
1447 858 1619 911 omnia
1645 860 1807 927 factus

208 977 346 1016 sum,
375 968 431 1011 ut
462 971 635 1009 omnes
661 954 1006 1025 lucrifacere»:
1035 949 1232 1020 (Ibid.)
1255 989 1269 1013 ,
1297 948 1362 1001 ad
1393 947 1494 1001 hoc
1532 945 1808 1002 referenda

210 1055 579 1123 intelligatur,
622 1059 680 1104 ut
721 1049 978 1118 cujusque
1026 1045 1385 1099 inlirmitatem
1439 1051 1685 1111 tanquam
1753 1039 1806 1093 in

210 1147 396 1214 seipse
421 1143 710 1197 miseratus
735 1145 1007 1208 appareat.
1042 1134 1158 1189 Non
1187 1134 1325 1188 enim
1355 1141 1408 1186 et
1438 1147 1556 1187 cum
1583 1131 1802 1197 diceret,

213 1237 342 1302 Qui:
371 1236 686 1301 inﬁrmatur,
716 1241 760 1286 et
806 1247 897 1301 ego
933 1246 1034 1283 non
1058 1229 1287 1295 inﬁrmor
1311 1225 1330 1298 (
1350 1226 1392 1279 Il
1419 1224 1537 1281 Cor.
1569 1241 1644 1291 xt,
1671 1225 1807 1295 29)?

214 1328 587 1380 inﬁrmitatem
613 1323 834 1378 alterius
860 1322 1138 1375 simulasse
1157 1334 1216 1374 se
1237 1318 1586 1388 potiusquam
1608 1316 1809 1372 condo-

211 1420 398 1481 luisse,
428 1417 648 1471 volebat
676 1414 915 1484 intelligi.

282 1509 338 1562 7.
381 1507 566 1574 Quare
615 1507 819 1574 arripe,
867 1504 1092 1559 obsecro
1137 1510 1215 1566 te,
1263 1500 1540 1572 ingenuam
1585 1508 1639 1556 et
1679 1516 1805 1556 vere

217 1600 568 1653 christianam
596 1613 718 1654 cum
749 1596 1003 1651 charitate
1029 1595 1388 1657 severitatem,
1417 1593 1484 1647 ad
1513 1593 1640 1646 illud
1671 1608 1805 1662 opus

215 1688 596 1759 corrigendum
617 1699 776 1757 atque
803 1686 1213 1750 emendandum,
1241 1680 1623 1755 (δι’παλινῳδίαν,
1645 1695 1700 1739 ut
1719 1685 1804 1742 di-

216 1785 373 1846 citur,
408 1798 563 1836 cane.
598 1779 1085 1849 lncomparabiliter
1123 1779 1262 1832 enim
1291 1777 1566 1849 pulchrior
1602 1787 1683 1831 est
1709 1793 1804 1832 ve-

217 1876 350 1928 ritas
370 1873 818 1936 Cbristianorum,
836 1886 996 1940 quam
1019 1869 1215 1924 llelena
1231 1869 1555 1924 Graécornm.
1582 1868 1685 1922 Pro
1706 1869 1804 1922 ista

216 1969 362 2020 enim
406 1965 601 2018 lbrtius
641 1962 808 2017 nostri
855 1969 1118 2031 martyres
1164 1959 1418 2014 adversus
1464 1959 1597 2015 hanc
1639 1958 1808 2014 Sodo-

217 2075 384 2124 Μαι,
408 2072 570 2126 (μνη
594 2070 690 2125 pro
709 2054 798 2110 illa
819 2054 892 2108 illi
913 2053 1106 2107 heroes
1125 2051 1380 2107 adversus
1401 2051 1634 2120 Trojam,
1658 2051 1805 2106 dimi-

218 2157 500 2204 caverunt.
526 2146 708 2216 Neque
735 2145 835 2200 hoc
863 2144 982 2200 ideo
1008 2143 1146 2207 dieo,
1179 2151 1234 2196 ut
1258 2143 1438 2198 oculos
1465 2143 1641 2196 cordis
1670 2142 1805 2197 reci-

221 2243 372 2311 pias;
402 2255 544 2311 quos
570 2238 708 2294 absit
735 2245 793 2292 ut
829 2236 1071 2292 amiseris
1102 2253 1114 2288 :
1147 2234 1238 2290 sed
1271 2243 1326 2288 ut
1366 2234 1609 2288 advertas
1630 2276 1644 2299 ,
1673 2249 1807 2303 quos

221 2351 340 2389 cum
365 2333 566 2388 habeas
585 2346 743 2388 sanos
763 2338 817 2386 et
835 2329 1036 2399 vigiles,
1063 2329 1244 2384 nescio
1262 2342 1365 2396 qua
1386 2326 1808 2383 dissimulatione

220 2423 559 2490 avertisti,ut
585 2437 690 2476 non
714 2419 1020 2476 intenderes
1049 2435 1168 2488 quae
1196 2427 1592 2487 consequantur
1619 2417 1808 2474 adver-

220 2537 308 2585 sa;
329 2521 375 2575 si
404 2519 578 2574 semel
598 2517 858 2574 creditum
875 2513 1052 2579 fuerit,
1077 2527 1234 2582 posse
1249 2512 1470 2567 honeste
1493 2526 1556 2566 ac
1578 2512 1664 2581 pie
1675 2511 1807 2565 scri-

221 2623 430 2682 ptorem
461 2611 479 2641 ¹
505 2609 808 2666 divinorum
849 2604 1136 2664 Librorum
1187 2603 1240 2660 in
1285 2601 1458 2672 aliqua
1503 2601 1586 2656 sui
1630 2601 1808 2670 operis

220 2712 369 2776 parte
397 2701 638 2758 mentiri.

285 2794 525 2852 CAPUT
554 2791 754 2848 V.—8.
782 2788 1110 2858 Scripseram
1143 2786 1266 2840 hinc
1287 2784 1397 2854 jam
1425 2782 1707 2854 aliquando
1736 2782 1804 2837 ad

221 2902 276 2947 te
316 2890 604 2961 epistolam
626 2902 745 2957 qua:
771 2900 877 2940 non
903 2883 1103 2952 perlata
1127 2889 1244 2946 est,
1269 2881 1392 2950 quia
1435 2895 1531 2934 nec
1575 2878 1810 2948 perrexit

221 2985 304 3038 cui
337 2979 714 3053 perferendam
744 2975 1066 3032 tradideram
1091 2990 1104 3026 :
1134 2989 1196 3028 ex
1229 2987 1332 3042 qua
1370 2970 1498 3026 illud
1528 2970 1656 3024 mihi
1680 2985 1807 3040 sug-

221 3085 430 3146 gestum
463 3083 544 3128 est
560 3113 576 3138 ,
601 3086 722 3126 eum
749 3070 902 3123 istam
927 3067 1181 3122 dictarem
1201 3105 1222 3128 ,
1237 3064 1377 3134 quod
1405 3064 1454 3118 in
1483 3063 1581 3118 hac
1599 3079 1810 3133 quoque

221 3167 635 3239 praetermittere
662 3179 765 3218 non
793 3161 981 3224 debui,
1010 3168 1067 3213 ut
1095 3158 1140 3214 si
1170 3159 1272 3214 alia
1297 3166 1382 3213 est
1410 3158 1669 3212 sententia
1696 3165 1805 3220 tua,

221 3259 516 3328 eademque
555 3264 638 3311 est
677 3253 887 3318 melior,
930 3249 1107 3306 timori
1144 3264 1266 3302 meo
1294 3248 1518 3303 libenter
1546 3248 1806 3317 ignoscas.

221 3355 274 3409 Si
305 3355 453 3408 enim
484 3352 639 3405 aliter
663 3349 861 3412 sentis,
901 3359 1191 3414 verumque
1230 3352 1284 3400 tu
1325 3343 1489 3398 sentis
1515 3342 1533 3414 (
1559 3359 1679 3397 nam
1709 3343 1808 3397 nisi

219 3462 404 3500 verum
432 3445 532 3510 sit,
572 3441 760 3496 melius
803 3453 922 3493 esse
952 3451 1058 3492 non
1099 3436 1344 3506 potest),
1387 3444 1444 3489 ut
1487 3449 1592 3496 non
1635 3433 1809 3490 dicam

221 3539 398 3602 nulla,
439 3543 586 3590 certe
630 3548 734 3592 non
784 3544 970 3599 magna
1013 3528 1165 3597 culpa
1215 3541 1366 3581 incus
1405 3539 1557 3582 error
1602 3525 1807 3580 veritati

221 3629 400 3694 lavet,
457 3627 504 3680 si
553 3635 698 3680 recte
747 3623 800 3676 in
852 3634 1116 3690 quoquam
1164 3619 1360 3673 veritas
1410 3625 1580 3689 potest
1632 3615 1808 3672 favere

222 3718 526 3773 mendacio.

289 3807 527 3863 CAPUT
562 3804 718 3859 Vl.—-
733 3802 786 3858 9.
814 3801 1117 3871 DeOrigene
1140 3806 1314 3854 autem
1345 3795 1486 3867 quod
1514 3795 1807 3851 rescribere

221 3903 474 3973 dignatus
501 3915 582 3966 es,
605 3898 713 3968 jam
742 3895 973 3951 sciebam
1001 3908 1106 3948 non
1132 3901 1332 3947 tantum
1362 3891 1415 3946 in
1439 3888 1810 3944 ecclesiasticis

223 3997 412 4052 litteris
433 4037 449 4060 ,
486 3993 581 4047 sed
623 3992 673 4046 in
716 3988 961 4045 omnibus
989 3994 1134 4040 recta
1165 3992 1221 4039 et
1243 3998 1367 4038 vera
1397 3997 1517 4052 quae
1541 3981 1808 4038 inveneri-

225 4104 373 4150 mus,
412 4085 710 4155 approbare
755 4090 912 4149 atque
956 4077 1204 4140 laudare;
1241 4076 1366 4128 falsa
1402 4089 1528 4129 vero
1567 4083 1620 4128 et
1650 4089 1808 4142 prava

225 4179 531 4247 improbare
561 4183 717 4243 atque
755 4168 1168 4240 reprehendere.
1199 4165 1304 4220 Sed
1333 4165 1458 4219 illud
1487 4165 1551 4218 de
1577 4165 1809 4234 pruden-

225 4273 294 4325 tia
334 4269 681 4336 doctrinaque
718 4272 804 4322 tua
831 4258 1199 4317 desiderabam
1221 4299 1235 4322 ,
1263 4266 1317 4311 et
1341 4255 1512 4309 adhuc
1537 4254 1806 4320 desidero,

225 4375 280 4417 ut
311 4371 438 4416 nota
467 4359 622 4413 nobis
648 4355 807 4410 facias
831 4369 893 4409 ea
927 4353 1039 4422 ipsa
1067 4349 1183 4418 ejus
1212 4357 1409 4413 errata,
1437 4346 1626 4416 quibus
1651 4360 1680 4398 a
1709 4345 1811 4398 ﬁde

224 4453 470 4510 veritatis
500 4450 588 4504 ille
609 4449 688 4503 vir
713 4454 887 4502 minus
915 4441 1199 4497 recessisse
1225 4438 1574 4492 convincitur.
1602 4435 1655 4489 ln
1678 4437 1812 4490 libro

226 4546 386 4599 etiam
412 4557 520 4611 quo
544 4547 792 4600 cunctos,
821 4549 1043 4605 quorum
1071 4530 1377 4586 meminisse
1406 4528 1648 4597 potuisti,
1681 4527 1813 4580 scri-

226 4647 406 4704 ptores
435 4630 826 4687 ecclesiasticos
847 4636 902 4684 et
925 4639 1111 4680 eorum
1140 4622 1334 4690 scripta
1363 4617 1809 4683 commemorasti,

226 4725 591 4789 commodius,
619 4730 676 4776 ut
700 4720 946 4780 arbitror,
981 4717 1160 4782 lieret,
1189 4714 1233 4768 si
1266 4712 1550 4766 nominatis
1575 4711 1651 4764 eis
1680 4725 1813 4779 quos

225 4821 543 4874 hmresiotas
569 4830 689 4871 esse
723 4812 891 4878 nosti,
922 4809 1132 4880 quando
1168 4822 1236 4861 ne
1265 4806 1408 4875 ipsos
1441 4803 1651 4872 quidem
1684 4817 1815 4870 prae-

226 4912 525 4965 termittere
550 4905 816 4967 volueris,
845 4899 1194 4970 subjungeres
1223 4895 1381 4951 etiam
1415 4895 1465 4948 in
1495 4893 1686 4964 quibus
1723 4907 1812 4945 ca-

224 5001 385 5056 vendi
413 5006 596 5053 essent
619 5016 634 5052 :
657 5008 955 5067 quanquam
981 4987 1266 5044 nonnullos
1283 4986 1439 5040 etiam
1465 4983 1812 5054 prmterieris;

225 5092 371 5161 quod
414 5089 554 5146 scire
597 5100 848 5158 cuperem
886 5096 990 5154 quo
1031 5079 1254 5134 consilio
1295 5077 1486 5131 factum
1527 5075 1611 5130 sit.
1642 5074 1746 5128 Aut
1772 5077 1816 5128 si

229 5182 358 5237 illud
384 5180 635 5235 volumen
657 5177 794 5232 forte
816 5188 1041 5230 onerare
1069 5169 1282 5228 noluisti
1304 5210 1318 5234 ,
1351 5178 1406 5221 ut
1431 5181 1821 5220 commemora-

231 5275 298 5328 tis
346 5271 644 5336 luereticis,
687 5283 792 5322 non
831 5264 1054 5320 adderes
1103 5261 1152 5315 in
1194 5259 1384 5329 quibus
1426 5272 1519 5312 eos
1561 5255 1817 5320 catholica

231 5365 500 5420 damnarit
515 5362 836 5423 auctoritas;
865 5369 986 5428 peto
1010 5371 1074 5410 ne
1094 5368 1254 5424 grave
1279 5352 1345 5405 sit
1371 5350 1628 5404 litterario
1655 5349 1818 5402 labori

234 5465 350 5524 tito,
390 5471 498 5527 quo
526 5469 633 5508 non
665 5450 1002 5508 mediocriter
1026 5461 1119 5518 per
1151 5442 1357 5498 Domini
1383 5441 1476 5495 Dei
1506 5441 1671 5494 nostri
1697 5455 1817 5509 gra-

235 5552 364 5604 tiam
383 5591 396 5613 ,
433 5549 484 5602 in
512 5549 677 5603 latina
707 5546 883 5614 lingua
914 5548 1218 5597 sanctorum
1257 5535 1430 5590 studia
1457 5542 1511 5588 et
1533 5531 1822 5588 accendisti

297 5734 316 5765 ⁸
341 5731 478 5781 laid;
508 5739 648 5780 Posse
674 5725 864 5777 hatcste
884 5720 1042 5786 accipi
1061 5717 1424 5786 scriptor-emat
1437 5720 1544 5762 Mss.
1558 5711 1821 5786 tredecim:

230 5771 1109 5847 m’Tﬁéiﬁc’W'iéribniim.
1133 5771 1259 5834 lianc
1278 5775 1540 5830 lectionem
1571 5771 1823 5836 amplecti-

1430 378 1910 438 EPlS’l‘OLARUM
1946 379 2223 438 CLASSIS
2260 379 2325 438 ﬂ.

3381 393 3484 450 158

1914 500 1968 547 et
1991 492 2236 563 adiuvisti
2256 537 2270 560 ,
2301 493 2351 549 id
2381 482 2528 565 quod
2554 495 2645 551 tibi
2676 510 2774 567 per
2805 497 3152 556 humilitatem
3176 516 3350 558 meam
3378 505 3485 560 fra-

1917 595 2066 640 terna
2093 588 2326 642 charitas
2355 588 2573 654 indicit,
2603 599 2662 645 ut
2686 591 2732 646 si
2757 593 3129 662 occupationes
3151 603 3256 649 tua:
3288 597 3486 661 sinunt,

1914 677 2147 730 omnium
2183 676 2551 733 haereticorum
2585 696 2832 750 perversa
2858 683 3129 755 dogmata,
3162 686 3250 757 qui
3277 689 3492 742 rectitu-

1913 766 2090 821 dinem
2131 768 2251 823 lidei
2284 770 2588 826 christianum
2618 789 2784 842 usque
2812 775 2877 830 ad
2906 775 3006 832 hoc
3033 786 3240 849 tempus
3268 780 3350 834 vel
3387 781 3490 836 im-

1913 859 2162 926 pudentia
2182 861 2263 915 vel
2285 861 2546 931 imperitia
2575 864 2660 918 vel
2681 865 2970 934 pervicacia
2995 867 3292 937 depravare
3316 871 3494 926 conati

1913 963 2064 1020 sunt,
2108 972 2213 1010 uno
2255 957 2432 1013 libello
2472 959 2700 1016 breviter
2729 961 2928 1031 digesta
2960 963 3121 1032 edas,
3159 963 3211 1018 in
3252 963 3493 1020 notitiam

1913 1061 2096 1102 eorum
2121 1050 2312 1118 quibus
2340 1060 2430 1105 aut
2460 1067 2564 1106 non
2591 1064 2742 1107 vacat
2766 1063 2984 1124 propter
3009 1056 3111 1110 alia
3139 1057 3371 1127 negotia,
3402 1066 3492 1112 aut

1911 1154 2016 1192 non
2042 1141 2215 1194 valent
2238 1151 2456 1212 propter
2476 1144 2702 1198 alienam
2735 1147 2964 1216 linguam
2996 1155 3102 1200 tam
3127 1149 3291 1203 multa
3313 1150 3492 1219 legere

1912 1239 2068 1302 atque
2111 1250 2452 1304 cognoscere.
2490 1237 2588 1291 Diu
2633 1248 2684 1292 te
2724 1255 2997 1310 rogarent,
3028 1242 3127 1295 nisi
3161 1242 3264 1296 hoc
3296 1243 3495 1297 soleret

1913 1338 2034 1379 esse
2075 1326 2324 1380 indicium
2357 1330 2532 1382 minus
2561 1333 2927 1398 prmsumentis
2954 1332 3019 1386 de
3045 1334 3318 1389 charitate.
3344 1335 3494 1389 Hune

1912 1416 2114 1474 interea
2143 1420 2358 1476 fratrem
2389 1433 2624 1478 nostrum
2652 1425 2872 1479 Paulum
2921 1426 2971 1479 in
3016 1426 3230 1481 Christo
3269 1429 3492 1482 multum

1913 1514 2228 1569 commendo
2249 1515 2556 1587 benignitati
2580 1528 2701 1585 tuae,
2723 1518 2875 1588 cujus
2899 1519 2948 1573 in
2972 1521 3166 1574 nostris
3193 1521 3492 1591 regionibus

1912 1604 2290 1661 existimationi
2328 1608 2525 1662 bonum
2562 1624 2740 1664 coram
2772 1609 2880 1664 Deo
2917 1611 3274 1665 testimonium
3311 1611 3492 1681 perhi-

1910 1694 2120 1752 bemus.

2370 1791 2700 1848 EPlSTOLA
2738 1792 2854 1847 xu
2883 1795 2902 1818 ·
2933 1791 3028 1866 (α).

1910 1907 2125 1981 Alypius
2165 1919 2210 1965 et
2246 1910 2557 1982 Augustinus
2581 1912 2786 1969 Aurelio
2813 1915 3120 1986 gratulantes
3155 1913 3215 1968 de
3250 1916 3494 1968 sermoni-

1982 2001 2072 2056 bus
2092 2019 2215 2074 quos
2241 2004 2515 2076 presbyteri
2544 2016 2786 2076 praesente
2808 2007 2918 2076 ipso
2949 2006 3017 2058 ad
3046 2006 3289 2077 papulum
3320 2007 3498 2061 habere

1981 2107 2250 2166 cteperant,
2273 2097 2532 2168 ipsumque
2550 2108 2783 2168 rogantes
2811 2107 2861 2152 ut
2882 2099 3039 2169 aliqui
3059 2115 3229 2151 eorum
3244 2115 3497 2152 sermones

1981 2188 2074 2241 sibi
2097 2190 2377 2242 mittantur.

1912 2303 2137 2358 Domino
2175 2305 2479 2360 beatissimo
2519 2315 2571 2360 et
2598 2305 2969 2360 venerabiliter
2995 2302 3348 2374 suscipiendo,
3385 2301 3497 2354 sin-

1983 2395 2362 2466 cerissimeque
2404 2395 2719 2451 charissimo
2767 2394 2954 2457 fratri,
2996 2403 3051 2449 et
3087 2390 3449 2448 consacerdoti
3480 2390 3497 2420 ¹

1983 2501 2134 2556 papae
2161 2487 2404 2543 Aunsuo
2425 2528 2440 2553 ,
2473 2488 2698 2542 ALYPIUS
2726 2495 2780 2542 et
2807 2489 3159 2551 Aecus'ruvus,
3187 2485 3240 2538 in
3278 2481 3501 2538 Domino

1983 2578 2227 2632 salutem.

1987 2690 2036 2743 l.
2059 2687 2133 2744 Im
2143 2690 2336 2759 pletum
2361 2698 2443 2745 est
2461 2689 2654 2760 gaudio
2673 2705 2734 2744 os
2757 2699 3018 2755 nostrum,
3047 2696 3101 2745 et
3122 2688 3298 2758 lingua
3319 2694 3501 2741 nostra

1913 2780 2266 2835 exsultatione
2288 2784 2306 2850 (
2330 2779 2469 2835 P—sal.
2499 2797 2668 2847 cxxv,
2690 2779 2779 2852 2),
2803 2780 3164 2836 nuntiantibus
3185 2778 3372 2832 litteris
3398 2777 3503 2830 tuis

1913 2883 2152 2926 sanctam
2196 2874 2569 2943 cogitationem
2615 2881 2795 2939 tuam,
2839 2873 3121 2944 adiuvante
3151 2872 3374 2926 Domino
3414 2871 3503 2940 qui

1913 2977 2030 3018 eam
2061 2965 2366 3032 inspiravit,
2397 2964 2462 3018 ad
2505 2965 2747 3020 eliectum
2773 2979 2895 3020 esse
2925 2965 3226 3033 perductam
3249 3004 3262 3028 ,
3293 2963 3358 3017 de
3382 2977 3501 3016 orn-

1915 3055 2070 3108 nibus
2107 3055 2367 3110 ordinatis
2395 3055 2644 3109 fratribus
2671 3056 2889 3121 nostris,
2917 3063 2972 3109 et
3000 3054 3262 3123 praecipue
3285 3052 3352 3106 de
3385 3067 3502 3106 ser-

1917 3162 2077 3200 mone
2121 3146 2570 3217 presbyterorum,
2619 3147 2708 3214 qui
2738 3155 2788 3200 te
2816 3155 3076 3216 praesente
3106 3145 3298 3214 pepulo
3327 3143 3503 3198 infun-

1914 3237 2088 3301 ditur;
2114 3252 2206 3304 per
2233 3251 2459 3305 quorum
2487 3236 2692 3306 linguas
2717 3236 2909 3290 clamat
2935 3237 3167 3292 charitas
3197 3244 3281 3289 tua
3303 3234 3504 3303 majore

1913 3338 2044 3384 voe‘e
2065 3330 2117 3383 in
2147 3329 2398 3384 cordibus
2425 3331 2716 3393 hominum,
2748 3345 2904 3399 quam
2934 3329 3010 3382 illi
3037 3329 3089 3382 in
3118 3329 3370 3384 auribus:
3398 3329 3505 3383 Deo

1918 3421 2142 3491 gratias.
2171 3420 2303 3476 Nam
2339 3421 2464 3491 quid
2507 3421 2698 3476 melius
2728 3431 2781 3474 et
2805 3420 2982 3474 animo
3025 3435 3303 3490 geramus,
3332 3428 3386 3472 et
3413 3433 3506 3474 ore

1914 3529 2218 3585 premamus
2243 3555 2256 3576 ,
2297 3523 2352 3570 et
2379 3515 2582 3570 calamo
2615 3513 2976 3583 exprimamus
3003 3527 3160 3582 quam
3184 3553 3198 3576 ,
3235 3511 3344 3565 Deo
3382 3525 3505 3580 gra-

1915 3607 2052 3662 tias?
2080 3607 2191 3670 lloc
2216 3623 2314 3661 nec
2339 3607 2442 3662 dici
2476 3607 2704 3672 brevius,
2738 3622 2835 3661 nec
2863 3607 3032 3662 audiri
3062 3605 3252 3670 laetius,
3283 3618 3383 3659 nec
3423 3604 3505 3656 in-

1914 3698 2079 3767 telligi
2109 3697 2392 3767 grandius,
2424 3713 2523 3752 nec
2555 3697 2640 3766 agi
2676 3696 2998 3754 fructuosius
3034 3703 3221 3765 potest.
3254 3694 3365 3750 Deo
3389 3707 3506 3763 gra-

1915 3791 2032 3855 tias,
2057 3792 2144 3856 qui
2174 3800 2224 3844 te
2251 3801 2303 3845 et
2324 3800 2430 3845 tam
2459 3791 2596 3844 lideli
2622 3800 2834 3859 pectore
2854 3789 3040 3843 ditavit
3059 3804 3181 3859 erga
3209 3787 3344 3841 filios
3364 3793 3501 3849 tuos,

1915 3891 1967 3935 et
2004 3881 2056 3936 id
2091 3881 2229 3951 quod
2277 3883 2330 3936 in
2361 3882 2546 3936 intimo
2585 3881 2775 3936 anima:
2804 3880 3068 3942 habebas,
3109 3893 3213 3948 quo
3244 3877 3504 3934 humanus

1913 3975 2098 4028 oculus
2128 3989 2232 4028 non
2262 3982 2534 4044 penetrat,
2565 3973 2745 4028 eduxit
2778 3973 2828 4028 in
2866 3973 3034 4028 lucem
3054 4014 3066 4036 ,
3095 3969 3343 4026 donando
3374 3969 3496 4033 tibi,

1915 4082 2019 4120 non
2047 4067 2220 4130 solum
2250 4074 2310 4120 ut
2333 4067 2468 4121 bene
2496 4066 2681 4130 velles,
2707 4080 2890 4120 verum
2912 4065 3069 4118 etiam
3097 4063 3147 4116 in
3173 4061 3364 4130 quibus
3388 4075 3510 4129 pos-

1915 4166 1998 4212 set
2023 4172 2282 4225 apparere
2313 4156 2454 4225 quod
2481 4156 2662 4210 velles.
2694 4153 2769 4209 Ita
2799 4155 2951 4223 plane
2989 4154 3096 4216 liat,
3128 4153 3218 4204 ﬁat
3256 4168 3268 4202 :
3301 4151 3512 4204 luceant

1917 4245 2030 4300 lure
2057 4261 2218 4314 opera
2259 4260 2439 4299 eoram
2472 4243 2773 4298 hominibus
2792 4283 2807 4308 ,
2846 4252 2904 4295 ut
2931 4241 3178 4305 videant,
3206 4239 3505 4308 gaudeant,

1919 4337 2219 4408 gloriﬁcent
2263 4338 2476 4393 Patrem
2517 4338 2604 4407 qui
2649 4338 2700 4391 in
2737 4337 2887 4391 cadis
2929 4343 3010 4390 est
3041 4334 3250 4406 (Matth.
3282 4349 3348 4400 γ,
3389 4334 3505 4403 l6).

1917 4428 2134 4486 Talibus
2160 4428 2442 4484 delecteris
2469 4430 2519 4482 in
2544 4429 2769 4482 Domino
2793 4445 2805 4480 :
2833 4427 2946 4498 ipse
2973 4434 3024 4481 te
3057 4442 3148 4495 pro
3171 4426 3250 4480 eis
3270 4433 3508 4482 orantem

1918 4521 2158 4590 dignetur
2201 4520 2484 4586 exaudire,
2526 4535 2682 4590 quem
2716 4527 2770 4575 tu
2805 4534 2899 4588 per
2935 4533 3027 4572 eos
3068 4517 3368 4586 loquentem
3405 4529 3511 4569 non

1919 4613 2219 4680 dedignaris
2256 4610 2458 4665 audire.
2497 4611 2680 4674 Eatur,
2715 4609 3037 4673 ambuletur,
3070 4616 3308 4664 curratur
3349 4607 3399 4660 in
3429 4607 3512 4662 via

1920 4704 2163 4766 Domini;
2193 4703 2572 4757 benedicentur
2606 4703 2779 4772 pusilli
2809 4717 2927 4756 cum
2960 4701 3165 4770 magnis
3188 4741 3201 4765 ,
3231 4699 3505 4767 jucundati

1921 4795 1972 4849 in
2004 4795 2087 4848 his
2115 4795 2200 4863 qui
2223 4795 2408 4848 dicunt
2429 4795 2526 4859 eis,
2564 4793 2628 4847 In
2654 4795 2858 4847 domum
2889 4791 3096 4846 Domini
3123 4793 3304 4846 ibimus
3326 4790 3344 4864 (
3363 4790 3507 4847 Psal.

1920 4902 2068 4950 cxxr,
2095 4885 2156 4955 1)
2190 4903 2202 4939 :
2233 4885 2534 4955 praecedant
2559 4886 2651 4952 illi,
2676 4894 2728 4942 et
2757 4893 3044 4955 sequantur
3080 4883 3186 4949 isti,
3219 4883 3510 4937 imitatores

1921 4976 2044 5031 facti
2088 4993 2296 5043 eorum,
2327 4977 2464 5031 sicut
2492 4987 2545 5031 et
2571 4977 2642 5030 illi
2671 4976 2883 5030 Christi.
2920 4975 3142 5030 Ferveat
3170 4976 3271 5029 iter
3299 4982 3506 5028 sancta-

1924 5085 2041 5122 rum
2072 5068 2445 5134 formicarum,
2480 5068 2715 5139 fragrent
2757 5083 2916 5138 opera
2963 5077 3264 5122 sanctarum
3309 5080 3506 5134 apum,

1924 5160 2121 5214 feratur
2149 5157 2352 5212 fructus
2384 5159 2433 5213 in
2473 5161 2748 5214 tolerantia
2778 5175 2898 5213 cum
2939 5161 3108 5216 salute
3135 5153 3507 5228 perseverandi

1926 5264 2093 5320 usque
2139 5250 2190 5302 in
2245 5249 2422 5304 linem.
2469 5249 2578 5304 Nec
2624 5250 2764 5304 sinat
2807 5249 3061 5306 Dominus
3111 5247 3296 5304 tentari
3351 5259 3508 5313 supra

1925 5357 2079 5410 quam
2109 5355 2387 5409 possumus
2409 5341 2567 5407 ferre,
2596 5341 2688 5396 sed
2714 5340 2871 5396 faciat
2889 5357 3009 5396 cum
3042 5338 3329 5396 tentatione
3349 5337 3510 5392 etiam

1929 5435 2143 5497 exitum,
2173 5443 2222 5486 ut
2253 5433 2517 5487 possimus
2543 5434 2805 5489 sustinere
2827 5433 2883 5502 (l
2913 5433 3030 5488 Cor.
3059 5448 3114 5496 x,
3142 5431 3266 5500 15).

1994 5565 2010 5626 ξ
2037 5569 2103 5612 Ita
2126 5570 2233 5626 Mss.
2259 5577 2446 5616 omnes.
2464 5571 2519 5614 At
2531 5565 2665 5626 Edd.,
2681 5571 2726 5615 et
2746 5578 2855 5616 vere
2875 5569 3036 5616 sancto

1994 5574 2010 5596 ι
2038 5574 2103 5612 Ita
2126 5574 2233 5612 uss.
2259 5577 2446 5635 eomes.
2464 5574 2519 5614 At
2532 5574 2665 5626 £00.,
2681 5574 2726 5615 et
2746 5578 2855 5616 vere
2875 5574 3036 5616 sancto
3043 5574 3200 5673 papa.

1991 5625 2009 5643 ‘
2035 5625 2400 5690 Emendavlmus
2422 5627 2544 5676 hanc
2565 5627 2624 5674 ad
2646 5642 2691 5676 a.
2717 5627 2784 5676 bl.
2810 5628 2890 5674 bn.
2917 5628 3044 5690 bg._c
3082 5661 3094 5672 .
3127 5625 3162 5673 Τ.
3189 5639 3347 5690 ωερε.
3373 5637 3454 5689 gv.
3467 5625 3507 5689 j.

1929 5700 1979 5736 ιι.
2004 5699 2045 5734 s.
2071 5694 2108 5736 t.
2136 5701 2208 5736 ve.
2226 5688 2346 5736 .luos
2367 5701 2412 5736 a.
2429 5689 2552 5738 duos
2572 5690 2646 5736 sb.
2671 5699 2875 5752 quatuor
2899 5703 2944 5738 v.
2961 5688 3021 5736 ad
3042 5697 3143 5735 All).
3169 5688 3281 5737 Bad.
3304 5688 3506 5738 eum.

1999 5768 2071 5840 (α)
2092 5768 2213 5840 tilias
2241 5771 2295 5819 77
2310 5783 2459 5840 :_qu:e
2481 5781 2645 5821 autem
2669 5772 2724 5828 41
2749 5779 2885 5840 erat,
2919 5771 3194 5822 continetur
3217 5769 3296 5823 26.
3331 5771 3510 5834 scripta

1930 5831 2025 5884 sub
2049 5831 2233 5880 initium
2259 5831 2560 5895 episeOpatus
2581 5832 2846 5896 Augustini.
