4044 6338
558 370 666 431 159

628 486 686 541 2.
707 481 868 540 Orate
886 492 985 553 pro
1001 477 1180 546 nobis,
1195 474 1340 549 digni
1359 471 1624 540 exaudiri;
1644 483 1764 528 cum
1786 476 1934 525 tanto
1954 468 2149 539 quippe

563 575 833 634 sacriﬁcio
870 567 1127 631 acceditis
1158 570 1225 626 ad
1255 569 1423 626 Deum
1451 565 1824 622 sincerissima:
1847 560 2148 618 dilectionis

559 678 616 726 et
638 667 812 725 laudis
835 666 954 736 ejus
980 665 1033 721 in
1059 661 1310 735 operibus
1330 659 1526 718 vestris
1547 675 1561 712 :
1585 665 1734 712 orate
1760 664 1819 711 ut
1841 663 1896 710 et
1912 653 1967 710 in
1993 651 2148 708 nobis

559 762 679 819 haec
715 760 956 826 luceant;
985 757 1235 830 quoniam
1265 753 1412 810 novit
1455 751 1545 807 ille
1581 765 1740 822 quem
1778 749 1978 815 oratis,
2024 759 2148 802 cum

563 863 765 926 quanto
794 861 980 910 nostro
1009 850 1202 922 gaudio
1220 849 1274 904 in
1297 846 1451 902 vobis
1476 844 1705 900 luceant.
1735 841 1861 898 Haec
1881 847 2006 896 sunt
2027 847 2148 895 vota

566 955 770 1013 nostra,
793 946 877 1002 ha:
901 942 1261 1002 multitudines
1280 938 1588 996 solatiorum
1609 934 1899 992 secundum
1919 932 2151 988 multitu-

559 1040 740 1098 dinem
767 1039 1010 1094 dolorum
1034 1044 1339 1092 nostrorum
1377 1032 1431 1088 in
1454 1031 1617 1088 corde
1651 1038 1834 1086 nostro
1857 1026 2150 1098 jucundant

559 1134 790 1188 animam
816 1139 1054 1186 nostram
1090 1125 1270 1200 (Psal.
1313 1140 1475 1190 xcut,
1512 1120 1639 1195 19).
1672 1121 1746 1176 Ita
1775 1128 1887 1187 est,
1923 1119 2046 1189 quia
2075 1119 2148 1174 ita

560 1227 883 1298 promissum
907 1231 1026 1289 est;
1057 1223 1131 1277 ita
1163 1221 1266 1276 erit
1289 1217 1431 1290 quod
1452 1223 1638 1280 restat,
1668 1216 1804 1270 sicut
1829 1214 2146 1284 promissum

559 1327 660 1374 est.
690 1317 1045 1373 Obsecramus
1081 1321 1134 1370 te
1167 1328 1265 1385 per
1298 1325 1420 1367 eum
1448 1309 1538 1380 qui
1580 1307 1674 1362 tibi
1710 1307 1810 1362 ista
1837 1305 2070 1370 donavit,
2096 1310 2152 1359 et

560 1411 837 1480 populum,
870 1407 956 1464 cui
987 1407 1189 1471 servis,
1232 1402 1331 1457 hac
1371 1416 1468 1474 per
1494 1408 1546 1456 te
1573 1397 1939 1454 benedictione
1966 1394 2149 1468 perfu-

558 1501 656 1570 dit,
685 1501 947 1570 utjubeas
977 1497 1213 1569 singulos
1239 1510 1373 1567 quos
1399 1493 1637 1548 volueris
1663 1505 1940 1546 sermones
1964 1503 2149 1544 eorum

561 1592 898 1661 conscriptos
921 1632 937 1657 ,
984 1597 1039 1644 et
1067 1586 1376 1644 emendatos
1414 1585 1550 1640 mitti
1592 1582 1764 1638 nobis.
1803 1581 1935 1636 Nam
1973 1589 2027 1636 et
2053 1594 2151 1651 ego

563 1685 704 1757 quod
729 1682 934 1753 jussisti
963 1697 1069 1737 non
1097 1681 1324 1752 neglige,
1355 1688 1409 1734 et
1437 1679 1504 1734 de
1541 1676 1799 1750 Tycltonii
1828 1683 2029 1744 septem
2058 1688 2150 1728 re-

561 1776 700 1848 gulis
729 1775 813 1830 vel
849 1773 1107 1841 clavibus,
1137 1773 1274 1827 sicut
1294 1786 1436 1842 saepe
1458 1770 1568 1841 jam
1595 1768 1803 1838 scripsi,
1831 1779 2152 1836 cognoscere

564 1867 688 1939 quid
728 1867 824 1922 tibi
868 1866 1109 1921 videatur
1139 1873 1401 1936 ,exspecto
1441 1863 1536 1934 (a).
1578 1861 1818 1916 Fratrem
1858 1860 2151 1914 Hilarinum

569 1959 963 2029 Hipponensem
991 1956 1312 2012 archiatrum
1335 1965 1388 2010 et
1405 1953 1749 2026 principalem
1771 1951 1992 2005 multum
2015 1965 2154 2005 eom-

565 2051 900 2106 mendamus.
941 2049 1074 2105 Nam
1098 2047 1166 2104 de
1206 2047 1369 2102 fratre
1398 2046 1637 2100 Romano
1661 2043 1788 2115 quid
1818 2050 2024 2112 satagas
2051 2057 2153 2096 no-

567 2144 760 2210 vimus,
792 2141 1032 2213 nihilque
1068 2138 1352 2211 petendum
1379 2147 1461 2194 est
1485 2137 1586 2193 nisi
1611 2144 1670 2192 ut
1695 2143 1746 2192 te
1767 2150 1862 2207 pro
1887 2134 1978 2190 illo
1998 2133 2153 2204 adju-

565 2247 652 2294 vet
679 2236 952 2293 Dominus.
980 2237 1172 2292 Amen.

1057 2348 1383 2408 EPISTOLA
1411 2345 1551 2404 XLII
1574 2349 1615 2401 ‘.

573 2469 885 2542 Augustinus
912 2464 1155 2531 Paulino,
1178 2463 1416 2535 ﬂagitans
1436 2470 1490 2516 ut
1511 2461 1790 2515 litterarum
1809 2456 2028 2512 debitum
2046 2471 2156 2510 am-

646 2561 783 2633 plius
807 2574 941 2614 anno
971 2558 1170 2630 integro
1197 2572 1296 2610 non
1333 2554 1585 2609 redditum
1616 2552 1860 2619 exsolvat,
1895 2550 2154 2620 mittatque

637 2655 732 2711 sibi
764 2670 889 2726 opus
913 2653 1151 2706 adversus
1177 2648 1436 2721 Paganos,
1457 2663 1571 2701 cum
1598 2645 1652 2700 id
1678 2643 1959 2717 perfecerit.

567 2769 725 2820 Prodit
745 2766 1113 2879 nungcprimum.
1129 2762 1202 2827 (ὁ)
1227 2776 1292 2814 ex
1314 2763 1528 2812 corticeo
1542 2759 1728 2833 codice,
1743 2757 1824 2867 qui
1847 2755 1962 2830 olim
1983 2754 2158 2829 Narbo-

629 2843 797 2879 nensns
813 2844 842 2878 e
919 2840 1034 2879 εειω
1049 2826 1158 2879 fuit.
1173 2838 1300 2876 nunc
1316 2837 1433 2875 vero
1449 2829 1526 2872 est
1539 2821 1739 2872 illustris
1768 2818 1940 2869 amilue
1955 2818 2158 2868 Phlmar-

629 2818 797 2881 nensis
813 2818 1034 2879 ecclesiae
1049 2818 1158 2888 fuit,
1173 2818 1300 2876 nunc
1316 2837 1433 2875 vero
1449 2829 1526 2872 est
1539 2821 1739 2872 illustris
1752 2818 1940 2869 familiae
1955 2818 2159 2868 Phimar-

629 2893 860 2943 conensis
875 2905 888 2942 :

576 2976 816 3033 Dominis
837 2972 1188 3031 laudabilibus
1213 2973 1266 3027 in
1291 2970 1506 3026 Christo
1534 2965 1882 3024 sanctissimis
1907 2963 2160 3020 fratribus

639 3069 878 3126 pAULINO
906 3074 962 3124 et
987 3066 1272 3123 Tusnasm
1292 3104 1309 3132 ,
1351 3063 1706 3127 Aueusrutus,
1737 3059 1791 3114 in
1817 3057 2042 3113 Domino
2070 3069 2158 3112 sa-

641 3163 827 3218 lutem.

638 3252 774 3309 Num
795 3251 955 3307 etiam
983 3248 1086 3306 hoc
1111 3246 1315 3320 sperari
1335 3254 1425 3301 aut
1448 3243 1742 3315 exspectari
1766 3247 1965 3312 posset,
1989 3247 2049 3294 ut
2066 3254 2163 3310 per

579 3348 798 3405 fratrem
826 3347 1084 3404 Severum
1119 3343 1373 3414 rescripta
1412 3340 1794 3412 ﬂagitaremus,
1823 3335 2022 3391 tamdiu
2054 3342 2162 3390 tam

571 3443 880 3498 ardentibus
907 3439 1060 3496 nobis
1083 3453 1112 3492 a
1129 3446 1308 3494 vestra
1331 3434 1603 3492 Charitate
1631 3448 1737 3488 non
1764 3430 2007 3487 reddita?
2027 3426 2164 3497 Quid

575 3544 660 3591 est
688 3533 827 3604 quod
857 3533 992 3588 duas
1028 3537 1240 3586 aestates
1266 3527 1588 3597 easdemque
1616 3527 1670 3580 in
1698 3524 1872 3580 Africa
1899 3523 2046 3579 sitire
2070 3536 2164 3577 co-

581 3627 805 3700 gamur?
843 3624 979 3694 Quid
1005 3623 1233 3693 amplius
1261 3619 1478 3676 dicam?
1502 3619 1547 3675 Ο
1578 3619 1666 3690 qui
1695 3632 1784 3673 res
1806 3626 2012 3672 vestras
2034 3630 2168 3686 quo-

576 3719 706 3775 tidie
733 3717 965 3783 donatis,
997 3714 1231 3769 debitum
1261 3710 1487 3767 reddite.
1531 3711 1612 3764 An
1639 3708 1774 3764 forte
1798 3707 1937 3778 quod
1972 3705 2164 3762 adver-

579 3826 673 3868 sus
703 3807 1078 3865 dmmouicolas
1107 3813 1160 3860 te
1185 3803 1421 3860 scribere
1445 3801 1735 3867 audieram,
1769 3811 1926 3871 atque
1951 3799 2004 3854 id
2034 3813 2167 3868 opus

574 3905 925 3962 vehementer
965 3897 1272 3955 desiderare
1321 3912 1409 3952 me
1454 3894 1787 3951 ostenderam
1835 3892 1942 3965 (c),
1985 3892 2167 3947 volens

580 3995 843 4068 perlicere
880 4008 944 4048 ac
971 3991 1202 4058 mittere,
1234 3996 1382 4044 tanto
1409 3996 1651 4057 tempore
1689 3985 1755 4039 ad
1784 3999 1884 4040 nos
1917 3984 2168 4054 epistolas

582 4085 870 4144 distulisti?
896 4083 1108 4140 Utinam
1131 4085 1317 4137 saltem
1340 4088 1446 4135 tam
1469 4079 1645 4149 opima
1672 4091 1854 4132 mensa
1873 4075 1984 4146 jam
2004 4089 2170 4129 anno-

583 4194 700 4236 sum
745 4177 813 4232 ab
842 4177 966 4232 stilo
1009 4182 1100 4229 tuo
1137 4173 1396 4244 jejunium
1438 4186 1614 4226 meum
1646 4169 1878 4239 excipias
1915 4187 1928 4224 :
1962 4183 2081 4238 quze
2122 4167 2169 4222 si

584 4271 820 4326 nondum
860 4275 1042 4339 parata
1071 4273 1181 4332 est,
1211 4279 1320 4320 non
1358 4263 1662 4319 desinemus
1687 4260 1957 4331 conqueri,
1991 4259 2036 4314 si
2070 4273 2169 4314 nos

586 4365 711 4419 dum
741 4361 868 4416 illud
914 4359 1148 4430 perficis,
1175 4373 1280 4412 non
1324 4357 1535 4412 interim
1564 4355 1756 4411 reﬁcis.
1807 4354 2040 4409 Salutate
2063 4351 2172 4406 fra-

583 4466 716 4520 tres,
740 4453 969 4508 maxime
990 4451 1286 4506 Romanum
1309 4460 1362 4504 et
1380 4449 1602 4520 Agilem.
1633 4449 1764 4502 Hinc
1783 4448 1872 4518 qui
1896 4448 2170 4502 nobiscum

591 4555 711 4601 sunt
742 4558 839 4597 vos
869 4543 1117 4607 salutant,
1151 4550 1204 4596 et
1233 4554 1420 4610 parum
1465 4538 1738 4593 nobiscum
1766 4538 2083 4606 irascuntur,
2124 4538 2170 4594 si

589 4651 773 4708 parum
803 4633 1044 4706 diligunt.

1054 4747 1380 4806 EPISTOLA
1422 4745 1582 4803 XLIII
1605 4749 1646 4771 “
1677 4744 1780 4820 (ά).

633 4867 835 4935 Quanta
866 4862 1179 4935 impudentia
1205 4861 1486 4935 Donatistae
1515 4860 1781 4935 persislcnt
1807 4859 1859 4914 in
1883 4875 1974 4914 suo
1997 4858 2133 4913 sciti-

1003 4944 1180 5000 smate,
1207 4941 1276 4987 tot
1293 4931 1755 5004 judiciis'convicti.

587 5051 826 5110 Dominis
849 5047 1206 5106 dilectissimis
1235 5055 1288 5102 et
1314 5045 1505 5101 merito
1543 5044 1894 5116 praedicandis
1923 5043 2171 5098 fratribus

647 5167 666 5186 ‘
689 5165 902 5216 Antehac
922 5161 1122 5223 inedita,
1145 5160 1304 5224 prodit
1347 5173 1412 5210 ex
1455 5160 1666 5210 corticeo
1707 5158 1872 5209 codice
1915 5157 2173 5208 Phimarco-

587 5243 728 5281 1181151
735 5265 746 5278 .

653 5293 694 5310 “
720 5291 886 5354 Epistt.
905 5295 1028 5338 xun
1045 5293 1098 5354 et
1116 5292 1238 5336 xuv
1271 5286 1457 5337 collata:
1491 5291 1604 5335 sunt
1624 5283 1910 5354 cum‘a.‘bg.
1935 5281 2004 5354 b_l.
2029 5295 2072 5331 c.
2097 5295 2168 5332 cc.

585 5354 638 5404 ft‘.
665 5368 716 5418 ε.
850 5365 971 5418 n._r.
995 5365 1036 5402 ε.
1061 5351 1137 5401 sb.
1155 5357 1194 5418 _t.
1219 5363 1294 5418 vc.
1311 5355 1516 5418 quatuor
1539 5361 1586 5418 v_.
1612 5356 1711 5418 Am.
1735 5344 1845 5394 Bad.
1967 5350 2077 5394 Lov.

651 5406 724 5479 (ῗι)
741 5406 925 5488 ἰξειὶῳὶ
943 5427 1117 5488 versus
1137 5406 1545 5488 desiderantur‘in
1568 5406 1984 5488 haete-nusneditis,
2008 5419 2101 5480 nec
2124 5409 2174 5488 in

587 5471 906 5541 MSanostris
930 5477 1182 5541 plusquam
1203 5473 1393 5521 duobus
1415 5471 1607 5532 optima:
1640 5476 1766 5518 notae
1787 5471 2098 5519 Germanensi
2122 5477 2174 5520 et,

590 5539 871 5601 Oorbeiensi
894 5539 1220 5601 réperiuntur2

653 5592 1024 5712 (gjtggrrosgga:
1046 5597 1165 5648 alias
1194 5595 1256 5646 42
1289 5599 1422 5655 erat,
1446 5606 1574 5644 nunc
1604 5592 1710 5643 252.
1745 5592 1924 5654 Scripta
1955 5600 2173 5646 exeunte

653 5675 663 5711 δ
818 5678 865 5711 ιι.
959 5681 998 5711 ι.

593 5669 764 5713 testate
786 5676 865 5711 an.
888 5669 998 5712 397.

677 5726 724 5836 (2
748 5730 797 5772 In
814 5723 1023 5796 epistola
1044 5723 1125 5772 51.
1938 5781 1948 5791 _
2083 5781 2087 5785 ι

717 5789 735 5836 l
759 5785 883 5835 Alias
905 5785 1024 5834 162:
1050 5795 1160 5836 aute
1181 5788 1345 5832 autem
1366 5780 1429 5832 45
1450 5787 1581 5836 erat,
1604 5792 1732 5832 nunc
1755 5779 1830 5832 16.
1855 5786 2033 5836 Scripta
2049 5793 2087 5831 et

611 5807 617 5850 ς
657 5779 735 5850 (d)
759 5779 1024 5850 altaalta:
1050 5795 1160 5850 quae
1177 5788 1345 5850 autem
1366 5780 1429 5832 45
1450 5787 1581 5844 erat,
1604 5792 1732 5846 nunc
1755 5779 1830 5832 16.
1855 5781 2033 5846 Scripta
2049 5781 2176 5835 circa

596 5845 677 5901 ﬁni
703 5845 782 5902 an.
807 5849 919 5912 397,
942 5854 1026 5901 aut
1045 5845 1152 5898 mit.
1177 5845 1284 5895 398.

1792 352 1854 410 S.
1891 346 2263 410 AUGUSTINI
2300 348 2602 413 EPISCOPI

2327 471 2556 541 GLORIO,
2586 472 2814 531 Etsusio
2832 517 2846 541 ,
2870 475 3179 546 Faciemus,
3203 476 3557 540 Gnans'rtco
3585 483 3604 515 ί
3639 493 3693 542 ει
3722 501 3845 545 cae-

2326 566 2456 620 teris
2486 567 2732 622 omnibus
2757 567 2947 638 quibus
2985 567 3088 624 hoc
3109 577 3316 641 gratum
3345 581 3449 642 est,
3477 575 3840 636 Accusamus.

2322 654 2549 714 CAPUT
2569 656 2849 714 PRIMUM.
2865 688 2927 700 —
2943 659 2970 715 1
2984 699 2996 713 .
3015 659 3158 715 Dixit
3175 661 3387 732 quidem
3409 666 3680 734 apostolus
3697 667 3845 725 Pau-

2252 745 2335 802 lus
2351 765 2362 801 :
2388 746 2692 803 Hmeticum
2709 750 2957 805 hominem
2973 760 3083 822 post
3097 767 3252 806 unam
3269 755 3633 824 correptionem
3645 759 3838 828 devita,

2250 843 2412 896 sciens
2448 843 2567 914 quia
2601 844 2866 899 subversas
2907 854 2978 900 est
3019 845 3284 917 ejusmodi,
3317 855 3364 902 et
3392 858 3584 918 peccat,
3615 859 3662 904 et
3703 861 3778 906 est
3808 869 3844 906 a

2250 935 2512 1006 semetipso
2540 935 2808 990 damnatus
2837 936 2970 1009 (Tit.
2996 952 3074 1004 ιιι,
3103 937 3191 1006 10,
3225 938 3286 993 11
3309 936 3352 1011 ).
3377 937 3481 994 Sed
3503 940 3593 1010 qui
3618 952 3845 997 senten-

2251 1027 2379 1082 tiam
2421 1041 2570 1082 suam
2593 1069 2608 1095 ,
2647 1029 2887 1099 quamvis
2916 1028 3101 1084 falsam
3131 1035 3290 1100 atque
3318 1045 3656 1100 perversam,
3687 1034 3843 1091 nulla

2253 1119 2510 1191 pertinaci
2533 1121 2868 1176 animositate
2887 1120 3196 1187 defendunt,
3225 1123 3516 1192 praesertim
3539 1139 3700 1194 quam
3727 1141 3841 1181 non

2252 1214 2468 1269 audacia
2491 1215 2913 1286 pratsumptionis
2937 1230 3046 1269 sua:
3072 1225 3408 1284 pepererunt,
3427 1216 3520 1270 sed
3547 1232 3577 1270 a
3598 1217 3842 1274 seductis

2251 1316 2408 1378 atque
2445 1308 2495 1362 in
2521 1323 2758 1364 errorem
2786 1308 2948 1379 lapsis
2974 1309 3275 1378 parentibus
3316 1321 3657 1380 acceperunt,
3683 1327 3840 1381 quae-

2251 1409 2377 1456 runt
2400 1412 2577 1457 autem
2617 1411 2770 1456 cauta
2807 1401 3160 1457 sollicitudine
3189 1401 3488 1470 veritatem,
3519 1404 3712 1473 corrigi
3743 1419 3841 1474 pa-

2252 1495 2386 1562 rati,
2417 1509 2535 1549 cum
2565 1495 2900 1560 invenerint;
2931 1509 3261 1565 nequaquam
3300 1503 3423 1550 sunt
3453 1496 3590 1550 inter
3623 1497 3842 1552 haereti-

2252 1601 2344 1641 cos
2377 1587 2686 1657 deputandi.
2725 1587 2879 1642 Tales
2923 1602 3048 1656 ergo
3088 1601 3186 1641 vos
3226 1586 3328 1640 nisi
3369 1601 3486 1642 esse
3527 1587 3837 1657 crederem,
3877 1643 3889 1662 ι

2253 1677 2426 1733 nullas
2457 1678 2685 1732 fortasse
2710 1677 2861 1732 vobis
2899 1677 3103 1731 litteras
3131 1677 3417 1732 mitterem.
3449 1677 3763 1747 Quanquam
3786 1686 3845 1733 et

2253 1770 2422 1840 ipsum
2453 1770 2758 1825 hzereticum
2782 1769 3072 1840 quamlibet
3098 1769 3280 1825 odiosa
3309 1770 3555 1838 superbia
3577 1770 3843 1826 tumidum

2254 1873 2306 1917 et
2338 1863 2632 1932 pervivacia
2655 1862 2808 1917 malae
2836 1862 3190 1917 contentionis
3209 1863 3473 1928 insanum,
3501 1863 3638 1916 sicut
3664 1864 3846 1917 vitan-

2254 1956 2380 2012 dum
2408 1971 2709 2022 monemus,
2735 1972 2802 2012 ne
2823 1957 3062 2012 infirmos
3088 1966 3140 2010 et
3166 1957 3411 2026 parvulos
3429 1955 3603 2021 fallat;
3635 1956 3704 2010 ita
3733 1971 3844 2012 non

2257 2048 2568 2117 abnuimus,
2608 2049 3027 2120 quibuscumque
3051 2047 3226 2103 modis
3252 2061 3532 2117 possumus
3570 2049 3848 2118 corrigen-

2254 2140 2403 2197 dum.
2431 2139 2586 2198 Unde
2611 2140 2803 2196 factum
2845 2149 2926 2197 est
2953 2149 3010 2195 ut
3031 2140 3190 2195 etiam
3215 2138 3282 2194 ad
3308 2137 3594 2194 nonnullos
3618 2138 3846 2193 Donati-

2254 2242 2456 2288 starum
2481 2233 2764 2304 primarios
2791 2233 3174 2300 scriberemus,
3206 2246 3312 2287 non
3341 2231 3846 2286 communicatorias

2257 2325 2460 2380 litteras
2481 2367 2496 2394 ,
2533 2341 2664 2397 quas
2686 2325 2796 2396 jam
2826 2326 2951 2380 olim
2969 2367 2985 2394 ,
3020 2334 3238 2396 propter
3265 2339 3415 2379 suam
3441 2324 3844 2393 perversitatem

2257 2417 2325 2472 ab
2351 2418 2549 2473 unitate
2589 2417 2846 2474 catholica
2880 2433 2998 2489 qua:
3033 2425 3147 2472 toto
3180 2417 3312 2472 orbe
3349 2415 3538 2470 diffusa
3579 2424 3692 2482 εει,
3738 2431 3846 2470 non

2257 2512 2557 2582 accipiunt;
2585 2511 2678 2568 sed
2704 2512 2834 2570 tales
2855 2512 3106 2582 privatas,
3128 2511 3374 2582 qualibus
3401 2510 3553 2565 nobis
3578 2511 3653 2564 uti
3681 2511 3848 2566 etiam

2259 2605 2326 2660 ad
2366 2606 2606 2677 Paganos
2633 2606 2795 2675 licet,
2835 2621 2969 2677 quas
3006 2604 3084 2663 illi
3113 2605 3212 2660 etsi
3240 2603 3524 2676 aliquando
3566 2605 3845 2674 legerunt,

2257 2697 2585 2769 respondere
2613 2706 2791 2754 tamen
2831 2697 2909 2752 eis
2938 2696 3049 2752 sive
3083 2698 3386 2761 noluerunt,
3417 2698 3548 2763 sive,
3593 2704 3653 2751 ut
3674 2697 3848 2768 magis

2259 2789 2514 2857 creditur,
2543 2790 2920 2860 nequiverunt.
2953 2789 3056 2845 Ubi
3085 2789 3237 2844 nobis
3267 2789 3397 2844 satis
3419 2789 3591 2845 visum
3621 2797 3705 2844 est
3748 2790 3849 2844 im-

2259 2880 2487 2950 plevisse
2514 2894 2612 2934 nos
2639 2879 2871 2935 ofﬁcium
2898 2880 3200 2948 charitatis,
3227 2895 3387 2951 quam
3415 2895 3520 2936 non
3551 2881 3724 2935 solum
3755 2895 3851 2935 no-

2261 2973 2409 3041 stris,
2437 2972 2534 3028 sed
2561 2980 2616 3028 et
2642 2972 2889 3028 omnibus
2915 2987 3015 3028 nos
3038 2972 3234 3028 debere
3254 2982 3470 3028 sanctus
3497 2972 3726 3043 Spiritus
3753 2973 3851 3028 do-

2262 3073 2366 3132 cet,
2395 3066 2485 3136 qui
2513 3065 2666 3121 nobis
2681 3065 2754 3121 ait
2781 3081 2877 3136 per
2899 3067 3208 3138 Apostolum
3233 3083 3247 3119 :
3281 3065 3383 3120 Vos
3409 3075 3573 3120 autem
3599 3063 3854 3121 Dominus

2263 3159 2579 3229 multiplicet,
2605 3169 2652 3214 et
2671 3159 2929 3214 abundare
2947 3160 3100 3231 faciat
3120 3159 3173 3212 in
3199 3159 3456 3225 charitate,
3490 3159 3542 3213 in
3571 3159 3787 3213 invicem
3810 3168 3855 3214 et

2265 3251 2317 3304 in
2343 3267 2513 3305 omnes
2538 3248 2596 3324 (I
2621 3249 2800 3305 Thess.
2825 3267 2902 3317 ιιι,
2941 3249 3064 3323 12).
3097 3251 3274 3306 Μοηει
3308 3252 3467 3306 etiam
3493 3251 3598 3306 alio
3623 3252 3767 3317 loco,
3801 3251 3854 3306 in

2265 3344 2522 3400 modestia
2547 3344 2909 3414 corripiendos
2933 3344 3142 3400 diversa
3163 3345 3476 3410 sentientes;
3495 3343 3579 3398 Ne
3601 3345 3758 3414 forte,
3780 3345 3855 3399 in-

2265 3438 2396 3508 quit,
2429 3437 2513 3492 det
2533 3437 2636 3492 illis
2669 3435 2809 3490 Deus
2838 3437 3177 3507 panitentiam
3199 3437 3267 3489 ad
3295 3435 3688 3508 cognoscendam
3719 3436 3852 3493 ueri-

2267 3540 2436 3598 tatem,
2465 3540 2513 3585 et
2543 3531 2839 3600 resipiscam
2864 3531 2925 3584 de
2947 3531 3135 3585 diaboli
3163 3529 3372 3604 laqueis,
3401 3530 3637 3600 captivati
3654 3531 3722 3585 ab
3747 3532 3854 3603 ipso

2267 3624 2323 3677 in
2349 3625 2509 3695 ipsius
2533 3625 2841 3677 uoluntatem
2866 3623 2941 3696 (Il
2975 3622 3106 3678 Tim.
3134 3639 3193 3691 ιι,
3223 3623 3312 3689 25,
3341 3622 3465 3695 26).

2339 3713 2393 3767 2.
2425 3713 2546 3769 Hmc
2576 3713 2892 3784 praelocutus
2922 3728 3060 3779 sum,
3089 3729 3157 3769 ne
3189 3714 3309 3786 quis
3333 3730 3420 3770 me
3457 3715 3728 3771 existimet
3755 3718 3858 3771 im-

2269 3803 2550 3874 pudentius
2587 3804 2738 3859 vobis
2767 3820 2926 3875 quam
2957 3805 3272 3875 prudentius
3311 3805 3506 3876 scripta
3545 3807 3780 3871 misisse,
3807 3815 3860 3863 et

2272 3897 2374 3953 hoc
2411 3897 2571 3953 modo
2592 3898 2862 3953 vobiscum
2895 3899 2962 3954 de
2985 3900 3195 3970 negotio
3221 3893 3412 3954 anima:
3438 3908 3628 3955 vestra:
3655 3898 3858 3970 aliquid

2271 4004 2426 4059 agere
2465 3988 2720 4055 voluisse,
2754 3990 2877 4059 quia
2918 3999 3115 4044 nostra!
3138 3989 3526 4044 communionis
3546 4005 3652 4043 non
3683 3991 3854 4045 estis:

2271 4096 2391 4136 cum
2425 4090 2598 4136 tamen
2632 4081 2675 4134 si
2705 4081 2771 4136 de
2799 4082 3008 4152 negotio
3037 4081 3204 4147 fundi,
3239 4091 3331 4136 aut
3356 4082 3578 4152 alicujus
3605 4083 3859 4152 pecunia-

2272 4173 2489 4228 ritelitis
2513 4173 2825 4228 dirimendm
2844 4174 2992 4228 vobis
3017 4173 3212 4244 aliquid
3235 4175 3541 4240 scriberem,
3570 4189 3728 4229 nemo
3749 4175 3856 4230 for-

2275 4273 2419 4322 tasse
2439 4265 2872 4335 reprehenderet.
2902 4265 3080 4336 Usque
3108 4264 3243 4320 adeo
3262 4265 3452 4320 charus
3481 4275 3562 4320 est
3590 4265 3678 4322 hic
3701 4282 3858 4322 mun-

2249 4359 2373 4413 -dus
2417 4358 2738 4424 hominibus,
2772 4368 2826 4414 et
2867 4359 3076 4412 sibimet
3103 4359 3202 4428 ipsi
3244 4359 3548 4414 viluerunt!
3586 4360 3700 4414 Erit
3730 4375 3856 4430 ergo

2273 4451 2402 4506 mihi
2428 4452 2492 4505 ad
2518 4451 2878 4506 defensionem
2903 4452 3050 4506 testis
3073 4451 3186 4506 hinc
3204 4453 3428 4521 epistola
3446 4453 3499 4507 in
3515 4452 3714 4522 judicio
3741 4453 3854 4519 Dei,

2273 4544 2363 4613 qui
2396 4544 2543 4597 novit
2581 4559 2685 4613 quo
2720 4545 2898 4598 animo
2936 4542 3172 4608 fecerim,
3202 4551 3257 4598 et
3283 4544 3373 4614 qui
3403 4543 3567 4601 dixit:
3593 4543 3743 4598 Beati
3767 4561 3858 4614 pa-

2276 4633 2429 4703 ciﬁci,
2459 4635 2575 4703 quia
2604 4634 2700 4705 ipsi
2729 4635 2822 4704 ﬁlii
2845 4632 2936 4687 Dei
2964 4634 3270 4688 vocabuntur
3293 4634 3514 4707 (Matth.
3543 4650 3596 4702 v,
3629 4633 3723 4706 9).

2342 4723 2568 4781 CAPUT
2600 4725 2790 4780 ll.—3.
2817 4726 2956 4795 Ergo
2982 4736 3036 4780 ut
3066 4724 3373 4781 meminisse
3397 4725 3706 4795 dignamini,
3736 4740 3856 4781 cum

2275 4835 2515 4875 essemus
2550 4819 2602 4873 in
2647 4827 2821 4873 vestra
2850 4819 3089 4897 civitate,
3133 4826 3187 4872 et
3211 4817 3462 4872 nonnulla
3489 4817 3764 4871 vobiscum
3793 4815 3856 4870 de

2275 4913 2651 4969 communione
2686 4911 2989 4966 christiana:
3031 4911 3248 4968 unitatis
3287 4925 3563 4981 ageremus
3586 4950 3602 4977 ,
3649 4911 3856 4979 prolata

2274 5015 2398 5061 sunt
2423 5021 2454 5060 a
2478 5005 2716 5077 partibus
2755 5004 2947 5058 vestris
2971 5003 3130 5058 Gesta
3159 5003 3420 5074 quaedam,
3448 5002 3639 5074 quibus
3663 5003 3856 5057 recita-

2277 5107 2386 5153 tum
2413 5095 2658 5167 estquod
2693 5095 3021 5166 septuaginta
3047 5093 3215 5150 ferme
3241 5095 3477 5165 episcOpi
3517 5092 3856 5149 Caecilianum

2276 5189 2542 5262 quondam
2572 5195 2766 5242 nostra:
2807 5187 3194 5242 communionis
3239 5186 3546 5256 episcopum
3585 5183 3861 5256 Carthagi-

2277 5282 2458 5337 nensis
2479 5279 2732 5334 Ecclesiae
2760 5294 2880 5333 cum
2902 5279 3011 5334 suis
3027 5279 3244 5349 collegis
3263 5288 3316 5333 et
3344 5277 3735 5333 ordinatoribus
3766 5280 3862 5330 da-

2277 5381 2609 5429 mnaverunt.
2639 5370 2736 5426 Ubi
2757 5372 2915 5426 etiam
2936 5370 3128 5426 Felicis
3157 5370 3500 5440 Aptungitani
3530 5371 3552 5402 ²
3583 5368 3662 5442 (α)
3703 5380 3860 5424 causa

2342 5469 2358 5499 ι
2384 5466 2492 5516 Bad.
2519 5473 2618 5514 Am.
2643 5471 2717 5515 Er.
2744 5473 2796 5516 et
2815 5479 2944 5515 unus
2966 5478 2995 5515 e
3018 5465 3164 5514 vatic.
3188 5471 3294 5515 Mss.
3319 5464 3522 5525 habent,
3546 5461 3710 5514 Felici.
3734 5461 3864 5511 Alius

2277 5531 2446 5598 vatic.,
2473 5526 2703 5598 ιριίείὸιςες
2721 5526 3062 5598 σνωιψιαείοέεο
3291 5589 3318 5598 ..
3342 5590 3369 5598 ..
3579 5586 3610 5598 ..
3643 5585 3656 5598 .

2342 5586 2517 5666 ’__Al3l,ld
2541 5599 2640 5641 Am.
2666 5586 2744 5640 ul
2766 5598 2820 5641 et
2850 5597 2957 5639 Mss.
2993 5589 3167 5639 decem
3210 5589 3473 5640 scribitur:
3505 5586 3680 5640 Felicis
3723 5590 3864 5637 Aulu-

2342 5718 2416 5782 (a)
2440 5719 2523 5782 Hie
2544 5729 2688 5782 porro
2702 5714 2845 5782 felix
2869 5713 3110 5782 ordinarat
3127 5714 3619 5782 Caecilianum_,_quem
3640 5713 3864 5782 schisma-

2281 5774 2484 5833 ticor'um
2495 5774 2633 5828 factio
2642 5778 2844 5829 collecta
2853 5776 3136 5841 Carthagine
3147 5791 3225 5826 au.
3236 5777 3406 5828 Christi
3414 5774 3470 5841 3i
3482 5774 3503 5826 Ι
3519 5779 3775 5841 absentem
3783 5774 3865 5841 da-

2285 5845 2495 5906 mnavit,
2517 5841 2636 5893 falso
2658 5848 2931 5892 accusatum
2951 5837 3082 5903 quod
3104 5838 3278 5893 fuisset
3299 5853 3328 5890 a
3349 5840 3689 5900 traditoribus,
3712 5839 3773 5889 iis
3793 5837 3865 5884 ni-
