4080 6346
220 474 317 529 161
1407 460 1815 521 EPISTOLARI

1928 460 2204 521 CLASSIS
2240 463 2304 518 ll.

215 588 393 644 multo
423 600 536 656 pra:
559 582 769 640 caeteris
795 577 1104 636 invidiosius
1130 584 1185 633 et
1210 576 1544 632 criminosius
1562 578 1811 631 ventilata

216 691 316 735 est.
368 681 507 747 Qua:
550 693 669 734 cum
713 684 894 732 essent
924 681 1113 728 cuncta
1159 671 1409 741 perlecta,
1440 670 1811 741 respondimus

219 788 327 827 non
353 787 475 825 esse
501 768 819 832 mirandum,
840 766 883 821 si
906 765 1147 819 homines
1170 763 1259 833 qui
1286 772 1408 817 tunc
1432 762 1559 816 illud
1581 762 1811 817 schisma

219 862 492 925 fecerunt,
526 875 630 914 non
661 858 777 912 sine
801 856 1130 911 confectione
1155 852 1456 917 Gestorum,
1486 866 1579 907 eos
1607 852 1658 906 in
1680 864 1812 921 quos

219 954 431 1007 fuerant
456 953 527 1007 ab
552 952 759 1006 aemulis
787 958 842 1004 et
862 948 1079 1018 perditis
1099 946 1367 1007 concitati,
1390 946 1635 1001 absentes
1654 959 1813 999 causa

223 1047 531 1117 incognita,
572 1054 772 1100 temere
806 1040 1131 1098 damnandos
1170 1054 1289 1095 esse
1331 1046 1663 1108 putaverunt.
1705 1037 1812 1093 Nos

216 1150 397 1194 autem
443 1139 547 1192 alia
593 1136 789 1190 habere
816 1133 975 1189 Gesta
1005 1130 1364 1187 ecclesiastica
1399 1130 1497 1201 (a),
1541 1130 1594 1183 in
1623 1128 1813 1198 quibus

216 1230 505 1287 Secundus
526 1228 867 1299 Tigisitanus,
892 1224 979 1294 qui
1007 1232 1130 1277 tunc
1151 1222 1338 1293 agebat
1360 1222 1411 1274 in
1437 1220 1677 1275 Numidia
1709 1220 1813 1289 pri—

214 1335 445 1388 matum,
474 1329 767 1392 praesentes
792 1326 846 1373 et
866 1315 1141 1371 confessos
1163 1313 1441 1368 traditores
1465 1312 1678 1380 reliquit
1701 1311 1812 1365 Deo

216 1415 581 1488 judicandos,
611 1422 665 1468 et
705 1426 798 1467 eos
840 1411 895 1465 in
934 1407 1320 1479 epise0palibus
1362 1404 1613 1473 sedibus,
1658 1403 1812 1459 sicuti

216 1517 392 1572 erant,
422 1520 649 1562 manere
668 1502 931 1575 permisit,
953 1514 1177 1571 quorum
1205 1498 1417 1553 nomina
1439 1496 1575 1551 inter
1596 1496 1816 1551 damna-

217 1613 364 1658 tores
414 1598 696 1656 Cascmani
743 1602 1125 1658 numerantur;
1170 1605 1289 1646 cum
1334 1590 1493 1644 etiam
1540 1587 1814 1644 Secundus

220 1692 333 1762 ipse
363 1690 582 1746 concilii
607 1687 844 1759 ejusdem
875 1684 1223 1756 principatum
1255 1688 1477 1746 teneret,
1506 1679 1594 1733 ubi
1624 1678 1814 1733 absen-

222 1795 299 1836 tes
323 1780 485 1852 quasi
529 1778 814 1833 traditores
840 1791 933 1845 per
973 1789 1155 1829 eorum
1194 1771 1483 1827 sententias
1522 1769 1810 1838 damnavit,

225 1873 415 1943 quibus
447 1869 801 1940 prmsentibus
829 1875 883 1922 et
905 1864 1160 1920 confessis
1190 1863 1405 1934 ignovit.

289 1964 345 2017 4.
377 1961 592 2017 Deinde
619 1960 874 2027 diximus,
896 1958 1162 2027 aliquanto
1191 1963 1311 2025 post
1334 1952 1575 2023 Majorini
1603 1951 1816 2007 ordina-

225 2057 421 2111 tionem
448 2095 465 2120 ,
498 2069 657 2124 quem
688 2059 871 2107 contra
899 2050 1237 2105 Caecilianum
1276 2048 1480 2102 nefario
1507 2048 1708 2103 scelere
1732 2045 1814 2103 le-

224 2152 517 2211 vavcrunt,
549 2144 814 2212 erigentes
840 2141 1008 2195 altare
1034 2147 1218 2194 contra
1247 2138 1432 2206 altare,
1464 2148 1518 2193 et
1558 2138 1815 2194 unitatem

222 2238 414 2293 ChriSti
444 2236 728 2292 discordiis
754 2234 1027 2289 furialibus
1050 2233 1397 2301 dissipantes,
1428 2246 1521 2287 eos
1544 2232 1759 2301 petiisse
1783 2246 1814 2287 a

223 2330 578 2387 Constantino
621 2338 748 2382 tunc
776 2326 1094 2396 imperatore
1133 2324 1338 2394 judices
1379 2324 1683 2394 episcopos,
1724 2323 1814 2395 qui

222 2423 285 2478 de
314 2424 429 2477 suis
458 2419 847 2492 quaestionibus
873 2434 991 2487 qua:
1021 2418 1073 2471 in
1101 2417 1275 2471 Africa
1302 2425 1500 2471 exortae
1529 2418 1674 2485 pacis
1702 2416 1816 2471 vin-

128 2512 131 2513 ⁷
224 2516 401 2571 culum
429 2512 775 2577 dirimebant,
796 2510 996 2565 arbitro
1012 2511 1027 2540 ι
1050 2507 1533 2577 mediojndicarent
1550 2505 1643 2578 (b).
1664 2506 1816 2574 Quod

224 2615 574 2677 posteaquam
602 2602 795 2657 factum
821 2608 921 2665 est,
954 2606 1213 2669 praesente
1232 2596 1511 2652 Caeciliano
1530 2605 1583 2650 et
1604 2596 1707 2650 illis
1727 2595 1817 2667 qui

223 2698 488 2753 adversus
530 2710 650 2751 eum
705 2694 1105 2763 navigaverant,
1144 2688 1414 2759 judicante
1466 2687 1757 2743 Melchiade
1794 2689 1815 2720 ³

226 2798 347 2845 tunc
374 2789 641 2843 Romanae
680 2785 828 2840 urbis
850 2784 1121 2853 episcopo,
1157 2796 1277 2836 cum
1305 2780 1522 2851 collegis
1550 2781 1661 2835 suis
1683 2795 1816 2851 quos

226 2883 288 2937 ad
328 2896 525 2953 preces
554 2879 951 2935 Donatistarum
978 2874 1195 2929 miserat
1220 2873 1531 2944 Imperator,
1562 2874 1613 2928 in
1644 2872 1816 2930 Caeci-

228 2978 429 3032 lianum
457 2974 591 3030 nihil
615 2971 832 3044 probari
864 2969 1117 3040 potuisse,
1146 2982 1209 3023 ac
1236 2984 1331 3038 per
1353 2968 1474 3035 hoc,
1502 2968 1591 3022 illo
1622 2969 1672 3023 in
1701 2968 1816 3039 epi-

208 3075 455 3137 ‘scopatu
492 3064 829 3129 conﬁrmato,
861 3062 1120 3116 Donatum
1147 3058 1237 3129 qui
1266 3059 1519 3114 adversus
1541 3075 1662 3114 eum
1693 3067 1817 3116 tunc

227 3157 408 3212 aderat
452 3155 832 3226 improbatum.
860 3152 1061 3219 Quibus
1100 3150 1327 3220 peractis
1354 3150 1512 3205 rebus
1536 3192 1550 3219 ,
1579 3165 1699 3206 cum
1738 3150 1816 3206 illi

228 3263 411 3304 omnes
459 3248 514 3302 in
545 3244 834 3317 pertinacia
861 3240 1222 3299 scelestissimi
1265 3240 1564 3297 schismatis
1603 3255 1816 3311 perma-

230 3348 455 3406 nerent,
480 3347 605 3412 post
636 3337 775 3409 apud
806 3336 1079 3392 Arelatum
1112 3334 1178 3408 (c)
1208 3341 1559 3390 memoratum
1585 3334 1817 3403 impera-

233 3443 404 3489 torem
436 3431 680 3488 eamdem
705 3445 916 3486 causam
945 3428 1247 3499 diligentius
1281 3426 1684 3482 examinandam
1711 3435 1818 3482 ter-

229 3524 646 3593 minandamque
674 3536 906 3578 curasse.
947 3520 1070 3575 Illos
1095 3534 1222 3575 vero
1260 3519 1327 3574 ab
1349 3517 1708 3573 ecclesiastico
1727 3518 1816 3587 ju-

228 3617 368 3672 dicio
389 3606 730 3686 provocasse,
752 3621 812 3668 ut
830 3627 1041 3668 causam
1062 3610 1438 3667 Constantinus
1457 3608 1682 3664 audiret.
1701 3608 1817 3674 Quo

230 3720 580 3779 posteaquam
605 3714 824 3761 ventum
844 3712 943 3770 est,
977 3713 1196 3775 utraque
1225 3711 1375 3773 parte
1398 3702 1699 3765 assistente,
1730 3701 1816 3755 in-

229 3810 519 3857 nocentem
538 3797 877 3853 Caicilianum
902 3796 1062 3850 fuisse
1078 3794 1367 3865 judicatum
1390 3793 1490 3867 (ά),
1514 3802 1671 3863 atque
1697 3793 1816 3849 illos

224 3892 519 3947 recessisse
554 3897 854 3958 superatos,
887 3896 941 3942 et
968 3888 1020 3941 in
1049 3885 1233 3941 eadem
1264 3894 1438 3940 tamen
1465 3884 1817 3954 perversitate

225 3984 512 4037 mansisse.
542 3980 650 4035 Nec
677 3979 744 4034 de
771 3979 962 4034 Felicis
984 3978 1325 4048 Aptungitani
1348 3991 1505 4031 causa
1541 3978 1813 4047 negligen-

224 4075 354 4131 tiam
382 4080 750 4141 consecutam,
782 4072 876 4126 sed
901 4071 967 4125 ad
987 4070 1222 4140 ejusdem
1248 4068 1500 4140 principis
1523 4068 1814 4139 jussionem

222 4228 396 4275 mirum
422 4224 508 4288 qui
541 4222 804 4288 Scripturas
834 4234 994 4271 sacras
1020 4223 1069 4271 in
1098 4222 1438 4288 persecutione
1462 4221 1815 4288 prodidissent,

509 4283 737 4358 quodque
760 4285 988 4358 diaconus
1008 4283 1116 4358 curri
1140 4290 1293 4358 esset,
1310 4284 1485 4358 victum
1508 4283 1669 4356 afferri
1694 4296 1818 4358 uiar-

256 4351 412 4459 πὶιέιιδ
427 4343 993 4458 ἱιιξὲιειοᾱὲοοηειὶιυιὶε
1014 4346 1358 4408 prohibuisset,
1375 4357 1439 4394 ex
1454 4346 1636 4397 Brevic.
1652 4343 1813 4395 oollat.

256 4424 304 4460 te
362 4444 377 4469 ,
404 4425 453 4460 c.
543 4445 558 4471 ,
582 4423 633 4457 n.
721 4443 736 4458 .

286 4495 305 4525 ι
331 4492 447 4541 Bad.
471 4498 547 4539 Er.
574 4499 626 4541 et
638 4497 745 4540 Mss.
771 4503 964 4549 novem,
987 4487 1188 4539 arbitrio
1209 4484 1381 4538 medio.

286 4557 308 4585 ³
331 4560 382 4602 in
406 4554 620 4615 antiquis
639 4553 752 4601 cdd.
777 4546 1000 4602 scribitur
1023 4552 1330 4614 plerumque,
1356 4546 1628 4601 Militiades.

286 4636 361 4705 (α)
383 4642 531 4684 Gesta
553 4642 687 4705 notat
708 4634 833 4705 apud
862 4635 1035 4705 pirtam
1066 4646 1153 4705 an._
1172 4632 1264 4681 305
1296 4631 1512 4705 confecta
1545 4632 1597 4705 in
1616 4632 1818 4705 concilio

226 4694 566 4758 episcowrum
586 4694 813 4745 undecim
835 4697 939 4745 sive
954 4696 1207 4744 duodecim
1221 4694 1406 4758 quibus
1421 4694 1713 4758 praesidebat
1734 4703 1818 4745 Se-

224 4755 429 4817 cundus,
449 4766 562 4807 tunc
575 4758 801 4819 Numidia:
824 4759 1016 4819 primas,
1035 4771 1129 4805 non
1143 4755 1402 4819 cathedrae,
1420 4755 1507 4819 sed
1522 4756 1818 4817 antiquitatis

219 4820 351 4881 jure.
375 4816 563 4882 Quippe
588 4820 637 4867 in
661 4816 839 4867 Africa?
851 4819 1106 4882 provinciis
1128 4816 1508 4882 primatushaud
1535 4816 1649 4865 erat
1666 4827 1816 4882 certae

224 4879 329 4929 sedi
353 4879 600 4939 addictus,
625 4888 947 4942 praeterquam
973 4881 1022 4927 in
1055 4879 1375 4928 Preconsulari
1390 4913 1404 4936 ,
1431 4880 1480 4926 in
1501 4891 1597 4940 qua
1626 4881 1819 4942 Cartha-

224 4943 454 5004 ginensis
490 4940 745 5004 episcopus
783 4940 843 4989 ea
883 4942 1245 5004 latrgmeniinentia
1283 4947 1521 5004 perpetuo
1552 4940 1813 5003 gaudebat.

224 4999 292 5052 De
327 4999 536 5065 praefato
564 4999 764 5051 Cirtensi
798 4999 997 5053 concilio
1028 5003 1133 5065 agit
1159 4999 1356 5064 Optatus
1373 4999 1437 5065 ’in
1470 4999 1613 5050 libfi
1650 5013 1816 5065 contra

226 5062 625 5123 Parrhenianum,
666 5065 873 5127 ejusque
907 5073 1027 5127 acta
1056 5062 1208 5127 refert
1244 5064 1537 5127 Augustinus
1572 5065 1622 5113 in
1664 5063 1749 5115 lib.
1784 5068 1817 5117 '5

225 5134 356 5175 cont.
382 5128 712 5186 (resconium,
733 5139 778 5175 c.
794 5125 880 5184 '27,
903 5140 953 5175 n.
980 5126 1059 5186 30,
1083 5125 1167 5174 ubi
1189 5125 1347 5173 tamen
1373 5137 1507 5186 error
1532 5134 1608 5175 est
1630 5127 1679 5175 in
1698 5136 1817 5178 Con-

227 5188 389 5298 sulit?
407 5188 772 5298 gfsignatione,
793 5185 1099 5250 castigandus
1120 5199 1185 5235 ex
1206 5187 1390 5237 Brevic.
1409 5185 1569 5237 eollat.
1593 5187 1674 5238 die
1695 5189 1745 5251 3,
1768 5204 1814 5242 c.

289 5264 490 5309 ,n.or.

288 5308 378 5376 (b)-
404 5311 604 5376 Judices
630 5309 888 5376 patiemini
911 5313 1257 5376 episcopos?!
1292 5308 1464 5376 Gallia;
1496 5311 1677 5376 quippe
1704 5326 1816 5376 quae

236 5387 258 5417 ι
279 5372 351 5443 ab
497 5382 552 5425 ut
568 5372 781 5445 meum},
801 5372 1051 5445 facinore»
1068 5372 1544 5445 traditionisdequo
1559 5372 1815 5445 agebatur,

236 5436 511 5504 {immunis
525 5452 549 5479 ι
580 5442 702 5504 erat.
728 5436 833 5504 Da_ti
854 5443 968 5485 sunt
988 5443 1233 5504 Maternus
1252 5437 1613 5504 Agrippinensis
1622 5469 1646 5504 ,.
1658 5436 1818 5504 Eneti-'-

232 5495 337 5545 cius
376 5497 858 5562 Augustodunensis,
899 5504 951 5562 et
987 5498 1192 5562 Marinus
1226 5495 1551 5562 Arelatensis.
1584 5498 1817 5562 missique

232 5555 675 5629 umnamdumaljis
694 5555 1221 5629 quindecimepiseopis
1237 5555 1388 5629 Italis;
1412 5571 1613 5620 quorum
1634 5561 1683 5608 in
1703 5555 1819 5611 con-

230 5628 373 5687 sessu
394 5616 684 5687 Melchiades
704 5616 825 5687 ῥέψει
1150 5616 1460 5687 innocentem
1484 5632 1595 5670 esse
1612 5633 1820 5687 pronun-

230 5680 385 5743 tiavit,
406 5693 469 5730 ex
488 5688 655 5743 Optato
670 5679 720 5743 in
736 5679 822 5743 lib.
843 5683 866 5732 1
888 5682 1078 5733 advers.
1098 5681 1475 5743 Parmenianum,
1492 5679 1820 5738 anno'scilicet

230 5739 342 5806 3135,
357 5739 499 5804 juxta
522 5739 641 5806 Aug.
665 5742 715 5791 in
736 5741 971 5806 lib._post.
992 5743 1176 5805 Collat.,
1196 5755 1241 5792 c.
1262 5742 1343 5806 53,
1366 5757 1417 5793 n.
1435 5743 1515 5795 56.

297 5802 371 5866 (c)
392 5810 443 5853 tn
460 5802 663 5854 concilio
685 5806 708 5853 1
728 5802 1016 5866 Arelatensi,
1040 5802 1170 5856 anno
1184 5804 1295 5855 514.

296 5864 379 5935 (ά)
398 5868 468 5935 si)
487 5868 785 5935 imperatore
804 5867 933 5935 apud
955 5864 1271 5922 Mediolanum
1285 5900 1301 5932 ,
1332 5878 1457 5921 anno
1486 5868 1607 5935 516,
1638 5882 1703 5924 ex
1727 5868 1815 5924 lib.

232 5935 343 5987 post
358 5926 620 5993 Collat.,'c.
642 5929 722 5992 33,
743 5941 795 5980 n.
816 5926 898 5982 56.

3391 472 3496 531 162

1916 576 2381 646 proconsularibus
2429 575 2606 634 Gestis
2648 577 2809 634 etiam
2856 577 3030 649 ipsum
3086 578 3248 637 fuisse
3294 594 3494 655 purga-

1918 677 2026 723 tum
2060 669 2159 741 (a).

1988 762 2041 815 5.
2074 761 2178 816 Sed
2218 762 2338 832 quia
2382 762 2495 817 hac
2534 764 2711 819 omnia
2757 764 3062 821 dicebamus
3102 774 3340 837 tantum,
3388 783 3496 825 non

1918 853 2076 908 etiam
2106 854 2430 925 legebamus,
2460 857 2633 912 minus
2660 857 2896 926 profecto
2920 860 3071 914 vobis
3098 875 3254 930 agere
3273 860 3492 917 videba-

1918 961 2055 1010 mur,
2074 962 2229 1016 quam
2249 946 2315 1001 de
2328 957 2508 1003 nostra
2522 950 2537 980 ι
2554 958 2796 1018 exspecta
2804 950 2937 1003 batis
2954 951 3217 1005 instantia.
3241 951 3391 1020 Quod
3404 951 3496 1007 ubi

1921 1040 2205 1107 sensimus,
2238 1040 2303 1095 ad
2323 1056 2384 1095 ea
2413 1058 2531 1111 qua:
2561 1042 2781 1112 legenda
2803 1044 3238 1113 promiseramus,
3266 1061 3369 1099 non
3397 1045 3498 1100 dis-

1917 1135 2132 1189 tulimus
2160 1134 2395 1189 mittere.
2420 1134 2546 1202 Qme
2577 1136 2773 1198 omnia,
2802 1135 2924 1190 dum
2956 1138 3283 1191 excurrimus
3311 1138 3375 1193 ad
3398 1138 3497 1194 Ec-

1918 1224 2131 1280 clesiam
2156 1224 2521 1289 Gelizitanam,
2549 1226 2669 1280 inde
2690 1227 2755 1280 ad
2782 1236 3013 1282 vestrum
3040 1228 3290 1297 oppidum
3319 1245 3499 1285 rever—

1919 1316 2051 1379 suri,
2080 1316 2224 1371 bidui
2255 1332 2357 1371 non
2381 1317 2523 1387 pleni
2546 1317 2936 1374 intermissione
2954 1329 3232 1385 venerunt,
3261 1334 3417 1391 atque
3441 1330 3500 1378 ut

1920 1408 2107 1474 nostis,
2127 1418 2381 1478 quantum
2409 1415 2617 1476 tempus
2640 1408 2873 1477 admisit,
2893 1425 2997 1465 uno
3021 1412 3107 1466 die
3134 1411 3351 1467 recitata
3373 1422 3499 1469 sunt

1920 1498 2087 1553 vobis.
2112 1499 2290 1554 Primo
2328 1499 2417 1554 ubi
2443 1498 2719 1554 Secundus
2746 1499 3067 1569 Tigisitanus
3090 1503 3361 1558 confessos
3389 1512 3499 1558 tra-

1920 1587 2120 1644 ditores
2154 1604 2184 1643 a
2223 1590 2446 1660 collegio
2483 1603 2583 1645 suo
2614 1603 2889 1645 removere
2927 1606 3031 1645 non
3070 1607 3227 1646 ausus
3252 1602 3351 1657 est,
3379 1608 3499 1657 cum

1919 1680 2109 1749 quibus
2138 1689 2318 1749 postea
2344 1696 2451 1737 non
2470 1681 2773 1738 confessum
2790 1686 2848 1736 et
2870 1680 3143 1736 absentem
3160 1680 3501 1737 Caecilianum

1917 1770 2156 1841 aliosque
2195 1786 2321 1827 suos
2358 1775 2588 1847 collegas
2624 1775 2883 1830 damnare
2926 1789 3085 1829 ausus
3132 1780 3214 1829 est
3254 1792 3269 1829 :
3310 1773 3504 1830 deinde

1920 1861 2076 1917 Gesta
2106 1864 2521 1933 proconsularis,
2549 1866 2640 1920 ubi
2664 1865 2818 1921 Felix
2836 1864 3238 1935 diligentissimo
3260 1864 3504 1921 examine

1919 1952 2173 2023 probatus
2195 1961 2278 2008 est
2306 1955 2577 2012 innocens.
2599 1956 2722 2012 Haec
2746 1964 2870 2012 ante
2894 1956 3168 2012 meridiem
3194 1955 3345 2011 vobis
3367 1956 3504 2011 lecta

1921 2059 2040 2101 esse
2061 2047 2399 2103 meministis.
2428 2047 2557 2104 Post
2581 2050 2857 2106 meridiem
2883 2064 3011 2106 vero
3039 2049 3377 2105 recitavimus
3392 2063 3505 2119 pre-

1920 2151 2010 2192 ces
2034 2153 2217 2194 eorum
2250 2140 2316 2195 ad
2346 2141 2767 2207 Constantinum,
2799 2141 3040 2212 datisque
3062 2142 3128 2196 ab
3153 2156 3219 2196 eo
3238 2140 3504 2211 judicibus

1921 2226 2083 2285 Gesta
2110 2231 2473 2287 ecclesiastica
2500 2233 2553 2287 in
2581 2232 2817 2288 Romana
2837 2233 2967 2287 urbe
2992 2232 3191 2299 habita,
3214 2232 3403 2301 quibus
3429 2230 3505 2287 illi

1920 2323 2202 2394 improbati
2242 2333 2398 2393 sunt,
2428 2324 2743 2381 Caecilianus
2780 2334 2955 2379 autem
2995 2325 3048 2379 in
3078 2322 3366 2393 episcopali
3404 2322 3504 2377 ho-

1920 2432 2053 2473 nore
2079 2417 2340 2474 ﬁrmatus.
2390 2419 2666 2474 Postremo
2699 2418 3027 2474 Constantini
3054 2416 3388 2487 imperatoris
3416 2414 3506 2469 lit-

1922 2516 2063 2564 teras
2080 2550 2094 2575 ,
2137 2509 2331 2580 quibus
2356 2510 2537 2566 omnia
2572 2510 2741 2567 multo
2768 2512 2998 2568 maxime
3030 2509 3369 2566 testatissima
3393 2505 3506 2563 cla-

1919 2611 2161 2658 ruerunt.

1992 2694 2144 2750 CAP.
2171 2693 2259 2750 Ill.
2290 2724 2364 2735 —
2390 2694 2443 2750 6.
2472 2694 2608 2763 Quid
2628 2694 2786 2750 vultls
2808 2695 3055 2765 amplius,
3083 2693 3353 2759 homines;
3380 2692 3506 2764 quid

1922 2787 2081 2842 vultis
2106 2788 2372 2858 amplius?
2398 2788 2513 2845 Non
2539 2789 2605 2845 de
2632 2805 2764 2844 auro
2787 2798 2841 2844 et
2861 2797 3080 2860 argento
3106 2798 3283 2844 vestro
3306 2786 3504 2858 agitur;

1921 2894 2029 2934 non
2071 2889 2210 2935 terra
2232 2921 2247 2949 ,
2282 2896 2386 2936 non
2417 2881 2611 2951 praedia
2633 2922 2648 2949 ,
2689 2896 2793 2935 non
2833 2879 3060 2950 denique
3092 2881 3236 2935 salus
3268 2878 3509 2948 corporis

1922 2971 2088 3025 vestri
2121 2970 2175 3026 in
2214 2970 2499 3027 discrimen
2532 2980 2791 3026 vocatur:
2821 2970 2889 3026 de
2917 2969 3254 3041 adipiscenda
3284 2970 3392 3023 vita
3430 2984 3506 3025 te-

1922 3070 2074 3120 terna
2100 3074 2154 3119 et
2193 3064 2441 3135 fugienda
2470 3075 2643 3120 morte
2672 3071 2871 3119 aeterna
2896 3064 3279 3133 compellamus
3303 3062 3507 3118 animas

1923 3167 2150 3213 vestras.
2179 3157 2621 3229 Expergiscimini
2648 3157 2932 3230 aliquando
2961 3177 2975 3214 :
3003 3174 3111 3214 non
3137 3158 3190 3213 in
3210 3158 3381 3228 aliqua
3407 3156 3507 3212 ob-

1922 3262 2078 3305 scura
2114 3252 2405 3320 quaestione
2431 3266 2736 3319 versamur,
2762 3266 2868 3306 non
2900 3250 3171 3307 recondita
3207 3257 3409 3305 secreta
3431 3248 3506 3304 ti-

1922 3355 2151 3409 mamur,
2179 3342 2370 3412 quibus
2398 3342 2743 3414 penetrandis
2761 3342 2844 3398 vel
2866 3343 3011 3397 nulla
3037 3342 3119 3398 vel
3138 3357 3257 3397 rara
3281 3341 3506 3396 humana

1920 3435 2081 3491 corda
2110 3435 2404 3502 sufﬁciant;
2444 3450 2534 3491 res
2570 3436 2624 3491 in
2653 3444 2836 3505 aperto
2875 3444 2975 3490 est.
3005 3434 3141 3501 Quid
3172 3434 3372 3490 eminet
3393 3434 3506 3489 cla-

1920 3526 2067 3583 rius?
2093 3526 2217 3597 quid
2242 3527 2476 3581 cernitur
2514 3525 2707 3582 citius?
2752 3526 2987 3582 Dicimus
3015 3526 3298 3581 temerario
3326 3525 3507 3581 conci-

1921 3619 2015 3687 lio,
2041 3618 2330 3689 quamlibet
2354 3618 2807 3684 numerosissima,
2832 3618 3138 3674 innocentes
3156 3618 3509 3687 absentesque

1919 3710 2086 3767 fuisse
2110 3711 2407 3766 damnatos.
2448 3710 2741 3767 Probamus
2769 3710 2873 3767 hoc
2905 3708 3376 3780 proconsularibus
3400 3706 3507 3764 Ge-

1920 3803 2036 3867 stis,
2068 3803 2259 3874 quibus
2283 3803 2349 3858 ab
2377 3802 2521 3857 omni
2549 3801 2847 3857 traditionis
2873 3801 3095 3857 crimine
3121 3800 3327 3856 alienus
3355 3798 3505 3870 judi-

1920 3903 2071 3950 catus
2110 3902 2193 3950 est
2221 3894 2347 3962 ille,
2384 3909 2546 3964 quem
2588 3893 2822 3949 maxime
2863 3893 3207 3949 criminosum
3247 3907 3276 3946 a
3317 3891 3508 3947 vestris

1921 3987 2122 4058 prolata
2151 3986 2362 4042 concilii
2389 3985 2548 4042 Gesta
2578 3993 2889 4041 sonuerunt.
2921 3986 3154 4041 Dicimus
3179 4000 3208 4038 a
3236 3983 3507 4039 traditori-

1919 4078 2020 4133 bus
2046 4078 2322 4143 confessis,
2350 4078 2403 4132 in
2430 4092 2522 4133 eos
2550 4077 2637 4147 qui
2679 4076 2961 4133 traditores
2988 4076 3312 4141 dicerentur,
3340 4073 3508 4129 dictas

1920 4168 2083 4225 fuisse
2123 4169 2432 4224 sententias.
2464 4167 2757 4223 Probamus
2782 4168 2882 4221 hoc
2908 4164 3281 4221 ecclesiasticis
3306 4164 3504 4230 Gestis,

1920 4260 2010 4315 ubi
2037 4260 2347 4314 nominatim
2376 4259 2736 4324 declarantur,
2761 4258 2815 4312 in
2844 4256 3034 4327 quibus
3059 4253 3338 4311 Secundus
3365 4253 3507 4324 Tigi-

1920 4353 2125 4407 sitanus
2150 4367 2211 4407 ea
2235 4367 2353 4422 quae
2377 4350 2645 4420 cognovit,
2675 4349 2818 4404 velut
2842 4346 3081 4403 contuitu
3111 4346 3255 4416 pacis
3284 4345 3502 4416 ignovit,

1918 4452 2121 4500 etcum
2165 4443 2353 4514 quibus
2383 4451 2566 4512 postea
2609 4456 2716 4495 non
2743 4442 2764 4473 ³
2806 4437 3083 4509 cognovit,
3117 4437 3338 4492 discissa
3380 4450 3508 4506 pace

1918 4535 2205 4591 damnavit.
2245 4533 2397 4591 Unde
2424 4532 2669 4604 apparuit
2696 4547 2817 4586 eum
2856 4530 3015 4586 etiam
3043 4528 3215 4599 primo
3249 4543 3355 4582 non
3389 4525 3507 4596 paci

1919 4627 2293 4693 consuluisse,
2326 4625 2420 4680 sed
2448 4624 2548 4679 sibi
2574 4622 2831 4678 timuisse.
2881 4619 3161 4689 Objecerat
3201 4617 3251 4673 ei
3279 4631 3507 4688 namque

1920 4720 2212 4789 Purpurius
2244 4716 2563 4773 Limatensis
2595 4715 2617 4747 ³
2654 4713 2792 4785 quod
2821 4713 2980 4768 etiam
3012 4711 3146 4782 ipse,
3174 4725 3296 4765 cum
3323 4709 3507 4765 deten-

1920 4821 2005 4867 tus
2029 4820 2171 4866 esset
2202 4825 2233 4865 a
2271 4818 2515 4865 curatore
2538 4815 2592 4862 et
2622 4805 2809 4861 ordine
2829 4812 2887 4858 ut
2918 4803 3221 4874 Scripturas
3251 4800 3502 4866 traderet,

1918 4904 2169 4959 dimissus
2191 4910 2292 4968 est,
2316 4902 2494 4971 utique
2519 4914 2623 4953 non
2648 4896 2865 4962 frustra,
2890 4894 2992 4950 nisi
3012 4895 3132 4965 quia
3160 4893 3391 4959 tradidit,
3415 4900 3506 4947 aut

1920 4996 2055 5051 tradi
2084 4993 2280 5063 aliquid
2309 4992 2482 5062 jussit.
2516 4990 2664 5044 Hanc
2699 4988 2788 5044 ille
2826 4986 3181 5057 suspicionem
3222 4986 3351 5040 satis
3377 4996 3504 5052 pro-

1918 5087 2147 5143 babilem
2174 5094 2444 5151 metuens,
2470 5090 2694 5152 accepto
2725 5079 2951 5137 consilio
2971 5093 3002 5133 a
3027 5078 3234 5134 minore
3258 5074 3504 5132 Secundo

1920 5177 2316 5249 consanguineo
2344 5190 2473 5243 suo,
2518 5172 2881 5245 consultisque
2920 5170 3129 5228 caeteris
3156 5169 3245 5241 qui
3279 5181 3401 5223 cum
3438 5178 3507 5222 eo

1985 5314 2003 5346 ι
2026 5318 2109 5362 Ms.
2122 5323 2250 5361 unus
2264 5324 2294 5361 e
2305 5311 2473 5370 vatic.,
2496 5311 2673 5359 vestra.

1982 5376 2004 5406 ί
2027 5359 2288 5423 nausia
2304 5359 2603 5435 antiquiores
2616 5369 2727 5419 add.
2743 5374 2801 5419 At
2812 5374 2948 5435 Lov.,_
2959 5359 3503 5435 posteaquam

1984 5436 2006 5469 ⁸
2026 5437 2100 5485 sic
2120 5436 2170 5484 in
2190 5442 2295 5486 Mss.
2322 5423 2591 5498 plerisque,
2614 5445 2803 5498 necnon
2824 5423 2949 5498 apud
2961 5423 3208 5498 'pptatu'm.
3245 5429 3302 5474 At

1919 5503 2040 5560 ιον.
2054 5503 2131 5548 Er.
2171 5504 2288 5560 etc,
2311 5489 2555 5559 scribitur,
2904 5498 2954 5542 tn
2974 5489 3056 5540 Hs.
3092 5495 3309 5547 Gervas.,
3343 5489 3510 5536 Lania-

1921 5607 2373 5733 Wt'dLProcqnsutis
2394 5619 2581 5671 aeliani
2597 5618 2706 5669 slve
2722 5615 2890 5689 auaui
2912 5612 3155 5685 sententia
3176 5612 3225 5661 in
3240 5609 3398 5660 Gesti:
3416 5607 3509 5657 hoc

1918 5683 2027 5734 loco
2090 5684 2250 5746 udatIS
2269 5684 2397 5734 dicta
2416 5681 2682 5734 swundum
2706 5676 2912 5746 Felicem
2932 5680 3330 5746 Aptungttanum,
3352 5670 3510 5746 refer:-

1920 5752 2001 5796 tur
2023 5746 2072 5795 in
2095 5745 2181 5809 lib.
2209 5746 2244 5809 5
2255 5752 2390 5809 cont.
2430 5738 2869 5809 Crescon.,_c.__70,
2898 5736 3156 5809 n.'8l_.__t_)e

1919 5808 2344 5870 proconsularibus
2362 5797 2673 5857 mentionem
2689 5801 2802 5870 facit
2824 5797 3024 5870 optatus
3042 5797 3245 5870 Milevit;
3260 5797 3509 5870 net-tingat

1919 5855 2512 5987 Ξιιᾶξὲἷῶὄιῖίίέδιὸ
2534 5865 2797 5930 Augustino
2824 5855 2879 5918 in"
2896 5861 2982 5915 lib.
3014 5868 3124 5929 post
3152 5859 3338 5924 collat.,
3357 5871 3405 5913 c.
3426 5855 3507 5917 εὖ,
