4080 6346
557 574 712 624 erant
725 564 1014 635 episcbpis,
1035 559 1458 617 manifesrissima
1471 555 1698 610 crimina
1725 553 1834 608 Deo
1849 549 2130 622 iudicanda

562 660 780 722 dimisit,
807 667 965 726 atque
991 658 1060 710 ita
1082 655 1195 724 paci
1218 650 1549 724 prospexisse
1573 649 1716 704 visus
1739 656 1847 714 est;
1870 645 2010 717 quod
2034 643 2128 699 fal-

555 766 674 807 sum
702 757 834 810 erat,
861 763 983 802 cum
1012 745 1111 801 sibi
1135 741 1482 815 prospexerit.

629 846 683 900 7.
723 845 857 900 Nam
885 847 930 900 si
969 845 1020 898 in
1049 843 1162 911 ejus
1199 837 1356 894 corde
1385 834 1633 906 cogitatio
1661 835 1804 903 pacis
1834 832 2124 898 habitaret,

555 953 664 994 non
692 937 830 1007 apud
858 933 1226 1001 Carthaginem
1255 938 1434 998 postea
1459 943 1581 982 cum
1610 924 1967 988 traditoribus,
1995 937 2128 991 quos

557 1038 848 1102 praesentes
889 1037 1042 1095 atque
1077 1023 1350 1078 confessos
1380 1021 1488 1074 Deo
1521 1018 1832 1083 dimiserat,
1854 1015 2130 1070 damnaret

557 1125 780 1180 crimine
810 1117 1130 1181 traditionis,
1181 1130 1314 1185 quos
1360 1114 1604 1168 absentes
1644 1109 1782 1180 apud
1815 1124 1934 1163 eum
1973 1121 2128 1160 nemo

558 1216 873 1272 convicerat.
919 1210 1088 1263 Tanto
1128 1207 1295 1276 magis
1342 1206 1480 1259 enim
1518 1204 1703 1257 timere
1729 1200 1909 1255 debuit
1935 1214 2002 1252 ne
2026 1195 2128 1268 pax

559 1304 773 1362 unitatis
804 1302 1106 1366 violaretur,
1133 1307 1333 1369 quanto
1359 1305 1473 1351 erat
1499 1294 1760 1362 Carthago
1801 1293 1986 1348 civitas
2013 1305 2128 1345 am-

553 1399 642 1468 pla
667 1407 722 1451 et
749 1394 986 1457 illustris,
1017 1391 1156 1446 unde
1181 1406 1238 1444 se
1263 1405 1357 1459 per
1387 1397 1550 1442 totum
1581 1386 1768 1440 Africa:
1795 1398 1987 1454 corpus
2012 1397 2128 1437 ma-

557 1489 663 1542 lum
691 1486 828 1556 quod
857 1485 926 1538 ibi
949 1492 1091 1538 esset
1117 1489 1379 1542 exortum,
1407 1489 1653 1548 tanquam
1680 1492 1710 1530 a
1739 1477 1933 1531 vertice
1957 1475 2124 1529 effun-

553 1585 722 1640 deret.
764 1581 886 1632 Erat
921 1575 1079 1628 etiam
1121 1570 1484 1626 transmarinis
1521 1570 1691 1624 vicina
1734 1567 2034 1638 regionibus
2074 1569 2132 1622 et

553 1677 693 1732 fama
729 1669 1074 1728 celeberrima
1101 1665 1327 1719 nobilis:
1356 1663 1494 1718 unde
1517 1677 1623 1717 non
1650 1663 1929 1719 mediocris
1951 1665 2129 1734 utique

553 1765 880 1823 auctoritatis
903 1763 1128 1817 habebat
1147 1761 1470 1829 episcopum,
1498 1759 1586 1828 qui
1613 1768 1790 1826 posset
1814 1773 1914 1811 non
1942 1771 2128 1812 curare

555 1861 946 1928 conspirantem
977 1853 1360 1909 multitudinem
1384 1852 1737 1916 inimicorum,
1762 1864 1880 1903 eum
1911 1863 1968 1902 se
1991 1848 2130 1903 vide-

553 1962 637 2008 ret
664 1960 719 2005 et
741 1950 995 2004 Romanas
1030 1945 1281 1999 Ecclesiae
1301 1985 1315 2009 ,
1358 1943 1408 1995 in
1441 1956 1543 2011 qua
1586 1956 1796 2010 semper
1826 1939 2129 2010 apostolicae

554 2044 820 2100 cathedra:
845 2041 1008 2111 viguit
1036 2038 1360 2109 principatus
1379 2078 1394 2102 ,
1433 2045 1489 2091 et
1517 2035 1721 2090 caeteris
1752 2034 1907 2088 terris
1926 2073 1942 2100 ,
1988 2032 2128 2088 unde

547 2135 900 2205 *Evangeiium
922 2133 986 2187 ad
1015 2133 1180 2201 ipsam
1208 2129 1433 2184 Africam
1455 2128 1615 2192 venit,
1648 2142 1745 2196 per
1767 2126 2125 2180 communica-

553 2227 721 2282 torias
746 2227 944 2280 litteras
969 2239 1088 2279 esse
1105 2222 1462 2290 conjunctum,
1491 2219 1574 2272 ubi
1603 2226 1814 2286 paratus
1831 2225 1974 2272 esset
1996 2230 2125 2269 cau-

559 2333 671 2372 sam
697 2332 844 2372 suam
870 2316 1068 2379 dicere,
1100 2316 1142 2368 si
1170 2312 1454 2367 adversarii
1485 2311 1600 2380 ejus
1626 2309 1693 2364 ab
1721 2324 1786 2364 co
1809 2310 1924 2363 illas
1952 2307 2129 2362 Eccle-

557 2409 664 2464 sias
692 2408 922 2462 alienare
965 2413 1302 2460 conarentur.
1335 2403 1468 2470 Quia
1510 2415 1637 2470 ergo
1661 2401 1842 2454 venire
1866 2400 2034 2455 noluit
2058 2399 2125 2454 ad

559 2497 846 2566 hospitium
866 2497 1201 2565 collegarum,
1231 2508 1360 2562 quos
1377 2508 1410 2546 a
1439 2490 1547 2545 suis
1570 2490 1796 2544 inimicis
1822 2500 2002 2544 contra
2030 2504 2126 2544 ve-

555 2588 762 2642 ritatem
792 2602 901 2641 suae
929 2601 1102 2641 causae
1124 2597 1398 2653 perversos
1425 2597 1542 2637 esse
1569 2582 1827 2637 sentiebat
1847 2583 1926 2638 vel
1955 2585 2126 2652 suspi—

558 2679 795 2743 cabatur,
819 2677 922 2744 vel,
948 2687 1007 2730 ut
1035 2676 1135 2745 ipsi
1163 2681 1422 2737 asserunt,
1453 2673 1753 2738 simulabat,
1788 2682 1932 2726 tanto
1959 2671 2125 2741 magis

557 2768 854 2835 Secundus,
883 2769 926 2821 si
954 2782 1095 2821 verte
1121 2766 1264 2836 pacis
1287 2772 1467 2819 custos
1495 2778 1612 2818 esse
1634 2762 1904 2826 voluisset,
1936 2778 2126 2818 cavere
2183 2762 2185 2764 ’

555 2860 742 2916 debuit
783 2875 851 2913 ne
879 2859 1257 2912 damnarentur
1280 2855 1526 2910 absentes
1544 2895 1559 2920 ,
1590 2855 1677 2923 qui
1715 2853 1913 2922 judicio
1939 2868 2125 2908 eorum

555 2953 770 3006 omnino
796 2952 1050 3006 interesse
1087 2949 1384 3004 noluerunt.
1427 2946 1608 3016 Neque
1644 2946 1784 3000 enim
1812 2945 1878 3000 de
1906 2945 2127 3016 presby-

555 3043 684 3098 teris
704 3052 797 3096 aut
815 3042 1048 3096 diaconis
1069 3048 1162 3096 aut
1187 3038 1448 3094 inferioris
1471 3037 1670 3092 ordinis
1693 3037 1915 3102 clericis,
1941 3036 2034 3092 sed
2055 3036 2127 3092 de

556 3133 774 3203 collegis
797 3133 1067 3203 agebatur,
1101 3132 1188 3202 qui
1212 3139 1426 3201 possent
1458 3130 1678 3184 aliorum
1703 3129 2020 3198 collegarum
2037 3127 2124 3196 ju-

555 3226 714 3293 dicio,
746 3226 1040 3296 przesertim
1064 3224 1473 3294 apostolicarum
1501 3221 1874 3284 Ecclesiarum,
1911 3234 2124 3275 causam

555 3333 704 3373 suam
741 3319 998 3388 integram
1029 3331 1330 3382 reservare;
1368 3314 1456 3370 ubi
1497 3321 1677 3368 contra
1717 3327 1810 3366 eos
1849 3309 2126 3366 sententiae

553 3410 707 3464 dictae
727 3410 780 3464 in
799 3409 1063 3474 absentes,
1085 3407 1228 3462 nullo
1248 3405 1405 3461 modo
1426 3404 1618 3475 aliquid
1641 3403 1894 3468 valerent,
1917 3401 2126 3472 quando

557 3516 738 3556 eorum
779 3500 1032 3570 judicium
1072 3514 1174 3553 non
1218 3497 1388 3567 primo
1437 3497 1633 3552 aditum
1667 3503 1847 3565 postea
1877 3495 2129 3549 deserue-

555 3602 697 3656 runt,
727 3593 820 3648 sed
853 3600 1154 3662 suspectum
1193 3605 1403 3661 semper
1430 3591 1663 3644 habitum
1693 3603 1957 3658 nunquam
1978 3587 2126 3642 adire

551 3685 848 3740 voluerunt.

630 3777 685 3830 8.
710 3775 836 3830 Haec
862 3788 948 3829 res
973 3773 1201 3828 maxime
1223 3771 1504 3826 sollicitare
1523 3770 1699 3825 debuit
1721 3768 2018 3824 Secundum
2035 3769 2125 3837 qui

557 3874 683 3920 tunc
718 3872 833 3920 erat
876 3864 1094 3936 primas,
1123 3863 1166 3917 si
1197 3873 1471 3931 propterea
1502 3861 1783 3915 concilium
1813 3859 2042 3928 regebat,
2069 3867 2125 3911 ut

555 3958 670 4028 paci
688 3957 1018 4023 consuleret;
1045 3955 1194 4010 facile
1217 3954 1359 4010 enim
1380 3953 1617 4008 fortassis
1644 3953 1823 4008 rabida
1851 3954 1902 4006 in
1929 3953 2122 4006 absen-

556 4058 636 4104 tes
660 4064 752 4104 ora
794 4048 996 4119 placata
1028 4048 1112 4102 vel
1156 4047 1353 4101 frenata
1388 4045 1777 4114 comprimeret,
1807 4046 1850 4098 si
1879 4044 2077 4097 diceret
2106 4061 2118 4097 :

557 4141 778 4207 Videtis,
810 4138 1019 4202 fratres,
1051 4146 1171 4208 post
1212 4147 1406 4192 tantam
1448 4146 1673 4204 stragem
1720 4135 2117 4203 persecutionis,

558 4231 922 4288 misericordia
945 4231 1036 4285 Dei
1063 4245 1095 4284 a
1119 4229 1439 4300 principibus
1463 4227 1640 4281 sit-culi
1663 4242 1840 4294 pacem
1859 4241 1975 4280 esse
1991 4241 2122 4280 con-

555 4339 796 4389 cessam;
827 4340 931 4378 non
969 4323 1223 4377 debemus
1249 4335 1344 4374 nos
1366 4319 1631 4373 christiani
1662 4328 1714 4372 et
1741 4317 1972 4386 episcopi
2002 4317 2122 4370 uni—

557 4426 718 4472 tatem
737 4417 1068 4484 disrumpere
1085 4414 1445 4478 ehristianam,
1468 4427 1620 4481 quam
1643 4412 1748 4480 jam
1767 4426 1996 4480 paganus
2016 4425 2121 4465 non

500 4535 515 4572 .:
556 4508 852 4578 insequitur
892 4506 1151 4560 inimicus.
1191 4503 1370 4572 Itaque
1415 4513 1501 4556 aut
1544 4503 1671 4557 istas
1697 4516 1885 4556 omnes
1912 4515 2117 4567 causas,

555 4616 689 4671 quas
712 4600 889 4655 clades
912 4597 1346 4655 turbulentissimi
1368 4597 1616 4667 temporis
1638 4596 1821 4649 inﬂixit
1844 4593 2119 4661 Ecclesiae,

556 4695 666 4749 Deo
689 4693 851 4764 jndici
876 4691 1202 4747 dimittamus
1226 4704 1240 4745 :
1264 4698 1352 4744 aut
1375 4691 1416 4744 si
1447 4689 1605 4758 aliqui
1631 4687 1685 4741 in
1712 4687 1858 4741 vobis
1885 4693 2008 4739 sunt
2031 4684 2121 4754 qui

557 4794 700 4842 certa
725 4785 942 4840 istorum
969 4782 1187 4838 crimina
1209 4783 1280 4836 ita
1301 4781 1561 4846 noverint,
1580 4789 1710 4834 utea
1735 4777 1888 4832 facile
1917 4778 2124 4832 valeant

559 4875 801 4941 edocere,
832 4883 1186 4944 negantesque
1221 4873 1553 4938 convincere,
1583 4879 1637 4926 et
1665 4870 1854 4926 talibus
1880 4883 2121 4925 commu-

559 4968 738 5023 nicare
767 4965 1066 5032 formidant,
1097 4972 1311 5036 pergant
1341 4963 1408 5018 ad
1445 4961 1635 5018 fratres
1675 4972 1726 5016 et
1768 4961 1993 5030 collegas
2021 4975 2122 5014 no-

561 5069 699 5116 stros
743 5059 1208 5114 transmarinarum
1257 5056 1612 5112 Ecclesiarum
1649 5054 1943 5124 episcopos,
1972 5062 2025 5108 et
2050 5052 2122 5108 ibi

559 5154 704 5224 prius
727 5153 795 5208 de
835 5154 1054 5207 istorum
1084 5150 1233 5206 factis
1259 5161 1313 5206 et
1351 5149 1678 5204 contumacia
1707 5160 2119 5219 conquerantur,

561 5245 702 5315 quod
727 5245 791 5299 ad
814 5244 1066 5314 judicium
1095 5243 1412 5313 collegarum
1439 5241 1683 5296 Afrorum
1710 5242 1847 5296 male
1874 5243 1973 5298 sibi
1996 5257 2123 5297 con-

560 5340 656 5395 scii
685 5339 865 5394 venire
902 5339 1202 5402 noluerunt,
1231 5346 1286 5389 ut
1314 5334 1436 5389 inde
1460 5333 1564 5388 illis
1589 5334 1925 5390 denuntietur
1953 5344 2009 5390 ut
2033 5350 2122 5390 ve-

560 5433 728 5497 niant,
758 5431 933 5502 ibique
960 5429 1181 5499 objectis
1207 5426 1575 5497 respondeant.
1605 5426 1755 5492 Quod
1782 5425 1826 5480 si
1855 5439 1958 5480 non
1985 5425 2123 5481 fece-

560 5522 689 5589 rint,
715 5521 788 5575 ibi
814 5522 971 5576 etiam
1002 5534 1182 5574 eorum
1227 5517 1456 5586 pravitas
1493 5523 1548 5570 et
1569 5517 1883 5587 perversitas
1913 5518 2121 5574 innote-

558 5621 688 5679 scet,
720 5613 985 5683 missaque
1013 5608 1520 5678 tractatoria‘super
1557 5625 1737 5665 eorum
1779 5614 1991 5670 nomine
2029 5631 2124 5687 per

622 5750 637 5780 ι
664 5752 713 5795 ιη
734 5751 840 5796 MSS,
865 5744 1062 5806 aliquot,
1085 5742 1326 5804 tractoria,
1352 5754 1463 5806 qua;
1484 5743 1561 5793 hic
1577 5744 1694 5794 nihil
1716 5747 1841 5797 aliud
1867 5757 1943 5801 est
1982 5764 2125 5806 quam

557 5807 797 5875 synodica
823 5805 1040 5875 epistbla.
1073 5805 1422 5875 _Nonnutiquam
1456 5820 1574 5875 vero
1595 5807 1797 5875 diploma
1824 5819 1900 5875 est
1920 5805 2125 5875 publica:

561 5867 829 5926 ἀρώοώ
843 5867 1574 5929 Wmtindmstantini
1598 5867 1756 5922 Edicto
1789 5874 1847 5922 ad
1883 5867 2126 5925 Ablavium

1781 433 1840 493 S.
1881 434 2243 494 AUGUSTINI
2279 436 2576 499 EPISCOPI

3705 458 3806 516 {64

2235 561 2400 609 totum
2431 557 2612 612 orbem
2639 566 2919 628 terrarum,
2950 577 3282 635 quacumque
3313 565 3421 635 jam
3461 567 3657 624 Christi
3698 572 3802 628 Ec-

2233 645 2394 701 clesia
2418 648 2575 703 dilata
2600 660 2701 716 est,
2733 652 2798 707 ab
2818 655 3061 708 omnibus
3087 655 3338 711 Ecclesiis
3357 673 3538 713 eorum
3562 675 3802 718 commu-

2231 739 2322 793 nio
2350 741 2679 809 praecidetur,
2715 760 2781 799 ne
2800 745 2990 814 aliquis
3007 761 3156 801 error
3179 748 3230 802 in
3260 748 3518 804 Cathedra
3547 751 3802 808 Ecclesiae

2232 825 2562 901 Carthaginis
2603 835 2821 889 oriatur.
2851 836 2985 891 Tum
3023 838 3237 894 demum
3277 843 3452 896 securi
3493 843 3801 915 episcopum

2232 922 2390 976 alium
2419 925 2557 993 plebi
2583 926 2913 998 Carthaginis
2943 930 3321 998 ordinabimus,
3353 949 3473 988 cum
3499 951 3529 990 a
3557 944 3669 991 tota
3696 939 3802 993 Ec-

2231 1013 2390 1068 clesia
2428 1016 2514 1070 isti
2557 1019 2748 1073 fuerint
2791 1022 3018 1090 separati
3041 1038 3141 1078 :ne
3169 1023 3303 1079 forte
3337 1040 3456 1081 cum
3485 1026 3621 1081 alius
3642 1030 3802 1084 modo

2231 1105 2392 1162 fuerit
2431 1109 2720 1176 ordinatus,
2761 1128 2868 1167 non
2911 1114 2961 1168 ei
2997 1117 3414 1172 communicetur
3457 1119 3524 1172 ab
3568 1120 3800 1176 Ecclesia

2233 1201 2606 1266 transmarina,
2633 1203 2754 1273 quia
2781 1204 2878 1259 iste
2906 1205 2972 1259 ab
2996 1205 3195 1262 honore
3224 1208 3494 1279 depositus
3521 1226 3625 1266 non
3656 1213 3804 1268 vide-

2232 1287 2394 1354 bitur,
2427 1305 2582 1358 quem
2621 1291 2730 1361 jam
2771 1295 3065 1348 ordinatum
3105 1296 3245 1352 fama
3283 1299 3600 1366 celebravit,
3643 1311 3697 1356 et
3732 1304 3800 1358 ad

2233 1395 2356 1436 eum
2383 1397 2682 1438 commeare
2709 1388 3200 1443 communicatorias
3224 1391 3428 1446 litteras
3457 1391 3613 1458 fecit;
3643 1404 3801 1464 atque

2233 1469 2307 1524 ita
2343 1487 2588 1542 magnum
2635 1476 2936 1530 scandalum
2976 1479 3276 1534 schismatis
3303 1481 3355 1534 in
3383 1483 3582 1536 unitate
3603 1482 3800 1538 Christi

2230 1560 2338 1630 jam
2371 1564 2568 1632 pacatis
2595 1568 2918 1634 temporibus
2944 1569 3161 1635 oriatur,
3187 1571 3311 1625 dum
3343 1587 3676 1643 praepropere
3697 1592 3800 1631 no-

2235 1665 2371 1710 stras
2400 1657 2640 1712 volumus
2680 1661 3010 1729 praacipitare
3051 1664 3361 1728 sententias,
3390 1673 3442 1718 et
3473 1681 3577 1719 non
3613 1677 3800 1721 contra

2233 1745 2593 1815 Caecilianum,
2622 1751 2714 1805 sed
2740 1761 2920 1806 contra
2956 1753 3138 1810 orbein
3167 1765 3448 1823 terrarum,
3485 1759 3574 1827 qui
3615 1758 3665 1812 ei
3703 1775 3802 1830 per

2233 1837 2584 1908 ignorantiam
2612 1844 2981 1912 communicat,
3005 1846 3174 1902 altare
3211 1848 3433 1903 alterum
3472 1850 3673 1919 erigere
3699 1863 3799 1904 au-

2231 1931 2469 1988 deamus.

2303 2022 2354 2077 9.
2389 2023 2522 2080 Huic
2551 2033 2657 2081 tam
2697 2043 2828 2083 sano
2857 2039 3102 2102 rectoque
3127 2029 3347 2089 colﬂlio
3372 2032 3606 2103 quisquis
3630 2031 3798 2086 infre-

2232 2112 2316 2180 nis
2357 2116 2724 2187 obtemperare
2764 2120 3047 2187 noluisset,
3075 2120 3200 2190 quid
3240 2131 3382 2178 esset
3421 2122 3681 2177 facturus?
3709 2132 3802 2176 aut

2233 2209 2499 2276 quomodo
2546 2212 2772 2279 aliquem
2815 2215 3110 2269 absentium
3153 2217 3472 2286 collegarum
3513 2223 3655 2269 esset
3700 2214 3800 2268 da-

2233 2308 2528 2367 mnaturus,
2546 2318 2666 2358 cum
2690 2305 2739 2358 in
2758 2315 3016 2374 potestate
3045 2308 3172 2362 Acta
3199 2309 3404 2363 concilii
3433 2323 3538 2362 non
3560 2308 3797 2380 haberet,

2233 2394 2624 2449 contradicente
2650 2396 2907 2464 primate?
2931 2398 3079 2463 Quod
3097 2399 3140 2453 si
3170 2409 3310 2453 tanta
3341 2411 3395 2454 et
3414 2399 3668 2454 adversus
3689 2397 3798 2467 pri-

2232 2500 2376 2540 mam
2403 2486 2581 2540 sedem
2621 2487 2809 2541 seditio
2843 2499 3165 2556 nasceretur,
3199 2501 3255 2545 ut
3280 2493 3517 2547 nonnulli
3547 2492 3801 2548 damnare
3883 2514 3886 2516 ‘

2226 2577 2337 2648 jam
2363 2581 2558 2635 vellent
2585 2597 2719 2651 quos
2745 2584 2954 2638 volebat
2988 2585 3076 2639 ille
3099 2586 3318 2650 differri,
3337 2596 3533 2655 quanto
3556 2588 3745 2643 melius
3770 2601 3800 2640 a

2233 2672 2422 2726 talibus
2447 2674 2674 2744 inquieta
2705 2686 2758 2730 et
2794 2676 3049 2746 impacata
3088 2679 3442 2744 molientibus,
3474 2695 3628 2750 quam
3658 2697 3688 2734 a
3716 2689 3798 2734 to-

2231 2763 2335 2818 tius
2379 2765 2522 2820 orbis
2569 2769 2940 2823 communione
2985 2769 3387 2824 dissentiretur?
3417 2769 3523 2826 Sed
3551 2771 3670 2840 quia
3696 2785 3801 2825 non

2231 2865 2385 2911 erant
2424 2873 2542 2926 quae
2585 2859 2636 2912 in
2683 2859 3016 2917 Caecilianum
3051 2870 3105 2918 et
3129 2863 3464 2918 ordinatores
3485 2865 3602 2933 ejus
3627 2873 3800 2918 trans-

2189 2998 2194 3020 ,ψ
2231 2947 2436 3002 marino
2452 2949 2648 3018 judicio
2669 2952 3036 3019 probarentur,
3068 2965 3342 3023 propterea
3372 2970 3471 3010 nec
3496 2957 3799 3026 priusquam

2231 3039 2286 3093 in
2326 3053 2447 3094 eum
2493 3043 2781 3097 sententias
2827 3043 3084 3112 dicerent,
3116 3045 3324 3100 deferre
3361 3046 3668 3110 voluerunt,
3699 3063 3800 3103 nec

2232 3141 2572 3201 posteaquam
2602 3133 2866 3200 dixerunt,
2892 3147 3292 3205 perseveranter
3319 3137 3370 3191 id
3410 3151 3564 3208 agere
3601 3146 3659 3192 ut
3700 3141 3801 3194 Ec-

2230 3223 2408 3277 clesiae
2438 3226 2802 3281 transmarinae
2839 3226 2891 3280 in
2931 3229 3167 3282 notitiam
3204 3228 3542 3298 perferretur,
3575 3245 3797 3298 quorum

2229 3314 2540 3369 traditurum
2586 3316 2638 3370 in
2678 3317 2851 3373 Africa
2881 3318 3245 3374 damnatorum
3267 3319 3689 3374 communionem
3716 3321 3797 3374 vi-

2231 3412 2344 3459 tare
2371 3405 2607 3461 deberet.
2639 3407 2769 3474 Quia
2795 3410 2840 3462 si
2871 3409 2921 3462 id
2952 3409 3126 3465 facere
3153 3411 3521 3476 tentavissent,
3549 3412 3799 3467 adessent

2229 3498 2326 3552 sibi
2352 3498 2662 3554 Caecilianus
2685 3510 2738 3555 et
2765 3502 2971 3567 caueri,
2999 3510 3054 3557 et
3093 3517 3241 3556 suam
3282 3516 3495 3556 causam
3541 3502 3796 3558 adversus

2228 3587 2448 3644 fallaces
2477 3590 2864 3656 criminatores,
2894 3590 3034 3660 apud
3061 3593 3441 3646 transmarinos
3478 3594 3797 3649 ecclesiasti-

2230 3698 2322 3737 cos
2343 3683 2547 3752 judices
2573 3684 2967 3752 diligentissima
2993 3683 3320 3739 discussione
3349 3695 3652 3755 purgarent.

2302 3773 2386 3826 10.
2412 3773 2589 3842 Itaque
2615 3774 2892 3828 concilium
2938 3773 3063 3828 illud
3107 3790 3409 3844 perversum
3447 3786 3604 3845 atque
3645 3773 3793 3830 nefa-

2227 3863 2382 3926 rium,
2412 3865 2640 3920 maxime
2659 3875 2714 3918 ut
2729 3865 2960 3920 creditur
2985 3867 3293 3921 traditarum
3323 3867 3436 3932 fuit,
3458 3867 3646 3937 quibus
3669 3881 3797 3920 con-

2227 3953 2384 4010 fessis
2411 3957 2682 4012 Secundus
2705 3959 3022 4029 Tigisitanus
3046 3959 3352 4031 ignoverat:
3378 3969 3437 4016 ut
3457 3962 3702 4030 quoniam
3727 3961 3798 4016 de

2228 4050 2508 4104 traditione
2539 4051 2671 4105 fama
2697 4053 3020 4118 crebruerat,
3049 4054 3310 4110 infamatis
3324 4054 3439 4108 aliis
3462 4069 3492 4106 a
3517 4069 3574 4108 se
3589 4062 3797 4107 averte-

2226 4149 2344 4194 rent
2375 4141 2752 4210 suspicionem,
2784 4153 2836 4198 et
2864 4159 2982 4198 cum
3001 4144 3241 4199 homines
3259 4159 3352 4214 per
3375 4144 3604 4198 Africam
3633 4152 3793 4198 totam

2227 4232 2504 4288 credentes
2533 4234 2814 4304 episcoois,
2848 4234 2975 4290 falsa
3015 4235 3081 4288 de
3125 4235 3491 4290 innocentibus
3517 4235 3797 4304 loqueren-

2227 4334 2333 4390 tur,
2351 4325 2490 4394 quod
2507 4326 2739 4380 damnati
2756 4335 2934 4382 essent
2947 4327 3082 4396 apud
3103 4326 3468 4396 Carthaginem
3492 4325 3790 4391 traditores,

2226 4423 2475 4485 tanquam
2526 4417 2576 4470 in
2620 4418 2808 4472 nebula
2851 4417 3238 4471 mendacissimi
3281 4415 3524 4476 rumoris,
3562 4415 3660 4483 ipsi
3704 4416 3794 4485 qui

2228 4522 2352 4560 vere
2382 4507 2706 4562 tradiderant
2733 4508 3011 4560 latitarent.
3043 4506 3195 4561 Unde
3233 4505 3436 4566 videtis,
3472 4504 3791 4572 chariSsimi,

2229 4597 2340 4650 fieri
2368 4597 2620 4664 potuisse,
2647 4597 2786 4666 quod
2827 4596 3109 4652 verisimile
3148 4612 3250 4650 non
3291 4611 3410 4650 esse
3449 4597 3658 4665 quidam
3699 4613 3792 4652 ve-

2225 4697 2390 4742 strum
2419 4687 2685 4754 dicebant,
2714 4697 2771 4742 ut
2797 4687 2883 4756 qui
2910 4695 3088 4742 essent
3121 4687 3187 4742 de
3229 4703 3319 4742 sua
3351 4686 3628 4742 traditione
3667 4701 3795 4743 con-

2226 4775 2390 4844 fessi,
2435 4793 2756 4848 causamque
2794 4792 2942 4831 suam
2987 4776 3409 4847 impetravissent
3449 4778 3558 4832 Deo
3603 4778 3793 4832 dimitti

2226 4876 2494 4938 Oportere,
2526 4869 2685 4924 iidem
2709 4869 2914 4938 judices
2942 4868 3378 4940 danmatoresque
3406 4878 3651 4939 tanquam
3689 4879 3795 4924 tra-

2225 4961 2452 5017 ditorum
2491 4962 2786 5017 absentium
2824 4969 3006 5031 postea
3043 4962 3425 5018 consedissent.
3458 4964 3620 5032 Magis
3651 4963 3792 5018 enim

2229 5054 2454 5124 amplexi
2491 5063 2609 5108 sunt
2645 5054 2995 5122 occasionem,
3019 5070 3114 5124 qua
3143 5064 3359 5125 possent
3383 5055 3511 5109 alios
3538 5053 3667 5128 falsa
3692 5057 3796 5110 cri-

2226 5146 2517 5202 minatione
2541 5144 2876 5215 perfundere,
2894 5155 2949 5202 et
2970 5162 3255 5204 conversas
3274 5148 3326 5203 in
3348 5162 3442 5203 eos
3466 5147 3667 5218 linguas
3695 5148 3794 5202 ho-

2225 5236 2426 5291 minum
2453 5236 2520 5292 ab
2552 5237 2888 5307 inquisitione
2915 5237 3192 5293 criminum
3231 5253 3446 5294 suorum
3495 5238 3597 5294 hoc
3637 5238 3797 5294 modo

2228 5327 2512 5383 declinare.
2541 5328 2786 5398 Alioquin
2806 5329 2850 5384 si
2875 5329 2988 5384 fieri
3016 5345 3122 5385 non
3145 5339 3396 5399 possetut
3418 5330 3643 5400 quisque
3658 5331 3795 5383 mala

2226 5433 2344 5491 quae
2386 5421 2500 5490 ipse
2527 5421 2901 5490 committeret,
2942 5423 2993 5476 in
3019 5423 3121 5476 alio
3144 5421 3425 5492 iudicaret,
3458 5438 3562 5478 non
3599 5421 3800 5475 diceret

2226 5515 2536 5587 quibusdam
2550 5517 2744 5572 Paulus
2755 5516 3021 5587 apostolus
3039 5534 3053 5569 :
3070 5515 3343 5584 Propterea
3357 5513 3708 5569 inexcusabilis
3723 5531 3795 5579 es,

2227 5624 2260 5662 ο
2280 5608 2428 5663 homo
2455 5609 2616 5664 omnis
2635 5611 2721 5680 qui
2741 5609 2966 5680 judicas.
2990 5606 3057 5661 In
3093 5623 3192 5678 quo
3230 5608 3359 5661 enim
3381 5607 3536 5660 alium
3568 5606 3796 5677 judicas,

2231 5703 2544 5772 temetipsum
2568 5699 2899 5766 condemnas;
2928 5699 3099 5754 eadem
3127 5698 3257 5753 enim
3288 5699 3417 5769 agis,
3437 5712 3551 5770 qua
3573 5695 3796 5768 judicae.

2229 5814 2850 5929 ῗζῶιιιὲὲὲίυὲίιιὲὶ)
2879 5813 2983 5865 dari
3004 5815 3239 5878 episcopis
3257 5813 3318 5864 ad
3352 5809 3630 5864 Arelatense
3651 5812 3803 5862 conci-
