4080 6346
519 444 622 505 167

518 573 696 619 causae
721 553 1031 623 necessarii,
1058 548 1151 624 qui
1172 547 1333 607 simul
1371 558 1493 603 cum
1519 543 1598 600 eis
1623 555 1692 599 ex
1718 539 1898 598 Africa
1939 550 2100 596 vene-

521 662 663 721 rant,
693 660 747 708 et
770 665 865 706 eos
888 654 1179 719 praesentes
1207 643 1369 699 fuisse
1393 647 1553 709 atque
1581 650 1613 692 a
1642 634 1849 691 Donato
1885 633 2099 691 subtra-

520 756 636 803 ctos
663 759 781 801 esse
801 742 1085 798 diceretur.
1113 735 1371 794 Promisit
1395 732 1537 788 idem
1563 731 1799 785 Donatus
1823 727 1964 799 quod
1999 741 2099 784 eos

520 850 663 898 esset
686 838 1019 894 exhibiturus
1046 853 1059 890 :
1088 832 1229 905 quod
1252 845 1374 886 cum
1398 843 1507 884 non
1532 826 1699 884 semel
1724 866 1739 893 ,
1770 824 1867 881 sed
1894 823 2090 894 saepius

520 934 873 1004 promisisset,
904 930 1127 1001 amplius
1169 926 1237 981 ad
1261 923 1390 979 illud
1414 921 1672 995 judicium
1700 918 1956 976 accedere
1992 932 2096 973 no-

518 1026 635 1093 luit,
658 1026 747 1082 ubi
764 1026 871 1095 jam
897 1031 1012 1080 erat
1037 1029 1180 1075 tanta
1205 1016 1502 1084 confessus,
1532 1023 1591 1072 ut
1613 1013 1748 1070 nihil
1775 1011 1918 1091 aliud
1943 1010 2096 1067 dein-

519 1132 648 1188 ceps
675 1132 781 1172 non
810 1112 1133 1177 accedendo,
1160 1109 1262 1165 nisi
1308 1123 1545 1180 praesens
1590 1105 1833 1163 damnari
1862 1103 2097 1160 noluisse

518 1210 824 1275 videretur;
866 1222 986 1263 cum
1017 1215 1194 1260 tamen
1226 1217 1288 1258 ea
1318 1216 1440 1273 qum
1467 1198 1764 1256 damnanda
1799 1203 1997 1264 essent,
2031 1208 2098 1251 eo

518 1312 779 1377 pnnsente
805 1309 963 1370 atque
988 1298 1312 1367 interrogato
1341 1294 1360 1326 ¹
1388 1290 1718 1347 manifestata
1746 1287 1961 1344 fuerint.
1992 1286 2099 1341 Ac-

518 1395 678 1452 cessit
700 1401 754 1448 et
776 1390 937 1456 aliud,
969 1398 1084 1444 uta
1109 1386 1425 1460 quibusdam
1464 1383 1718 1441 adversus
1757 1380 2096 1437 Caecilianum

520 1483 937 1544 denuntiationis
984 1482 1193 1538 libellus
1235 1481 1449 1537 daretur
1495 1495 1509 1532 :
1550 1485 1670 1549 post
1717 1474 1859 1546 quod
1899 1472 2095 1529 factum

517 1576 966 1651 quemadmodum
1010 1575 1078 1630 sit
1118 1588 1303 1630 rursus
1344 1571 1537 1643 agitata
1582 1567 1832 1639 cognitio,
1877 1573 1933 1621 et
1976 1578 2095 1635 quae

514 1684 759 1740 personae
787 1669 941 1724 illum
968 1666 1206 1723 libellum
1234 1664 1495 1729 dederint,
1541 1676 1753 1733 quoque
1779 1658 1937 1715 modo
1961 1656 2095 1713 nihil

518 1760 575 1817 in
631 1760 969 1817 Caecilianum
1019 1757 1232 1829 probari
1269 1755 1518 1828 potuerit,
1547 1753 1673 1824 quid
1720 1752 1916 1818 dicam,
1964 1764 2086 1806 cum

515 1860 573 1908 et
618 1852 890 1909 audieritis
945 1850 1123 1909 omnia
1146 1891 1163 1920 ,
1205 1856 1262 1906 et
1300 1846 1509 1921 quoties
1552 1845 1828 1903 volueritis
1847 1885 1862 1914 ,
1911 1843 2090 1916 legere

514 1946 729 2018 possitis
745 1946 770 1999 ?

584 2038 673 2095 16.
697 2038 773 2095 De
794 2052 1016 2094 numero
1034 2044 1212 2093 autem
1230 2033 1557 2106 septuaginta
1572 2033 1960 2104 episcoporum,
1973 2045 2095 2087 cum

513 2131 664 2203 quasi
710 2131 1020 2203 gravissima
1046 2138 1405 2202 opponeretur
1428 2127 1711 2184 auctoritas
1729 2168 1745 2195 ,
1767 2141 1885 2197 qua:
1902 2125 2097 2181 fuerint

410 2266 414 2274 ι
514 2224 653 2281 dicta
672 2223 1015 2291 meministis;
1043 2232 1097 2280 et
1120 2231 1298 2279 tamen
1332 2222 1432 2279 viri
1458 2220 1753 2293 gravissimi
1784 2218 1853 2275 ab
1877 2218 2095 2275 inﬁnitis

518 2316 903 2388 quaestionibus
946 2323 1134 2373 catena
1163 2314 1389 2386 quadam
1438 2311 1794 2384 inexplicabili
1835 2325 1954 2367 sese
1994 2326 2095 2367 ne-

514 2408 779 2465 ctentibus
810 2422 969 2463 suum
1003 2416 1301 2478 temperare
1326 2403 1603 2460 arbitrium
1632 2403 1951 2470 maluerunt,
1996 2416 2095 2457 ne-

514 2517 781 2574 quaquam
802 2508 1051 2557 curantes
1075 2515 1233 2571 quam
1258 2498 1409 2554 multi
1423 2505 1604 2553 essent
1626 2496 1702 2551 illi
1727 2494 1982 2571 episcopi,
2005 2501 2097 2550 aut

513 2593 657 2649 unde
678 2591 906 2658 collecti,
927 2605 1063 2662 quos
1082 2588 1336 2646 videbant
1360 2596 1506 2643 tanta
1526 2588 1827 2644 temeritate
1844 2593 2092 2656 caecatos,

513 2694 575 2740 ut
598 2685 651 2740 in
675 2684 923 2740 absentes
950 2691 1005 2738 et
1027 2696 1133 2737 non
1162 2682 1515 2751 interrogatos
1541 2680 1792 2749 collegas,
1818 2686 1927 2734 tam
1952 2694 2090 2749 prae-

514 2776 704 2849 cipites
726 2775 981 2831 auderent
1010 2773 1245 2845 proferre
1269 2773 1582 2830 sententias.
1612 2772 1680 2827 Et
1717 2781 1893 2828 tamen
1924 2772 2095 2843 qualis

513 2868 681 2940 ipsius
706 2866 845 2922 beati
872 2865 1178 2923 Melchiadis
1220 2866 1406 2921 ultima
1446 2873 1527 2921 est
1552 2863 1755 2936 prolata
1800 2865 2085 2931 sententia,

513 2975 672 3032 quam
701 2960 990 3027 innocens,
1036 2974 1195 3029 quam
1239 2958 1464 3029 integra,
1507 2972 1665 3028 quam
1691 2957 1908 3027 provida
1936 2966 2096 3028 atque

513 3055 755 3126 paciﬁca,
777 3071 879 3127 qua
907 3070 1080 3126 neque
1107 3054 1356 3123 collegas,
1387 3054 1443 3108 in
1470 3053 1661 3123 quibus
1685 3052 1818 3107 nihil
1839 3053 2095 3108 constite-

512 3154 619 3213 rat,
661 3146 730 3201 de
768 3145 994 3216 collegio
1023 3159 1120 3200 suo
1162 3158 1323 3200 ausus
1348 3151 1430 3200 est
1469 3158 1780 3210 removere,
1810 3151 1866 3199 et
1893 3143 2096 3200 Donato

516 3236 653 3304 solo,
680 3252 840 3308 quem
865 3236 1025 3291 totius
1048 3234 1172 3290 mali
1196 3235 1492 3305 principem
1540 3234 1837 3302 invenerat,
1865 3234 2095 3289 maxime

514 3327 749 3398 culpato,
782 3327 1028 3383 sanitatis
1050 3324 1427 3397 recuperandae
1452 3326 1722 3397 optionem
1751 3326 1977 3381 liberam
1998 3341 2095 3382 cae-

514 3420 644 3475 teris
675 3419 818 3487 fecit,
864 3427 1077 3490 paratus
1105 3418 1607 3475 communicatorias
1650 3418 1854 3473 litteras
1877 3418 2093 3474 mittere

515 3508 675 3567 etiam
718 3509 783 3564 iis
809 3524 943 3579 quos
981 3526 1011 3563 a
1041 3509 1297 3579 Majorino
1324 3508 1599 3565 ordinatos
1627 3524 1749 3565 esse
1774 3517 2045 3565 constaret
2076 3526 2091 3565 :

516 3602 589 3658 ita
617 3611 675 3657 ut
702 3602 1120 3674 quibuscumque
1145 3602 1278 3659 locis
1321 3602 1426 3659 duo
1454 3611 1635 3659 essent
1660 3604 1894 3675 episcopi
1920 3645 1936 3673 ,
1963 3617 2097 3675 quos

518 3693 779 3749 dissensio
804 3694 1157 3766 geminasset,
1188 3710 1310 3751 eum
1335 3695 1638 3750 conﬁrmari
1667 3696 1828 3751 vellet
1851 3696 1942 3765 qui
1968 3694 2098 3751 fuis-

517 3792 600 3839 set
620 3784 890 3841 ordinatus
915 3786 1084 3856 prior,
1116 3786 1269 3841 alteri
1289 3793 1467 3841 autem
1505 3803 1688 3842 eorum
1717 3787 1869 3857 plebs
1886 3788 1991 3841 alia
2020 3803 2099 3844 re-

516 3874 689 3945 genda
719 3875 1104 3948 provideretur.
1126 3875 1171 3932 Ο
1200 3876 1368 3931 virum
1389 3877 1645 3947 Optimum
1669 3878 1680 3930 l
1711 3892 1744 3931 o
1770 3877 1935 3932 filium
1965 3877 2100 3933 chri-

512 3964 700 4022 stianae
728 3980 907 4035 pacts,
938 3974 991 4022 et
1034 3974 1241 4035 patrem
1285 3962 1589 4021 christiana;
1627 3962 1828 4034 plebis!
1857 3961 2108 4016 Conferte

511 4070 654 4112 nunc
680 4055 835 4113 istam
865 4056 1185 4126 paucitatem
1206 4071 1327 4113 cum
1358 4056 1445 4112 illa
1467 4055 1804 4111 multitudine
1827 4054 2109 4124 episcopo-

400 4156 406 4162 ‘
509 4163 661 4218 rtun,
698 4165 872 4223 neque
914 4167 1196 4208 numerum
1241 4167 1487 4219 numero,
1518 4150 1613 4208 sed
1640 4149 1848 4221 pondus
1885 4146 2108 4221 ponderi

510 4251 820 4314 comparata
845 4259 861 4298 :
887 4243 1012 4299 hinc
1035 4244 1377 4314 modestiam,
1399 4243 1525 4301 inde
1553 4244 1911 4301 temeritatem
1932 4284 1949 4311 ,
1980 4240 2108 4297 hinc

510 4335 868 4406 vigilantiam,
899 4337 1025 4393 inde
1050 4339 1356 4395 ctetitatem.
1386 4338 1483 4394 Hic
1511 4352 1612 4395 nec
1645 4335 1998 4393 mansuetudo
2024 4334 2108 4392 in-

512 4430 813 4499 tegritatem
857 4418 1121 4500 corrupit,
1146 4446 1245 4487 nec
1274 4431 1551 4502 integritas
1593 4427 1985 4486 mansuetudini
2012 4440 2106 4483 re-

515 4522 802 4595 pugnavit;
848 4522 921 4577 ibi
968 4533 1146 4579 autem
1188 4532 1244 4581 ct
1290 4524 1470 4581 furore
1513 4524 1676 4581 timor
1720 4523 2016 4595 tegebatur,
2050 4528 2109 4578 et

512 4615 706 4671 timore
730 4614 880 4670 furor
909 4616 1245 4672 incitabatur.
1290 4616 1381 4673 lsti
1426 4618 1567 4673 enim
1610 4623 1970 4674 convenerant
2009 4627 2106 4669 co-

511 4708 748 4779 gnitione
769 4725 1017 4765 verorum
1045 4711 1329 4767 criminum
1354 4711 1487 4769 falsa
1512 4726 1767 4784 respuere
1785 4751 1803 4779 ,
1834 4708 1912 4767 illi
1936 4707 2106 4766 falso-

510 4816 629 4857 rum
660 4802 999 4860 damnatione
1027 4819 1151 4860 vera
1180 4805 1379 4861 celare.

582 4893 737 4950 CAP.
770 4895 859 4951 Vl.
881 4898 1059 4951 -—l7.
1091 4896 1269 4952 lllisne
1312 4911 1370 4952 se
1413 4896 1625 4952 tandem
1667 4894 1981 4952 Caecilianus
2018 4908 2115 4950 au-

511 4982 765 5041 diendum
809 4986 1262 5058 judicandumque
1301 4989 1694 5055 committeret,
1721 5002 1841 5044 cum
1892 4986 2116 5043 haberet

513 5077 668 5146 tales,
698 5078 838 5149 apud
868 5095 1001 5151 quos
1035 5080 1079 5135 si
1109 5080 1161 5137 ei
1197 5096 1357 5137 causa
1388 5089 1710 5148 moveretur,
1752 5080 2114 5136 innocentiam

513 5185 663 5228 suam
690 5172 938 5229 facillime
977 5174 1320 5230 ostenderet?
1356 5174 1473 5230 Non
1513 5190 1573 5231 se
1598 5174 1705 5230 illis
1725 5174 1943 5229 omnino
1967 5188 2114 5229 com-

513 5266 779 5333 mitteret,
812 5284 911 5325 nec
942 5268 986 5324 si
1016 5269 1328 5341 peregrinus
1372 5269 1628 5326 Ecclesia:
1673 5269 2112 5340 Carthaginensis

512 5356 691 5414 subito
729 5360 1011 5430 episcopus
1055 5371 1198 5417 esset
1242 5360 1549 5428 ordinatus,
1579 5370 1631 5416 et
1658 5361 1868 5431 ignoret
1894 5359 2020 5431 quid
2044 5360 2113 5416 ad

518 5452 886 5523 corrupcndos
925 5453 1133 5510 animos
1178 5454 1264 5509 vel
1305 5454 1669 5524 improborum
1709 5453 1795 5509 vel
1834 5452 2111 5522 imperito-

512 5559 635 5601 rum
663 5560 821 5617 posse
867 5555 994 5603 tunc
1044 5546 1479 5618 pecuniosissima
1510 5546 1701 5601 mulier
1729 5544 1971 5617 quaedam
2000 5544 2112 5601 Lu-

515 5637 854 5712 cilla,quam
896 5656 995 5713 pro
1040 5638 1319 5709 disciplina
1365 5638 1727 5695 ecclesiastica
1774 5637 2111 5711 corripiendo

515 5726 659 5787 idem
697 5746 822 5788 cum
871 5739 1011 5790 esset
1056 5729 1314 5789 diaconus
1359 5731 1613 5788 laeserat:
1645 5733 1807 5789 etiam
1835 5730 1939 5790 hoc
1965 5732 2110 5790 enim

598 5904 614 5937 ι
635 5901 755 5955 Bad.
779 5902 885 5958 Am.
909 5901 990 5959 Er.
1027 5908 1080 5959 et
1101 5902 1190 5958 Ms.
1210 5904 1413 5963 Gems.
1441 5904 1643 5972 habent,
1670 5909 2013 5978 interrogauit.

1518 6038 1563 6061 pr

1748 424 1808 483 S.
1846 416 2211 482 AUGUSTINI
2246 416 2553 479 EPISCOPI

3686 420 3791 482 168

2205 544 2507 593 accesserat
2528 533 2726 592 malum
2750 531 2819 591 ad
2841 532 2986 591 illam
3017 531 3397 605 perficiendam
3420 532 3783 607 iniquitatem.

2209 626 2346 683 Nam
2373 628 2429 685 in
2456 628 2550 685 illo
2577 627 2824 696 concilio,
2866 626 2956 683 ubi
2981 640 3013 681 a
3038 625 3297 683 confessis
3320 625 3667 684 traditoribus
3694 627 3789 686 ab-

2152 734 2155 735 '
2201 729 2382 779 sentes
2405 730 2566 794 atque
2590 721 2902 778 innocentes
2928 719 3165 776 damnati
3193 728 3354 788 sunt,
3382 720 3540 792 pauci
3569 721 3787 793 quidam

2201 823 2373 884 erant,
2405 816 2498 888 qui
2524 815 2747 871 crimina
2793 829 2889 871 sua
2931 813 3198 870 infamatis
3241 813 3361 870 aliis
3395 822 3575 886 tegere
3606 816 3790 888 cupie-

2200 906 2349 977 bant,
2398 916 2460 964 ut
2484 907 2731 965 homines
2756 922 2790 963 a
2832 907 3071 964 veritatis
3107 905 3449 977 inquisitione
3484 916 3790 963 averteren-

2200 1007 2288 1056 tur
2304 1000 2450 1057 falsis
2462 1002 2762 1058 rumoribus
2774 1001 3000 1057 avocati.
3028 1000 3188 1056 Pauci
3215 1015 3344 1072 ergo
3368 1008 3545 1068 erant,
3562 1000 3652 1071 qui
3676 1000 3781 1058 hoc

2200 1092 2470 1163 negotium
2493 1094 2724 1149 maxime
2749 1093 3027 1160 curabant,
3060 1093 3303 1162 quamvis
3329 1092 3382 1147 in
3404 1093 3485 1148 eis
3504 1100 3647 1148 esset
3669 1108 3788 1149 ma-

2195 1185 2283 1254 jor
2307 1183 2615 1253 auctoritas,
2637 1193 2856 1257 propter
2878 1184 3044 1254 ipsius
3077 1181 3310 1239 Secundi
3338 1183 3671 1249 societatem,
3694 1182 3788 1254 qui

2199 1276 2280 1332 eis
2302 1283 2614 1346 pepercerat
2632 1276 2870 1332 territus.
2891 1274 3086 1330 Caeteri
3111 1284 3290 1330 autem
3313 1274 3531 1330 Lucillte
3561 1275 3786 1345 pecunia

2198 1368 2430 1425 maxime
2452 1368 2708 1425 adversus
2744 1367 3093 1424 Caecilianum
3120 1367 3285 1439 empti
3323 1375 3377 1423 et
3401 1366 3632 1437 instigati
3661 1382 3787 1437 per-

2198 1459 2471 1517 hibentur.
2521 1460 2720 1516 Extant
2747 1458 2909 1515 Gesta
2954 1458 3096 1530 apud
3136 1458 3489 1527 ZenOphilum
3543 1457 3788 1513 consula-

2198 1567 2313 1609 rem
2338 1550 2445 1625 (a),
2468 1552 2558 1609 ubi
2585 1550 2944 1607 Nundinarius
2969 1550 3187 1621 quidam
3207 1549 3464 1605 diaconus
3491 1565 3523 1604 a
3548 1548 3810 1621 Sylvano.

2201 1645 2434 1703 Cirtensi
2468 1647 2753 1717 episcopo,
2783 1653 3038 1716 quantum
3066 1644 3196 1713 ipsis
3220 1641 3399 1699 Gestis
3426 1641 3777 1712 intelligitur,

2198 1738 2519 1811 degradatus
2537 1781 2556 1808 ,
2583 1754 2704 1795 cum
2731 1738 2809 1794 eis
2834 1736 3142 1793 satisfacere
3170 1752 3266 1807 per
3302 1736 3527 1791 aliorum
3569 1734 3783 1806 episco-

2198 1846 2389 1904 porum
2424 1832 2632 1888 litteras
2660 1831 2856 1887 frustra
2884 1838 3106 1886 conatus
3134 1838 3311 1895 esset,
3343 1829 3508 1884 multa
3538 1828 3789 1900 patefecit

2198 1924 2365 1980 iratus
2387 1965 2403 1990 ,
2429 1924 2563 1979 etin
2594 1922 2857 1993 judicium
2886 1920 3154 1991 publicum
3195 1920 3414 1991 protulit
3442 1937 3456 1973 :
3489 1920 3628 1974 inter
3669 1934 3789 1988 qua:

2199 2014 2254 2069 id
2281 2028 2495 2085 quoque
2519 2019 2995 2069 commemoratum
3020 2011 3237 2081 legitur,
3270 2009 3413 2081 quod
3437 2008 3657 2065 Lucillae
3684 2024 3786 2079 pe-

2200 2106 2356 2161 cunia
2385 2104 2648 2176 corruptis
2678 2104 2961 2175 episcopis,
2995 2103 3049 2158 in
3068 2102 3479 2171 Cartltaginensi
3505 2101 3777 2166 Ecclesia,

2199 2197 2259 2254 in
2306 2196 2503 2252 Africae
2535 2196 2731 2267 capite,
2762 2196 2931 2251 altare
2981 2202 3166 2250 contra
3204 2193 3371 2248 altare
3406 2192 3635 2248 levatum
3683 2200 3785 2247 est.

2198 2290 2323 2348 Scio
2348 2289 2491 2362 quod
2518 2289 2633 2344 bzec
2661 2288 2825 2344 Gesta
2862 2288 3013 2343 vobis
3042 2301 3149 2343 non
3195 2286 3502 2357 legerimus,
3533 2285 3625 2340 sed
3656 2294 3790 2340 tem-

2200 2400 2300 2457 pus
2319 2399 2427 2440 non
2446 2384 2609 2439 fuisse
2625 2381 2963 2438 meministis.
2993 2380 3167 2437 lncrat
3192 2381 3352 2434 etiam
3375 2378 3664 2433 nonnullus
3688 2377 3779 2433 dos

2199 2476 2281 2533 lor
2307 2477 2468 2532 animi
2496 2475 2566 2533 de
2593 2475 2759 2547 typho
2803 2473 3068 2544 superbiae
3100 2473 3344 2543 veniens,
3378 2472 3522 2543 quod
3548 2487 3657 2529 non
3683 2471 3789 2542 ipsi

2198 2568 2575 2626 ordinaverant
2601 2566 2908 2636 Carthagini
2936 2564 3268 2636 episcopum.

2271 2667 2361 2724 l8.
2386 2666 2589 2735 Quibus
2612 2663 2862 2720 omnibus
2889 2661 3070 2729 rebus,
3103 2676 3224 2716 cum
3251 2675 3344 2716 eos
3368 2673 3475 2715 non
3504 2674 3661 2716 veros
3684 2658 3773 2729 ju-

2200 2759 2369 2825 dices,
2404 2758 2501 2814 sed
2547 2757 2794 2813 inimicos
2819 2763 2979 2825 atque
3008 2762 3290 2823 corruptos
3313 2752 3628 2808 Caecilianus
3654 2766 3789 2807 con—

2202 2850 2416 2906 venisse
2461 2854 2840 2919 cognosceret;
2898 2844 3112 2916 quando
3161 2843 3276 2897 ﬁeri
3316 2852 3536 2915 posset,
3589 2851 3648 2898 ut
3697 2842 3787 2897 vel

2200 2941 2318 3014 ipse
2344 2942 2525 3007 vellet,
2569 2940 2656 2996 vel
2684 2939 2908 3011 papulus
2951 2936 3036 2993 cui
3066 2936 3385 3007 praesidebat
3420 2951 3485 3005 pe
3520 2936 3639 2990 mitt
3672 2943 3779 3001 ret,

2201 3042 2260 3090 ut
2286 3035 2469 3089 relicta
2505 3031 2729 3088 ecclesia
2761 3032 2861 3086 iret
2890 3031 2944 3085 in
2970 3029 3189 3085 domum
3216 3028 3501 3099 privatam,
3532 3042 3640 3082 non
3670 3027 3788 3082 col-

2201 3127 2439 3198 legarum
2469 3123 2833 3180 discutiendus
2860 3122 3122 3187 examine,
3156 3119 3251 3176 sed
3277 3118 3523 3174 factionis
3545 3132 3716 3174 cuneo
3734 3127 3791 3174 et

2202 3219 2338 3275 odiis
2362 3217 2719 3273 muliebribus
2736 3212 3115 3270 trucidandus?
3132 3228 3253 3268 cum
3272 3212 3372 3267 sibi
3393 3210 3687 3282 praesertim
3710 3208 3792 3265 vi-

2201 3310 2353 3367 deret
2374 3309 2515 3381 apud
2541 3308 2833 3364 Ecclesiam
2861 3306 3274 3362 transmarinam
3301 3304 3523 3375 privatis
3557 3303 3789 3359 inimici-

2201 3405 2290 3461 tiis
2314 3414 2369 3461 et
2407 3404 2474 3461 ab
2500 3412 2723 3474 utraque
2752 3410 2903 3474 parte
2941 3399 3288 3457 dissensionis
3316 3398 3543 3453 alienam
3567 3439 3583 3466 ,
3613 3398 3790 3453 incor-

2201 3505 2418 3568 ruptum
2464 3505 2522 3552 et
2561 3497 2825 3566 integrum
2871 3508 3095 3549 examcn
3132 3506 3241 3547 sum
3267 3504 3441 3546 causae
3487 3504 3783 3546 remanere.

2200 3591 2306 3649 Ubi
2328 3592 2374 3649 si
2400 3591 2532 3647 nihil
2559 3588 2847 3644 adversarii
2881 3601 3040 3658 agere
3073 3585 3287 3651 vellent,
3319 3584 3422 3654 ipsi
3461 3598 3521 3639 se
3543 3582 3613 3640 ab
3643 3581 3791 3637 orbis

2204 3694 2467 3741 terrarum
2516 3680 2952 3739 innocentissima
2993 3678 3373 3734 communione
3414 3675 3786 3748 praeciderent.

2203 3777 2263 3834 Si
2289 3786 2466 3833 autem
2495 3776 2604 3831 illic
2630 3790 2753 3829 eum
2783 3787 3035 3828 accusare
3061 3778 3380 3838 tcntassent,
3414 3777 3540 3826 tunc
3562 3770 3664 3827 sibi
3692 3769 3788 3827 ad-

2202 3879 2369 3939 esset,
2417 3878 2545 3924 tunc
2582 3866 2941 3924 innocentiam
2983 3881 3132 3921 suam
3163 3865 3421 3921 adversus
3463 3880 3647 3920 eorum
3672 3879 3790 3920 ma-

2204 3962 2543 4018 chinamenta
2568 3960 2902 4026 defenderet,
2948 3959 3085 4014 sicut
3117 3967 3299 4029 postea
3334 3958 3529 4013 factum
3561 3974 3681 4015 esse
3707 3958 3793 4015 di-

2202 4054 2411 4111 dicistis
2442 4072 2455 4108 :
2487 4069 2609 4110 cum
2656 4064 2833 4110 tamen
2864 4054 2939 4109 illi
2969 4053 3128 4109 nimis
3166 4068 3289 4108 sero
3314 4053 3628 4124 quaesissent
3649 4053 3790 4124 judi-

2203 4148 2347 4204 cium
2393 4147 2807 4202 transmarinum
2832 4147 2945 4217 jam
2986 4147 3292 4202 scltismatis
3332 4147 3431 4213 rei,
3474 4147 3583 4217 jam
3629 4147 3789 4204 levati

2204 4238 2388 4294 altaris
2421 4237 2695 4294 horrendo
2724 4239 2936 4294 scelere
2975 4238 3244 4293 maculati.
3278 4238 3457 4295 Primo
3480 4240 3622 4294 enim
3650 4239 3792 4297 face-

2202 4339 2326 4388 rent
2350 4331 2394 4387 si
2424 4332 2650 4388 veritate
2675 4332 3003 4398 niterentur;
3031 4330 3125 4386 sed
3152 4329 3296 4385 falsis
3325 4332 3633 4388 rumoribus
3654 4342 3791 4394 tem-

2203 4424 2351 4495 poris
2374 4423 2719 4480 diuturnitate
2741 4423 2983 4490 firmatis,
3012 4422 3165 4492 quasi
3188 4430 3395 4477 vetusta
3430 4422 3565 4475 fama
3595 4425 3793 4495 prmju-
3855 4404 3860 4423 τ

2206 4516 2415 4573 dicante
2440 4516 2507 4572 ad
2526 4516 2782 4586 judicium
2803 4515 2985 4570 venire
3006 4514 3322 4569 voluerunt‘
3355 4530 3367 4567 :
3396 4523 3484 4569 aut
3509 4516 3649 4585 quod
3675 4533 3791 4574 ma-
3846 4510 3854 4528 '

2205 4609 2286 4680 gis
2304 4606 2630 4664 credendum
2657 4615 2760 4671 est,
2795 4605 3045 4661 damnato
3075 4606 3241 4675 prius,
3286 4605 3424 4661 sicut
3452 4607 3640 4676 libuit,
3671 4608 3788 4667 Cae-

2204 4700 2436 4769 ciliano,
2488 4698 2640 4771 quasi
2688 4700 2860 4754 securi
2920 4697 3021 4752 sibi
3067 4696 3383 4753 videbantur
3446 4699 3790 4771 praeﬁdentes

2204 4807 2430 4849 numero
2472 4805 2588 4858 suo,
2622 4805 2724 4846 nec
2757 4788 3011 4845 audentes
3034 4788 3161 4844 alibi
3189 4804 3528 4849 commovere
3574 4809 3790 4851 causam

2205 4893 2315 4940 tam
2339 4882 2554 4951 malam,
2582 4880 2673 4938 ubi
2697 4881 2839 4937 nulla
2858 4880 3201 4952 corruptione
3222 4892 3480 4954 operante
3495 4892 3680 4956 posset
3700 4901 3787 4944 ve-

2203 4978 2337 5035 ritas
2361 4974 2606 5032 inveniri.

2277 5068 2429 5125 CAP.
2450 5066 2563 5122 Vll.
2585 5066 2754 5123 —f9.
2774 5065 2879 5123 Sed
2904 5069 3385 5141 posteaquamipsis
3405 5070 3563 5127 rebus
3583 5074 3791 5144 experti

2205 5169 2330 5216 sunt
2370 5176 2490 5216 cum
2519 5158 2804 5214 Caeciliano
2830 5173 3143 5230 permanere
3184 5164 3617 5221 communionem
3643 5165 3792 5223 orbis

2206 5259 2491 5317 terrarum,
2514 5258 2570 5305 et
2582 5248 2649 5304 ad
2676 5265 2799 5305 eum
2828 5266 2859 5305 a
2881 5252 3248 5308 transmarinis
3273 5254 3530 5311 Ecclesiis
3549 5270 3792 5313 commu-

2206 5345 2491 5403 nicatorias
2517 5345 2723 5402 litteras
2743 5344 2919 5413 mitti,
2952 5362 3058 5403 non
3084 5346 3152 5402 ad
3177 5347 3328 5403 illum
3357 5364 3515 5420 quem
3537 5350 3639 5420 ipsi
3667 5366 3791 5409 see-

2206 5439 2374 5495 lerate
2401 5437 2809 5505 ordinaverant;
2852 5438 3041 5509 puduit
3069 5453 3164 5494 eos
3191 5455 3405 5511 semper
3439 5450 3636 5509 tacere,
3667 5444 3793 5514 quia

2208 5537 2392 5602 posset
2419 5530 2499 5586 eis
2518 5530 2697 5601 objici,
2726 5544 2822 5585 cur
2847 5538 3153 5601 paterentur
3180 5531 3416 5602 ignaram
3438 5550 3535 5605 per
3558 5544 3637 5592 tot
3663 5551 3793 5608 gen-

2208 5630 2292 5678 tes
2329 5621 2628 5677 Ecclesiam
2658 5624 3053 5678 communicare
3077 5620 3344 5680 damnatis
3365 5665 3379 5692 ,
3407 5634 3463 5681 et
3481 5641 3576 5683 cur
3601 5642 3662 5685 se
3688 5628 3794 5700 ipsi

2272 5735 2289 5767 ι
2315 5742 2446 5794 l.ov.,
2462 5732 2728 5785 noluerunt.
2754 5733 2840 5783 Alii
2853 5733 2986 5794 Cdd.,
3000 5731 3265 5788 voluerunt.

2232 5860 2241 5870 θ
2272 5797 2353 5907 (αέ)⁵
2368 5797 2536 5847 ιεωωο
2550 5804 2691 5846 Gesta
2706 5796 2903 5846 fuerunt
2923 5796 3140 5871 mnfecta
3159 5810 3237 5847 an.
3262 5798 3371 5861 520,
3388 5800 3726 5875 habenturque
3742 5818 3797 5877 in

2207 5857 2296 5907 lib.
2372 5864 2500 5907 cont.
2522 5864 2826 5907 Crescon..c.
2846 5857 2927 5907 29.
2948 5871 3000 5907 n.
3016 5860 3094 5907 3o.
3114 5863 3397 5907 Eorumdem
3414 5870 3559 5907 emam
3573 5867 3796 5907 meminit

2229 5857 2296 5909 ib.
2320 5857 2353 5907 5
2372 5864 2826 5924 οοριεςτθβοοῃηο.
2846 5857 2927 5919 29,
2948 5860 3094 5924 n._35.
3114 5857 3397 5919 Eorundem
3414 5865 3560 5921 etiam
3572 5857 3796 5924 me’m'nit

2211 5926 2409 5986 Optatus
2424 5919 2475 5971 in
2496 5918 2579 5973 lib.
2604 5920 2627 5973 l
2651 5918 2781 5973 cont.
2804 5918 3184 5976 Parmenianum.
