4080 6346
304 296 407 352 I69

298 407 366 459 ab
406 403 708 461 innocentis
748 404 891 458 orbis
920 414 1177 459 terrarum
1208 409 1580 462 communione
1624 410 1876 479 prareidv-

297 504 433 555 rent,
468 508 590 547 cum
620 494 846 548 tacendo
894 495 1128 549 sinerent
1155 497 1423 567 epise0po,
1466 515 1623 568 quem
1650 498 1874 553 Cartha-

296 584 604 652 ginensibus
634 583 986 651 ordinassent,
1009 602 1038 639 a
1062 595 1170 641 toto
1193 587 1321 640 orbe
1344 604 1445 641 non
1474 588 1871 641 communicari.

294 674 601 744 Elegerunt,
638 676 774 729 sicut
800 677 1009 743 dicitur,
1039 678 1105 731 ad
1142 679 1267 732 duas
1290 680 1305 710 ยน
1334 696 1491 748 agere
1510 697 1721 734 causam
1752 698 1871 734 eum

290 764 581 819 Cxciliano
632 767 770 836 apud
819 768 1083 821 Ecclesias
1137 770 1535 837 transmarinas,
1586 771 1755 841 parati
1806 771 1873 824 ad

291 867 573 926 utrumque
608 875 620 910 :
653 868 708 911 ut
735 860 780 912 si
803 874 922 912 eum
966 861 1262 929 potuissent
1288 877 1616 931 quacumque
1644 851 1871 917 versutia

291 947 435 1001 falsae
458 950 843 1004 criminationis
872 953 1115 1006 evincere
1135 994 1149 1018 ,
1180 953 1431 1007 satiarent
1464 953 1870 1023 plenissimeeu-

285 1039 564 1109 piditatem
591 1055 772 1106 suam;
805 1044 1043 1097 siautem
1076 1042 1179 1097 nOn
1197 1054 1434 1115 possent,
1463 1046 1514 1100 in
1544 1046 1726 1100 eadem
1750 1047 1868 1114 qui-

285 1129 405 1182 dem
434 1133 781 1199 perversitate
808 1133 1079 1199 durarent,
1116 1136 1208 1188 sed
1246 1136 1354 1203 jam
1380 1146 1554 1192 tamen
1588 1139 1735 1207 quasi
1778 1137 1869 1191 ha-

283 1218 479 1275 berent
503 1222 643 1291 quod
686 1223 948 1289 dicerent,
977 1226 1145 1279 malos
1170 1225 1378 1295 judices
1424 1243 1485 1282 se
1508 1244 1627 1283 esse
1656 1244 1869 1298 perpes-

283 1326 371 1364 sos
394 1328 409 1375 ;
441 1328 563 1381 qua:
588 1328 688 1367 vox
714 1323 796 1367 est
825 1315 1061 1369 omnium
1092 1316 1352 1370 malorum
1372 1317 1719 1387 litigatorum,
1745 1336 1864 1372 cum

282 1400 484 1455 fuerint
510 1402 670 1457 etiam
696 1404 1124 1458 manifestissima
1154 1408 1376 1461 veritate
1405 1411 1641 1477 superati
1673 1427 1685 1462 :
1714 1411 1865 1479 quasi

281 1511 387 1548 non
419 1496 500 1549 eis
517 1496 583 1549 ad
610 1496 711 1551 hoc
738 1496 839 1551 dici
866 1508 1045 1566 posset
1069 1498 1431 1566 etjustissime
1456 1500 1578 1566 dici,
1613 1501 1751 1555 Ecce
1773 1518 1867 1570 pu-

282 1598 459 1641 temus
487 1588 605 1641 illos
634 1588 934 1657 episcopos,
966 1588 1053 1659 qui
1087 1589 1270 1643 Roma:
1285 1590 1605 1659 judicarunt,
1640 1606 1741 1644 non
1774 1591 1866 1645 bo-

276 1692 379 1730 nos
401 1677 617 1745 judices
660 1678 855 1742 fuisse;
904 1680 1137 1733 restabat
1161 1679 1650 1748 adhucplcuarium
1676 1681 1863 1735 Eccle-

274 1768 373 1819 sim
403 1766 665 1821 universa:
711 1768 994 1821 concilium
1024 1807 1038 1831 ,
1070 1768 1157 1821 ubi
1186 1769 1345 1822 etiam
1369 1784 1486 1822 cum
1520 1769 1647 1837 ipsis
1668 1770 1861 1838 judici-

274 1855 379 1910 bus
399 1870 562 1910 causa
595 1865 773 1924 posset
804 1856 1011 1926 agitari,
1038 1866 1092 1911 ut
1118 1857 1161 1911 si
1192 1858 1327 1911 male
1347 1858 1615 1927 judicasse
1636 1861 1860 1913 convicti

272 1954 492 2007 essent,
529 1960 715 1998 eorum
773 1945 1051 1999 sententia:
1096 1946 1445 2015 solverentur.
1492 1947 1641 2014 Quod
1688 1958 1859 2003 utrum

275 2034 520 2099 fecerint,
556 2037 779 2105 probent
814 2054 826 2088 :
861 2053 959 2090 nos
990 2037 1131 2091 enim
1160 2055 1264 2091 non
1308 2040 1498 2092 factum
1548 2056 1667 2094 esse
1707 2041 1861 2095 facile

274 2126 588 2193 probamus,
624 2142 688 2180 ex
727 2142 791 2180 eo
816 2128 955 2196 quod
978 2136 1118 2181 totus
1145 2128 1285 2181 orbis
1314 2146 1416 2183 non
1452 2131 1529 2184 eis
1563 2134 1861 2185 communi-

272 2227 397 2271 cat:
432 2226 525 2271 aut
547 2219 594 2272 si
622 2218 825 2278 factum,
846 2229 945 2284 est,
979 2222 1138 2274 etiam
1163 2220 1233 2275 ibi
1259 2231 1381 2275 sunt
1407 2222 1716 2292 victi;qund
1750 2224 1859 2292 ipsa

271 2323 463 2362 eorum
494 2309 762 2377 separatio
792 2310 1114 2367 manifestat.

341 2398 435 2452 20.
484 2398 590 2453 Sed
631 2409 806 2474 tamen
848 2400 974 2469 quid
1005 2412 1184 2470 postea
1222 2400 1445 2456 fecerint
1468 2444 1481 2469 ,
1518 2402 1858 2474 Imperatoris

270 2489 472 2542 litteris
501 2473 955 2543 sufficientissime
992 2492 1304 2547 ostenditur.
1338 2492 1556 2549 Judiees
1592 2497 1731 2550 enim
1766 2514 1856 2552 cc-

268 2581 606 2634 clesiasticos
644 2590 806 2635 tantm
832 2582 1161 2636 auctoritatis
1181 2588 1481 2653 episcopos,
1515 2602 1739 2655 quorum
1766 2589 1856 2656 ju-

266 2673 411 2727 dicio
438 2682 494 2728 et
523 2674 792 2728 chiliani
819 2677 1116 2730 innocentia
1137 2686 1191 2731 et
1216 2692 1397 2731 eorum
1425 2680 1731 2749 improbitas
1760 2683 1856 2738 de-

266 2765 473 2818 clarata
515 2775 619 2828 est,
652 2780 758 2819 non
786 2766 924 2834 apud
959 2768 1093 2822 alios
1122 2769 1373 2838 collegas,
1403 2770 1495 2825 sed
1519 2772 1657 2840 apud
1683 2774 1855 2844 Impe-

266 2864 508 2910 ratorem
553 2871 807 2911 accusare
836 2859 950 2912 ausi
980 2868 1125 2925 sunt,
1167 2860 1307 2928 quod
1353 2863 1490 2916 male
1535 2863 1853 2931 judicarent.

267 2947 425 3001 Dedit
460 2948 551 3002 ille
578 2948 722 3002 aliud
760 2950 1072 3005 Arelatense
1095 2952 1374 3020 judicium,
1405 2955 1631 3010 aliorum
1657 2958 1857 3013 scilicet

266 3041 681 3109 episcoporum:
707 3057 812 3095 non
840 3044 963 3112 quia
991 3043 1100 3113 jam
1141 3061 1360 3101 necesse
1398 3058 1534 3111 erat,
1558 3049 1650 3103 sed
1672 3065 1855 3105 eorum

268 3130 710 3197 perversitatibus
735 3132 951 3197 cedens,
980 3146 1033 3187 et
1061 3136 1367 3191 omnimodo
1410 3139 1629 3207 CUpIeIlS
1653 3148 1855 3197 tantam

270 3219 661 3288 impudentiam
678 3223 946 3276 cohibere.
965 3224 1144 3294 Neque
1164 3226 1306 3280 enim
1332 3242 1491 3284 ausus
1512 3238 1590 3283 est
1611 3230 1855 3285 christia-

268 3326 375 3364 nus
405 3310 704 3380 Imperator
719 3314 797 3367 sic
812 3329 994 3368 eorum
1018 3316 1367 3372 tumultuosas
1401 3327 1455 3373 et
1481 3319 1690 3375 fallaces
1722 3337 1855 3391 que-

266 3404 415 3458 relas
442 3404 739 3474 suscipere,
771 3415 827 3459 ut
846 3406 911 3461 de
936 3406 1135 3475 judicio
1156 3410 1525 3479 episcoporum
1554 3412 1643 3482 qui
1671 3413 1855 3468 Romae

269 3497 531 3551 sederant
562 3498 675 3566 ipse
694 3498 958 3567 judicaret
981 3516 997 3565 ;
1024 3500 1117 3555 sed
1156 3502 1314 3566 alios,
1340 3510 1399 3556 ut
1418 3504 1545 3571 dixi,
1578 3506 1856 3576 episcopos

267 3589 418 3643 dedit
448 3608 460 3641 :
491 3606 521 3643 a
552 3591 745 3660 quibus
769 3602 944 3647 tamen
972 3594 1042 3647 illi
1079 3594 1144 3647 ad
1177 3596 1345 3663 ipsum
1379 3612 1588 3651 rursum
1618 3597 1854 3668 Impera-

273 3690 451 3733 torem
481 3694 771 3747 provocare
796 3683 1131 3747 maluerunt;
1155 3699 1254 3752 qua
1282 3684 1331 3737 in
1361 3700 1420 3738 re
1448 3685 1567 3740 illos
1602 3688 1854 3757 quemad-

268 3770 492 3823 modum
538 3772 862 3836 detestetur,
910 3774 1148 3827 audistis.
1198 3778 1371 3843 Atque
1428 3776 1625 3830 ulinam
1667 3780 1853 3839 saltem

271 3861 445 3928 ipsius
473 3861 675 3929 judicio
722 3862 1069 3916 insanissimis
1110 3865 1533 3919 animositatibus
1559 3868 1669 3920 suis
1696 3868 1852 3923 tinent

270 3953 606 4023 posuissent,
637 3961 796 4022 atque
843 3965 897 4007 ut
934 3955 1012 4008 eis
1046 3955 1157 4023 ipse
1190 3958 1367 4022 cessit,
1398 3968 1456 4011 ut
1476 3959 1542 4011 de
1571 3959 1659 4013 illa
1696 3974 1854 4014 causa

272 4052 397 4110 post
434 4042 1011 4111 episcoposjudiearet,
1043 4060 1071 4096 a
1103 4046 1296 4099 sanctis
1322 4048 1644 4102 antistitibus
1672 4061 1853 4118 postea

270 4132 486 4186 veniam
524 4133 800 4201 petiturus,
829 4134 950 4186 dum
986 4143 1158 4187 tamen
1190 4128 1263 4189 illi
1302 4138 1441 4205 quod
1472 4140 1689 4205 ulterius
1713 4142 1856 4196 diee-

271 4232 395 4277 rent
429 4239 534 4276 non
567 4223 846 4288 haberent,
875 4225 918 4276 si
942 4225 1056 4291 ejus
1077 4240 1170 4279 sen
1197 4228 1353 4280 emite
1376 4243 1478 4281 non
1519 4230 1854 4300 obtempera-

272 4324 417 4375 rent,
443 4314 508 4367 ad
536 4330 689 4382 quem
714 4313 814 4381 ipsi
839 4326 1277 4383 provocavertmt,
1302 4317 1379 4370 sic
1399 4326 1452 4371 et
1476 4319 1549 4372 illi
1574 4321 1855 4390 aliquando

272 4406 530 4460 cederent
548 4407 780 4461 veritati.
808 4407 973 4462 Jussit
993 4409 1131 4463 enim
1153 4409 1241 4462 ille
1263 4418 1318 4463 ut
1338 4411 1383 4464 ei
1411 4422 1584 4479 partes
1605 4414 1669 4466 ad
1691 4430 1854 4483 agen-

269 4496 395 4549 dam
430 4512 644 4550 cansam
678 4498 903 4551 Romam
943 4509 1302 4554 occurrerent.
1328 4503 1443 4567 Quo
1465 4518 1584 4557 cum
1615 4504 1854 4561 Caecilia-

272 4602 377 4641 nus
404 4588 589 4641 nescio
610 4603 714 4654 qua
745 4603 903 4641 causa
926 4604 1029 4642 non
1048 4590 1387 4655 occurrisset,
1414 4594 1775 4660 interpellatus
1788 4597 1855 4650 ab

272 4679 373 4741 eis,
404 4680 658 4747 prarcepit
676 4690 730 4732 ut
750 4679 1099 4734 Mediolanum
1121 4693 1486 4750 sequerentur.
1516 4685 1663 4743 Tunc
1684 4703 1742 4742 se
1756 4690 1854 4743 ali-

274 4769 371 4835 qui
406 4783 595 4821 eornm
645 4768 959 4824 subtrahere
1001 4780 1294 4838 cmperuut,
1338 4775 1559 4829 fortasse
1600 4776 1853 4847 indignati

272 4858 400 4927 quia
428 4876 533 4913 non
559 4870 641 4914 est
668 4875 762 4914 eos
788 4861 1021 4916 imitatus
1046 4862 1439 4931 Constantinus,
1463 4877 1519 4922 ut
1538 4868 1647 4938 jaru
1675 4872 1851 4927 statim

271 4959 443 5018 atque
470 4950 724 5004 velociter
743 4952 1080 5007 Cmcilianum
1102 4953 1683 5015 damnaretabsentem.
1701 4963 1851 5030 Quod
1912 5022 1913 5025 ฮท

278 5037 367 5090 ubi
401 5040 653 5105 cognovit
684 5041 931 5109 providus
959 5041 1268 5112 Imperator,
1296 5047 1528 5116 reliquos
1558 5050 1628 5104 ab
1650 5052 1852 5107 officia-

273 5127 417 5181 libus
437 5129 730 5184 custoditos
760 5130 882 5186 fecit
905 5132 1254 5189 Mediolanum
1271 5140 1565 5207 pervenire.
1591 5144 1705 5208 Quo
1731 5160 1850 5198 cum

274 5220 443 5273 etiam
471 5219 790 5277 Cmcilianus
818 5225 1070 5291 venisset,
1098 5226 1268 5296 ipsum
1298 5245 1527 5301 quoque,
1552 5232 1685 5287 sicut
1718 5235 1851 5288 seri-

276 5312 428 5379 psit,
477 5313 750 5381 exhibuit,
805 5319 1118 5390 cognitaque
1163 5337 1349 5388 causa,
1403 5342 1501 5393 qua
1547 5328 1850 5397 diligentia,
1904 5370 1905 5375 ฮท

277 5418 385 5471 qua
435 5404 662 5470 cautela,
702 5423 803 5476 qua
842 5410 1172 5479 provisione,
1202 5413 1336 5467 sicut
1364 5415 1478 5485 ejus
1508 5416 1739 5496 indicant
1771 5419 1854 5473 Iit-

336 5605 352 5673 ฮ
375 5603 453 5680 sic
481 5611 588 5680 Iov.
616 5612 667 5680 et
680 5612 784 5657 Mss.
804 5614 857 5656 At
878 5609 986 5658 Edd.
1013 5614 1309 5675 antiquiores
1335 5622 1379 5663 et
1411 5622 1495 5666 Ms.
1519 5625 1630 5668 Fux.
1658 5619 1851 5680 habent,

267 5665 338 5713 ad
361 5664 487 5715 duas
510 5666 722 5727 fraudes.

517 5748 741 5813 Sacr.
785 5736 1063 5816 Auevsr.
1096 5758 1168 5822 ll.

1505 296 1977 353 EIโISTOI.ARUM
2015 298 2141 352 CIA
2152 300 2285 355 SSIS
2325 303 2384 357 II.

3460 325 3560 380 {70

1998 418 2144 473 lCIโllโ,
2174 412 2276 466 (ฮถฮตฮน-ฮน
2298 415 2509 470 iliannm
2545 418 3051 497 innocentissimum,
3081 429 3197 484 illos
3230 431 3556 502 improbissi-

1930 574 1935 580 แผข
1982 516 2098 554 mos
2120 502 2396 571 judicavit.

2051 591 2273 649 CAPUT
2318 598 2445 652 VIII.
2472 630 2542 639 โ
2566 601 2653 655 2i.
2699 604 2768 657 Et
2800 606 2973 662 adhuc
3000 609 3263 680 baptizant
3288 627 3436 671 extra
3464 635 3554 673 ec~

1979 680 2191 736 elesiam
2214 725 2227 748 ,
2260 696 2312 740 et
2337 688 2381 742 si
2413 691 2615 757 possint
2636 696 2964 765 rebaptizant
2989 701 3279 758 Ecclesiam
3305 723 3318 770 ;
3347 710 3517 762 saerifi
3537 741 3554 753 ฮฟ

1977 780 2100 823 cant
2142 772 2191 825 in
2238 774 2569 834 dissensione
2610 791 2664 836 et
2705 786 2987 841 schismate
3012 830 3025 853 ,
3070 801 3120 845 et
3155 794 3298 861 pacis
3343 784 3554 853 nomine

1979 863 2204 930 populos
2251 868 2496 936 Salutant,
2539 888 2671 941 quos
2719 890 2748 927 a
2794 892 2921 946 pace
2965 881 3149 937 salutis
3178 887 3548 942 exterminant.

1977 952 2354 1011 Conscinditur
2384 962 2557 1015 unitas
2580 963 2810 1030 Christi,
2840 967 3233 1038 blasphematur
3270 973 3553 1032 harreditas

1976 1043 2189 1111 Christi,
2212 1048 2524 1104 exsuf๏ฌatur
2553 1052 2812 1122 Baptisma
2849 1056 3044 1112 Christi
3070 1077 3083 1126 ;
3112 1070 3166 1115 et
3196 1064 3383 1118 nolunt
3406 1065 3455 1118 in
3494 1080 3553 1122 se

1974 1132 2074 1187 ista
2105 1150 2203 1204 per
2236 1138 2533 1195 ordinarias
2564 1144 2818 1201 humanas
2855 1158 3139 1217 potestates
3165 1151 3383 1224 ๏ฌagellis
3420 1166 3551 1231 tem-

1973 1226 2243 1292 poralibus
2274 1231 2543 1285 emendari
2569 1275 2583 1298 ,
2613 1252 2678 1290 ne
2709 1237 2761 1290 in
2798 1240 3022 1295 aeternas
3058 1258 3238 1312 pmnas
3268 1262 3362 1316 pro
3391 1250 3549 1304 tantis

1973 1315 2264 1385 sacrilegiis
2314 1318 2664 1376 destinentur.
2709 1325 2813 1379 Nos
2860 1328 2939 1381 eis
2990 1315 3280 1400 objicimus
3314 1334 3547 1391 furorem

1971 1402 2304 1473 schismatis,
2338 1408 2770 1479 rebaptizationis
2814 1416 3107 1485 insaniam,
3144 1423 3211 1477 ab
3232 1424 3547 1499 haereditate

1970 1491 2166 1548 Christi
2192 1512 2309 1566 quae
2350 1516 2443 1567 per
2480 1518 2665 1558 omnes
2704 1516 2889 1575 gentes
2932 1510 3117 1566 dill'usa
3156 1491 3545 1579 est,nefariam

1968 1588 2378 1653 separationem.
2425 1593 2501 1648 De
2535 1596 2803 1651 codicibus
2842 1616 2945 1653 non
2979 1598 3418 1673 tantumโttostris,
3449 1611 3544 1664 sed

1968 1676 2126 1730 etiam
2158 1694 2364 1748 eorum,
2390 1684 2676 1739 recitamus
2696 1688 2945 1743 ecclesias
2966 1696 3185 1761 quorum
3208 1698 3418 1751 nomina
3447 1698 3543 1753 ho-

1969 1766 2054 1822 die
2083 1769 2282 1839 legunt,
2314 1766 2377 1827 et
2412 1777 2601 1844 quibus
2646 1778 2800 1833 hodie
2829 1797 2941 1855 non
2959 1787 3350 1843 communicant
3380 1806 3394 1841 :
3425 1806 3545 1859 qua:

1967 1872 2087 1911 cum
2142 1861 2433 1916 recitantur
2481 1865 2532 1918 iu
2587 1871 2964 1925 conventiculis
3006 1889 3211 1953 eorum,
3248 1870 3546 1932 lectoribus

1966 1950 2078 2002 suis
2100 1950 2313 2019 dicunt,
2337 1953 2441 2007 Pax
2472 1964 2642 2011 tecum
2662 1975 2681 2030 อพโต
2700 1967 2887 2013 etcum
2910 1962 3036 2030 ipsis
3053 1950 3292 2033 plebibus
3315 2004 3330 2032 ,
3353 1968 3544 2037 quibus

1967 2036 2070 2091 illa:
2101 2040 2289 2095 littera:
2314 2044 2523 2113 scriptae
2550 2057 2708 2113 sunt,
2742 2064 2923 2118 pacem
2957 2069 3060 2107 non
3090 2053 3302 2110 habent.
3336 2036 3401 2111 Et
3440 2058 3541 2128 ipsi

1966 2130 2119 2184 nobis
2162 2133 2416 2201 objiciunt
2456 2138 2535 2190 vel
2573 2137 2701 2192 falsa
2754 2142 2975 2197 c'rimina
3022 2156 3353 2202 mortuorum
3388 2191 3403 2216 ,
3453 2152 3539 2205 vel

1926 2291 1930 2295 q
1964 2219 2171 2273 etiamsi
2210 2237 2334 2277 vera
2356 2265 2370 2288 ,
2406 2233 2578 2280 tamen
2619 2229 2820 2296 aliena;
2863 2247 2965 2285 non
3012 2235 3360 2306 intelligentes
3393 2240 3446 2293 in
3475 2241 3539 2295 iis

1964 2325 2081 2378 qua:
2112 2326 2211 2366 nos
2236 2313 2314 2367 eis
2341 2315 2643 2385 objicimus,
2664 2336 2849 2375 omnes
2876 2322 2993 2378 illos
3017 2327 3216 2391 teneri;
3241 2328 3292 2382 in
3319 2330 3381 2383 iis
3406 2346 3539 2386 vero

1962 2416 2080 2469 qua:
2112 2403 2264 2458 nobis
2285 2405 2559 2474 objiciunt,
2590 2411 2794 2478 paleam
2822 2412 2906 2466 vel
2931 2414 3129 2469 zizania
3158 2419 3344 2472 messis
3369 2419 3539 2477 domi-

1964 2494 2095 2547 nica:
2124 2496 2463 2566 reprehendi,
2487 2500 2552 2553 ad
2577 2501 2834 2558 frumenta
2859 2517 3033 2561 autem
3060 2510 3259 2565 crimen
3287 2527 3392 2567 non
3414 2530 3539 2584 per-

1963 2585 2133 2638 tinere
2159 2603 2170 2638 :
2198 2602 2365 2656 neque
2387 2590 2787 2647 considerantes
2811 2596 2930 2664 quia
2954 2598 3144 2667 quibus
3184 2602 3303 2655 mali
3333 2603 3538 2671 placent

1964 2677 2013 2729 in
2044 2678 2261 2741 unitate,
2312 2680 2409 2748 ipsi
2449 2686 2843 2740 communicant
2882 2684 3077 2754 malis;
3121 2693 3313 2761 quibus
3359 2704 3535 2751 autem

1961 2763 2275 2835 displicent,
2304 2778 2358 2822 et
2382 2785 2473 2825 eos
2498 2773 2785 2830 emendare
2810 2793 2911 2831 non
2940 2791 3195 2848 possunt,
3221 2799 3391 2854 neque
3414 2797 3537 2841 ante

1963 2864 2170 2926 tempus
2221 2861 2413 2915 messis
2459 2862 2655 2919 audent
2693 2866 2887 2922 zizania
2936 2873 3227 2939 eradicare,
3271 2893 3337 2932 ne
3378 2879 3536 2934 simul

1960 2946 2234 3001 eradicent
2272 2959 2325 3003 et
2370 2952 2599 3006 triticum
2646 2954 2871 3028 (Matth.
2903 2976 2997 3014 xm
3022 3001 3038 3026 ,
3071 2962 3213 3033 โ29),
3253 2980 3354 3021 non
3385 2968 3535 3022 factis

1960 3050 2143 3089 eorum
2169 3078 2185 3103 ,
2216 3039 2309 3091 sed
2349 3041 2499 3094 altari
2530 3041 2725 3098 Christi
2754 3051 3147 3105 communicant
3178 3073 3190 3105 :
3224 3055 3291 3109 ita
3330 3066 3386 3110 ut
3430 3073 3532 3112 non

1960 3125 2129 3178 solum
2153 3142 2257 3179 non
2290 3127 2356 3180 ab
2381 3130 2459 3182 eis
2482 3132 2831 3199 maculentur,
2855 3137 2946 3190 sed
2972 3139 3128 3193 etiam
3153 3141 3344 3198 divinis
3364 3147 3534 3201 verbis

1959 3212 2160 3269 laudari
2194 3217 2570 3290 prtedicarique
2600 3236 2901 3281 mereantur
2924 3245 2937 3294 ;
2960 3232 3207 3299 quoniam
3234 3250 3302 3290 ne
3340 3252 3533 3294 nomen

1961 3306 2157 3361 Christi
2218 3325 2311 3378 per
2349 3310 2617 3368 horribilia
2648 3316 2930 3373 schismata
2976 3322 3389 3395 blasphemetur,
3439 3344 3536 3399 pro

1962 3396 2103 3451 bono
2140 3399 2353 3455 unitatis
2398 3402 2641 3470 tolerant,
2672 3407 2810 3475 quod
2833 3424 2930 3478 pro
2960 3410 3099 3468 bono
3124 3415 3385 3484 aequitatis
3405 3396 3535 3474 ode-

1961 3496 2103 3541 runt.

2033 3579 2122 3632 29..
2164 3580 2218 3634 Si
2251 3581 2443 3636 habent
2485 3600 2672 3652 aures,
2726 3590 2939 3644 audiant
2978 3594 3099 3662 quid
3129 3595 3355 3665 Spiritus
3396 3598 3537 3654 dicat

1962 3667 2236 3724 Ecclesiis.
2275 3673 2361 3727 Sic
2400 3676 2541 3728 enim
2579 3677 2629 3730 in
2673 3679 2986 3751 Apocalypsi
3036 3684 3254 3740 Joannis
3301 3688 3531 3758 legitur:

1962 3763 2176 3834 Angela,
2209 3768 2407 3835 inquit,
2437 3766 2677 3823 Ecclesia:
2718 3769 2909 3839 Ep/tesi
2946 3776 3130 3842 scribe,
3164 3778 3287 3832 Ha-c
3307 3782 3425 3833 dicit
3452 3783 3538 3852 qui

1918 3850 1923 3855 โ
1961 3863 2091 3907 tenet
2115 3866 2302 3925 septem
2328 3857 2497 3911 stellas
2524 3877 2574 3912 tu
2613 3861 2816 3915 dextera
2842 3881 2952 3928 sua,
2986 3868 3070 3933 qui
3095 3868 3321 3923 ambulat
3350 3872 3401 3923 in
3433 3850 3537 3924 nie-

1962 3949 2046 4000 dio
2073 3960 2257 4019 septem
2290 3951 2701 4005 candelabrorum
2726 3972 2991 4009 aureorum
3016 3974 3033 4011 :
3059 3959 3178 4014 Scio
3198 3978 3349 4030 opera
3374 3974 3461 4015 tua
3490 3974 3537 4018 et

1962 4038 2183 4093 laborem
2222 4052 2267 4093 et
2302 4044 2594 4110 patientium
2621 4055 2778 4111 luant,
2807 4058 2853 4100 et
2879 4051 2994 4114 quia
3014 4068 3114 4104 non
3140 4064 3277 4121 potes
3296 4058 3537 4110 sustinere

1962 4130 2143 4192 malos,
2174 4140 2219 4181 et
2247 4133 2441 4185 tentasti
2473 4149 2553 4185 eos
2578 4136 2664 4201 qui
2688 4153 2741 4189 se
2769 4139 2938 4190 dicunt
2957 4144 3207 4208 apostolos
3231 4160 3354 4209 esse,
3372 4157 3535 4202 etnon

1963 4232 2099 4285 sunt,
2120 4233 2164 4274 et
2181 4224 2408 4276 invenisti
2424 4241 2505 4276 eos
2525 4228 2804 4292 mendaces,
2824 4239 2869 4281 et
2892 4231 3181 4298 patientiam
3200 4234 3370 4301 habes,
3390 4249 3435 4290 et
3448 4254 3537 4292 su-

1962 4312 2179 4365 stinuisti
2200 4329 2280 4364 cos
2302 4324 2508 4383 propter
2533 4331 2710 4369 nomen
2731 4334 2912 4385 meum,
2931 4330 2977 4373 et
2993 4338 3093 4375 non
3110 4323 3334 4395 defecisti
3349 4326 3531 4396 (Apoc.

1964 4416 2021 4465 II,
2044 4401 2177 4470 l-5).
2195 4401 2347 4468 Quod
2367 4403 2410 4456 si
2430 4402 2497 4457 de
2513 4405 2700 4474 angelo
2722 4409 3049 4475 superiorum
3067 4414 3342 4478 ctelorum,
3360 4427 3407 4469 et
3429 4433 3533 4472 non

1962 4490 2028 4544 de
2049 4494 2340 4560 praepositis
2363 4494 2610 4549 Ecclesia:
2634 4498 2791 4552 vellet
2815 4499 3051 4569 intelligi,
3078 4518 3182 4557 non
3208 4520 3538 4576 consequen-

1963 4590 2043 4636 ter
2070 4583 2269 4639 diceret
2298 4602 2311 4638 :
2343 4585 2450 4639 Sed
2479 4587 2633 4640 habeo
2658 4589 2921 4644 adversum
2958 4602 3036 4659 te,
3066 4596 3200 4663 quod
3242 4600 3538 4654 clturitatem

1960 4682 2100 4725 tuam
2125 4675 2338 4743 primam
2365 4676 2627 4745 reliquisti.
2660 4678 2857 4733 Mentor
2885 4691 2987 4736 esto
3006 4684 3172 4755 itaque
3190 4690 3321 4742 unde
3338 4692 3538 4746 excide-

1961 4766 2050 4829 ris,
2076 4775 2120 4818 et
2141 4784 2232 4836 age
2256 4767 2615 4836 paenitentiam,
2644 4778 2689 4821 et
2721 4771 2883 4837 prima
2911 4789 3061 4843 opera
3087 4780 3171 4847 [ac
3195 4793 3213 4831 :
3240 4780 3317 4832 sin
3345 4792 3531 4846 autem,

1961 4858 2103 4911 venio
2128 4857 2235 4922 tibi,
2259 4868 2305 4911 et
2331 4859 2531 4913 movebo
2554 4861 2909 4916 candelabrum
2936 4874 3075 4918 tuum
3093 4868 3154 4921 de
3174 4870 3281 4923 loco
3297 4889 3409 4938 suo,
3438 4875 3536 4927 nisi

1961 4951 2306 5020 paenitentiam
2340 4951 2498 5020 egeris
2546 4949 2747 5020 (lbid.,
2788 4954 2841 5015 4,
2882 4954 2983 5025 5).
3026 4956 3137 5010 Hoc
3174 4963 3535 5030 superioribus

1960 5040 2177 5108 Angelis
2204 5038 2306 5093 dici
2347 5056 2451 5093 non
2488 5049 2678 5109 potest,
2701 5044 2788 5111 qui
2822 5056 3124 5114 perpetuam
3153 5053 3380 5107 retinent
3402 5055 3532 5108 cha-

1963 5129 2172 5205 ritatem
2194 5170 2207 5193 ,
2252 5130 2390 5184 unde
2434 5131 2520 5201 qui
2553 5131 2863 5189 defecerunt
2888 5144 2942 5190 et
2970 5137 3101 5207 lapsi
3128 5151 3269 5206 sunt,
3296 5142 3535 5200 diabolus

1965 5227 2049 5273 est
2071 5210 2320 5289 et'angeli
2348 5221 2482 5291 ejus.
2514 5223 2650 5292 Ergo
2673 5226 2891 5291 primam
2908 5227 3216 5299 eharitatem
3237 5233 3382 5298 dicit,
3413 5238 3534 5303 quia

1964 5311 2214 5365 sustinuit
2269 5312 2739 5382 pseudoapostolos
2791 5327 3004 5387 propter
3053 5336 3245 5376 nomen
3295 5323 3531 5391 Christi,

1966 5416 2123 5471 quant
2149 5401 2301 5471 jubet
2328 5412 2383 5456 ut
2410 5414 2645 5473 repetat,
2667 5418 2718 5461 et
2745 5407 2899 5463 faciat
2925 5411 3096 5477 priora
3125 5427 3283 5481 Opera
3320 5429 3435 5470 sua.
3466 5418 3537 5473 Et

1964 5492 2286 5560 objiciuntur
2302 5494 2453 5548 nobis
2474 5497 2692 5551 crimina
2708 5498 2965 5553 malorum
2988 5501 3281 5569 hominum,
3308 5522 3410 5559 non
3440 5525 3535 5561 no-

1964 5593 2098 5650 stra,
2140 5585 2231 5640 sed
2290 5586 2496 5649 aliena;
2534 5598 2585 5639 et
2616 5589 2724 5655 ipsa
2766 5587 2953 5658 partim
2992 5592 3252 5662 incognita
3284 5613 3297 5649 :
3327 5613 3445 5667 quze
3490 5602 3536 5654 si

1968 5677 2129 5731 etiam
2159 5692 2278 5731 vera
2306 5687 2359 5731 et
2378 5682 2652 5747 prtescntia
2680 5680 2997 5741 videremus,
3016 5682 3070 5736 et
3090 5684 3303 5741 zizauiis
3325 5699 3538 5758 prOptcr

2955 5774 3173 5845 {Sida}
