4044 6338
604 305 701 360 ΠΙ

606 422 864 475 frumenta
894 428 1202 488 parcentes,
1234 435 1325 488 pro
1345 419 1540 473 unitate
1565 418 1934 484 toleraremus,
1965 432 2068 471 non
2095 433 2174 470 so-

605 511 712 566 lum
742 510 884 564 nulla
911 509 1327 586 reprehensione
1349 550 1364 572 ,
1400 509 1490 563 sed
1517 508 1676 590 etiam
1705 522 1812 562 non
1839 522 1996 578 parva
2023 506 2178 563 laude

613 617 711 656 nos
740 603 926 672 dignos
956 601 1172 665 diceret,
1192 589 1508 671 quicumque
1526 598 1827 668 Scripturas
1842 607 2050 653 sanctas
2069 613 2174 654 non

609 694 769 749 corde
787 693 976 748 surdus
1000 693 1224 747 audiret.

675 784 764 838 25.
809 783 1022 838 Tolerat
1048 783 1224 837 Aaron
1245 775 1630 835 multitudinem
1658 779 1852 834 idolum
1877 782 2173 851 exigentem

607 884 663 928 et
692 873 1118 928 fabricantemet
1145 866 1476 926 adorantem.
1503 869 1718 924 Tolerat
1743 867 1949 941 Moyses
1987 870 2176 924 adver-

603 981 696 1020 sus
736 941 901 1018 Deum
949 971 1023 1015 tot
1065 961 1222 1014 millia
1255 953 1672 1024 murmurantia,
1723 968 1777 1014 et
1821 962 1974 1014 toties
2009 961 2173 1040 olfen-

598 1053 774 1109 dentia
809 1061 1046 1108 sanctum
1085 1067 1278 1106 nomen
1324 1049 1460 1120 ejus.
1497 1049 1714 1104 Tolerat
1761 1048 1922 1104 David
1957 1049 2170 1104 Saﬁlem

600 1153 991 1214 persecutorem
1021 1157 1174 1195 suum
1200 1183 1215 1207 ,
1247 1141 1517 1195 sceleratis
1547 1140 1784 1195 moribus
1808 1141 2043 1194 cmletia
2073 1141 2170 1196 de-

599 1244 863 1289 serentem
888 1274 905 1299 ,
933 1232 1152 1302 magicis
1179 1231 1380 1286 artibus
1416 1229 1614 1283 inferna
1645 1239 2005 1300 quaerentem;
2033 1231 2174 1285 occi-

597 1342 713 1380 sum
748 1324 1006 1388 vindicat,
1036 1321 1290 1377 christum
1319 1321 1476 1374 etiam
1507 1319 1713 1374 Domini
1743 1329 1958 1389 propter
1990 1335 2170 1374 sacra-

598 1423 834 1470 mentum
851 1410 1166 1471 venetanda:
1187 1411 1450 1466 unctionis
1463 1409 1940 1480 appellat.‘l‘olerat
1959 1410 2169 1484 Samuel

596 1507 857 1562 nefandos
893 1505 1028 1558 filios
1075 1503 1186 1556 lleli
1213 1543 1227 1566 ,
1265 1515 1648 1570 perversosquc
1681 1499 1814 1553 filios
1851 1514 1996 1561 suos,
2038 1515 2171 1568 quos

599 1598 823 1666 populus
849 1595 969 1664 quia
999 1593 1222 1646 tolerare
1249 1591 1417 1645 noluit
1435 1632 1450 1657 ,
1479 1591 1655 1644 divina
1698 1587 1928 1644 veritate.
1953 1605 2170 1644 accusa-

599 1696 706 1750 tus,
734 1685 908 1737 divina
940 1684 1221 1737 severitate
1258 1691 1534 1750 correptus
1568 1689 1666 1734 est.
1694 1679 1907 1734 Tolerat
1942 1678 2170 1758 denique

595 1757 770 1846 ipsum
795 1774 1048 1846 pupulum
1080 1773 1360 1841 superbum
1391 1779 1807 1839 contemptorem
1827 1757 2171 1826 Dei.Tolerat

587 1867 761 1924 Isaias
791 1869 842 1921 in
871 1882 1004 1936 quos
1035 1877 1138 1920 tam
1167 1866 1327 1918 multa
1359 1880 1480 1918 vera
1511 1863 1732 1918 crimina
1755 1862 2032 1930 jaculatur.
2062 1863 2169 1916 To-

596 1957 733 2012 lerat
759 1957 1017 2012 Jeremias
1054 1956 1302 2025 aquibus
1327 1963 1466 2008 tanta
1495 1952 2041 2024 perpetitur."l‘olerat
2065 1953 2168 2007 Za-

596 2049 806 2103 charias
851 2046 1152 2100 l’harisacos
1189 2054 1243 2098 et
1293 2045 1524 2110 Scribas,
1558 2045 1738 2114 quales
1790 2043 1879 2096 illo
1933 2041 2170 2111 tempore

595 2117 758 2194 fuisse
797 2137 1066 2207 Scriptura
1108 2145 1349 2190 testatur.
1386 2135 1510 2189 Scio
1539 2151 1621 2188 me
1661 2133 1853 2187 multos
1881 2132 2170 2202 prtetermi-

578 2231 730 2283 ~sisse
758 2247 769 2282 :
799 2227 1094 2298 legantqui
1127 2228 1344 2288 volunt,
1380 2225 1556 2294 leg-ant
1592 2221 1681 2293 qui
1714 2231 1930 2292 possunt
1957 2217 2168 2291 eloquia

599 2317 1161 2385 «desum-invenient
1188 2329 1374 2370 omnes
1398 2323 1612 2368 sanctos
1641 2313 1731 2366 Dei
1759 2327 1939 2366 servos
1967 2321 2019 2365 et
2039 2311 2172 2364 ami-

565 2400 690 2464 cos
714 2423 927 2476 semper
962 2407 1211 2460 habuisse
1239 2421 1371 2475 quos
1400 2405 1451 2458 in
1487 2419 1582 2458 Stto
1614 2403 1804 2471 p0pulo
1845 2403 2165 2467 tolerarent;

559 2494 564 2498 ’
593 2516 714 2552 cum
737 2498 924 2568 quibus
946 2504 1120 2550 tamen
1145 2495 1280 2550 illius
1304 2494 1558 2562 temporis
1585 2499 1913 2546 Sacramenta
1940 2509 2170 2546 contmn-

592 2591 834 2643 nicantes
854 2630 868 2647 .
892 2603 1017 2641 :nen
1050 2586 1220 2641 solum
1267 2601 1369 2637 non
1414 2583 1855 2652 inquinabantur,
1887 2583 1978 2636 sed
2009 2581 2167 2636 etiam

594 2679 930 2734 laudabiliter
943 2677 1296 2739 sustinebant,
1318 2676 1586 2738 studentes,
1618 2676 1754 2729 sicut
1769 2675 1841 2729 ait
1862 2675 2164 2744 Apostolus,

600 2786 798 2823 servare
828 2771 1066 2822 unitatem
1093 2768 1302 2835 spiritus
1329 2769 1381 2819 in
1410 2766 1606 2818 vinculo
1627 2764 1763 2833 pacis
1784 2763 1952 2833 (Eph.
1996 2763 2163 2834 tv,'5).

591 2859 881 2915 Attendant
923 2859 1079 2913 etiam
1111 2868 1235 2928 post
1275 2857 1480 2928 Domini
1527 2847 1953 2919 adventum,ubi
2000 2857 2168 2911 multo

591 2951 743 3020 plura
772 2949 926 3019 hujus
965 2949 1255 3001 tolerantia:
1281 2962 1375 3016 per
1411 2956 1576 3000 totum
1607 2946 1788 3000 orbem
1811 2947 2168 3002 inveniremus

592 3040 856 3110 exempla,
882 3040 924 3093 si
946 3038 1120 3093 omnia
1149 3038 1307 3092 scribi
1329 3047 1382 3090 et
1411 3037 1462 3090 in
1487 3036 1850 3090 auctoritatem
1876 3036 2040 3106 redigi
2067 3052 2165 3106 po-

593 3133 838 3194 tuissent,
893 3142 1065 3184 tamen
1122 3129 1234 3183 lucc
1273 3128 1384 3198 ipsa
1430 3145 1547 3198 quru
1585 3125 1838 3182 habemus
1886 3127 2163 3183 advertite.

594 3205 808 3276 Tolerat
839 3222 951 3290 ipse
973 3220 1224 3273 Dominus
1240 3219 1264 3272 .l
1274 3219 1450 3284 udam,
1471 3218 1757 3284 diabolum,
1777 3215 1943 3274 furem
1966 3228 2019 3272 et
2041 3234 2169 3273 ven-

592 3297 818 3368 ditorem
849 3329 998 3365 suum
1031 3330 1043 3362 :
1077 3311 1201 3364 sinit
1235 3310 1475 3379 accipere
1505 3311 1640 3363 inter
1679 3309 1985 3363 innocentes
2010 3309 2168 3363 disci-

590 3403 765 3472 pulos,
798 3401 936 3470 quod
965 3400 1144 3453 fideles
1174 3409 1431 3453 noverunt
1459 3402 1681 3466 pretium
1712 3411 1974 3455 nostrum.
2007 3400 2165 3455 Tole-

578 3497 714 3544 «rant
728 3490 970 3560 Apostoli
993 3488 1458 3557 pseudoapostolos
1479 3499 1569 3565 ;.et
1599 3489 1736 3543 inter
1757 3503 1850 3542 sua
1869 3488 2166 3557 quairentes

595 3595 700 3635 non
727 3596 843 3648 qua:
871 3580 994 3632 .lesu
1022 3578 1254 3642 Christi,
1291 3577 1488 3631 Paulus
1527 3592 1630 3631 non
1661 3592 1753 3631 sua
1788 3581 2034 3645 quaerens
2070 3580 2162 3634 sed

593 3685 712 3738 qua:
737 3670 861 3723 Jesu
887 3667 1082 3722 Christi
1106 3707 1122 3729 ,
1151 3682 1271 3722 cum
1304 3667 1683 3736 gloriosissima
1727 3667 2004 3721 tolerantia
2038 3684 2165 3724 con-

593 3770 856 3814 versatur.
899 3759 1172 3812 Postremo
1189 3797 1203 3820 ,
1231 3757 1370 3826 quod
1388 3757 1555 3827 paulo
1579 3766 1699 3811 ante
1720 3760 2161 3824 commemoravi,

593 3849 774 3904 divina
805 3863 931 3902 voce
968 3837 1211 3902 laudatur
1248 3846 1347 3899 sub
1393 3847 1564 3915 angeli
1602 3844 1818 3900 nomine
1853 3849 2164 3916 pricposit'us

592 3940 869 4005 Ecclesiae,
900 3939 1038 4008 quod
1063 3953 1183 3991 cum
1210 3935 1410 3993 odisset
1437 3937 1604 3992 malos
1625 3979 1640 4002 ,
1669 3953 1762 3992 eos
1791 3948 1965 3993 tamen
1990 3949 2163 3996 tenta-

574 4039 680 4086 ;tos
700 4039 755 4085 et
779 4030 1020 4083 inventos
1041 4043 1138 4099 pro
1162 4030 1382 4083 nomine
1403 4029 1609 4082 Domini
1638 4031 1896 4084 toleravit.

661 4121 753 4175 24.
797 4119 875 4174 A—d
903 4134 1164 4174 sunnuam
1193 4119 1396 4187 seipsos
1425 4118 1752 4191 interrogent
1777 4139 1790 4175 :
1815 4121 2000 4177 Nonne
2026 4123 2162 4179 tole-

593 4221 780 4267 rantur
807 4211 874 4264 ab
899 4212 978 4264 eis
997 4210 1170 4265 caedes
1189 4220 1242 4264 et
1267 4211 1507 4265 incendia
1537 4211 2050 4280 Circumcellionum,
2073 4217 2161 4284 qui

595 4308 720 4354 sunt
747 4302 762 4331 ¹
791 4308 1128 4354 veneratores
1164 4301 1602 4369 praecipitaturqu
1646 4293 1783 4357 ultro
1809 4303 2158 4371 cadaverum,

591 4399 648 4442 et
666 4391 764 4442 sub
777 4388 1172 4442 incredibilibus
1189 4390 1341 4443 malis
1358 4392 1510 4444 unius
1523 4390 1696 4460 Optati
1713 4392 1788 4464 (a)
1805 4409 1897 4463 per
1910 4399 2163 4448 totann‘os

597 4482 761 4533 totius
788 4471 984 4533 Africai
1008 4478 1281 4548 gemitus?
1305 4477 1476 4533 Parco
1498 4481 1606 4549 jam
1632 4481 1808 4536 dicere
1837 4484 2160 4553 singularum

581 4584 693 4637 ψαι-
737 4567 967 4622 Africam
1004 4567 1276 4636 regionum
1311 4577 1365 4622 et
1387 4569 1652 4622 civitatum
1683 4580 1736 4624 et
1751 4570 2040 4626 fundorum
2081 4583 2163 4643 ty-

599 4658 846 4712 rannicas
893 4667 1182 4726 potestates
1213 4699 1228 4724 ,
1278 4667 1332 4712 et
1381 4659 1589 4727 publica
1639 4661 1931 4715 latrocinia.
1977 4663 2162 4719 Melius

598 4748 740 4801 enim
776 4740 927 4802 vobis
968 4747 1083 4801 haec
1109 4763 1204 4801 vos
1232 4747 1330 4816 ipsi
1368 4747 1569 4816 dicitis,
1597 4747 1707 4804 sive
1737 4750 1788 4804 in
1819 4767 2022 4819 aurem,
2050 4754 2162 4808 sive

589 4835 768 4904 palam
789 4875 802 4896 ,
832 4835 970 4890 sicut
1001 4835 1204 4890 libitum
1232 4834 1409 4890 fuerit.
1431 4835 1774 4908 Quocumque
1807 4841 1946 4895 enim
1981 4834 2162 4898 oculos

592 4924 880 4991 verteritis,
903 4933 1144 4980 occurret
1171 4926 1309 4994 quod
1341 4923 1480 4992 dico,
1517 4928 1600 4981 vel
1629 4929 1801 4998 potius
1817 4930 1954 4999 quod
1991 4939 2158 4986 taceo.

591 5013 776 5083 Neque
795 5013 928 5068 hinc
957 5014 1086 5068 istos
1118 5029 1252 5083 quos
1289 5013 1361 5069 ibi
1397 5014 1643 5085 diligitis,
1673 5031 2000 5074 accusamus.
2045 5021 2158 5076 Non

587 5105 734 5161 enim
763 5105 916 5159 nobis
939 5103 1252 5174 displicent,
1282 5101 1403 5175 quia
1430 5107 1655 5162 tolerant
1681 5110 1881 5175 malos;
1913 5112 2008 5166 sed
2038 5105 2159 5182 quia

590 5196 993 5252 intolerabiliter
1017 5193 1141 5250 mali
1171 5206 1292 5252 sunt
1325 5206 1541 5266 propter
1570 5199 1815 5265 schisma,
1846 5197 2061 5272 propter
2078 5205 2162 5259 Tal-

589 5295 706 5341 tare
721 5296 903 5341 contra
925 5287 1112 5353 altare,
1135 5298 1352 5358 propter
1367 5293 1751 5359 separationem
1773 5281 2161 5353 abbaereditate

587 5379 782 5432 Christi
825 5365 936 5432 toto
973 5377 1100 5434 orbe
1127 5371 1352 5448 dill‘usa,
1389 5382 1524 5436 sicut
1561 5391 1707 5438 tanto
1743 5394 1865 5440 ante
1903 5387 2158 5456 promissa

547 5575 558 5590 ,
594 5585 606 5600 _
653 5527 672 5560 ⁸
697 5533 748 5600 tn
767 5529 1175 5600 Mss._qu_i_ude_cim
1204 5530 1568 5600 omittitur,__qai
1588 5540 1713 5600 sunt.
1739 5533 1926 5586 videsis
1944 5540 2164 5600 persimi.

592 5585 687 5653 lem
705 5587 864 5653 iocum
887 5585 935 5639 in
959 5590 1041 5639 lib.
1069 5594 1090 5641 1
1114 5599 1244 5652 cont.
1269 5593 1427 5653 Petil.,
1451 5585 1542 5642 lit't.
1567 5607 1610 5642 c.
1634 5593 1712 5644 24.

651 5647 726 5711 (α)
747 5649 1148 5714 thamugadcnsis
1169 5655 1395 5716 episcopi.
1415 5647 1536 5702 Vide
1559 5664 1660 5704 not.
1685 5657 1733 5704 in
1758 5655 1900 5718 epist...
1917 5659 1992 5710 53.

1835 301 1890 356 S.
1923 303 1960 356 Λ
1971 299 2056 357 UG
2067 301 2283 359 USTINI
2323 305 2616 364 EPISCOi'l

3755 325 3854 382 172

2283 426 2386 472 est.
2411 419 2555 475 Viola
2565 432 2666 476 tam
2689 438 2893 493 pacem,
2913 428 3238 484 conscissam
3255 431 3528 502 unitatem,
3546 435 3736 492 iterata
3755 438 3848 494 ba-

2284 505 2526 576 ptismata
2551 553 2566 574 ,
2608 507 2880 569 exSumata
2919 517 3294 584 Sacramenta,
3329 538 3446 590 quae
3485 524 3538 578 in
3580 527 3847 584 sceleratis

2282 613 2492 667 quoque
2517 599 2816 658 hominibus
2835 616 3013 661 sancta
3038 617 3182 672 sunt,
3203 610 3496 681 plangimus
3515 623 3568 667 et
3591 614 3846 684 lugemus.
3883 594 3894 642 ί

2280 686 2407 750 Qua:
2464 689 2506 742 si
2539 692 2694 758 parvi
2737 689 3335 761 pendunt.'intucantur
3379 703 3616 772 exempla
3662 704 3849 773 quibus

2281 778 2698 836 demonstratum
2721 791 2803 837 est
2821 788 2998 854 quanti
3027 787 3141 842 haec
3165 789 3404 857 penderit
3445 791 3601 846 Deus.
3637 793 3737 860 Qui
3771 794 3848 849 fe-

2274 878 2464 922 cerunt
2509 869 2726 936 idolum,
2765 874 2955 928 usitata
3000 876 3162 945 gladii
3213 887 3382 932 morte
3431 871 3684 950 perempti
3724 894 3846 936 sunt

2258 954 2467 1028 (Exod.
2497 974 2672 1023 xxxii,
2699 959 2788 1025 27,
2816 961 2941 1029 28):
2967 964 3055 1033 qui
3079 980 3202 1019 vero
3231 965 3457 1020 schisma
3476 963 3647 1022 facere
3672 971 3851 1026 volue-

2271 1055 2418 1110 runt,
2459 1046 2599 1100 hiatu
2625 1049 2797 1104 terra:
2840 1050 3103 1122 principes
3135 1053 3390 1119 devorati,
3435 1066 3491 1111 et
3533 1059 3682 1113 turba
3718 1075 3848 1113 cou-

2269 1139 2508 1193 sentiens
2540 1138 2674 1210 igne
2719 1154 3028 1212 consumpta
3076 1154 3158 1199 est
3174 1143 3208 1215 ί(
3227 1142 3386 1200 Num.
3430 1164 3518 1202 xvi
3547 1189 3562 1212 ,
3604 1148 3848 1222 31-55).

2277 1227 2590 1284 Diversitate
2628 1247 2924 1301 poenarum,
2966 1233 3251 1290 diversitas
3295 1238 3600 1307 agnoscitur
3634 1240 3853 1296 merito-

2272 1333 2417 1396 rum;
2929 1393 2932 1395 Α

2345 1408 2567 1465 CAPUT
2605 1411 2698 1466 lx.
2721 1443 2793 1452 —
2809 1413 2898 1467 25.
2922 1413 3224 1470 Traduntur
3243 1415 3295 1470 in
3321 1416 3688 1486 persecutione
3728 1435 3853 1473 san-

2273 1497 2341 1550 cti
2363 1495 2608 1564 Codices,
2633 1502 2955 1555 confitentur
2976 1503 3278 1569 traditores,
3295 1505 3474 1560 etDeo
3493 1505 3851 1562 dimittuntur.

2245 1584 2248 1586 ⁷
2272 1585 2385 1640 Νοη
2418 1587 2805 1660 interrogantur
2835 1590 3168 1660 innocentes,
3184 1603 3238 1648 et
3261 1595 3327 1648 ab
3354 1595 3654 1652 hominibus
3682 1606 3855 1653 tente-

2244 1674 2246 1677 ’
2277 1679 2432 1733 rariis
2461 1679 2800 1736 damnantur.
2824 1682 3082 1737 Probatur
3107 1685 3311 1754 integer
3337 1687 3494 1740 certis
3511 1686 3739 1756 judiciis,
3765 1692 3854 1759 qui

2241 1763 2414 1824 ίὶιιιρτ
2448 1772 2695 1827 absentes
2733 1772 3014 1828 damnatos
3032 1775 3211 1830 multo
3239 1775 3604 1831 vehementius
3642 1782 3856 1834 caeteris

2273 1861 2583 1916 criminatus
2609 1871 2711 1917 est.
2759 1862 3018 1918 Judicium
3046 1865 3412 1934 episcoporum
3451 1867 3515 1921 ad
3547 1866 3855 1938 Imperato-

2270 1966 2383 2005 rem
2424 1952 2715 2022 appellatur
2750 1969 2764 2006 :
2798 1951 2962 2024 judex
3001 1955 3213 2025 eligitur
3244 1957 3561 2026 Imperator;
3600 1959 3856 2028 judicans

2277 2044 2974 2115 contemnitur'lmpcrator.
3017 2048 3145 2116 Qua:
3186 2046 3309 2104 tunc
3339 2049 3453 2104 acta
3485 2052 3591 2105 sint
3616 2053 3853 2122 legistis,

2235 2125 2244 2128 ’
2273 2150 2390 2202 qua:
2418 2151 2562 2190 nunc
2589 2146 2811 2204 agantur
2834 2137 3027 2191 videtis
3057 2155 3072 2191 :
3101 2136 3142 2192 si
3165 2139 3230 2192 de
3252 2139 3355 2192 illis
3378 2140 3426 2193 in
3449 2140 3623 2209 aliquo
3643 2143 3857 2197 dubita-

2273 2224 2360 2289 tis,
2395 2223 2497 2277 ista
2525 2225 2632 2294 jam
2658 2227 2879 2280 cernite.
2899 2227 3179 2282 Certe-non
3201 2228 3401 2282 chartis
3422 2229 3712 2299 veteribus,
3747 2237 3854 2288 nou

2277 2313 2506 2368 archivis
2547 2315 2925 2383 publicis..non
2956 2316 3132 2372 Gestis
3157 2319 3456 2375 forensibus
3480 2331 3570 2376 aut
3594 2323 3850 2393 ecclesia-

2275 2402 2424 2455 sticis
2447 2417 2683 2471 agamus.
2716 2404 2882 2474 Major
2905 2405 3036 2460 liber
3062 2417 3244 2462 noster
3277 2408 3420 2464 orbis
3447 2420 3708 2466 terrarum
3736 2423 3849 2474 est;

2273 2491 2323 2543 in
2353 2507 2416 2546 eo
2439 2492 2557 2562 lego
2577 2496 2895 2564 completum
2922 2497 3060 2567 quod
3093 2500 3144 2552 in
3173 2499 3333 2554 Libro
3359 2502 3448 2555 Dei
3477 2502 3594 2572 lego
3622 2505 3856 2574 promis-

2271 2595 2386 2634 sum
2420 2581 2728 2649 :Dominus,
2759 2587 2945 2655 inquit,
2975 2588 3106 2642 dixit
3125 2590 3193 2642 ad
3219 2607 3316 2656 me,
3341 2590 3509 2646 Filius
3525 2611 3663 2648 nacus
3690 2613 3747 2649 es
3775 2605 3849 2663 tu,

2237 2674 2360 2737 Teqo
2389 2669 2535 2725 hodie
2563 2675 2712 2742 genui
2739 2686 2786 2727 te
2819 2694 2837 2730 :
2856 2677 3072 2746 .posmia
3105 2696 3136 2731 a
3163 2696 3259 2742 me,
3292 2689 3339 2734 et
3377 2680 3505 2734 dabo
3545 2683 3632 2736 tibi
3679 2691 3853 2754 gentes

2271 2759 2606 2814 Irmedilatem
2626 2774 2760 2815 tuum
2784 2807 2795 2824 .
2811 2775 2857 2818 et
2884 2769 3242 2835 possessionem
3263 2777 3402 2822 luam
3424 2771 3673 2825 tertiiinos
3705 2782 3853 2827 teme

2234 2867 2236 2871 ·
2269 2849 2440 2920 (I’sal.
2463 2867 2518 2917 ιι,
2551 2854 2614 2915 7,
2645 2855 2720 2923 8).
2767 2855 2895 2909 llnic
2934 2857 3226 2912 haereditati
3273 2860 3359 2930 qui
3398 2876 3501 2914 non
3550 2866 3853 2919 communi-

2269 2948 2373 3002 cat,
2403 2941 2661 3009 quoslibet
2687 2943 2848 2996 libros
2882 2954 3078 3012 teneat,
3105 2947 3494 3003 exheredatum
3523 2965 3580 3005 se
3607 2967 3734 3007 esse
3763 2969 3854 3008 co-

2269 3039 2509 3097 gnoscat.
2535 3027 2687 3084 Hanc
2726 3030 3089 3088 'hazreditatem
3118 3036 3354 3106 quisquis
3381 3048 3680 3108 expugnat,
3723 3042 3852 3096 alie-

2263 3131 2498 3173 -'num‘sc
2543 3134 2662 3174 esse
2705 3135 2734 3174 a
2781 3119 2977 3176 familia
3016 3124 3109 3178 Dei
3157 3125 3285 3179 satis
3330 3125 3545 3181 iudicat.
3577 3128 3743 3185 Certe
3783 3131 3851 3185 de

2231 3210 2552 3265 "Itraditione
2577 3209 2874 3266 divinorum
2913 3213 3194 3269 Librorum
3220 3217 3442 3272 vertitur
3466 3221 3690 3288 qumstio
3714 3261 3732 3285 ,
3761 3221 3848 3276 ubi

2229 3313 2238 3318 ‘
2270 3299 2547 3356 havreditas
2581 3302 2680 3356 ista
2711 3298 2966 3370 promissa
2993 3313 3092 3360 est.
3121 3303 3214 3360 Ille
3248 3321 3377 3376 ergo
3410 3309 3658 3364 credatur
3680 3319 3850 3367 testa-

2275 3401 2520 3444 mentum
2546 3393 2831 3447 tradidisse
2867 3390 3127 3461 ﬂammis,
3173 3397 3260 3465 qui
3300 3407 3483 3452 contra
3515 3399 3848 3458 voluntatem

2269 3480 2435 3548 litigat
2469 3481 2917 3548 testatoris.~Quid
2946 3484 3036 3537 tibi
3061 3485 3183 3539 feeit
3205 3527 3219 3548 ,
3247 3501 3282 3540 ο
3312 3502 3432 3556 pars
3462 3488 3686 3554 Donati,
3720 3493 3846 3561 quid

2272 3571 2364 3624 tibi
2393 3571 2516 3624 fecit
2542 3571 2776 3626 Ecclesia
2803 3571 3239 3629 Corinthiorum?
3263 3577 3412 3644 Quod
3442 3581 3622 3632 autem
3644 3580 3716 3635 de
3749 3583 3849 3635 ista

2253 3657 2412 3726 'dico,
2441 3661 2508 3715 de
2528 3663 2773 3716 omnibus
2800 3663 2994 3719 talibus
3018 3672 3073 3720 et
3101 3674 3205 3718 tam
3229 3667 3586 3737 longerpositis
3612 3669 3850 3742 .imeliigi

2265 3754 2410 3807 volo.
2438 3753 2573 3820 Quid
2601 3754 2752 3809 vobis
2780 3754 3024 3810 fecerunt
3041 3799 3058 3822 ,
3087 3772 3205 3826 qua:
3231 3774 3329 3812 nec
3354 3761 3570 3813 omnino
3601 3761 3734 3830 quid
3773 3763 3852 3817 fe-

2226 3843 2443 3898 Vceritis
2467 3883 2480 3906 ,
2513 3858 2613 3898 nec
2647 3860 2779 3913 quos
2807 3834 3193 3902 infa'maveritis
3231 3863 3391 3903 nosse
3417 3853 3746 3918 potuerunt?
3781 3869 3850 3908 an

2264 3935 2386 4004 maia
2407 3935 2658 3989 Lueillani
2683 3937 2998 3993 Cmcllianus
3017 3939 3070 3993 in
3089 3940 3263 3994 Africa
3284 3941 3437 4008 lzesit,
3458 3944 3628 3999 lucem
3643 3945 3849 4004 Christi

2265 4025 2412 4079 orbis
2440 4026 2654 4080 amisit?

2333 4115 2429 4170 26.
2469 4114 2708 4170 Tandem
2734 4116 2964 4171 sentiant
2991 4118 3131 4187 quod
3158 4118 3397 4174 fecerunt
3426 4137 3440 4172 :
3473 4122 3665 4177 merito
3688 4133 3849 4181 certo

2221 4224 2232 4228 ·
2266 4219 2527 4260 annorum
2566 4206 2840 4261 intervallo
2865 4207 2927 4262 in
2968 4209 3150 4264 oculos
3193 4225 3374 4264 eorum
3420 4213 3722 4269 revolutum
3763 4227 3852 4271 est

2271 4309 2406 4366 opus
2430 4296 2684 4365 ipsorum.
2715 4297 2944 4364 Quaerite
2980 4313 3076 4368 per
3102 4315 3260 4368 quam
3291 4301 3534 4357 feminam
3561 4303 3849 4362 Maximia-

2266 4400 2367 4440 nus
2395 4380 2498 4456 (a),
2533 4387 2622 4456 qui
2656 4387 2851 4441 dicitur
2875 4402 2995 4443 esse
3028 4389 3214 4444 Donati
3259 4391 3600 4462 propinquus.
3641 4409 3772 4452 sese
3817 4414 3849 4452 a

2260 4474 2527 4529 Primiani
2549 4477 2921 4532 communione
2950 4479 3251 4547 przeciderit
3272 4522 3287 4542 ,
3313 4491 3368 4535 et
3389 4485 3849 4553 quemadmodum

2264 4575 2579 4635 congregata
2600 4568 3234 4636 episcoporum'factione,
3265 4571 3586 4629 Primianum
3610 4575 3847 4633 damna-

2259 4655 2335 4708 rit
2372 4653 2681 4721 absentem,
2705 4664 2762 4711 et
2787 4658 3038 4713 adversus
3080 4675 3201 4714 eum
3243 4663 3524 4732 episcopus
3560 4664 3851 4724 ordinatus

2263 4744 2366 4809 sit;
2401 4746 2843 4814 quemadmodum
2870 4747 3154 4817 Majorinus
3186 4766 3283 4820 per
3319 4751 3572 4807 Lucillam
3607 4769 3850 4826 congre-

2264 4842 2382 4906 gata
2424 4834 2790 4904 episcoporum
2827 4837 3050 4892 factione
3077 4838 3410 4894 Czccilianum
3435 4841 3720 4898 damnavit
3746 4847 3851 4901 ab-

2265 4931 2476 4984 sentem
2499 4964 2514 4989 ,
2541 4933 2595 4977 et
2622 4932 2800 4977 contra
2843 4939 2964 4979 eum
2990 4932 3269 4999 cpiscopus
3307 4931 3578 4986 ordinatus
3611 4941 3716 4988 est.
3763 4939 3850 4990 An

2265 5010 2402 5066 forte
2421 5012 2564 5081 quod
2589 5027 2620 5064 a
2637 5013 2850 5067 caeteris
2870 5015 3012 5069 Afris
3032 5030 3142 5071 sua:
3163 5020 3550 5076 communionis
3567 5024 3854 5095 episcopis

2325 5179 2398 5242 (α)
2435 5180 2743 5248 Μδξείηιὶλαιιε
2781 5184 3166 5248 carthaginensis
3203 5188 3430 5241 diaconus
3468 5191 3707 5244 donatista
3749 5199 3856 5245 Pri-

2263 5242 2420 5308 miano
2445 5241 2668 5308 epist-,ij
2683 5257 2772 5293 suo
2794 5241 3025 5308 infensus,
3044 5256 3208 5298 auctor
3230 5253 3338 5298 novi
3359 5253 3626 5302 schismatis
3641 5241 3855 5308 beasti—tit

2263 5282 3857 5371 as:;..;.-jja3:tggsasgaasaaassicamus:

2213 5409 2222 5415 _
2263 5364 2488 5433 gustinus
2503 5364 2761 5433 Euarrat.:2
2783 5371 2831 5416 iu
2851 5367 2967 5416 Psal.
2991 5369 3070 5428 56,
3093 5385 3240 5433 scrin.
3265 5373 3312 5432 2,
3336 5388 3384 5421 n.
3409 5364 3495 5433 20,
3510 5375 3593 5423 ubi
3612 5382 3665 5424 et
3683 5364 3858 5428 refert

2263 5425 2536 5498 synodiqm
2557 5425 2806 5498 epistolam
2828 5425 3172 5498 Donatistarum
3196 5425 3525 5496 episcoporum
3543 5437 3626 5498 qui
3649 5425 3860 5498 Prhnia;

2264 5496 2380 5557 nam
2400 5484 2448 5532 in
2464 5484 2848 5557 cabarsussitano
2867 5492 3067 5539 concilio
3084 5484 3385 5554 damnhrunt‘,
3405 5503 3457 5545 et
3480 5498 3529 5545 in
3549 5484 3662 5557 ejus
3681 5484 3856 5547 locum

2264 5545 2587 5626 subrogarunt
2608 5551 2960 5626 Maximianum.
2978 5559 3034 5626 at
3058 5564 3183 5626 anno
3205 5545 3423 5626 proxime
3450 5545 3676 5626 sequenti
3706 5545 3834 5610 trahi

2264 5613 2366 5656 tum
2399 5614 2477 5678 est
2511 5619 2540 5656 a
2571 5612 3050 5678 giterisponatistis
3086 5612 3346 5678 Bagaicnse
3386 5612 3638 5667 conc-ilium
3674 5627 3859 5678 contra.

2269 5677 2493 5717 exortum
2515 5669 2740 5726 schisma,
2763 5671 3107 5736 damnatusque
3132 5669 3206 5725 «Et
3228 5679 3289 5725 ab
3312 5676 3368 5727 iis
3390 5680 3713 5727 Maximianus.
