4044 6338
223 333 312 390 I73
1420 328 1740 385 RPlSTOLA
1751 327 1801 382 li‘

1927 325 2200 381 CLASSIS
2238 325 2298 380 ll.
3384 331 3479 387 £76

222 435 391 482 contra
428 423 730 479 factionem
768 423 1063 479 Maximiani
1091 422 1385 477 Primianus
1412 432 1661 491 purgatus
1688 432 1796 487 cst,

230 517 385 571 valere
406 516 577 570 vultis
602 532 619 578 ;
643 526 699 570 et
727 514 864 585 quod
884 530 914 569 a
946 514 1313 568 transmarinis
1341 513 1556 565 unitatis
1590 512 1796 580 episco-

227 610 307 681 pisi
321 608 585 667 adversus
621 606 909 661 factionem
940 605 1177 674 Maiorini
1211 603 1523 657 Cmcilianns
1555 610 1801 670 purgatus

232 707 325 759 est,
350 697 536 752 valere
572 713 683 750 non
718 694 914 750 vultis?
946 694 1114 764 Rogo,
1150 694 1339 747 fratres
1366 692 1492 755 mei,
1525 690 1647 760 quid
1685 705 1801 743 ma-

225 804 381 858 gnum
426 786 603 856 peto?
648 786 777 855 quid
820 784 1036 841 difficile
1075 799 1103 836 a
1152 784 1305 839 vobis
1343 782 1560 850 intelligi
1609 779 1802 849 cupio?

227 878 435 933 Multum
458 875 680 945 quidem
706 876 949 939 interest,
964 883 1019 929 et
1038 872 1521 943 incomparabiliter
1540 871 1698 925 distat
1720 870 1801 922 vel

227 968 539 1021 auctoritate
567 966 650 1019 vel
684 979 907 1019 numero
934 963 1179 1018 Africana
1204 962 1460 1023 Ecclesia,
1483 961 1526 1015 si
1553 975 1673 1015 cum
1694 974 1802 1011 esc-

229 1059 349 1113 tcris
390 1056 542 1111 orbis
573 1056 816 1126 partibus
848 1053 1153 1109 conferatur
1190 1069 1203 1105 :
1235 1060 1289 1107 et
1326 1052 1478 1119 longe
1502 1050 1674 1103 minor
1698 1056 1797 1111 est,

232 1148 435 1221 etiamsi
457 1148 635 1202 unitas
657 1147 745 1200 hic
769 1153 928 1209 esset,
947 1146 1098 1215 longe
1113 1142 1329 1196 omnino
1360 1141 1529 1193 minor
1556 1147 1639 1193 est
1656 1153 1802 1191 com-

228 1250 401 1309 parata
448 1240 664 1293 caeteris
701 1236 1003 1293 christiauis
1045 1234 1293 1289 omnibus
1324 1231 1569 1301 gentibus
1592 1270 1608 1295 ,
1643 1243 1801 1297 quam

227 1343 343 1399 pars
388 1326 695 1382 Maximiani
723 1334 1022 1394 comparata
1058 1323 1192 1392 parti
1234 1320 1516 1384 Primiani;
1552 1327 1675 1389 peto
1720 1327 1801 1370 la-

228 1437 366 1485 men,
391 1430 448 1474 et
464 1421 671 1487 justum
702 1433 822 1472 esse
846 1416 1093 1478 arbitror,
1121 1426 1176 1468 ut
1200 1421 1401 1467 tantum
1422 1412 1593 1466 valeat
1619 1409 1801 1471 conci-

226 1512 347 1566 lium
375 1509 614 1565 Secundi
640 1506 917 1578 Tigisitani
936 1547 950 1570 ,
971 1503 1111 1574 quod
1134 1503 1330 1558 Lucilla
1353 1500 1600 1556 conﬂavit
1616 1498 1803 1553 adver-

224 1618 313 1659 sus
354 1603 633 1657 absentem
670 1598 1011 1657 Ca‘eilianum
1053 1604 1109 1649 et
1154 1593 1496 1663 apostolicam
1546 1591 1731 1647 sedem
1758 1589 1797 1653 ⁸,

228 1703 499 1762 totumque
518 1692 704 1746 orbem
721 1689 1005 1744 Cteciliano
1024 1684 1519 1746 communicautem,
1547 1690 1799 1751 quantum

226 1784 362 1838 vaiet
388 1783 679 1839 concilium
708 1777 1221 1843 Maximianensium,
1265 1773 1406 1844 quod
1436 1772 1680 1829 similiter
1719 1771 1799 1825 fe-

228 1876 365 1928 mina
396 1872 580 1937 nescio
610 1887 730 1941 qum
742 1870 991 1924 conﬂavit
1013 1868 1269 1923 adversus
1286 1867 1557 1921 absentem
1574 1864 1799 1921 Primia-

226 1979 369 2025 num,
398 1972 455 2016 et
470 1973 724 2016 czeteram
750 1976 846 2030 per
867 1960 1096 2014 Africam
1123 1955 1511 2013 multitudinem
1532 1955 1799 2011 Primiano

226 2054 730 2111 communicantem.
754 2052 890 2121 Quid
906 2052 1143 2123 apertius
1159 2048 1393 2106 cernitur
1412 2047 1436 2101 ?
1455 2047 1581 2119 quid
1600 2048 1799 2118 tequius

225 2146 519 2217 postulatur
543 2147 567 2199 ἲ

289 2235 383 2288 27.
426 2235 621 2289 Videtis
661 2232 776 2287 haec
815 2231 1025 2297 omnia,
1052 2238 1107 2285 et
1143 2227 1345 2295 nostis,
1371 2236 1427 2283 et
1466 2227 1714 2298 semitis;
1745 2236 1801 2281 et

223 2334 400 2381 tamen
428 2325 569 2395 videt
604 2334 659 2380 et
688 2324 829 2379 Deus
855 2322 995 2393 quod
1023 2337 1117 2376 vos
1146 2323 1197 2374 in
1226 2329 1335 2375 tam
1365 2320 1609 2391 pestifera
1635 2328 1687 2373 et
1717 2334 1799 2372 sa-

218 2415 411 2485 crilega
454 2415 770 2484 precisioue
808 2414 954 2469 nulla
992 2428 1080 2468 res
1117 2413 1257 2482 cogit
1295 2426 1591 2476 remanere,
1618 2411 1663 2465 si
1702 2426 1799 2480 pro

219 2505 562 2579 adipiscendo
597 2506 860 2575 spirituali
888 2519 1051 2573 regno
1078 2503 1346 2557 carnalem
1375 2502 1638 2570 superetis
1666 2501 1799 2554 alTe-
1866 2568 1869 2571 Α

220 2604 383 2659 ctum,
412 2605 468 2650 et
495 2596 754 2650 amicitias
781 2594 1052 2647 hominum
1083 2609 1202 2663 quae
1232 2594 1284 2647 in
1308 2592 1507 2660 judicio
1537 2592 1628 2646 Dei
1672 2591 1796 2644 nihil

221 2685 542 2755 proderunt.
586 2701 681 2759 pro
709 2684 1007 2740 devitandis
1031 2684 1367 2752 sempiternis
1400 2684 1566 2749 ptenis
1598 2699 1701 2735 non
1733 2683 1799 2734 li-

221 2777 405 2830 nteatis
452 2776 745 2831 oll'cndcre.
790 2776 930 2831 Ecce
977 2776 1065 2835 ite,
1106 2776 1404 2840 consulite;
1445 2776 1568 2844 quid
1614 2787 1798 2828 eontra

222 2864 331 2920 lucc
369 2876 553 2920 nostra
594 2867 797 2935 possint
833 2864 1156 2933 respondere
1185 2866 1484 2934 cognoscite
1510 2883 1522 2918 :
1550 2865 1593 2917 si
1621 2864 1800 2933 profe-

221 2964 340 3007 runt
380 2953 626 3017 chartas,
669 2953 989 3023 proferimus
1027 2953 1273 3014 chartas;
1305 2955 1347 3005 si
1388 2954 1543 3006 falsas
1594 2964 1800 3008 nostras

218 3059 335 3100 case
360 3045 546 3099 dicunt
565 3084 582 3107 ,
613 3045 713 3100 hoc
740 3060 837 3100 nos
862 3045 927 3099 de
953 3046 1065 3099 suis
1090 3044 1269 3099 dicere
1302 3060 1409 3098 non
1441 3044 1800 3113 indignentur.

220 3134 385 3189 Nemo
420 3136 564 3190 delet
590 3135 657 3191 de
685 3135 824 3190 0(1th
852 3136 1280 3191 constitutionem
1322 3134 1435 3199 Dei,
1468 3148 1625 3188 nemo
1662 3134 1804 3187 delet

219 3228 282 3281 de
319 3239 460 3281 terra
504 3228 797 3282 Ecclesiam
837 3228 929 3281 Dei
958 3245 969 3279 :
1004 3227 1092 3281 ille
1122 3236 1287 3281 totum
1316 3227 1498 3281 orbem
1539 3226 1799 3293 promisit,

220 3318 315 3373 ista
346 3328 519 3371 totum
557 3319 740 3373 orbem
771 3318 1031 3386 replevit;
1060 3328 1115 3372 et
1145 3319 1312 3372 malos
1343 3317 1502 3372 habet
1528 3325 1581 3372 et
1601 3318 1798 3392 bonos,

218 3408 309 3463 sed
348 3393 539 3464 nec'in
581 3410 736 3463 terris
773 3409 971 3473 amittit
1012 3410 1112 3464 nisi
1151 3410 1339 3473 malos,
1382 3425 1480 3464 nec
1516 3411 1567 3464 in
1604 3411 1799 3464 cuilum

218 3498 444 3551 admittit
469 3497 572 3552 nisi
599 3498 786 3551 bonos.
814 3500 927 3555 Erit
945 3509 1119 3553 autem
1147 3499 1297 3555 vobis
1320 3499 1402 3553 hic
1425 3513 1619 3563 sermo,
1644 3516 1800 3569 quem

219 3587 283 3640 de
312 3604 537 3642 munere
562 3588 669 3649 Dei
714 3590 860 3643 novit
900 3588 1011 3656 ipse
1031 3630 1046 3655 ,
1074 3599 1265 3659 quanta
1292 3597 1347 3642 et
1375 3589 1518 3657 pacis
1547 3598 1601 3642 et
1626 3598 1799 3643 vestra

220 3679 507 3734 dilectione
543 3678 1003 3749 deprompsimus,
1032 3679 1292 3734 correctio
1330 3680 1375 3734 si
1417 3681 1622 3749 velitis,
1653 3682 1801 3741 testis

218 3785 339 3825 vero
366 3771 470 3826 etsi
500 3769 699 3824 nolitis.

682 3859 1008 3939 EPISTOLA
1026 3922 1031 3929 ,
1050 3859 1209 3941 XLIV
1250 3860 1346 3931 (α).

215 3972 531 4043 Augustinus
555 3975 707 4042 refert
734 3988 846 4039 qua:
872 3981 1032 4042 empta
1059 3972 1159 4027 sint
1184 3973 1268 4041 agi
1293 3972 1355 4025 de
1390 3973 1658 4027 concordia
1685 3989 1798 4025 cum

284 4062 539 4117 Fortum'o
568 4062 952 4117 Donatistarum
980 4063 1213 4131 episwpo
1230 4103 1246 4125 .
1271 4064 1474 4134 cupiens
1497 4073 1553 4116 ut
1576 4065 1683 4118 sine
1702 4074 1798 4137 btu-

281 4155 468 4217 ωιτη,
490 4154 629 4222 quod
658 4153 857 4221 placide
879 4161 1093 4222 cleptum
1118 4160 1221 4219 est,
1247 4154 1535 4223 perﬁciatur
1555 4164 1799 4208 conventu

284 4228 645 4312 frequentiore.

284 4354 528 4409 Dominis
555 4354 913 4410 dilectissimis
952 4364 1003 4409 et
1028 4354 1451 4426 przedicabilibus
1478 4354 1725 4410 fratribus

350 4450 611 4511 Ειευειο.
636 4448 838 4504 Οιοιιιο
862 4458 915 4504 et
933 4449 1209 4504 Feucmus
1230 4452 1272 4515 ',
1300 4451 1653 4505 AUGUSTINUS.

262 4559 492 4615 CAPUT
510 4558 892 4615 PRlllUM.—l
908 4560 1233 4614 .Fortunium
1252 4576 1408 4631 quem
1422 4562 1796 4617 Tubursicum’

213 4648 416 4705 habetis
442 4652 778 4721 episcOpum,
802 4666 895 4718 per
925 4651 1163 4706 eamdem
1189 4652 1473 4718 civitatem,
1496 4669 1793 4723 quanquam

209 4741 669 4815 festinantissime,
692 4758 811 4795 cum
833 4741 899 4794 ad
920 4740 1215 4819 Cirtenscm
1237 4736 1529 4797 Ecclesiamr
1547 4734 1796 4814 pergere-

208 4847 324 4885 tuus
346 4832 444 4902 (b),
465 4832 674 4907 experti
698 4848 880 4885 sumus
901 4833 969 4886 ita
987 4832 1203 4886 omnino
1225 4840 1282 4886 ut
1308 4832 1373 4887 de
1395 4833 1483 4886 illo
1504 4835 1684 4889 soletis
1708 4835 1799 4889 bc-

266 4947 283 4976 ³
307 4951 359 4993 to
382 4951 494 4995 Mss.
523 4957 674 5011 pmpe
690 4944 911 5011 omnibus
931 4943 1155 5004 habetur,
1179 4943 1458 5008 apostolicos
1490 4945 1657 5008 sedes;
1685 4962 1797 5011 qua:

202 5002 327 5055 forte
350 5002 588 5069 germana
613 5002 759 5053 lectio
774 5012 865 5053 est.

201 5071 287 5180 ba;
308 5063 422 5117 35d.
446 5077 555 5116 tun.
576 5073 654 5115 Er.
681 5074 736 5116 et
764 5073 846 5117 Ms.
882 5077 1013 5132 unus.
1030 5072 1083 5115 et
1117 5066 1265 5117 vatio.
1289 5063 1456 5123 Felici.
1481 5067 1586 5130 Alii,
1630 5070 1797 5122 Felici.

267 5165 358 5238 ἱίη
382 5189 580 5239 duobus
600 5189 748 5238 \‘atic.
772 5187 1049 5250 codicibus:
1072 5187 1393 5250 1yburstcum.

262 5251 481 5362 (291;th
500 5251 616 5323 llis:
632 5262 744 5312 quae
758 5258 924 5299 autem
937 5248 1000 5295 44
1015 5248 1137 5308 erat,
1150 5263 1277 5301 nunc
1295 5251 1370 5300 l7.
1382 5251 1561 5314 scripta
1579 5261 1797 5304 exeunte
1838 5281 1847 5292 -

202 5324 277 5363 an.
394 5350 411 5363 .
437 5321 524 5363 aut
545 5318 751 5360 meunte
772 5310 881 5359 598.

264 5348 277 5360 ο
300 5348 411 5375 wn,

437 5321 524 5363 aut
545 5310 751 5360 ineunte
772 5310 881 5359 598.

261 5376 330 5437 (b)
348 5370 412 5423 Eo
436 5378 720 5437 pergebant
742 5373 954 5437 episcopi
978 5370 1223 5437 ordinandi
1246 5383 1388 5421 causa
1402 5408 1417 5433 ,
1440 5374 1510 5422 uti
1532 5373 1703 5425 dicitur
1728 5376 1799 5424 in-

200 5433 285 5493 fra,
305 5433 356 5486 ὴ.
378 5433 454 5498 13,
474 5433 713 5498 inlocum
731 5433 919 5498 scilicet
936 5434 1169 5498 t’rot‘uturi
1192 5440 1298 5498 post
1314 5442 1591 5497 susceptum
1615 5438 1798 5498 episco-

196 5510 355 5559 tatmn
383 5493 601 5559 ia'brevi
625 5496 891 5559 demortui.
916 5493 1352 5559 ttuicpsuccedebat
1380 5493 1662 5559 Fortunatus
1695 5498 1797 5547 lau-

192 5555 330 5609 datus
352 5562 401 5610 in
428 5561 518 5609 lib.
539 5558 573 5608 2
593 5563 726 5607 cont.
749 5555 936 5605 litteras
957 5555 1113 5614 Petil.,
1131 5569 1175 5605 c.
1194 5555 1274 5614 99,
1295 5571 1342 5605 n.
1369 5556 1485 5616 228,
1513 5566 1564 5606 et
1585 5572 1709 5608 unus
1733 5575 1794 5610 ex

193 5624 437 5686 episcopis
475 5628 683 5686 septem
721 5617 935 5686 delectis
969 5616 1030 5686 ad
1064 5630 1259 5686 causam
1289 5617 1549 5686 catholicae
1577 5620 1796 5671 Ecclesia:

190 5675 597 5749 propuénanda'm
619 5682 673 5730 in
689 5675 951 5731 collatione
971 5679 1349 5741 Carthaginensi,
1368 5692 1446 5728 an.
1466 5678 1518 5728 41
1532 5681 1575 5729 l.

1909 419 2212 488 niguissime
2233 419 2489 489 polliceri.
2505 418 2633 472 Eam
2658 419 2822 488 ipsam
2845 421 3037 489 quippe
3059 430 3288 475 vestram
3303 421 3370 477 de
3391 424 3482 477 illo

1908 510 2061 564 nobis
2088 509 2585 564 sermocinationem
2610 525 2729 563 cum
2755 508 2806 564 ei
2833 511 3270 574 renuntiaremus,
3301 512 3483 566 voleno

1909 609 1988 653 tes
2015 614 2136 653 eum
2162 600 2361 665 videre,
2383 616 2487 653 non
2516 600 2717 654 abnuit.
2749 600 3000 654 Venimus
3030 600 3206 670 itaque
3230 601 3295 655 ad
3319 617 3438 655 eum
3463 618 3480 666 ;

1906 690 2027 757 quia
2056 690 2197 744 aetati
2228 690 2343 758 ejus
2378 690 2427 743 id
2456 705 2483 741 a
2512 690 2664 744 nobis
2690 689 3348 761 deferendumvidebatur,
3380 705 3480 760 po-

1909 780 2011 832 tius
2048 795 2204 849 quam
2245 780 2558 849 exigendum
2598 790 2653 834 ut
2692 782 2803 849 ipse
2839 780 2906 833 ad
2945 796 3043 834 nos
3076 780 3279 834 veniret
3316 772 3478 849 prior.

1906 870 2242 924 Perreximus
2267 887 2391 939 ergo
2419 871 2790 939 comitantibus
2816 886 2919 924 non
2946 870 3156 939 paucis,
3184 885 3317 941 quos
3348 869 3483 924 forte

1904 972 2215 1033 aggregatos
2252 966 2403 1017 nobis
2429 964 2555 1017 illud
2585 973 2789 1033 tempus
2824 964 3115 1017 invenerat.
3142 962 3275 1017 Cum
3302 971 3480 1017 autent

1904 1052 2042 1121 apud
2068 1068 2190 1107 cum
2217 1054 2664 1118 consedissemus,
2690 1069 2901 1106 rumore
2922 1054 3162 1123 disperso
3189 1070 3291 1106 non
3320 1067 3481 1122 parva

1906 1152 2161 1211 praeterea
2194 1146 2342 1197 turba
2381 1144 2671 1207 conﬂuxit;
2702 1144 2793 1197 sed
2825 1144 2975 1197 nobis
3006 1145 3055 1198 in
3087 1154 3192 1198 tota
3231 1146 3314 1198 illa
3345 1144 3483 1198 mul-

1906 1233 2125 1288 titudine
2156 1235 2399 1303 perpauci
2426 1234 2782 1304 apparebant,
2810 1235 2897 1303 qui
2929 1236 3126 1289 utiliter
3152 1252 3215 1291 ac
3252 1236 3482 1289 salubri-

1905 1330 1985 1377 ter
2008 1326 2090 1393 agi
2116 1339 2326 1397 causam
2352 1325 2515 1387 illam,
2540 1334 2592 1379 et
2619 1333 2813 1378 tantam
2844 1326 3021 1395 reique
3049 1335 3206 1379 tanta:
3231 1327 3481 1395 qumstio-

1904 1427 2025 1466 nem
2068 1414 2354 1481 prudenter
2389 1423 2442 1468 et
2477 1415 2561 1483 pie
2586 1414 2775 1467 discuti
2804 1428 3076 1484 cuperent.
3118 1417 3308 1473 Carteri
3352 1432 3480 1470 vero

1903 1504 2070 1570 magis
2091 1504 2155 1556 ad
2177 1505 2533 1573 spectaculum
2554 1504 2702 1575 quasi
2724 1504 3077 1558 altercationis
3102 1515 3295 1559 nostrae
3316 1521 3479 1581 prope

1905 1593 2157 1649 theatrica
2193 1596 2607 1661 consuetudine,
2634 1611 2791 1666 quam
2819 1596 2884 1649 ad
2915 1598 3312 1651 instructionem
3340 1598 3480 1655 salu-

1905 1684 1971 1739 tis
1994 1685 2276 1740 christiana
2303 1688 2584 1741 devotione
2613 1696 2990 1742 convenerant.
3021 1687 3352 1755 Quapmptcr
3380 1704 3479 1743 nec

1901 1774 2169 1830 silentium
2200 1777 2350 1832 nobis
2384 1778 2638 1846 praebere,
2667 1793 2764 1831 nec
2795 1777 2993 1830 intente
3019 1778 3290 1830 nobiscum
3324 1785 3481 1847 atque

1902 1866 2140 1941 modeste
2161 1867 2346 1921 saltem
2374 1878 2427 1922 et
2455 1868 2697 1921 ordinate
2722 1868 2949 1936 colloqui
2980 1877 3294 1937 potuerunt,
3322 1884 3481 1923 exce-

1901 1956 2026 2025 ptis,
2055 1967 2111 2011 ut
2130 1956 2267 2021 dixi,
2298 1958 2507 2025 paucis,
2532 1974 2753 2026 quorum
2784 1957 3026 2026 religiosa
3055 1966 3105 2011 et
3132 1957 3352 2025 simplex
3383 1972 3481 2025 ap-

1903 2045 2120 2113 parebat
2149 2048 2389 2100 intentio.
2421 2047 2601 2115 Itaque
2627 2048 2788 2100 libere
2816 2063 2908 2116 pro
2933 2048 3012 2099 sui
3041 2047 3294 2116 cujusque
3319 2046 3482 2101 animi

1902 2144 2047 2188 motu
2079 2136 2425 2191 immoderate
2463 2138 2791 2207 loquentium
2834 2136 3012 2190 omnia
3040 2137 3261 2205 strepitu
3303 2137 3484 2191 turba-

1902 2224 2112 2290 bantur,
2144 2242 2243 2281 nec
2269 2227 2513 2282 evincere
2541 2229 2652 2282 sive
2678 2243 2806 2296 nos,
2834 2228 2947 2282 sive
2976 2229 3091 2298 ipse
3122 2228 3375 2298 rogando,
3404 2230 3485 2283 in-

1904 2317 2111 2370 terdum
2128 2320 2284 2389 etiam
2303 2319 2630 2388 objurgando
2646 2308 2932 2389 potuimus,
2948 2328 3004 2373 ut
3019 2320 3169 2374 nobis
3186 2318 3484 2374 modestum

1902 2406 2171 2459 silentium
2201 2408 2545 2475 prmheretur.
3410 2392 3413 2395 γ

1974 2497 2029 2550 2.
2066 2498 2169 2552 [les
2205 2508 2380 2554 tamen
2420 2510 2705 2569 utcumque
2743 2500 2824 2569 agi
2864 2509 3035 2567 empta
3062 2509 3174 2564 est,
3205 2508 3260 2554 et
3286 2499 3488 2569 aliquot

1905 2586 2063 2641 horas
2089 2588 2141 2641 in
2171 2590 2377 2659 alterno
2415 2604 2661 2663 sermone
2690 2590 3047 2660 protraximus
3067 2630 3081 2652 ,
3113 2603 3365 2658 quantum
3396 2606 3488 2643 vo-

1903 2678 2056 2733 cibus
2084 2678 2614 2751 interquiescentibus
2638 2681 2781 2735 varie
2818 2681 3246 2749 tumultuantium
3277 2681 3488 2736 sineba-

1906 2785 2043 2823 mur.
2074 2769 2181 2825 Sed
2214 2770 2264 2824 in
2304 2771 2419 2840 ipso
2445 2771 2817 2842 disputationis
2845 2772 3064 2825 exordio
3085 2814 3098 2835 ,
3125 2787 3244 2825 cum
3276 2772 3488 2826 videre-

1906 2876 2025 2915 mus
2053 2878 2115 2915 ea
2144 2878 2262 2931 quae
2290 2862 2621 2926 dicebautur,
2649 2863 2872 2917 subinde
2890 2864 3001 2937 labi
3028 2864 3093 2917 dc
3119 2864 3373 2918 memoria
3401 2865 3486 2917 vel

1906 2962 2085 3007 nostra
2106 2995 2121 3019 ,
2160 2956 2241 3009 vel
2272 2970 2455 3008 eorum
2493 2971 2716 3024 quorum
2746 2955 2970 3010 salutem
2999 2956 3225 3009 maxime
3266 2956 3487 3010 curaba-

1906 3061 2055 3106 mus;
2082 3054 2136 3099 et
2158 3056 2212 3099 ut
2235 3055 2377 3100 esset
2405 3047 2555 3100 nobis
2579 3046 2783 3099 cautior
2804 3046 3196 3117 modestiorque
3218 3048 3483 3112 tractatio,

1906 3135 2062 3188 simul
2089 3145 2225 3189 utet
2260 3151 2353 3190 ves
2376 3147 2534 3203 atque
2563 3137 2649 3189 alii
2684 3136 2871 3190 fratres
2896 3136 2986 3207 qui
3020 3137 3269 3191 absentes
3306 3148 3482 3203 erant,

1906 3224 2032 3292 quid
2081 3226 2216 3278 inter
2254 3241 2351 3279 nos
2392 3238 2566 3279 actum
2616 3236 2777 3290 esset,
2807 3226 3029 3297 legendo
3072 3229 3483 3298 cognoscerctis,

1906 3314 2285 3382 postulavitnns
2313 3326 2367 3369 ut
2395 3331 2423 3367 a
2455 3317 2673 3369 notariis
2700 3317 2856 3369 verba
2886 3325 3063 3371 nostra
3092 3317 3481 3387 exciperentur.

1906 3407 2004 3460 Diu
2050 3409 2118 3461 ab
2163 3408 2251 3461 illo
2290 3408 2371 3461 vel
2413 3409 2461 3462 ei
2510 3410 2969 3477 consentientibus
3003 3410 3315 3465 reluctatum
3361 3419 3481 3475 est;

1908 3504 2091 3565 postea
2135 3508 2307 3552 tamen
2334 3500 2445 3566 ipse
2466 3500 2746 3553 concessit.
2775 3498 2878 3554 Sed
2906 3501 3091 3555 notarii
3114 3503 3203 3571 qui
3241 3502 3482 3569 aderant,

1904 3597 2065 3658 atque
2108 3590 2158 3642 id
2203 3599 2419 3645 strenue
2465 3590 2634 3645 facere
2675 3600 2936 3661 poterant,
2969 3594 3150 3647 nescio
3186 3609 3287 3663 qua
3325 3610 3483 3648 causa

1906 3680 2151 3747 excipere
2207 3682 2505 3734 noluerunt.
2552 3682 2768 3751 Egimus
2814 3683 3001 3737 saltem
3059 3693 3116 3736 ut
3158 3683 3349 3739 fratres
3395 3685 3484 3755 qui

1907 3771 2179 3824 nobiscum
2210 3780 2379 3835 erant,
2408 3788 2705 3841 quanquam
2734 3773 2786 3826 in
2813 3773 2913 3829 bac
2935 3789 2991 3829 re
3019 3775 3219 3828 tardius
3245 3783 3481 3845 possent,

1904 3860 2228 3929 exciperent,
2258 3862 2568 3930 pollicentes
2592 3878 2686 3937 nos
2711 3864 2779 3917 ibi
2806 3864 3016 3918 easdem
3048 3865 3251 3920 tabulas
3272 3866 3486 3921 relictu-

1906 3964 2015 4004 ros.
2047 3950 2376 4005 Consensum
2414 3961 2513 4005 est.
2548 3951 2836 4023 Cmperunt
2879 3955 3036 4017 verba
3076 3966 3253 4010 nostra
3288 3957 3480 4029 excipi,

1903 4049 1959 4095 et
1996 4040 2170 4110 aliqua
2211 4044 2280 4096 ab
2318 4043 2542 4098 invicem
2580 4046 2645 4098 ad
2688 4046 2889 4099 tabulas
2931 4047 3069 4101 dicta
3111 4056 3252 4102 sunt.
3293 4048 3481 4102 Postea

1906 4129 2229 4186 inordinatas
2266 4136 2711 4204 perstrepentimn
2746 4137 3193 4205 interpellationes
3214 4179 3228 4202 ,
3260 4147 3313 4192 et
3356 4154 3483 4208 pro-

1907 4228 2085 4287 pterea
2115 4230 2350 4276 nostram
2378 4239 2587 4293 quoque
2612 4225 3045 4279 turbulentiorem
3064 4226 3481 4296 disputationem

1904 4312 2229 4381 notariivnon
2265 4313 2498 4369 valentes
2521 4318 2815 4383 sustinere,
2844 4326 3145 4381 cesserunt;
3174 4317 3328 4372 nobis
3352 4332 3483 4374 sane

1906 4418 2008 4456 non
2031 4402 2425 4470 desistentibus,
2446 4415 2500 4460 et
2521 4416 2577 4459 ut
2596 4406 2787 4475 cuique
2806 4404 3026 4461 facultas
3044 4407 3289 4476 dabatur,
3316 4410 3481 4465 multa

1903 4493 2219 4549 dicentibus.
2248 4497 2324 4550 Ex
2355 4497 2544 4567 quibus
2578 4497 2821 4553 omnibus
2847 4498 3023 4565 verbis
3049 4501 3280 4567 nostris,
3309 4516 3481 4570 quan-

1905 4595 2013 4639 tum
2042 4588 2307 4643 recordari
2341 4589 2504 4658 potui,
2531 4604 2705 4644 causa:
2733 4590 2892 4645 totius
2920 4590 3203 4656 actionem,
3236 4592 3485 4648 Dilectio-

1904 4693 2026 4732 nem
2053 4686 2285 4733 vestram
2313 4679 2556 4734 fraudare
2584 4679 2747 4733 nolui.
2786 4680 3015 4736 Potestis
3037 4682 3180 4736 enim
3206 4682 3253 4736 ei
3279 4682 3482 4739 litteras

1904 4783 2051 4822 meas
2082 4769 2289 4839 legere,
2318 4779 2373 4823 ut
2398 4770 2480 4824 vel
2507 4770 2763 4839 approbet
2789 4787 2913 4825 vera
2939 4788 3024 4827 me
3051 4774 3365 4843 scripsisse;
3399 4777 3480 4829 vel

1904 4856 2018 4927 ipse
2057 4857 2227 4926 vobis,
2268 4860 2314 4912 si
2359 4859 2485 4928 quid
2525 4852 2715 4914 melius
2750 4862 2956 4929 recolit,
2997 4862 3364 4919 incunctanter
3402 4867 3481 4919 iu-

1901 4948 2096 5004 sinuet.

1973 5037 2196 5094 CAPUT
2226 5038 2288 5092 ll.
2307 5069 2382 5080 -—
2399 5041 2453 5095 '5.
2477 5040 2654 5096 Primo
2678 5042 2819 5097 enim
2847 5043 3005 5098 vitam
3032 5057 3295 5110 nostram,
3320 5061 3476 5115 quam

1903 5132 2052 5184 vobis
2078 5131 2474 5186 benevolentius
2496 5132 2719 5188 fortasse
2742 5150 2895 5205 quam
2921 5137 3095 5192 verius
3122 5140 3473 5203 narrantibus.

1902 5237 1961 5276 se
1979 5223 2303 5292 comperisse
2323 5222 2553 5289 dicebat,
2575 5226 2860 5294 prtedieare
2879 5227 3124 5299 dignatus
3148 5242 3230 5285 est
3253 5251 3264 5285 :
3288 5233 3479 5301 adjun-

1904 5328 2035 5381 gcns
2060 5327 2119 5367 se
2151 5314 2349 5368 dixisse
2378 5315 2548 5383 vobis,
2582 5332 2677 5370 nos
2705 5320 2900 5379 omnia,
2932 5336 3048 5391 qua:
3078 5324 3141 5375 de
3172 5324 3320 5377 nobis
3349 5324 3480 5379 insi-

1907 5408 2231 5470 nuaveratis,
2262 5405 2395 5460 bene
2422 5406 2595 5462 facere
2623 5412 2855 5477 potuisse
2874 5451 2890 5477 ,
2918 5414 2961 5467 si
3000 5414 3049 5467 in
3081 5413 3310 5469 Ecclesia
3341 5416 3482 5473 face-

1907 5507 2102 5546 remus.
2148 5493 2343 5549 Deiude
2376 5511 2612 5564 quaerere
2652 5500 2907 5568 cmpimus
2937 5516 3174 5570 quernum
3221 5503 3305 5557 illa
3339 5517 3485 5563 esset

1907 5581 2172 5650 Ecclesia,
2216 5587 2301 5639 ubi
2333 5588 2508 5644 vivere
2547 5591 2624 5644 sic
2661 5602 2964 5661 oporteret;
2997 5602 3168 5649 utrum
3212 5598 3295 5651 illa
3337 5584 3479 5671 qum,

1905 5681 2039 5732 sicut
2068 5692 2246 5733 saneta
2276 5690 2418 5735 tanto
2444 5691 2565 5739 ante
2592 5684 2855 5754 Scriptura
2898 5686 3242 5757 praedixerat,
3272 5708 3329 5748 se
3371 5703 3482 5748 ter-
