4044 6338
629 391 732 446 175

628 519 804 558 rarum
834 500 962 555 orbe
987 497 1322 560 diffunderet,
1351 495 1530 550 anilla
1561 507 1717 564 quam
1759 505 1877 560 pars
1904 488 2086 554 exigua
2116 482 2198 535 vel

629 595 877 647 Mrorum
919 589 999 643 vel
1041 589 1233 642 Africm
1265 587 1581 640 contineret.
1622 583 1716 637 llic
1754 580 1922 650 primo
1959 589 2200 631 asserere

629 695 848 738 conatus
892 695 1010 740 est,
1061 680 1250 747 nhiqne
1295 687 1551 730 terrarum
1597 687 1716 727 esse
1773 668 2200 724 communionem

630 790 803 828 suam.
846 771 1155 840 Quaerebam
1183 777 1367 821 utrum
1403 763 1652 833 epismlas
1688 757 2198 816 comnnmicatorias,

630 881 762 937 quas
799 864 1051 919 formatas
1084 862 1339 922 dicimus,
1373 865 1549 925 posset
1589 869 1694 924 quo
1735 853 1922 906 vellem
1965 849 2114 911 dare,
2149 856 2203 900 et

631 955 998 1016 affirmabant,
1041 950 1179 1020 quod
1225 948 1560 1002 manifestum
1617 952 1731 998 erat
1775 941 2057 1001 omnibus,
2103 937 2203 990 hoc

634 1048 791 1101 modo
817 1045 1060 1100 facillime
1085 1042 1224 1096 illam
1255 1039 1522 1092 terminari
1553 1051 1706 1105 posse
1733 1033 2077 1101 quaestionem
2105 1026 2201 1099 (α).

635 1135 886 1192 l'arabam
914 1144 1109 1191 autem,
1136 1140 1192 1183 ut
1220 1130 1262 1183 si
1290 1127 1633 1190 consentiret,
1658 1124 1720 1176 ad
1754 1124 1869 1176 illas
1897 1121 2149 1176 ecclesias
2174 1135 2203 1171 a

633 1227 788 1282 nobis
835 1225 967 1279 tales
1005 1223 1192 1275 littera:
1239 1220 1601 1280 mitterentur,
1642 1228 1772 1283 quas
1811 1212 1861 1264 in
1884 1209 2207 1279 apostolicis

576 1331 580 1334 ‘
632 1317 1031 1375 auctoritatibus
1091 1313 1287 1384 pariter
1324 1311 1618 1381 legeremus
1673 1307 1763 1360 illo
1812 1304 1920 1373 jam
1972 1311 2208 1371 tempore

633 1412 797 1468 fuisse
822 1410 1082 1465 fundatas.

706 1503 762 1560 4.
802 1501 910 1558 Sed
937 1501 1057 1571 quia
1088 1514 1173 1553 res
1197 1506 1378 1566 aperte
1410 1493 1535 1547 falsa
1563 1500 1710 1557 erat,
1738 1486 2010 1558 permixtis
2033 1482 2210 1537 verbis

635 1595 742 1647 cito
766 1592 889 1646 inde
915 1589 1206 1644 discessum
1231 1594 1344 1649 est;
1374 1584 1510 1638 inter
1533 1596 1651 1652 quae
1675 1579 1832 1634 verba
1851 1575 2206 1645 evangelieam

637 1687 777 1738 illam
806 1681 1008 1737 Domini
1034 1677 1442 1731 admonitionem
1460 1667 1912 1730 commemoravit,
1930 1679 2030 1734 qua
2047 1663 2205 1716 dixit:

639 1777 817 1830 tacete
851 1791 883 1825 a
923 1767 1404 1841 pseudOproplietis;
1435 1763 1581 1816 multi
1610 1761 1675 1813 ad
1703 1775 1786 1814 vos
1825 1758 2016 1811 venient
2045 1755 2098 1807 in
2126 1769 2210 1806 ve-

582 1871 588 1876 ’
634 1869 756 1922 stitit
781 1866 965 1928 ovium,
992 1864 1123 1914 intus
1153 1869 1316 1912 autem
1347 1865 1460 1910 sunt
1488 1854 1593 1924 lupi
1617 1866 1824 1920 rapaces
1847 1863 1865 1902 :
1887 1863 1948 1901 ea:
1968 1845 2211 1917 fructibus

639 1974 808 2013 eorum
842 1955 1145 2028 cognoscetis
1175 1969 1256 2005 eos
1286 1948 1494 2019 (Matth.
1519 1961 1613 2008 vn,
1645 1945 1730 2008 15,
1760 1942 1868 2010 16).
1897 1940 2024 2004 Qua:
2053 1936 2210 1990 verba

580 2062 582 2064 ·
638 2046 845 2104 Domini
890 2060 1010 2099 cum
1039 2043 1334 2096 diceremus
1364 2036 1546 2090 eadem
1575 2034 1639 2087 de
1674 2033 1774 2085 illis
1804 2047 1832 2083 a
1864 2029 2013 2083 nobis
2052 2040 2210 2096 posse

577 2143 584 2147 ’
617 2140 873 2199 recitari,
897 2145 1110 2191 ventum
1142 2132 1262 2186 inde
1285 2139 1366 2184 est
1391 2129 1454 2181 ad
1485 2125 1940 2195 exaggerationem
1969 2133 2214 2188 persecu-

578 2233 818 2293 ‘tionis,
844 2241 1002 2296 quam
1025 2239 1169 2292 sa-pe
1208 2237 1356 2276 suam
1398 2227 1602 2290 partem
1645 2216 1923 2285 pertulisse
1966 2211 2210 2271 diocliat;

617 2320 764 2375 "hinc
793 2319 971 2372 volens
1000 2314 1277 2370 ostendere
1301 2326 1428 2366 suos
1451 2324 1571 2364 esse
1595 2306 1930 2369 christianos,
1949 2303 2067 2372 quia
2096 2315 2211 2370 per-

637 2413 963 2469 secutionem
1019 2414 1345 2478 paterentur.
1386 2403 1530 2456 Inter
1580 2415 1696 2467 qua:
1739 2397 1900 2450 verba
1953 2408 2072 2446 cum
2117 2406 2214 2461 ego

642 2517 884 2572 pararem
938 2515 1003 2555 ex
1055 2495 1342 2564 Evangelia
1373 2489 1728 2561 respondere,
1767 2485 1886 2539 inde
1930 2482 2212 2551 capitulum

581 2592 585 2596 ’
638 2588 1072 2647 commemoravit
1104 2587 1264 2656 prior,
1288 2583 1375 2637 ubi
1402 2581 1654 2636 Dominus
1680 2579 1753 2630 ait
1777 2595 1790 2630 :
1820 2573 1962 2628 Beati
1991 2573 2077 2637 qui
2102 2587 2217 2640 pcr-

639 2685 940 2738 secutioncm
964 2679 1220 2750 patiuntur
1242 2683 1444 2744 propter
1453 2665 1973 2742 justitiam,quoniam
1994 2664 2213 2733 ipsorum

578 2776 582 2781 ’
641 2785 710 2827 est
741 2789 947 2843 regnum
977 2770 1215 2823 caelorum
1243 2765 1368 2839 ('Id.
1392 2777 1448 2826 v,
1479 2762 1544 2816 10
1569 2762 1605 2830 ).
1631 2760 1746 2826 Quo
1771 2760 1886 2812 loco
1915 2772 2012 2825 ego
2042 2762 2216 2823 gratu-

643 2861 1024 2932 latum-subieci
1055 2858 1228 2913 statim
1260 2855 1311 2910 id
1341 2870 1466 2924 ergo
1495 2868 1614 2907 esse
1639 2847 2000 2920 qumrendum,
2038 2853 2213 2898 utrum

645 2957 718 3010 illi
751 2953 1172 3023 persecutionem
1209 2955 1426 3016 propter
1447 2943 1700 3012 justitiam
1725 2940 1872 3010 passi
1917 2937 2127 2990 fuerint.
2162 2935 2213 2988 ln

644 3061 742 3114 qua
774 3043 1064 3112 qumstione
1093 3037 1280 3092 discuti
1311 3035 1610 3104 cupiebam,
1639 3029 1778 3100 quod
1804 3028 2013 3097 quidem
2043 3025 2218 3078 omni-

583 3154 589 3160 '
646 3138 744 3191 bus
770 3136 968 3190 clarum
998 3139 1112 3185 erat
1131 3169 1146 3195 ,
1177 3135 1354 3182 utrum
1383 3139 1476 3179 eos
1501 3124 1552 3176 in
1581 3122 1778 3175 unitate
1807 3118 2056 3189 Ecclesia:
2083 3131 2216 3170 con-

644 3229 873 3287 stitutos,
897 3239 962 3277 an
990 3221 1274 3277 schismate
1296 3218 1404 3286 jam
1432 3215 1628 3268 divisos
1653 3211 1945 3265 .‘l-lacariaua
1977 3217 2215 3275 tempora

648 3316 946 3371 invenerint
973 3311 1088 3382 (b);
1121 3318 1177 3363 ut
1208 3309 1297 3379 qui
1341 3306 1522 3360 videre
1565 3303 1759 3356 vellent
1793 3311 1964 3353 utrum
2003 3307 2219 3366 propter

648 3407 902 3476 justitiam
931 3403 1346 3471 persecutionem
1371 3396 1508 3463 passi
1535 3393 1750 3455 fuerint,
1779 3391 1826 3444 id
1857 3391 2026 3459 potius
2052 3396 2222 3440 atten-

651 3499 858 3560 derent,
888 3504 1060 3547 utrum
1087 3507 1144 3544 se
1169 3499 1310 3544 recte
1337 3503 1366 3540 a
1394 3487 1552 3539 totius
1578 3483 1720 3536 orbis
1745 3481 1940 3534 unitate
1970 3478 2221 3547 praecide-

650 3590 775 3642 rint.
800 3583 952 3652 Quod
978 3583 1020 3637 si
1047 3582 1239 3650 injuste
1266 3578 1458 3632 fecisse
1483 3575 1861 3634 invenirentur,
1885 3571 2219 3624 manifestum

651 3687 792 3734 esset
833 3692 926 3731 cos
968 3685 1186 3746 propter
1233 3669 1540 3739 iujustitiam
1589 3666 1764 3734 potius
1809 3679 1963 3733 quam
2010 3670 2224 3732 propter

651 3769 904 3838 justitiam
931 3779 1117 3836 passos
1145 3760 1560 3832 persecutionem
1586 3774 1600 3821 ;
1628 3766 1680 3810 et
1705 3757 1825 3809 ideo
1855 3769 2074 3808 numero
2103 3754 2224 3807 bea-

656 3871 830 3915 torum
873 3855 1084 3926 adjuugi
1125 3867 1229 3907 non
1274 3865 1468 3921 posse,
1513 3849 1580 3902 de
1619 3847 1808 3916 quibus
1853 3846 2049 3899 dictum
2095 3853 2222 3898 est:

657 3949 802 4004 Beati
847 3948 932 4020 qui
981 3943 1368 4013 persecutionem
1412 3939 1669 4011 patiuntur
1715 3945 1914 4005 promer
1947 3934 2221 4004 justitiam.

654 4043 730 4097 lbi
754 4044 1165 4096 commemorata
1194 4042 1275 4088 est
1301 4029 1549 4085 famosior
1569 4043 1724 4096 quam
1750 4026 1947 4080 certior
1969 4023 2224 4078 Codicum

587 4144 589 4146 ’
657 4134 746 4187 illa
794 4129 1025 4185 traditio.
1067 4125 1173 4181 Sed
1215 4119 1635 4191 respondebatur
1669 4132 1699 4171 a
1739 4116 1976 4186 partibus
2011 4114 2224 4174 nostris,

658 4222 924 4292 principes
949 4218 1160 4272 illorum
1189 4214 1364 4284 potius
1399 4212 1557 4264 fuisse
1587 4209 1900 4262 traditores:
1928 4204 2068 4276 quod
2093 4204 2138 4257 si
2163 4204 2228 4256 de

640 4315 761 4367 diae
806 4326 863 4365 re
907 4317 1209 4363 nostrorum
1253 4303 1444 4358 litteris
1480 4302 1680 4355 nollent
1716 4298 1955 4362 credere,
2001 4311 2096 4351 nec
2133 4310 2231 4350 nos

659 4401 777 4469 cogi
806 4407 1052 4468 oportere
1078 4405 1134 4448 ut
1159 4395 1346 4447 litteris
1370 4391 1650 4446 credamus
1675 4391 1929 4458 ipsorum.

730 4486 959 4544 CAPUT
998 4484 1083 4539 Ill.
1105 4513 1176 4525 —
1198 4484 1252 4538 5.
1281 4481 1581 4537 Sed-tamen
1601 4487 1922 4548 sequestrata
1948 4478 2045 4531 ista
2073 4475 2230 4531 dubia

713 4661 800 4726 (α)
818 4661 935 4726 nino
944 4659 1228 4726 Donatistas
1237 4655 1445 4726 urgebat
1469 4655 1834 4726 etiamAOptatus
1865 4653 1912 4701 in
1932 4653 2018 4726 lib.
2036 4653 2083 4703 2.
2111 4673 2133 4702 α
2147 4661 2236 4706 No-

667 4745 693 4773 ι
827 4724 996 4785 inquit,
1014 4728 1144 4785 totus
1162 4718 1291 4768 orbis
1303 4716 1592 4785 comatercio
1607 4716 1918 4785 [armatarum
1935 4716 1981 4764 in
1999 4729 2090 4766 una
2108 4731 2236 4785 com-

672 4807 694 4833 ι
717 4777 955 4836 unimodis
982 4777 1224 4832 societate
1255 4779 1523 4828 concordat.
1553 4793 1575 4820 ii
1607 4777 1669 4823 ἰιι
1706 4777 1868 4824 codice
1906 4790 2010 4825 can.
2055 4777 2231 4830 Eccles.

665 4849 803 4898 Ali-ie.
825 4853 984 4894 exstat
1003 4853 1157 4892 canon
1174 4842 1252 4899 25,
1268 4848 1323 4890 ut
1343 4841 1595 4902 episcOpus
1615 4845 1746 4887 trans
1765 4851 1898 4887 mare
1915 4837 2232 4901 profecturus,

665 4912 915 4972 formatam
935 4912 1090 4972 sumat
1109 4917 1137 4972 a
1159 4905 1377 4972 primate.

727 4957 798 5032 (li)
815 4969 1036 5032 Macarius
1059 4957 1194 5032 cuju's
1209 4971 1348 5026 gesta
1370 4959 2006 5032 inratholicos'calumniose
2030 4957 2237 5032 objecta-

665 5023 1052 5081 bant'Donatista:
1070 5060 1084 5084 ,
1102 5023 1233 5076 sues
1247 5033 1305 5074 ut
1328 5037 1391 5072 ex
1414 5024 1563 5085 ipsius
1596 5023 1789 5085 nomine
1817 5023 2103 5074 Macarianos'
2127 5025 2236 5076 illos

665 5089 993 5155 appellarent,
1019 5101 1046 5136 a
1077 5095 1342 5155 Constante
1362 5084 1796 5155 itnperatore‘circ.
1817 5096 1896 5131 an.
1921 5085 2038 5143 5i8,
2063 5088 2236 5136 missus

665 5143 755 5203 ιὺἷι
787 5155 838 5202 ιιι
857 5143 1053 5200 Alricum
1075 5162 1170 5197 una
1193 5161 1299 5196 cum
1323 5143 1478 5210 Paulo,
1500 5153 1600 5210 tum
1627 5150 1680 5210 ut
1704 5143 2045 5210 eleemosynas
2067 5160 2237 5210 eroga-

665 5224 744 5265 ret
766 5227 816 5264 ιιι
849 5223 1118 5275 pauperes,
1150 5217 1250 5275 tum
1281 5215 1348 5275 ut_
1361 5206 1576 5275 singulos
1602 5205 1664 5275 ad_
1685 5205 1934 5275 unitatem
1956 5205 2236 5259 catholicam

667 5267 1018 5326 adhortaretur.
1042 5273 1124 5320 cui
1145 5269 1351 5333 cpisc0pi
1368 5267 1644 5333 donatistze,
1652 5267 1701 5314 in
1721 5269 1886 5328 primis
1901 5276 2106 5333 Donatus
2126 5275 2236 5317 Car-

666 5335 964 5400 thaginensis
985 5341 1034 5382 et
1055 5328 1261 5400 Donatus
1276 5328 1546 5400 Bagaiensis
1570 5328 1889 5400 vehementer
1919 5330 2232 5400 obstiterunt;

667 5388 782 5462 quin
814 5403 865 5445 et
896 5396 944 5442 in
978 5408 1090 5462 eum
1125 5388 1420 5462 concitarunt
1455 5388 1891 5460 Circumcellionum
1921 5389 2133 5462 furorem
2162 5405 2175 5439 :
2205 5388 2234 5440 ε

667 5455 843 5520 manus
864 5456 1086 5518 permulti
1105 5467 1134 5503 a
1158 5452 1384 5520 militibus
1406 5451 1579 5520 necati,
1599 5457 1928 5520 etmartyrum
1951 5449 2090 5520 titulo
2111 5454 2235 5513 apud

669 5510 932 5567 Donatistas
955 5516 1170 5566 exornati
1191 5529 1205 5574 ;
1230 5515 1356 5562 inter
1381 5525 1466 5560 eos
1487 5510 2040 5559 celebriores'Marculus
2074 5519 2126 5562 et
2141 5510 2235 5562 bo-

669 5587 826 5638 natus,
842 5577 1024 5628 scilicet
1047 5576 1332 5637 Bagaiensis.
1361 5574 1488 5638 alter
1507 5580 1669 5638 autem
1688 5579 1892 5623 Donatus
1904 5607 1922 5638 _,
1947 5587 2054 5622 cum
2076 5575 2136 5638 iis
2153 5577 2235 5638 qui

669 5643 728 5688 ad
750 5631 1044 5690 concordiam
1067 5631 1278 5687 revocari
1303 5631 1505 5697 nollent,
1523 5636 1681 5695 lngam
1703 5635 1998 5697 postinodum
2021 5631 2234 5697 arripuit,

666 5703 774 5771 sive
799 5700 845 5748 in
873 5699 1071 5771 exilium
1085 5697 1340 5771 relegatus
1361 5696 1472 5754 fuit,
1497 5709 1559 5742 ex
1593 5702 1759 5756 Optato
1783 5695 1831 5743 in
1868 5695 1949 5746 lib.
1975 5696 2032 5755 5,
2067 5695 2236 5758 partim

668 5764 815 5814 etiam
839 5771 900 5811 ex
925 5760 1198 5823 Augustino,
1217 5766 1310 5807 etc.

1859 376 1916 432 S.
1961 369 2219 428 AUGUST

2362 368 2658 425 tz'pzscort
3762 383 3850 441 ηδ

2309 483 2620 548 quzrstione,
2659 483 2957 552 qurerebam
2994 487 3256 555 quomodo
3281 503 3339 544 se
3364 491 3445 546 isti
3471 490 3606 561 iuste
3631 509 3851 566 soporas.

2306 580 2424 624 sent
2472 571 2541 625 ab
2586 573 2880 628 innocentia
2927 587 3235 633 cancrorum
3282 580 3730 654 Christianorum,
3771 591 3852 660 qui

2307 675 2402 729 per
2425 661 2606 716 orbem
2640 673 2899 718 terrarum
2931 669 3280 724 successionis
3305 673 3547 729 ordinem
3575 679 3852 734 custodien-

2309 763 2408 820 tes,
2434 755 2484 808 in
2509 756 2884 824 antiquissimis
2908 759 3467 829 Ecclesiisconstituti,
3497 773 3698 835 penitus
3724 771 3855 840 igneo

2309 856 2487 901 rarent
2513 847 2601 916 qui
2629 847 2823 902 fuerint
2847 851 2896 903 in
2924 850 3100 906 Africa
3132 854 3408 910 traditores
3429 873 3443 921 ;
3461 859 3558 926 qui
3585 869 3724 915 certe
3759 878 3851 918 non

2310 947 2530 1004 possent
2550 941 2960 1001 communicare.
2989 943 3087 996 nisi
3113 945 3191 997 eis
3217 960 3350 1015 quos
3375 949 3562 1003 sedere
3587 951 3637 1003 in
3660 953 3854 1009 sedibus

2309 1028 2694 1096 episcopalibus
2717 1032 3014 1087 audiebant.
3045 1035 3364 1104 Respondit,
3391 1041 3586 1095 tamdiu
3613 1051 3855 1101 transma-

2312 1116 2544 1171 rinarum
2572 1120 2794 1188 partium
2834 1123 3098 1178 Ecclesias
3123 1129 3380 1184 mansisse
3409 1130 3743 1199 innocentes,
3771 1135 3856 1191 do-

2312 1221 2411 1308 nec.
2431 1210 2825 1274 consensissent
2868 1213 2918 1266 in
2963 1228 3146 1268 eorum
3177 1219 3506 1287 sanguinem,
3533 1237 3664 1291 quos
3683 1224 3857 1282 Maca-

2312 1302 2511 1352 rianam
2561 1302 2978 1368 persecutionem
3030 1307 3303 1374 pertulisse
3350 1309 3578 1364 dicebat.
3632 1312 3727 1367 Ubi
3772 1330 3858 1385 ego

2313 1402 2522 1490 possem
2552 1390 2764 1459 quidem
2789 1391 2986 1454 dicere,
3015 1410 3112 1449 nec
3141 1396 3334 1450 invidia
3364 1397 3643 1454 Mawriani
3675 1410 3860 1472 tempo-

2315 1483 2389 1535 ris
2416 1483 2766 1536 innocentiam
2801 1489 3262 1542 transmarinarum
3309 1491 3660 1546 Ecclesiarum
3698 1505 3863 1549 conta.

2315 1572 2502 1624 minari
2530 1573 2792 1640 potuiSse;
2823 1575 3245 1644 quandoquidem
3273 1580 3414 1632 nullo
3443 1581 3606 1635 modo
3631 1583 3860 1651 probare-

2297 1663 2520 1717 ‘tur'illis
2547 1664 2848 1720 auctoribus
2878 1665 3064 1722 fecisse
3089 1671 3244 1723 etiam
3271 1687 3388 1740 quae
3416 1673 3632 1728 fecerat.
3674 1675 3773 1730 Sed
3796 1677 3862 1732 'de

2309 1754 2625 1822 compendio
2645 1771 2884 1825 quan-ere
2909 1759 3097 1822 malui,
3131 1761 3174 1813 si
3203 1762 3410 1815 Macarii
3440 1766 3662 1831 smvitia,
3692 1782 3752 1820 ex
3771 1783 3862 1837 quo

2317 1848 2368 1901 in
2395 1863 2509 1900 eam
2533 1851 2864 1905 consensisse
2887 1851 3196 1906 dicebantur
3219 1857 3585 1910 transmarina:
3610 1857 3860 1925 Ecclesia,

2315 1951 2464 1990 suam
2505 1938 2855 1993 innocentiam
2885 1942 3252 2010 perdiderunt,
3279 1953 3453 1998 utrum
3478 1946 3665 2000 saltent
3692 1948 3863 2016 proba-

2316 2039 2461 2083 retur
2485 2045 2648 2100 usque
2691 2031 2756 2085 ad
2797 2033 2882 2085 illa
2915 2043 3148 2100 tempora
3181 2035 3478 2089 Donatistas
3512 2052 3634 2090 eum
3666 2039 3866 2092 orienta-

2319 2120 2456 2175 libus
2496 2121 2741 2176 Ecclesiis
2783 2125 3093 2194 cmtcrisque
3140 2126 3284 2179 orbis
3314 2127 3554 2195 partibus
3596 2129 3648 2182 in
3689 2130 3864 2184 unitate

2317 2228 2594 2268 "131181558.

2387 2304 2441 2358 6.
2479 2303 2627 2357 Tunc
2652 2305 2881 2374 "protulit
2917 2305 3178 2375 quoddam
3218 2308 3462 2362 volumen
3486 2349 3502 2374 ,
3553 2310 3642 2364 ubi
3679 2310 3866 2365 volebat

2317 2396 2597 2451 o~tendore
2623 2397 2936 2452 Sardicen-e
2977 2400 3253 2453 concilium
3283 2400 3348 2454 ad
3377 2401 3656 2471 episcopos
3693 2401 3863 2468 Afros,

2319 2490 2406 2559 qui
2435 2499 2583 2542 erant
2608 2491 2994 2544 communionis
3015 2491 3224 2554 Donati,
3254 2492 3462 2547 dedisse
3489 2493 3711 2548 litteras.
3733 2492 3866 2561 Quod

2319 2596 2438 2634 eum
2462 2581 2738 2650 legeretur,
2769 2582 3061 2636 audivimus
3079 2585 3264 2638 llonati
3289 2600 3477 2639 nomen
3505 2588 3646 2640 inter
3667 2593 3867 2640 ca-tuos

2320 2672 2636 2741 episcopos,
2691 2672 2881 2741 quibus
2928 2673 2998 2726 illi
3045 2673 3385 2741 scripserant.
3415 2673 3608 2745 Itaque
3656 2675 3867 2744 ﬂagitare

2320 2763 2577 2830 coepimus
2614 2772 2670 2815 ut
2706 2764 3004 2826 diceretur,
3047 2775 3222 2818 utrum
3251 2765 3363 2834 ipse
3391 2777 3533 2820 esset
3566 2764 3868 2820 Donatusde

2320 2853 2468 2918 cujus
2497 2862 2642 2919 parte
2673 2852 2755 2904 isti
2797 2855 3236 2916 cognominantur
3267 2870 3282 2901 :
3315 2854 3424 2908 fieri
3453 2856 3598 2908 enim
3629 2855 3866 2925 potuisse,

2321 2951 2376 2995 ut
2403 2943 2556 2995 alicui
2580 2943 2781 2995 Donato
2805 2945 3018 2997 alterius
3046 2944 3538 3015 Incresisepiscopo
3565 2945 3866 3016 scripserint,

2321 3050 2438 3086 cum
2485 3034 2712 3088 maxime
2733 3033 2793 3087 in
2833 3035 2934 3089 illis
2973 3035 3270 3089 nominibus
3315 3050 3414 3091 nec
3455 3034 3652 3091 Africa:
3695 3034 3869 3090 mentio

2323 3124 2453 3179 facta
2487 3126 2658 3179 fuerit.
2686 3126 2962 3190 Quomodo
2991 3142 3117 3196 ergo
3144 3136 3334 3198 posset
3374 3129 3602 3197 probare
3637 3129 3868 3182 Donatum

2323 3218 2488 3284 partis
2539 3218 2723 3271 Donati
2777 3219 3082 3288 episcopum
3137 3220 3348 3274 nomine
3390 3219 3479 3274 illo
3528 3219 3870 3289 accipiendum

2324 3323 2463 3374 esse,
2493 3309 2702 3378 quando
2734 3325 2798 3362 ne
2827 3310 2874 3361 id
2901 3310 3110 3378 quidem
3137 3311 3361 3379 probare
3387 3320 3598 3380 posset,
3630 3321 3792 3364 utrum
3815 3307 3872 3361 ad

2326 3401 2686 3456 Africanarum
2735 3403 3036 3470 Specialiter
3083 3403 3433 3458 Ecclesiarum
3474 3404 3750 3474 episcopos
3783 3401 3873 3454 illa!

2327 3491 2514 3546 litterae
2543 3494 2718 3547 missa:
2745 3494 2954 3548 fuerint.
2983 3495 3288 3564 Quanquam
3320 3496 3678 3559 enimllonati
3703 3509 3874 3548 nomen

2329 3581 2508 3636 Afrum
2539 3598 2657 3636 esse
2685 3584 2852 3638 soleat
2870 3627 2884 3648 ,
2918 3602 3019 3638 non
3051 3595 3222 3639 tamen
3253 3595 3571 3656 repugnaret
3598 3604 3626 3641 a
3654 3603 3801 3647 vero,
3828 3593 3876 3638 ut

2330 3673 2412 3728 vel
2441 3674 2670 3743 partium
2700 3675 2906 3729 illarum
2938 3678 3125 3746 aliquis
3153 3687 3432 3730 vocaretur
3473 3678 3688 3731 nomine
3725 3676 3840 3731 Afro
3859 3716 3872 3739 ,

2333 3765 2412 3819 vel
2440 3765 2627 3834 aliquis
2670 3765 2797 3819 Afer
2843 3767 2892 3818 in
2925 3768 3025 3820 illis
3065 3769 3298 3836 partibus
3335 3767 3745 3821 constitueretur
3777 3765 3877 3833 epi-

2331 3871 2541 3926 SCOptlS.
2569 3857 2749 3926 Neque
2777 3859 2918 3912 enim
2948 3858 2998 3910 in
3025 3859 3102 3912 eis
3126 3857 3211 3912 vel
3242 3858 3380 3911 diem
3411 3857 3490 3910 vel
3516 3858 3784 3911 consulem
3809 3857 3880 3906 in-

2335 3949 2594 4013 venimus,
2622 3959 2678 4002 ut
2705 3951 2888 4003 saltem
2919 3950 3265 4004 consideratis
3291 3949 3622 4018 temporibus
3637 3951 3767 4004 certi
3795 3947 3881 3998 ali—

2325 4039 2453 4108 quid
2466 4039 2719 4092 eluceret.
2733 4041 2798 4093 Sa
2809 4055 2873 4094 ne
2888 4041 3132 4110 quoniam
3153 4043 3329 4094 nescio
3344 4040 3554 4110 quando
3571 4040 3885 4094 audieramus

2336 4129 2576 4192 Arianos,
2605 4145 2724 4183 cum
2752 4143 2780 4182 a
2807 4131 3178 4184 communione
3213 4131 3466 4184 catholica
3489 4130 3882 4199 diserepassent,

2339 4221 2636 4275 Donatistas
2663 4222 2712 4275 iu
2749 4222 2925 4275 Africa
2951 4223 3047 4276 sibi
3079 4223 3280 4276 Sociare
3311 4231 3539 4275 tentasse
3573 4238 3587 4277 :
3619 4222 3684 4274 ad
3717 4232 3884 4273 aurem

2337 4313 2462 4367 mihi
2495 4312 2596 4367 hoc
2623 4313 2791 4381 ipsum
2832 4311 2994 4367 frater
3020 4313 3239 4382 Alypius
3261 4314 3541 4382 suggessit.
3577 4313 3725 4367 Tunc
3747 4324 3888 4364 accc-

2338 4414 2426 4473 pto
2456 4404 2570 4472 ipso
2596 4403 2863 4456 volumine
2885 4444 2902 4468 ,
2931 4403 3170 4472 ejusdem
3195 4403 3401 4457 concilii
3435 4412 3629 4456 statuta
3668 4399 3891 4454 conside-

2337 4510 2497 4556 rans,
2566 4494 3078 4565 legi‘Atlianasium
3135 4495 3440 4564 episc0pum
3487 4493 3890 4548 Alexandiinuni

2338 4585 2655 4640 catholicum
2676 4627 2691 4651 ,
2719 4586 2870 4654 cujus
2895 4586 3126 4640 maxime
3155 4585 3410 4640 adversus
3438 4575 3664 4645 Arianos
3707 4580 3892 4636 acerri-

2339 4693 2542 4733 marum
2586 4678 2998 4746 disputationum
3033 4678 3307 4732 conflictus
3333 4677 3590 4741 eminuit,
3626 4685 3680 4731 et
3713 4675 3892 4730 Jolium

2341 4770 2590 4824 ECelesiae
2635 4770 2885 4824 Romana:
2927 4770 3252 4838 episcopum,
3296 4768 3634 4824 nihilominus
3683 4764 3896 4822 catholi-

2339 4879 2480 4928 cum,
2508 4864 2596 4916 illo
2622 4863 2844 4917 concilio
2869 4862 3165 4917 Sardicensi
3195 4863 3356 4916 fuisse
3382 4860 3725 4929 improbatus.
3758 4854 3898 4912 Unde

2339 4955 2476 5022 apud
2509 4970 2606 5008 nos
2636 4955 2866 5007 constitit
2897 4955 3210 5007 Arianorum
3254 4952 3417 5008 fuisse
3441 4952 3723 5006 concilium
3748 4990 3762 5013 ,
3793 4945 3899 5016 qui-

2339 5049 2436 5103 bus
2462 5047 2546 5102 isti
2565 5046 2800 5116 episcopi
2819 5045 3060 5101 catholici
3082 5045 3543 5102 vehementissime
3572 5028 3897 5098 resistebant.

2342 5138 2520 5208 Itaque
2541 5138 2604 5191 ad
2627 5136 3008 5206 diligentiorem
3033 5136 3190 5191 etiam
3208 5145 3502 5204 temporum
3527 5133 3897 5188 discussionem

2341 5233 2601 5285 \‘l'illlllllls
2636 5233 2803 5297 ipsum
2831 5229 3076 5283 volumen
3120 5232 3358 5296 :lt't'illCic
3389 5241 3543 5296 atque
3572 5228 3779 5280 auferre
3812 5239 3900 5274 no-

2341 5324 2566 5378 biscum.
2597 5323 2696 5388 Qui
2720 5322 2885 5376 uoluit
2907 5323 3052 5383 dare,
3085 5322 3286 5384 dicens,
3317 5319 3384 5374 ibi
3413 5334 3509 5373 nos
3533 5317 3725 5371 habere
3754 5310 3896 5372 illud,

2343 5411 2552 5478 quando
2589 5411 2783 5481 aliquid
2826 5412 2876 5464 in
2920 5426 2984 5466 eo
3020 5410 3359 5465 considerare
3400 5408 3672 5462 vellemus.
3711 5399 3899 5470 Rogavi

2342 5507 2500 5559 etiam
2544 5515 2600 5558 ut
2645 5521 2802 5558 manu
2852 5519 2966 5558 mea
3011 5503 3182 5558 notari
3221 5502 3581 5571 permitteret,
3615 5495 3815 5558 fateor,
3843 5490 3903 5542 li-

2345 5613 2494 5652 tnens
2547 5614 2614 5652 ne
2661 5597 2788 5650 mihi
2837 5597 2970 5650 forte
3023 5609 3180 5648 causa
3232 5593 3510 5663 exigente,
3560 5603 3680 5645 cum
3729 5593 3900 5656 peten-

2415 5761 2433 5793 ί
2450 5757 2580 5819 Apud
2603 5756 2711 5804 nad.
2739 5763 2834 5803 Am.
2852 5759 2924 5802 Fr.
2953 5758 3005 5802 et
3017 5750 3184 5815 phire:
3202 5757 3329 5810 Mss,
3351 5747 3475 5815 legit.
