4080 6346
238 336 347 390 m

239 449 368 501 dum
411 453 595 512 esset,
643 459 739 515 pro
780 444 867 499 illo
912 442 1051 498 aliud
1097 442 1451 510 proferretur;
1499 456 1670 510 neque
1712 440 1813 496 hoc

238 539 425 592 voluit.
1590 558 1591 561 η

309 627 540 682 CAPUT
580 626 666 680 IV.
691 656 764 666 —
789 626 841 678 7.
872 623 1067 678 Deinde
1097 623 1223 677 mihi
1250 623 1409 691 cmpit
1429 622 1645 683 instare,
1669 628 1723 673 ut
1745 619 1812 673 ad

238 719 710 787 interrogationem
734 731 882 769 suam
906 715 1133 769 breviter
1153 713 1545 782 responderem,
1570 724 1813 780 qumrens

239 826 270 862 a
297 824 383 863 me
410 824 571 878 quem
600 808 797 876 justum
822 817 1080 875 putarem,
1108 821 1227 858 eum
1256 806 1341 873 qui
1371 810 1770 872 persequeretur
1793 843 1809 867 ,

237 914 303 950 an
330 912 456 951 eum
499 896 601 966 qui
626 897 1041 966 persecutionem
1074 904 1358 964 pateretur.
1398 893 1491 948 Cui
1530 891 1813 962 responde-

238 987 384 1052 bam,
417 1002 526 1040 non
564 996 712 1041 recte
757 986 826 1038 ita
856 983 1165 1053 interrogari
1195 1001 1207 1037 :
1241 984 1352 1037 fieri
1394 984 1533 1036 enim
1567 996 1717 1050 pOsse
1757 989 1814 1034 ut

236 1077 394 1129 ambo
422 1076 588 1144 iniqui
613 1077 717 1129 sint
743 1117 758 1141 ,
792 1074 905 1128 fieri
930 1075 1086 1128 etiam
1114 1088 1269 1142 posse
1296 1080 1351 1125 ut
1377 1071 1687 1139 iniquiorem
1722 1071 1812 1139 ju-

236 1170 369 1221 stior
399 1177 769 1237 persequatur.
800 1167 912 1221 Noo
941 1182 1067 1235 ergo
1087 1181 1205 1219 esse
1231 1179 1581 1231 consequens,
1612 1172 1667 1216 ut
1695 1164 1813 1217 ideo

235 1261 303 1312 sit
331 1260 561 1329 quisque
576 1260 786 1327 justior,
810 1259 927 1327 quia
945 1258 1361 1326 persecutionem
1390 1256 1602 1323 patitur,
1631 1269 1814 1323 quam-

236 1350 319 1401 vis
345 1349 396 1402 id
431 1351 744 1417 plerumque
770 1350 1058 1417 contingat.
1103 1348 1301 1401 Deinde
1338 1362 1457 1401 cum
1500 1346 1733 1400 viderem
1758 1346 1811 1400 in

237 1440 337 1492 hoc
364 1454 495 1492 eum
532 1439 753 1491 multum
801 1437 1088 1497 immorari.
1140 1445 1197 1489 ut
1217 1436 1473 1504 justitiam
1517 1450 1626 1489 sua:
1652 1437 1812 1504 partis

235 1542 299 1579 ex
320 1542 388 1579 eo
408 1538 611 1580 certam
631 1527 791 1580 vellet
812 1526 1050 1595 intelligi,
1074 1526 1193 1595 quia
1220 1524 1636 1593 persecutionem
1661 1539 1811 1592 passa

236 1616 427 1679 fuerit;
457 1616 676 1683 qutesivi
707 1615 774 1667 ab
818 1630 881 1667 eo
903 1656 915 1677 ,
951 1622 1123 1667 utrum
1146 1613 1345 1682 justum
1375 1621 1429 1666 et
1464 1612 1812 1666 christianum

236 1714 453 1772 putaret
494 1706 796 1775 episcopum
845 1704 1250 1758 Mediolanensis
1298 1704 1547 1758 Ecclesiae
1591 1704 1811 1757 Ambro-

234 1797 395 1847 sium.
427 1794 727 1863 Cogebatur
750 1796 928 1864 utique
953 1793 1314 1863 negarequod
1342 1794 1429 1848 ille
1456 1794 1536 1847 vir
1571 1793 1814 1847 christia-

234 1902 338 1944 nos
364 1894 589 1941 essetet
614 1886 821 1955 justus;
868 1887 1059 1955 quiasi
1092 1886 1359 1947 fateretur,
1398 1887 1571 1939 statim
1612 1886 1810 1954 objice-

234 1992 418 2032 remus
442 1977 584 2046 quod
613 1992 732 2031 eum
764 1977 1192 2046 rebaptizandum
1233 1992 1350 2031 esse
1388 1985 1649 2031 censeret.
1677 1978 1810 2031 Cum

233 2083 364 2137 ergo
392 2083 461 2122 ea
496 2067 637 2136 loqui
665 2078 960 2136 cogeretur,
990 2067 1177 2135 quibus
1206 2067 1293 2119 ille
1318 2081 1421 2120 non
1451 2076 1590 2120 esset
1612 2066 1812 2120 haben-

234 2159 342 2211 dus
364 2156 685 2211 christianus
714 2166 766 2210 et
782 2156 975 2225 justus,
997 2157 1400 2210 commemoravi
1422 2164 1666 2225 quantam
1691 2172 1811 2221 per~

235 2250 570 2301 secutionem
616 2248 933 2318 pertulerit,
981 2247 1301 2301 circumdata
1350 2249 1507 2300 etiam
1560 2247 1813 2301 militibus

233 2337 461 2390 annalis
484 2337 728 2391 ecclesia.
760 2337 987 2404 Qua-sivi
1015 2337 1172 2391 etiam
1204 2336 1810 2402 utrum‘Maximianum,

234 2425 327 2493 qui
357 2425 427 2478 ab
453 2426 531 2480 eis
570 2425 705 2494 apud
735 2426 1103 2496 Carthaginem
1132 2426 1360 2479 schisma
1392 2426 1617 2491 fecerat,
1649 2428 1813 2494 ctju-

234 2533 378 2573 stum
398 2529 461 2573 et
483 2519 825 2574 christianum
854 2528 1084 2588 putaret.
1117 2519 1227 2575 Non
1253 2527 1456 2587 poterat
1478 2518 1577 2573 nisi
1598 2534 1809 2588 negare.

235 2609 661 2663 Commemoravi
692 2624 825 2677 ergo
848 2611 1003 2662 etiam
1031 2609 1176 2662 illum
1212 2609 1364 2662 talem
1396 2610 1813 2677 persecutionem

232 2701 525 2769 pertulisse
544 2741 560 2765 ,
603 2709 660 2754 ut
695 2701 918 2754 ecclesia
944 2701 1250 2769 ejususque
1281 2700 1347 2753 ad
1378 2700 1711 2754 fundamenta
1738 2701 1817 2753 di-

234 2802 505 2845 rueretnr.
552 2791 643 2843 llis
670 2791 837 2859 igitur»
866 2792 1120 2859 exemplis
1157 2791 1232 2856 ei,
1260 2790 1303 2842 si
1334 2805 1566 2858 possem,
1593 2805 1815 2859 persua-

236 2882 368 2936 dere
409 2882 671 2935 moliebar
695 2890 751 2934 ut
786 2882 889 2950 jam
921 2882 1185 2936 desineret
1214 2883 1391 2936 dicere
1436 2884 1829 2951 persecutionis.

238 2972 638 3038 perpessionem
661 3013 675 3037 ,
722 2972 1020 3025 chrisuauae
1056 2971 1271 3039 justitia:
1310 2971 1660 3025 certissimum
1699 2986 1817 3027 esse

237 3063 641 3115 documentum.

312 3154 367 3206 8.
397 3152 641 3206 Narravit
665 3153 831 3206 etiam
865 3151 916 3205 in
955 3152 1066 3219 ipsa
1108 3152 1407 3205 schismatis
1441 3152 1673 3205 novitate
1700 3165 1816 3204 ma-

234 3242 395 3312 jores
434 3257 596 3305 suos,
646 3258 764 3296 cum
809 3243 1099 3311 cogitarent
1141 3243 1347 3309 culpam
1400 3239 1699 3302 Czeciliani,
1751 3256 1825 3295 ne

242 3335 477 3388 schisma
511 3335 660 3389 fieret
684 3377 699 3399 ,
750 3350 961 3404 quoquo
988 3334 1145 3388 modo
1192 3336 1328 3389 velle
1367 3335 1541 3403 sopire
1564 3374 1578 3399 ,
1610 3334 1821 3389 dedisse

240 3426 528 3493 quemdam
560 3430 964 3480 interventorcm
994 3426 1069 3498 (η)
1093 3427 1283 3496 pepulo
1306 3441 1414 3480 suae
1436 3426 1821 3481 communionis

241 3516 385 3584 apud
433 3516 797 3584 Carthaginem
836 3520 1157 3577 constituto,
1212 3528 1491 3584 antequam
1536 3516 1820 3584 Majorinus

243 3605 503 3659 adversus
530 3602 865 3659 Caecilianum
912 3606 1264 3659 ordinaretur.
1308 3605 1458 3659 Hunc
1493 3620 1619 3674 ergo
1659 3606 1821 3659 inter-

243 3705 523 3749 ventorem
568 3696 619 3748 in
650 3710 746 3748 suo
773 3695 1136 3748 conventiculo
1164 3711 1193 3747 a
1226 3693 1659 3748 nostrisdicehat
1682 3694 1822 3747 occi-

245 3800 385 3838 sum.
420 3784 569 3849 Quod
596 3785 781 3847 fateor,
809 3799 1075 3853 nunquam
1103 3794 1261 3837 antea
1286 3798 1499 3851 prorsus
1525 3783 1816 3849 audieram,

243 3890 364 3929 cum
395 3884 503 3929 tam
536 3875 695 3928 multa
732 3876 798 3928 ab
840 3874 918 3928 eis
960 3874 1165 3942 objecta
1191 3874 1409 3928 crimina
1454 3872 1823 3929 refellerentur

243 3975 301 4018 et
335 3965 783 4033 redarguerentur
809 3979 836 4016 a
882 3964 1077 4017 nostris
1100 4004 1115 4027 ,
1160 3972 1315 4032 atque
1364 3963 1415 4015 in
1452 3978 1545 4016 eos
1579 3965 1729 4031 plura
1770 3972 1824 4018 et

245 4054 449 4122 majora
469 4056 790 4121 jacerentur.
814 4053 921 4107 Sed
952 4065 1123 4106 tamen
1147 4064 1484 4121 posteaquam
1511 4054 1610 4107 hoc
1637 4069 1823 4108 narra-

244 4146 339 4209 vit,
363 4156 554 4196 rursus
575 4157 605 4195 a
632 4158 717 4196 me
739 4143 993 4195 instanter
1010 4141 1166 4210 cmpit
1185 4156 1423 4210 qmerere
1446 4157 1602 4210 quem
1625 4143 1823 4211 justum

246 4242 511 4301 putarem,
535 4246 724 4286 eumne
749 4233 837 4300 qui
857 4231 1069 4296 occidit,
1098 4247 1163 4284 an
1186 4247 1305 4284 eum
1328 4232 1415 4296 qui
1432 4233 1636 4287 occisus
1654 4243 1821 4298 esset;

245 4322 398 4389 quasi
423 4320 533 4390 iam
570 4320 1088 4389 mihiprobavisset,
1124 4321 1193 4373 ita
1224 4328 1281 4373 ut
1324 4332 1668 4385 narraverat,
1707 4336 1825 4376 esse

247 4411 613 4465 commissum.
642 4410 886 4464 Dicebam
916 4424 1076 4478 ergo,
1106 4409 1251 4476 prius
1275 4416 1449 4462 utrum
1478 4425 1661 4464 verum
1683 4418 1827 4465 esset

247 4516 366 4556 esse
409 4500 780 4569 quazrendum;
824 4515 926 4553 non
970 4500 1110 4555 enim
1157 4509 1354 4554 temere
1399 4500 1543 4554 credi
1581 4508 1825 4568 oportere

246 4608 597 4661 quaecumque
623 4592 865 4646 dicuntur
893 4610 905 4645 :
939 4601 991 4646 et
1020 4602 1194 4646 tamen
1223 4592 1333 4645 fieri
1361 4592 1613 4659 potuisse,
1646 4598 1705 4645 ut
1740 4595 1824 4646 vel

246 4680 408 4734 ambo
432 4696 580 4751 atque
608 4682 729 4735 mali
757 4690 934 4735 essent
955 4722 970 4743 ,
998 4682 1078 4735 vel
1103 4682 1260 4735 etiam
1289 4680 1519 4748 peiorem
1551 4681 1823 4749 quisquam

249 4773 427 4826 malus
458 4773 741 4828 occideret.
776 4773 975 4827 Revera
1006 4773 1145 4827 enim
1180 4772 1290 4825 fieri
1318 4780 1529 4840 potest,
1560 4782 1616 4823 ut
1654 4772 1823 4826 scele-

247 4862 415 4916 ratior
458 4862 528 4915 sit
556 4862 907 4931 rebaptizatur
956 4862 1115 4916 totius
1147 4860 1376 4915 hominis
1398 4901 1429 4927 ,.
1460 4877 1617 4929 quam
1662 4862 1824 4915 solius

247 4952 489 5018 corporis
521 4951 884 5020 interemptor.

316 5041 371 5096 9.
406 5039 561 5095 Unde
596 5043 752 5095 etiam
792 5041 918 5094 illud
960 5040 1099 5110 quod
1140 5055 1170 5093 a
1199 5055 1284 5095 me
1323 5047 1501 5109 postea
1540 5039 1781 5107 ιιυςιξεὶγίι
1804 5079 1819 5102 ,

240 5129 351 5197 jam
376 5129 719 5198 quaerendum
747 5146 849 5182 non
872 5138 1004 5183 erat.
1032 5130 1117 5182 Ait
1143 5130 1281 5182 enim
1305 5129 1462 5183 etiam
1494 5128 1687 5181 malum
1714 5141 1823 5181 non

243 5220 494 5274 debuisse
520 5220 687 5273 occidi
718 5236 746 5272 a
775 5220 1076 5274 christianis
1104 5232 1158 5273 et
1185 5220 1370 5288 justis;
1410 5220 1556 5288 quasi
1599 5233 1693 5272 nos
1728 5234 1822 5272 eos

243 5312 335 5376 qui
380 5310 497 5365 hazc
527 5312 579 5365 in
616 5294 884 5366 Catholica
927 5312 1145 5374 faciunt,
1185 5312 1354 5379 justos
1389 5325 1638 5364 vocemus
1666 5328 1678 5363 :
1706 5326 1822 5379 quas

244 5411 424 5453 tamen
453 5401 606 5455 nobis
632 5402 831 5455 abistis
852 5402 952 5455 dici
980 5400 1179 5453 facilius
1208 5415 1363 5468 quam
1391 5400 1601 5468 probari
1627 5400 1818 5461 solent,

244 5506 365 5544 cum
395 5500 503 5544 tam
544 5492 736 5547 multas
765 5492 1171 5545 violentissimas
1200 5491 1371 5544 ca‘dcs
1400 5498 1451 5543 et
1476 5498 1678 5559 strages
1704 5490 1815 5557 ple-

237 5645 373 5753 dge)
400 5651 702 5696 tnterventor
724 5646 972 5695 dicebatur
991 5677 1007 5706 ,
1030 5646 1115 5707 qui
1138 5650 1333 5694 vacante
1368 5643 1489 5692 sede
1511 5642 1721 5692 regebat
1741 5648 1820 5691 Ee-

300 5720 457 5753 Nam.

300 5720 457 5753 ςδιιιιιι.

1433 326 1754 382 EPISTULA
1767 328 1902 383 ttUM
1942 328 2205 383 CLASSIS
2243 328 2303 383 ll.

3381 338 3483 396 ns

1918 442 2067 511 rique
2111 442 2341 512 ipsorum
2383 453 2436 498 et
2472 444 2703 515 episcopi
2748 454 2799 500 et
2837 449 3129 520 presbyteri
3172 460 3226 507 et
3265 454 3484 523 quilibet

1917 530 2096 584 clerici
2123 534 2458 601 congregatis
2488 535 2650 589 turbis
2679 535 2948 590 hominum
2980 538 3441 596 furiosissimorutn
3467 585 3480 607 ,

1918 637 2020 674 non
2059 622 2330 676 catholicis
2360 632 2580 691 tantum,
2611 625 2705 680 sed
2735 642 3109 698 nonnunquam
3136 632 3294 684 etiam
3335 636 3480 699 suis,

1917 710 2005 763 ubi
2036 721 2254 780 possunt
2274 753 2288 777 ,
2320 713 2511 768 inferre
2552 731 2657 769 non
2699 726 2928 772 cessent.
2954 720 3081 783 Qua:
3109 735 3227 774 cum
3260 722 3328 774 ita
3354 724 3478 789 sint,

1917 799 2254 854 dissimu'ans
2281 811 2454 857 tamen
2480 802 2549 857 ab
2578 806 2996 861 sceleratissimis
3034 806 3185 863 factis
3221 824 3435 864 suorum
3463 854 3476 871 .

1917 906 2036 959 quac
2065 893 2176 960 ipse
2209 893 2324 961 plus
2353 896 2513 961 novit,
2543 898 2758 967 urgebat
2783 909 2839 953 ut
2871 900 3121 965 dicerent,
3167 904 3285 971 quis
3307 904 3479 972 just0~

1918 995 2032 1033 rum
2074 982 2155 1035 vel
2194 984 2385 1037 malum
2428 986 2650 1053 aliquem
2687 989 2957 1043 occiderit.
2985 990 3134 1057 Quod
3170 995 3373 1047 etiamsi
3416 996 3482 1049 ad

1916 1084 2127 1123 causam
2169 1072 2277 1140 jam
2326 1089 2429 1127 non
2479 1077 2805 1143 pertinebat;
2850 1078 3145 1134 fatebamur
3183 1083 3324 1137 enim
3369 1082 3483 1138 lnec

1918 1161 2230 1231 ubicumque
2260 1164 2359 1217 sub
2386 1168 2598 1221 nomine
2624 1168 2911 1223 christiano
2939 1170 3144 1238 fierent,
3176 1190 3279 1227 non
3311 1175 3423 1230 fieri
3450 1192 3483 1230 ιι

1919 1247 2102 1313 bonis;
2146 1251 2237 1303 sed
2278 1262 2447 1306 tamen
2491 1265 2547 1308 ut
2577 1256 2950 1312 admoneretur
2991 1261 3115 1330 quid
3158 1272 3297 1319 esset
3338 1280 3485 1334 qua:-

1917 1342 2137 1395 rcndum
2168 1344 2534 1412 respondimus
2553 1390 2568 1410 ,
2610 1358 2915 1416 quierentcs.
2934 1362 3104 1422 utrum
3143 1354 3282 1408 Elias
3309 1355 3487 1423 justus

1916 1433 1969 1493 ei
1996 1434 2259 1489 videretur
2285 1437 2445 1492 fuisse
2473 1456 2485 1491 :
2518 1440 2658 1508 quod
2685 1457 2875 1509 negare
2918 1460 3019 1496 non
3050 1446 3234 1512 potuit.
3280 1447 3481 1502 Deinde

1917 1523 2233 1590 subjeeimus
2267 1543 2421 1594 quam
2460 1530 2650 1583 multos
2694 1533 3175 1602 pseudoproplietas
3200 1551 3291 1590 sua
3323 1553 3480 1593 manu

1918 1616 2199 1680 pcremerit
2240 1616 2324 1687 (lll
2352 1616 2475 1687 Reg.
2510 1635 2639 1673 xvm
2661 1662 2677 1686 ,
2708 1622 2820 1692 40).
2854 1622 2947 1677 llic
2974 1640 3157 1678 revera
3189 1626 3314 1679 vidit
3340 1628 3497 1695 quod-

1918 1703 2195 1775 videndum
2233 1716 2378 1770 erat,
2414 1709 2534 1763 talia
2565 1719 2672 1764 tum
2707 1712 2914 1767 licuisse
2952 1714 3125 1782 justis.
3171 1716 3295 1770 Ilaec
3335 1718 3477 1771 enim

1915 1795 2226 1863 prophetico
2247 1800 2432 1867 spiritu
2456 1803 2774 1857 auctoritate
2802 1804 2892 1857 Dei
2925 1804 3203 1869 faciebant,
3236 1807 3324 1874 qui
3354 1822 3477 1875 pro-

1915 1886 2159 1940 culdubio
2188 1887 2341 1943 Novit
2367 1890 2450 1944 cui
2478 1892 2633 1945 etiam
2663 1893 2826 1960 prosit
2857 1894 3043 1947 occidi.
3075 1896 3326 1963 Exigi-bat
3352 1911 3501 1965 ergo

1915 1986 1969 2026 ut
2008 1974 2252 2030 docerem
2294 1977 2401 2046 jam
2451 1980 2571 2033 novi
2607 1980 2923 2035 Tcstamenti
2969 1984 3319 2049 temporibus,
3362 1985 3503 2054 quis

1910 2063 2171 2131 justorum
2230 2067 2457 2136 aliquem
2512 2070 2801 2135 occiderit,
2852 2071 3010 2125 etiam
3058 2073 3370 2127 sceleratum
3425 2083 3501 2129 et.

1914 2151 2149 2222 impium.

1986 2245 2204 2300 CAPUT
2244 2245 2303 2298 V.
2325 2276 2397 2285 —
2425 2247 2505 2300 lO.
2535 2248 2681 2301 Tunc
2711 2249 2933 2302 reditum
2963 2259 3039 2302 est
3063 2249 3135 2302 ad
3152 2251 3479 2319 superiorem

1916 2343 2230 2401 tractatum,
2263 2353 2369 2405 quo
2408 2340 2713 2394 volebamus
2740 2341 3018 2395 ostendere
3046 2358 3216 2411 neque
3254 2359 3350 2396 nos
3380 2344 3483 2398 illis

1917 2423 2111 2477 debere
2132 2425 2360 2493 obiicere
2383 2441 2595 2481 suorum
2622 2428 2822 2483 scelera
2847 2470 2863 2493 ,
2907 2445 3075 2499 neque
3103 2431 3219 2485 illos
3246 2432 3397 2485 nobis
3434 2446 3479 2485 ει

1917 2531 2015 2583 qua
2044 2516 2404 2572 invenirentur
2429 2519 2551 2572 talia
2576 2519 2706 2574 facta
2733 2530 3052 2575 nostrorum.
3078 2522 3151 2576 De
3175 2522 3321 2576 Novo
3340 2525 3479 2577 enim

1920 2605 2258 2661 Testamento
2289 2609 2493 2662 ostendi
2533 2610 2742 2678 quidem
2781 2626 2883 2663 non
2929 2626 3082 2679 posse
3103 2654 3117 2677 ,
3145 2612 3282 2680 quod
3311 2612 3483 2680 justus

1920 2698 2193 2765 quisquam
2236 2698 2552 2752 interfecerit
2578 2699 2802 2767 aliquem
2829 2717 2842 2764 ;
2879 2700 2972 2753 sed
3000 2711 3173 2754 tamen
3204 2702 3329 2755 illud
3361 2717 3485 2769 ιιι-0⁴

1918 2787 2031 2841 bari
2065 2802 2220 2856 posse
2251 2788 2371 2855 ipso
2389 2790 2628 2859 exemplo
2654 2791 2879 2855 Domini,
2920 2791 3205 2845 sceleratos
3232 2792 3300 2846 ab
3329 2792 3487 2846 inno-

1919 2877 2158 2930 centibus
2187 2878 2344 2931 fuisse
2373 2878 2639 2932 toleratos.
2667 2879 2994 2933 Traditorem
3025 2883 3164 2934 enim
3192 2896 3367 2946 suum,
3394 2883 3484 2952 qui

1915 2968 2022 3037 jam
2051 2969 2272 3037 pretium
2301 2968 2414 3035 ejus
2440 2980 2732 3036 acceperat,
2771 2985 2935 3038 usque
2960 2970 3025 3022 ad
3062 2970 3300 3024 ultimum
3340 2972 3506 3041 pacis;

1920 3060 2153 3114 osculum
2197 3061 2332 3114 inter
2369 3061 2676 3114 innocentes
2701 3075 2878 3113 secum
2914 3075 3033 3115 esse
3060 3075 3340 3129 perpessus
3366 3070 3483 3115 cst:

1920 3150 2109 3218 quibus
2133 3165 2235 3201 non
2267 3150 2425 3202 tacuit
2453 3165 2569 3202 esse
2600 3147 2736 3203 inter
2770 3149 2886 3203 illos
2912 3151 3036 3204 tanti
3065 3151 3280 3205 sceleris
3319 3152 3490 3205 homi-

1924 3254 2078 3301 nem;
2126 3246 2179 3291 et
2226 3246 2398 3291 tamen
2453 3238 2680 3307 primum
2725 3238 3118 3295 Sacramentum
3158 3242 3394 3309 corporis
3433 3248 3487 3294 ct

1923 3327 2189 3397 sanguinis
2209 3329 2309 3392 sui,
2334 3328 2563 3381 nondum
2589 3328 2681 3385 illo
2698 3331 2931 3394 cXt-luso,
2955 3330 3306 3386 conuuuniter
3324 3330 3501 3387 omni-.

1924 3418 2022 3470 bus
2060 3417 2205 3470 dedit
2252 3416 2459 3488 (Matt/1.
2510 3434 2619 3482 xvt,
2664 3419 2871 3488 (ΞΟ-28).
2920 3421 3035 3487 Quo
3083 3420 3324 3489 exemplo
3367 3436 3501 3475 cum.

1924 3523 2087 3577 prope
2115 3523 2300 3561 munies
2329 3519 2667 3563 moverentur
2690 3551 2705 3570 ,
2735 3509 2951 3563 tentavit
2976 3509 3152 3565 dicere
3177 3551 3190 3572 ,
3220 3520 3497 3577 antepas~

1923 3594 2125 3650 sionem
2171 3596 2372 3649 Domini
2416 3599 2837 3650 communionem
2879 3598 3016 3651 illaut
3065 3613 3183 3650 cmn
3234 3598 3491 3654 scelerato

1926 3704 2030 3741 non
2060 3687 2292 3742 obfuisse
2326 3690 2621 3757 Apostolis,
2653 3690 2771 3758 quia
2818 3690 3048 3744 nondum
3093 3690 3354 3744 habebant
3393 3691 3489 3744 ha-

1924 3778 2174 3847 ptismum
2225 3778 2456 3844 Christi,
2526 3779 2619 3832 sed
2673 3779 3007 3849 baptismum.
3039 3779 3275 3834 Joannis.
3337 3778 3487 3846 Quod

1926 3878 2263 3939 posteaquam
2290 3870 2437 3934 dixit,
2462 3872 2595 3939 coepi
2617 3871 2683 3923 ab
2702 3886 2765 3924 eo
2786 3885 3022 3939 quaerere
3046 3871 3488 3941 quemadmodum

1928 3974 2054 4029 ergo
2083 3960 2332 4028 sei-iptum
2373 3969 2515 4015 esset
2555 3960 2699 4028 quod
2736 3960 2889 4013 Jesus
2930 3960 3272 4029 baptizaverit
3313 3961 3491 4029 plures

1927 4066 2081 4119 quam
2110 4051 2358 4105 Joannes.
2383 4053 2639 4120 cumipse
2669 4067 2770 4106 nou
2801 4052 3219 4121 baptizaret,.sed
3248 4052 3492 4121 discipuli

1928 4142 2063 4208 ejus,
2088 4140 2185 4193 hoc
2211 4152 2289 4194 est
2319 4158 2411 4209 per
2439 4157 2562 4195 suos
2588 4142 2871 4210 discipulos
2895 4141 3180 4209 haptizarct
3209 4141 3383 4211 (Imm.
3410 4156 3491 4207 tv,

1930 4230 1955 4283 l
1983 4272 1996 4294 ,
2024 4230 2102 4299 2).
2138 4231 2410 4296 Quomodo
2442 4245 2568 4298 ergo
2601 4229 2793 4282 dabant
2818 4229 2959 4298 quod
2996 4245 3102 4283 non
3139 4230 3493 4298 acceperant?

1928 4321 2069 4390 quod
2116 4322 2215 4389 ipsi
2257 4320 2483 4375 maxime
2524 4320 2698 4374 solent
2737 4320 2931 4375 dicere.
2963 4321 3045 4374 An
3081 4319 3216 4375 forte
3251 4320 3494 4376 Christus

1929 4413 2190 4482 baptismo
2208 4412 2422 4467 Joannis
2446 4412 2778 4482 baptizabat?
2806 4412 3003 4467 Deinde
3024 4413 3075 4466 in
3106 4412 3205 4467 hac
3234 4412 3494 4467 sententia

1930 4504 2091 4556 multa
2118 4503 2430 4572 qumsiturus
2459 4520 2626 4568 eram,
2642 4501 2912 4573 quomodo
2932 4502 2999 4554 ab
3020 4502 3131 4571 ipso
3148 4502 3349 4557 Joanne
3371 4509 3497 4555 tunc

1930 4594 2206 4662 quaesitum
2256 4593 2326 4646 sit
2374 4591 2440 4647 de
2485 4592 2744 4661 baptismo
2787 4592 3016 4657 Domini,
3063 4603 3117 4648 et
3160 4592 3497 4663 reSponderit

1930 4682 2070 4751 quod
2102 4683 2187 4736 ille
2214 4682 2430 4737 haberet
2457 4697 2704 4752 sponsam
2724 4723 2739 4745 ,
2771 4692 2825 4736 et
2854 4683 2940 4736 ille
2965 4692 3108 4737 esset
3130 4698 3356 4753 sponsus
3381 4682 3493 4755 (Id.

1929 4788 1984 4825 ιιι
2010 4812 2024 4833 ,
2049 4771 2168 4842 29).
2206 4771 2466 4840 Numquid
2503 4787 2628 4841 ergo
2657 4771 2734 4825 fas
2759 4781 2872 4825 erat
2909 4782 2966 4825 ut
2990 4773 3250 4840 baptismo
3277 4773 3494 4829 Joannis

1930 4864 2490 4931 baptizarctsponsus,
2525 4861 2575 4913 id
2619 4870 2699 4914 est
2729 4861 2988 4929 baptismo
3013 4863 3166 4916 amici
3197 4863 3280 4916 vel
3309 4862 3446 4917 servi
3476 4862 3499 4915 ἲ

1930 4954 2129 5006 Deinde
2146 4952 2408 5021 quomodo
2423 4959 2670 5021 poterant
2695 4951 3075 5004 EuchariStiam
3099 4953 3337 5021 accipere
3364 4966 3496 5006 nono

1930 5045 2055 5098 dum
2094 5043 2381 5113 baptizati?
2410 5053 2500 5096 aut
2537 5042 2801 5112 quomodo
2833 5043 2987 5095 Petro
3022 5043 3213 5098 volenti
3246 5051 3302 5096 ut
3330 5050 3496 5096 totum

1930 5151 1987 5190 se
2021 5137 2239 5200 lavaret,
2271 5135 2601 5204 reSponderit
2632 5151 2644 5185 :
2680 5134 2779 5196 Qui
2804 5133 2933 5186 lotus
2958 5142 3029 5187 est
3048 5132 3229 5196 semel,
3258 5149 3355 5185 non
3382 5149 3497 5185 eum

1931 5237 2118 5297 oportet
2132 5229 2307 5280 iterum
2324 5228 2501 5291 lavari,
2521 5226 2607 5297 sed
2626 5235 2694 5279 est
2718 5224 2933 5277 inundata
2949 5234 3078 5278 totus
3095 5225 3119 5278 ?
3131 5223 3359 5292 (ld.xut,
3378 5221 3489 5293 l0.)

1928 5318 2165 5373 Perfecta
2192 5318 2333 5371 enim
2372 5315 2641 5369 mundatio
2670 5331 2773 5368 non
2810 5316 2861 5369 in
2888 5314 3106 5369 Joannis
3129 5355 3144 5379 ,
3175 5314 3265 5368 sed
3300 5314 3351 5367 in
3392 5314 3496 5367 Do-

1928 5408 2053 5462 mini
2086 5407 2347 5475 baptismo
2371 5413 2451 5459 est
2477 5406 2516 5469 ί,
2545 5405 2588 5458 si
2616 5419 2681 5457 eo
2707 5419 2763 5457 se
2788 5404 2999 5471 dignum
3029 5405 3116 5473 qui
3142 5404 3331 5471 accipit
3360 5418 3494 5472 pras-

1926 5500 2074 5562 bcat;
2106 5500 2148 5553 si
2180 5507 2352 5552 autem
2398 5497 2663 5565 indignum
2686 5537 2700 5560 ,
2742 5496 3079 5551 Sacramenta
3121 5496 3171 5548 in
3201 5509 3265 5548 eo
3291 5510 3395 5548 non
3424 5493 3491 5550 ad

1928 5590 2170 5653 salutem,
2199 5587 2289 5641 sed
2312 5586 2372 5639 ad
2392 5586 2699 5656 perniciem,
2726 5584 3103 5654 permanebunt
3134 5592 3328 5637 tamen.
3355 5581 3493 5644 Cum

1992 5701 2129 5749 latas.
2161 5704 2268 5747 octo
2298 5699 2476 5746 habent
2503 5711 2515 5745 :
2540 5694 2628 5745 Fed
2650 5694 2699 5744 in
2722 5693 2906 5743 uendit:
2934 5704 3117 5745 Formm
3151 5694 3487 5759 baptismum
