  <div class='ocr_page' id='page_1' title='image "/cluster/home/n/w/nwhite01/storage/ocr_20150623/33/hvd.32044015471451/095.png"; bbox 0 0 4044 6338; ppageno 0'>
   <div class='ocr_carea' id='block_1_1' title="bbox 563 423 665 478">
    <p class='ocr_par' dir='ltr' id='par_1_1' title="bbox 563 423 665 478">
     <span class='ocr_line' id='line_1_1' title="bbox 563 423 665 478; baseline 0 0"><span class='ocrx_word' id='word_1_1' title='bbox 563 423 665 478; x_wconf 71' lang='grc'><strong>1⁸19</strong></span> 
     </span>
    </p>
   </div>
   <div class='ocr_carea' id='block_1_2' title="bbox 562 523 2127 614">
    <p class='ocr_par' dir='ltr' id='par_1_2' title="bbox 562 523 2127 614">
     <span class='ocr_line' id='line_1_2' title="bbox 562 523 2127 614; baseline -0.015 -14"><span class='ocrx_word' id='word_1_2' title='bbox 562 559 690 614; x_wconf 77' lang='lat' dir='ltr'><strong>ergo</strong></span> <span class='ocrx_word' id='word_1_3' title='bbox 717 542 816 598; x_wconf 87' lang='lat' dir='ltr'><strong>ista</strong></span> <span class='ocrx_word' id='word_1_4' title='bbox 844 549 1159 612; x_wconf 72' lang='lat' dir='ltr'><strong>qumsttltl‘tls</strong></span> <span class='ocrx_word' id='word_1_5' title='bbox 1191 552 1368 594; x_wconf 88' lang='lat' dir='ltr'><strong>.esscm</strong></span> <span class='ocrx_word' id='word_1_6' title='bbox 1389 577 1405 601; x_wconf 94' lang='lat'><strong>,</strong></span> <span class='ocrx_word' id='word_1_7' title='bbox 1451 535 1609 589; x_wconf 84' lang='lat' dir='ltr'><strong>etiam</strong></span> <span class='ocrx_word' id='word_1_8' title='bbox 1640 532 1751 600; x_wconf 84' lang='lat' dir='ltr'><strong>ipse</strong></span> <span class='ocrx_word' id='word_1_9' title='bbox 1777 527 1905 582; x_wconf 93' lang='lat' dir='ltr'><strong>vidit</strong></span> <span class='ocrx_word' id='word_1_10' title='bbox 1928 527 1996 580; x_wconf 90' lang='lat' dir='ltr'><strong>de</strong></span> <span class='ocrx_word' id='word_1_11' title='bbox 2032 523 2127 575; x_wconf 86' lang='lat' dir='ltr'><strong>ba-</strong></span> 
     </span>
    </p>
   </div>
   <div class='ocr_carea' id='block_1_3' title="bbox 565 619 2136 702">
    <p class='ocr_par' dir='ltr' id='par_1_3' title="bbox 565 619 2136 702">
     <span class='ocr_line' id='line_1_3' title="bbox 565 619 2136 702; baseline -0.009 -15"><span class='ocrx_word' id='word_1_12' title='bbox 565 635 758 702; x_wconf 70' lang='lat' dir='ltr'><strong>ptismo</strong></span> <span class='ocrx_word' id='word_1_13' title='bbox 812 631 1188 700; x_wconf 85' lang='lat' dir='ltr'><strong>discipulorum</strong></span> <span class='ocrx_word' id='word_1_14' title='bbox 1237 628 1440 684; x_wconf 86' lang='lat' dir='ltr'><strong>Domini</strong></span> <span class='ocrx_word' id='word_1_15' title='bbox 1488 639 1592 680; x_wconf 91' lang='lat' dir='ltr'><strong>non</strong></span> <span class='ocrx_word' id='word_1_16' title='bbox 1638 622 1739 678; x_wconf 87' lang='lat' dir='ltr'><strong>sibi</strong></span> <span class='ocrx_word' id='word_1_17' title='bbox 1787 619 1948 675; x_wconf 77' lang='lat' dir='ltr'><strong>fuisse</strong></span> <span class='ocrx_word' id='word_1_18' title='bbox 1992 632 2136 690; x_wconf 68' lang='lat' dir='ltr'><strong>quae-</strong></span> 
     </span>
    </p>
   </div>
   <div class='ocr_carea' id='block_1_4' title="bbox 565 724 808 778">
    <p class='ocr_par' dir='ltr' id='par_1_4' title="bbox 565 724 808 778">
     <span class='ocr_line' id='line_1_4' title="bbox 565 724 808 778; baseline -0.004 -1"><span class='ocrx_word' id='word_1_19' title='bbox 565 724 808 778; x_wconf 84' lang='lat' dir='ltr'><strong>rendum.</strong></span> 
     </span>
    </p>
   </div>
   <div class='ocr_carea' id='block_1_5' title="bbox 639 828 2140 897">
    <p class='ocr_par' dir='ltr' id='par_1_5' title="bbox 639 828 2140 897">
     <span class='ocr_line' id='line_1_5' title="bbox 639 828 2140 897; baseline -0.009 -7"><span class='ocrx_word' id='word_1_20' title='bbox 639 837 725 890; x_wconf 77' lang='lat' dir='ltr'><strong>lt.</strong></span> <span class='ocrx_word' id='word_1_21' title='bbox 770 835 896 889; x_wconf 91' lang='lat' dir='ltr'><strong>Inde</strong></span> <span class='ocrx_word' id='word_1_22' title='bbox 939 834 1065 887; x_wconf 87' lang='lat' dir='ltr'><strong>itum</strong></span> <span class='ocrx_word' id='word_1_23' title='bbox 1115 839 1196 887; x_wconf 89' lang='lat' dir='ltr'><strong>est</strong></span> <span class='ocrx_word' id='word_1_24' title='bbox 1236 831 1288 885; x_wconf 90' lang='lat' dir='ltr'><strong>in</strong></span> <span class='ocrx_word' id='word_1_25' title='bbox 1338 828 1514 892; x_wconf 80' lang='lat' dir='ltr'><strong>aliud,</strong></span> <span class='ocrx_word' id='word_1_26' title='bbox 1559 828 1738 883; x_wconf 89' lang='lat' dir='ltr'><strong>multis</strong></span> <span class='ocrx_word' id='word_1_27' title='bbox 1785 835 1844 881; x_wconf 89' lang='lat' dir='ltr'><strong>ut</strong></span> <span class='ocrx_word' id='word_1_28' title='bbox 1894 831 2140 897; x_wconf 78' lang='lat' dir='ltr'><strong>poterant</strong></span> 
     </span>
    </p>
   </div>
   <div class='ocr_carea' id='block_1_6' title="bbox 569 914 2138 998">
    <p class='ocr_par' dir='ltr' id='par_1_6' title="bbox 569 914 2138 998">
     <span class='ocr_line' id='line_1_6' title="bbox 569 914 2138 998; baseline -0.007 -16"><span class='ocrx_word' id='word_1_29' title='bbox 569 914 814 998; x_wconf 83' lang='lat' dir='ltr'><strong>utrinque</strong></span> <span class='ocrx_word' id='word_1_30' title='bbox 834 919 1306 980; x_wconf 74' lang='lat' dir='ltr'><strong>sermocinantibds</strong></span> <span class='ocrx_word' id='word_1_31' title='bbox 1335 939 1349 976; x_wconf 93' lang='lat'>:</span> <span class='ocrx_word' id='word_1_32' title='bbox 1382 923 1521 976; x_wconf 90' lang='lat' dir='ltr'><strong>inter</strong></span> <span class='ocrx_word' id='word_1_33' title='bbox 1543 936 1660 990; x_wconf 71' lang='lat' dir='ltr'><strong>qua:</strong></span> <span class='ocrx_word' id='word_1_34' title='bbox 1679 921 1876 974; x_wconf 88' lang='lat' dir='ltr'><strong>dictum</strong></span> <span class='ocrx_word' id='word_1_35' title='bbox 1895 928 1977 973; x_wconf 90' lang='lat' dir='ltr'><strong>est</strong></span> <span class='ocrx_word' id='word_1_36' title='bbox 2000 917 2138 987; x_wconf 86' lang='lat' dir='ltr'><strong>quod</strong></span> 
     </span>
    </p>
   </div>
   <div class='ocr_carea' id='block_1_7' title="bbox 569 1006 2142 1082">
    <p class='ocr_par' dir='ltr' id='par_1_7' title="bbox 569 1006 2142 1082">
     <span class='ocr_line' id='line_1_7' title="bbox 569 1006 2142 1082; baseline -0.008 -10"><span class='ocrx_word' id='word_1_37' title='bbox 569 1017 742 1072; x_wconf 84' lang='lat' dir='ltr'><strong>adhuc</strong></span> <span class='ocrx_word' id='word_1_38' title='bbox 763 1031 854 1071; x_wconf 91' lang='lat' dir='ltr'><strong>eos</strong></span> <span class='ocrx_word' id='word_1_39' title='bbox 880 1015 1043 1069; x_wconf 86' lang='lat' dir='ltr'><strong>nostri</strong></span> <span class='ocrx_word' id='word_1_40' title='bbox 1071 1012 1395 1082; x_wconf 88' lang='lat' dir='ltr'><strong>persecuturi</strong></span> <span class='ocrx_word' id='word_1_41' title='bbox 1422 1019 1628 1074; x_wconf 87' lang='lat' dir='ltr'><strong>essent;</strong></span> <span class='ocrx_word' id='word_1_42' title='bbox 1660 1009 1915 1077; x_wconf 83' lang='lat' dir='ltr'><strong>nobisque</strong></span> <span class='ocrx_word' id='word_1_43' title='bbox 1934 1006 2142 1061; x_wconf 88' lang='lat' dir='ltr'><strong>dicebat</strong></span> 
     </span>
    </p>
   </div>
   <div class='ocr_carea' id='block_1_8' title="bbox 571 1099 2144 1175">
    <p class='ocr_par' dir='ltr' id='par_1_8' title="bbox 571 1099 2144 1175">
     <span class='ocr_line' id='line_1_8' title="bbox 571 1099 2144 1175; baseline -0.011 -11"><span class='ocrx_word' id='word_1_44' title='bbox 571 1109 752 1164; x_wconf 65' lang='lat' dir='ltr'><strong>videre</strong></span> <span class='ocrx_word' id='word_1_45' title='bbox 789 1123 847 1162; x_wconf 89' lang='lat' dir='ltr'><strong>se</strong></span> <span class='ocrx_word' id='word_1_46' title='bbox 884 1107 1015 1161; x_wconf 84' lang='lat' dir='ltr'><strong>velle</strong></span> <span class='ocrx_word' id='word_1_47' title='bbox 1044 1105 1223 1175; x_wconf 80' lang='lat' dir='ltr'><strong>quales</strong></span> <span class='ocrx_word' id='word_1_48' title='bbox 1263 1119 1363 1158; x_wconf 90' lang='lat' dir='ltr'><strong>nos</strong></span> <span class='ocrx_word' id='word_1_49' title='bbox 1400 1116 1638 1156; x_wconf 88' lang='lat' dir='ltr'><strong>essemus</strong></span> <span class='ocrx_word' id='word_1_50' title='bbox 1667 1100 1717 1153; x_wconf 91' lang='lat' dir='ltr'><strong>iu</strong></span> <span class='ocrx_word' id='word_1_51' title='bbox 1758 1099 1848 1152; x_wconf 90' lang='lat' dir='ltr'><strong>illa</strong></span> <span class='ocrx_word' id='word_1_52' title='bbox 1895 1111 2144 1166; x_wconf 85' lang='lat' dir='ltr'><strong>persecu-</strong></span> 
     </span>
    </p>
   </div>
   <div class='ocr_carea' id='block_1_9' title="bbox 539 1190 2141 1269">
    <p class='ocr_par' dir='ltr' id='par_1_9' title="bbox 539 1190 2141 1269">
     <span class='ocr_line' id='line_1_9' title="bbox 539 1190 2141 1269; baseline -0.007 -15"><span class='ocrx_word' id='word_1_53' title='bbox 539 1215 549 1226; x_wconf 56' lang='grc' dir='ltr'>θ</span> <span class='ocrx_word' id='word_1_54' title='bbox 573 1203 716 1254; x_wconf 87' lang='lat' dir='ltr'><strong>tione</strong></span> <span class='ocrx_word' id='word_1_55' title='bbox 745 1199 1076 1269; x_wconf 74' lang='lat' dir='ltr'><strong>praebituros,</strong></span> <span class='ocrx_word' id='word_1_56' title='bbox 1108 1206 1282 1250; x_wconf 91' lang='lat' dir='ltr'><strong>utrum</strong></span> <span class='ocrx_word' id='word_1_57' title='bbox 1311 1193 1623 1249; x_wconf 73' lang='lat' dir='ltr'><strong>consensuri</strong></span> <span class='ocrx_word' id='word_1_58' title='bbox 1652 1205 1892 1246; x_wconf 85' lang='lat' dir='ltr'><strong>essemus</strong></span> <span class='ocrx_word' id='word_1_59' title='bbox 1926 1190 2014 1244; x_wconf 90' lang='lat' dir='ltr'><strong>tali</strong></span> <span class='ocrx_word' id='word_1_60' title='bbox 2037 1203 2141 1243; x_wconf 77' lang='lat' dir='ltr'><strong>sa:-</strong></span> 
     </span>
    </p>
   </div>
   <div class='ocr_carea' id='block_1_10' title="bbox 568 1278 2144 1353">
    <p class='ocr_par' dir='ltr' id='par_1_10' title="bbox 568 1278 2144 1353">
     <span class='ocr_line' id='line_1_10' title="bbox 568 1278 2144 1353; baseline -0.008 -10"><span class='ocrx_word' id='word_1_61' title='bbox 568 1291 745 1353; x_wconf 68' lang='lat' dir='ltr'><strong>vitiaz,</strong></span> <span class='ocrx_word' id='word_1_62' title='bbox 815 1303 881 1341; x_wconf 89' lang='lat' dir='ltr'><strong>an</strong></span> <span class='ocrx_word' id='word_1_63' title='bbox 939 1286 1140 1340; x_wconf 91' lang='lat' dir='ltr'><strong>nullum</strong></span> <span class='ocrx_word' id='word_1_64' title='bbox 1200 1282 1581 1338; x_wconf 90' lang='lat' dir='ltr'><strong>commodaturi</strong></span> <span class='ocrx_word' id='word_1_65' title='bbox 1644 1294 1983 1334; x_wconf 88' lang='lat' dir='ltr'><strong>consensum.</strong></span> <span class='ocrx_word' id='word_1_66' title='bbox 2035 1278 2144 1332; x_wconf 88' lang='lat' dir='ltr'><strong>Nos</strong></span> 
     </span>
    </p>
   </div>
   <div class='ocr_carea' id='block_1_11' title="bbox 573 1369 2166 1440">
    <p class='ocr_par' dir='ltr' id='par_1_11' title="bbox 573 1369 2166 1440">
     <span class='ocr_line' id='line_1_11' title="bbox 573 1369 2166 1440; baseline -0.008 -6"><span class='ocrx_word' id='word_1_67' title='bbox 573 1382 876 1434; x_wconf 73' lang='lat' dir='ltr'><strong>dicebamus</strong></span> <span class='ocrx_word' id='word_1_68' title='bbox 912 1379 1075 1432; x_wconf 90' lang='lat' dir='ltr'><strong>Deum</strong></span> <span class='ocrx_word' id='word_1_69' title='bbox 1107 1375 1285 1430; x_wconf 89' lang='lat' dir='ltr'><strong>videre</strong></span> <span class='ocrx_word' id='word_1_70' title='bbox 1326 1373 1484 1428; x_wconf 90' lang='lat' dir='ltr'><strong>corda</strong></span> <span class='ocrx_word' id='word_1_71' title='bbox 1521 1382 1721 1436; x_wconf 89' lang='lat' dir='ltr'><strong>nostra,</strong></span> <span class='ocrx_word' id='word_1_72' title='bbox 1748 1385 1866 1440; x_wconf 61' lang='lat' dir='ltr'><strong>quae</strong></span> <span class='ocrx_word' id='word_1_73' title='bbox 1903 1369 2004 1438; x_wconf 89' lang='lat' dir='ltr'><strong>ipsi</strong></span> <span class='ocrx_word' id='word_1_74' title='bbox 2037 1383 2166 1423; x_wconf 71' lang='lat' dir='ltr'><strong>non-</strong></span> 
     </span>
    </p>
   </div>
   <div class='ocr_carea' id='block_1_12' title="bbox 572 1463 2146 1540">
    <p class='ocr_par' dir='ltr' id='par_1_12' title="bbox 572 1463 2146 1540">
     <span class='ocr_line' id='line_1_12' title="bbox 572 1463 2146 1540; baseline -0.007 -18"><span class='ocrx_word' id='word_1_75' title='bbox 572 1479 787 1540; x_wconf 82' lang='lat' dir='ltr'><strong>possent</strong></span> <span class='ocrx_word' id='word_1_76' title='bbox 818 1488 830 1523; x_wconf 94' lang='lat'>:</span> <span class='ocrx_word' id='word_1_77' title='bbox 863 1477 916 1523; x_wconf 92' lang='lat' dir='ltr'><strong>et</strong></span> <span class='ocrx_word' id='word_1_78' title='bbox 941 1468 1060 1522; x_wconf 89' lang='lat' dir='ltr'><strong>illos</strong></span> <span class='ocrx_word' id='word_1_79' title='bbox 1086 1475 1287 1520; x_wconf 86' lang='lat' dir='ltr'><strong>temere</strong></span> <span class='ocrx_word' id='word_1_80' title='bbox 1310 1464 1410 1518; x_wconf 87' lang='lat' dir='ltr'><strong>sibi</strong></span> <span class='ocrx_word' id='word_1_81' title='bbox 1432 1463 1602 1517; x_wconf 91' lang='lat' dir='ltr'><strong>adhuc</strong></span> <span class='ocrx_word' id='word_1_82' title='bbox 1628 1463 1725 1516; x_wconf 89' lang='lat' dir='ltr'><strong>ista</strong></span> <span class='ocrx_word' id='word_1_83' title='bbox 1751 1470 2004 1526; x_wconf 87' lang='lat' dir='ltr'><strong>metuere,</strong></span> <span class='ocrx_word' id='word_1_84' title='bbox 2028 1473 2146 1528; x_wconf 75' lang='lat' dir='ltr'><strong>qua:</strong></span> 
     </span>
    </p>
   </div>
   <div class='ocr_carea' id='block_1_13' title="bbox 571 1549 2148 1628">
    <p class='ocr_par' dir='ltr' id='par_1_13' title="bbox 571 1549 2148 1628">
     <span class='ocr_line' id='line_1_13' title="bbox 571 1549 2148 1628; baseline -0.008 -13"><span class='ocrx_word' id='word_1_85' title='bbox 571 1563 615 1615; x_wconf 87' lang='lat' dir='ltr'><strong>si</strong></span> <span class='ocrx_word' id='word_1_86' title='bbox 644 1560 990 1628; x_wconf 87' lang='lat' dir='ltr'><strong>contigerint,</strong></span> <span class='ocrx_word' id='word_1_87' title='bbox 1017 1573 1046 1612; x_wconf 92' lang='lat' dir='ltr'><strong>a</strong></span> <span class='ocrx_word' id='word_1_88' title='bbox 1087 1556 1238 1610; x_wconf 90' lang='lat' dir='ltr'><strong>malis</strong></span> <span class='ocrx_word' id='word_1_89' title='bbox 1266 1554 1600 1622; x_wconf 76' lang='lat' dir='ltr'><strong>contingere,</strong></span> <span class='ocrx_word' id='word_1_90' title='bbox 1639 1551 1830 1622; x_wconf 87' lang='lat' dir='ltr'><strong>quibus</strong></span> <span class='ocrx_word' id='word_1_91' title='bbox 1857 1549 2148 1604; x_wconf 90' lang='lat' dir='ltr'><strong>deteriores</strong></span> 
     </span>
    </p>
   </div>
   <div class='ocr_carea' id='block_1_14' title="bbox 573 1643 2149 1721">
    <p class='ocr_par' dir='ltr' id='par_1_14' title="bbox 573 1643 2149 1721">
     <span class='ocr_line' id='line_1_14' title="bbox 573 1643 2149 1721; baseline -0.009 -15"><span class='ocrx_word' id='word_1_92' title='bbox 573 1652 672 1721; x_wconf 88' lang='lat' dir='ltr'><strong>ipsi</strong></span> <span class='ocrx_word' id='word_1_93' title='bbox 713 1651 934 1714; x_wconf 81' lang='lat' dir='ltr'><strong>habent;</strong></span> <span class='ocrx_word' id='word_1_94' title='bbox 968 1664 1066 1703; x_wconf 90' lang='lat' dir='ltr'><strong>nec</strong></span> <span class='ocrx_word' id='word_1_95' title='bbox 1100 1657 1273 1701; x_wconf 88' lang='lat' dir='ltr'><strong>tamen</strong></span> <span class='ocrx_word' id='word_1_96' title='bbox 1305 1645 1424 1700; x_wconf 91' lang='lat' dir='ltr'><strong>ideo</strong></span> <span class='ocrx_word' id='word_1_97' title='bbox 1447 1660 1545 1699; x_wconf 91' lang='lat' dir='ltr'><strong>nos</strong></span> <span class='ocrx_word' id='word_1_98' title='bbox 1570 1659 1598 1697; x_wconf 92' lang='lat' dir='ltr'><strong>a</strong></span> <span class='ocrx_word' id='word_1_99' title='bbox 1625 1643 1879 1697; x_wconf 86' lang='lat' dir='ltr'><strong>catholica</strong></span> <span class='ocrx_word' id='word_1_100' title='bbox 1907 1655 2149 1695; x_wconf 86' lang='lat' dir='ltr'><strong>commu-</strong></span> 
     </span>
    </p>
   </div>
   <div class='ocr_carea' id='block_1_15' title="bbox 575 1730 2146 1809">
    <p class='ocr_par' dir='ltr' id='par_1_15' title="bbox 575 1730 2146 1809">
     <span class='ocr_line' id='line_1_15' title="bbox 575 1730 2146 1809; baseline -0.008 -13"><span class='ocrx_word' id='word_1_101' title='bbox 575 1735 732 1796; x_wconf 83' lang='lat' dir='ltr'><strong>nione</strong></span> <span class='ocrx_word' id='word_1_102' title='bbox 766 1754 1048 1809; x_wconf 78' lang='lat' dir='ltr'><strong>segregare</strong></span> <span class='ocrx_word' id='word_1_103' title='bbox 1085 1732 1309 1802; x_wconf 81' lang='lat' dir='ltr'><strong>debere,</strong></span> <span class='ocrx_word' id='word_1_104' title='bbox 1354 1735 1398 1789; x_wconf 91' lang='lat' dir='ltr'><strong>si</strong></span> <span class='ocrx_word' id='word_1_105' title='bbox 1434 1734 1556 1804; x_wconf 90' lang='lat' dir='ltr'><strong>quid</strong></span> <span class='ocrx_word' id='word_1_106' title='bbox 1595 1731 1732 1787; x_wconf 86' lang='lat' dir='ltr'><strong>forte</strong></span> <span class='ocrx_word' id='word_1_107' title='bbox 1761 1732 1913 1786; x_wconf 89' lang='lat' dir='ltr'><strong>nobis</strong></span> <span class='ocrx_word' id='word_1_108' title='bbox 1937 1730 2146 1794; x_wconf 88' lang='lat' dir='ltr'><strong>invitis,</strong></span> 
     </span>
    </p>
   </div>
   <div class='ocr_carea' id='block_1_16' title="bbox 575 1820 2150 1895">
    <p class='ocr_par' dir='ltr' id='par_1_16' title="bbox 575 1820 2150 1895">
     <span class='ocr_line' id='line_1_16' title="bbox 575 1820 2150 1895; baseline -0.006 -11"><span class='ocrx_word' id='word_1_109' title='bbox 575 1834 660 1888; x_wconf 83' lang='lat' dir='ltr'><strong>vel</strong></span> <span class='ocrx_word' id='word_1_110' title='bbox 684 1834 862 1895; x_wconf 89' lang='lat' dir='ltr'><strong>etiam,</strong></span> <span class='ocrx_word' id='word_1_111' title='bbox 883 1832 928 1885; x_wconf 91' lang='lat' dir='ltr'><strong>si</strong></span> <span class='ocrx_word' id='word_1_112' title='bbox 954 1829 1294 1894; x_wconf 88' lang='lat' dir='ltr'><strong>valuerimus,</strong></span> <span class='ocrx_word' id='word_1_113' title='bbox 1317 1823 1798 1881; x_wconf 90' lang='lat' dir='ltr'><strong>contradicentibus</strong></span> <span class='ocrx_word' id='word_1_114' title='bbox 1820 1823 2012 1877; x_wconf 81' lang='lat' dir='ltr'><strong>factum</strong></span> <span class='ocrx_word' id='word_1_115' title='bbox 2041 1820 2150 1876; x_wconf 80' lang='lat' dir='ltr'><strong>fue-</strong></span> 
     </span>
    </p>
   </div>
   <div class='ocr_carea' id='block_1_17' title="bbox 576 1915 2152 1991">
    <p class='ocr_par' dir='ltr' id='par_1_17' title="bbox 576 1915 2152 1991">
     <span class='ocr_line' id='line_1_17' title="bbox 576 1915 2152 1991; baseline -0.006 -11"><span class='ocrx_word' id='word_1_116' title='bbox 576 1927 664 1991; x_wconf 89' lang='lat' dir='ltr'><strong>rit,</strong></span> <span class='ocrx_word' id='word_1_117' title='bbox 693 1940 811 1978; x_wconf 90' lang='lat' dir='ltr'><strong>cum</strong></span> <span class='ocrx_word' id='word_1_118' title='bbox 843 1922 1173 1991; x_wconf 83' lang='lat' dir='ltr'><strong>tolerantiam</strong></span> <span class='ocrx_word' id='word_1_119' title='bbox 1217 1921 1488 1990; x_wconf 87' lang='lat' dir='ltr'><strong>pacilieam</strong></span> <span class='ocrx_word' id='word_1_120' title='bbox 1527 1918 1901 1984; x_wconf 84' lang='lat' dir='ltr'><strong>didicerimus,</strong></span> <span class='ocrx_word' id='word_1_121' title='bbox 1941 1915 2152 1970; x_wconf 89' lang='lat' dir='ltr'><strong>dicente</strong></span> 
     </span>
    </p>
   </div>
   <div class='ocr_carea' id='block_1_18' title="bbox 576 2009 2153 2086">
    <p class='ocr_par' dir='ltr' id='par_1_18' title="bbox 576 2009 2153 2086">
     <span class='ocr_line' id='line_1_18' title="bbox 576 2009 2153 2086; baseline -0.004 -18"><span class='ocrx_word' id='word_1_122' title='bbox 576 2015 831 2086; x_wconf 85' lang='lat' dir='ltr'><strong>Apostolo</strong></span> <span class='ocrx_word' id='word_1_123' title='bbox 861 2031 876 2067; x_wconf 89' lang='lat'><strong>:</strong></span> <span class='ocrx_word' id='word_1_124' title='bbox 911 2012 1220 2079; x_wconf 74' lang='lat' dir='ltr'><strong>Sit/ferentes</strong></span> <span class='ocrx_word' id='word_1_125' title='bbox 1248 2013 1456 2065; x_wconf 83' lang='lat' dir='ltr'><strong>invicem</strong></span> <span class='ocrx_word' id='word_1_126' title='bbox 1483 2011 1535 2064; x_wconf 84' lang='lat' dir='ltr'><strong>in</strong></span> <span class='ocrx_word' id='word_1_127' title='bbox 1570 2010 1864 2071; x_wconf 77' lang='lat' dir='ltr'><strong>dilectione,</strong></span> <span class='ocrx_word' id='word_1_128' title='bbox 1903 2009 2153 2064; x_wconf 75' lang='lat' dir='ltr'><strong>studentes</strong></span> 
     </span>
    </p>
   </div>
   <div class='ocr_carea' id='block_1_19' title="bbox 575 2100 2150 2174">
    <p class='ocr_par' dir='ltr' id='par_1_19' title="bbox 575 2100 2150 2174">
     <span class='ocr_line' id='line_1_19' title="bbox 575 2100 2150 2174; baseline -0.004 -15"><span class='ocrx_word' id='word_1_129' title='bbox 575 2121 772 2160; x_wconf 77' lang='lat' dir='ltr'><strong>servare</strong></span> <span class='ocrx_word' id='word_1_130' title='bbox 794 2106 1032 2158; x_wconf 84' lang='lat' dir='ltr'><strong>unitatem</strong></span> <span class='ocrx_word' id='word_1_131' title='bbox 1057 2105 1266 2174; x_wconf 79' lang='lat' dir='ltr'><strong>spiritus</strong></span> <span class='ocrx_word' id='word_1_132' title='bbox 1291 2105 1341 2156; x_wconf 87' lang='lat' dir='ltr'><strong>in</strong></span> <span class='ocrx_word' id='word_1_133' title='bbox 1367 2103 1562 2156; x_wconf 82' lang='lat' dir='ltr'><strong>vinculo</strong></span> <span class='ocrx_word' id='word_1_134' title='bbox 1579 2100 1887 2174; x_wconf 80' lang='lat' dir='ltr'><strong>pacis(Eph.</strong></span> <span class='ocrx_word' id='word_1_135' title='bbox 1910 2115 1987 2165; x_wconf 84' lang='lat' dir='ltr'><strong>Iv,</strong></span> <span class='ocrx_word' id='word_1_136' title='bbox 2004 2100 2058 2163; x_wconf 78' lang='lat'><strong>2,</strong></span> <span class='ocrx_word' id='word_1_137' title='bbox 2074 2100 2150 2169; x_wconf 79' lang='grc'><strong>5).</strong></span> 
     </span>
    </p>
   </div>
   <div class='ocr_carea' id='block_1_20' title="bbox 579 2187 2155 2263">
    <p class='ocr_par' dir='ltr' id='par_1_20' title="bbox 579 2187 2155 2263">
     <span class='ocr_line' id='line_1_20' title="bbox 579 2187 2155 2263; baseline -0.003 -17"><span class='ocrx_word' id='word_1_138' title='bbox 579 2193 748 2258; x_wconf 85' lang='lat' dir='ltr'><strong>Quam</strong></span> <span class='ocrx_word' id='word_1_139' title='bbox 776 2208 958 2263; x_wconf 86' lang='lat' dir='ltr'><strong>pacem</strong></span> <span class='ocrx_word' id='word_1_140' title='bbox 987 2203 1142 2260; x_wconf 89' lang='lat' dir='ltr'><strong>atque</strong></span> <span class='ocrx_word' id='word_1_141' title='bbox 1168 2192 1496 2245; x_wconf 81' lang='lat' dir='ltr'><strong>tolerantiam</strong></span> <span class='ocrx_word' id='word_1_142' title='bbox 1528 2191 1646 2245; x_wconf 89' lang='lat' dir='ltr'><strong>illos</strong></span> <span class='ocrx_word' id='word_1_143' title='bbox 1673 2206 1778 2244; x_wconf 92' lang='lat' dir='ltr'><strong>non</strong></span> <span class='ocrx_word' id='word_1_144' title='bbox 1819 2189 2050 2243; x_wconf 89' lang='lat' dir='ltr'><strong>tenuisse</strong></span> <span class='ocrx_word' id='word_1_145' title='bbox 2074 2187 2155 2242; x_wconf 90' lang='lat' dir='ltr'><strong>di-</strong></span> 
     </span>
    </p>
   </div>
   <div class='ocr_carea' id='block_1_21' title="bbox 582 2279 2153 2352">
    <p class='ocr_par' dir='ltr' id='par_1_21' title="bbox 582 2279 2153 2352">
     <span class='ocr_line' id='line_1_21' title="bbox 582 2279 2153 2352; baseline -0.004 -14"><span class='ocrx_word' id='word_1_146' title='bbox 582 2283 855 2347; x_wconf 85' lang='lat' dir='ltr'><strong>cebamus,</strong></span> <span class='ocrx_word' id='word_1_147' title='bbox 883 2283 973 2352; x_wconf 90' lang='lat' dir='ltr'><strong>qui</strong></span> <span class='ocrx_word' id='word_1_148' title='bbox 997 2281 1225 2337; x_wconf 88' lang='lat' dir='ltr'><strong>schisma</strong></span> <span class='ocrx_word' id='word_1_149' title='bbox 1252 2281 1517 2344; x_wconf 85' lang='lat' dir='ltr'><strong>fecerunt,</strong></span> <span class='ocrx_word' id='word_1_150' title='bbox 1560 2291 1617 2334; x_wconf 94' lang='lat' dir='ltr'><strong>ut</strong></span> <span class='ocrx_word' id='word_1_151' title='bbox 1657 2296 1800 2334; x_wconf 87' lang='lat' dir='ltr'><strong>nunc</strong></span> <span class='ocrx_word' id='word_1_152' title='bbox 1829 2279 1965 2333; x_wconf 90' lang='lat' dir='ltr'><strong>inter</strong></span> <span class='ocrx_word' id='word_1_153' title='bbox 1989 2293 2114 2332; x_wconf 89' lang='lat' dir='ltr'><strong>suos</strong></span> <span class='ocrx_word' id='word_1_154' title='bbox 2136 2320 2153 2345; x_wconf 89' lang='lat'><strong>,</strong></span> 
     </span>
    </p>
   </div>
   <div class='ocr_carea' id='block_1_22' title="bbox 583 2369 2157 2442">
    <p class='ocr_par' dir='ltr' id='par_1_22' title="bbox 583 2369 2157 2442">
     <span class='ocr_line' id='line_1_22' title="bbox 583 2369 2157 2442; baseline -0.003 -16"><span class='ocrx_word' id='word_1_155' title='bbox 583 2373 671 2442; x_wconf 88' lang='lat' dir='ltr'><strong>qui</strong></span> <span class='ocrx_word' id='word_1_156' title='bbox 703 2372 939 2427; x_wconf 89' lang='lat' dir='ltr'><strong>mitiores</strong></span> <span class='ocrx_word' id='word_1_157' title='bbox 963 2387 1146 2426; x_wconf 88' lang='lat' dir='ltr'><strong>eorum</strong></span> <span class='ocrx_word' id='word_1_158' title='bbox 1182 2380 1326 2436; x_wconf 91' lang='lat' dir='ltr'><strong>sunt,</strong></span> <span class='ocrx_word' id='word_1_159' title='bbox 1355 2371 1594 2440; x_wconf 82' lang='lat' dir='ltr'><strong>graviora</strong></span> <span class='ocrx_word' id='word_1_160' title='bbox 1626 2371 1887 2433; x_wconf 88' lang='lat' dir='ltr'><strong>tolerent,</strong></span> <span class='ocrx_word' id='word_1_161' title='bbox 1917 2383 1985 2423; x_wconf 93' lang='lat' dir='ltr'><strong>ne</strong></span> <span class='ocrx_word' id='word_1_162' title='bbox 2017 2369 2157 2422; x_wconf 84' lang='lat' dir='ltr'><strong>scin-</strong></span> 
     </span>
    </p>
   </div>
   <div class='ocr_carea' id='block_1_23' title="bbox 584 2460 2156 2534">
    <p class='ocr_par' dir='ltr' id='par_1_23' title="bbox 584 2460 2156 2534">
     <span class='ocr_line' id='line_1_23' title="bbox 584 2460 2156 2534; baseline -0.003 -16"><span class='ocrx_word' id='word_1_163' title='bbox 584 2465 740 2518; x_wconf 91' lang='lat' dir='ltr'><strong>datur</strong></span> <span class='ocrx_word' id='word_1_164' title='bbox 762 2463 901 2534; x_wconf 92' lang='lat' dir='ltr'><strong>quod</strong></span> <span class='ocrx_word' id='word_1_165' title='bbox 924 2464 1145 2517; x_wconf 90' lang='lat' dir='ltr'><strong>scissum</strong></span> <span class='ocrx_word' id='word_1_166' title='bbox 1173 2472 1254 2517; x_wconf 83' lang='lat' dir='ltr'><strong>est</strong></span> <span class='ocrx_word' id='word_1_167' title='bbox 1279 2479 1294 2527; x_wconf 92' lang='lat'><strong>;</strong></span> <span class='ocrx_word' id='word_1_168' title='bbox 1327 2478 1446 2516; x_wconf 92' lang='lat' dir='ltr'><strong>cum</strong></span> <span class='ocrx_word' id='word_1_169' title='bbox 1475 2462 1673 2517; x_wconf 89' lang='lat' dir='ltr'><strong>leviora</strong></span> <span class='ocrx_word' id='word_1_170' title='bbox 1699 2461 1899 2516; x_wconf 87' lang='lat' dir='ltr'><strong>nollent</strong></span> <span class='ocrx_word' id='word_1_171' title='bbox 1927 2475 2022 2530; x_wconf 90' lang='lat' dir='ltr'><strong>pro</strong></span> <span class='ocrx_word' id='word_1_172' title='bbox 2045 2460 2156 2530; x_wconf 92' lang='lat' dir='ltr'><strong>ipsa</strong></span> 
     </span>
    </p>
   </div>
   <div class='ocr_carea' id='block_1_24' title="bbox 584 2551 2159 2609">
    <p class='ocr_par' dir='ltr' id='par_1_24' title="bbox 584 2551 2159 2609">
     <span class='ocr_line' id='line_1_24' title="bbox 584 2551 2159 2609; baseline -0.001 -1"><span class='ocrx_word' id='word_1_173' title='bbox 584 2556 783 2609; x_wconf 88' lang='lat' dir='ltr'><strong>unitate</strong></span> <span class='ocrx_word' id='word_1_174' title='bbox 814 2555 1057 2609; x_wconf 89' lang='lat' dir='ltr'><strong>tolerare.</strong></span> <span class='ocrx_word' id='word_1_175' title='bbox 1076 2555 1389 2609; x_wconf 89' lang='lat' dir='ltr'><strong>Dicebamus</strong></span> <span class='ocrx_word' id='word_1_176' title='bbox 1408 2555 1566 2609; x_wconf 90' lang='lat' dir='ltr'><strong>etiam</strong></span> <span class='ocrx_word' id='word_1_177' title='bbox 1589 2553 1819 2609; x_wconf 92' lang='lat' dir='ltr'><strong>nondum</strong></span> <span class='ocrx_word' id='word_1_178' title='bbox 1841 2551 2002 2607; x_wconf 83' lang='lat' dir='ltr'><strong>fuisse</strong></span> <span class='ocrx_word' id='word_1_179' title='bbox 2023 2560 2159 2606; x_wconf 90' lang='lat' dir='ltr'><strong>tem-</strong></span> 
     </span>
    </p>
   </div>
   <div class='ocr_carea' id='block_1_25' title="bbox 502 2645 2158 2717">
    <p class='ocr_par' dir='ltr' id='par_1_25' title="bbox 502 2645 2158 2717">
     <span class='ocr_line' id='line_1_25' title="bbox 502 2645 2158 2717; baseline -0.003 -16"><span class='ocrx_word' id='word_1_180' title='bbox 502 2663 514 2671; x_wconf 89' lang='grc'><strong>·</strong></span> <span class='ocrx_word' id='word_1_181' title='bbox 588 2645 805 2717; x_wconf 90' lang='lat' dir='ltr'><strong>poribus</strong></span> <span class='ocrx_word' id='word_1_182' title='bbox 834 2655 1071 2700; x_wconf 88' lang='lat' dir='ltr'><strong>veterum</strong></span> <span class='ocrx_word' id='word_1_183' title='bbox 1105 2660 1287 2715; x_wconf 86' lang='lat' dir='ltr'><strong>pacem</strong></span> <span class='ocrx_word' id='word_1_184' title='bbox 1319 2645 1553 2711; x_wconf 86' lang='lat' dir='ltr'><strong>unitatis,</strong></span> <span class='ocrx_word' id='word_1_185' title='bbox 1581 2654 1633 2699; x_wconf 90' lang='lat' dir='ltr'><strong>et</strong></span> <span class='ocrx_word' id='word_1_186' title='bbox 1660 2645 1986 2698; x_wconf 85' lang='lat' dir='ltr'><strong>tolerantiam</strong></span> <span class='ocrx_word' id='word_1_187' title='bbox 2017 2651 2158 2696; x_wconf 91' lang='lat' dir='ltr'><strong>tanta</strong></span> 
     </span>
    </p>
   </div>
   <div class='ocr_carea' id='block_1_26' title="bbox 589 2735 2162 2810">
    <p class='ocr_par' dir='ltr' id='par_1_26' title="bbox 589 2735 2162 2810">
     <span class='ocr_line' id='line_1_26' title="bbox 589 2735 2162 2810; baseline -0.002 -17"><span class='ocrx_word' id='word_1_188' title='bbox 589 2739 1045 2794; x_wconf 88' lang='lat' dir='ltr'><strong>commendatione</strong></span> <span class='ocrx_word' id='word_1_189' title='bbox 1072 2737 1430 2810; x_wconf 68' lang='lat' dir='ltr'><strong>praedicatam,</strong></span> <span class='ocrx_word' id='word_1_190' title='bbox 1458 2739 1593 2792; x_wconf 90' lang='lat' dir='ltr'><strong>sicut</strong></span> <span class='ocrx_word' id='word_1_191' title='bbox 1616 2737 1858 2805; x_wconf 76' lang='lat' dir='ltr'><strong>exemplo</strong></span> <span class='ocrx_word' id='word_1_192' title='bbox 1881 2735 2086 2790; x_wconf 89' lang='lat' dir='ltr'><strong>Domini</strong></span> <span class='ocrx_word' id='word_1_193' title='bbox 2108 2743 2162 2790; x_wconf 88' lang='lat' dir='ltr'><strong>et</strong></span> 
     </span>
    </p>
   </div>
   <div class='ocr_carea' id='block_1_27' title="bbox 588 2826 2162 2895">
    <p class='ocr_par' dir='ltr' id='par_1_27' title="bbox 588 2826 2162 2895">
     <span class='ocr_line' id='line_1_27' title="bbox 588 2826 2162 2895; baseline -0.003 -10"><span class='ocrx_word' id='word_1_194' title='bbox 588 2829 721 2885; x_wconf 85' lang='lat' dir='ltr'><strong>Novi</strong></span> <span class='ocrx_word' id='word_1_195' title='bbox 753 2829 1076 2884; x_wconf 83' lang='lat' dir='ltr'><strong>Testamenti</strong></span> <span class='ocrx_word' id='word_1_196' title='bbox 1105 2829 1392 2891; x_wconf 85' lang='lat' dir='ltr'><strong>charitate;</strong></span> <span class='ocrx_word' id='word_1_197' title='bbox 1422 2838 1475 2882; x_wconf 91' lang='lat' dir='ltr'><strong>et</strong></span> <span class='ocrx_word' id='word_1_198' title='bbox 1507 2835 1681 2882; x_wconf 89' lang='lat' dir='ltr'><strong>tamen</strong></span> <span class='ocrx_word' id='word_1_199' title='bbox 1723 2826 2014 2895; x_wconf 83' lang='lat' dir='ltr'><strong>Prophetas</strong></span> <span class='ocrx_word' id='word_1_200' title='bbox 2043 2826 2162 2880; x_wconf 92' lang='lat' dir='ltr'><strong>illos</strong></span> 
     </span>
    </p>
   </div>
   <div class='ocr_carea' id='block_1_28' title="bbox 591 2917 2164 2988">
    <p class='ocr_par' dir='ltr' id='par_1_28' title="bbox 591 2917 2164 2988">
     <span class='ocr_line' id='line_1_28' title="bbox 591 2917 2164 2988; baseline -0.002 -13"><span class='ocrx_word' id='word_1_201' title='bbox 591 2925 644 2975; x_wconf 87' lang='lat' dir='ltr'><strong>et</strong></span> <span class='ocrx_word' id='word_1_202' title='bbox 686 2930 898 2975; x_wconf 89' lang='lat' dir='ltr'><strong>sanctos</strong></span> <span class='ocrx_word' id='word_1_203' title='bbox 945 2922 1089 2976; x_wconf 89' lang='lat' dir='ltr'><strong>viros</strong></span> <span class='ocrx_word' id='word_1_204' title='bbox 1136 2921 1313 2976; x_wconf 90' lang='lat' dir='ltr'><strong>dicere</strong></span> <span class='ocrx_word' id='word_1_205' title='bbox 1359 2921 1529 2974; x_wconf 89' lang='lat' dir='ltr'><strong>solere</strong></span> <span class='ocrx_word' id='word_1_206' title='bbox 1569 2919 1620 2972; x_wconf 92' lang='lat' dir='ltr'><strong>in</strong></span> <span class='ocrx_word' id='word_1_207' title='bbox 1667 2917 1917 2988; x_wconf 89' lang='lat' dir='ltr'><strong>populum</strong></span> <span class='ocrx_word' id='word_1_208' title='bbox 1961 2917 2164 2972; x_wconf 84' lang='lat' dir='ltr'><strong>scelera</strong></span> 
     </span>
    </p>
   </div>
   <div class='ocr_carea' id='block_1_29' title="bbox 589 3008 2163 3077">
    <p class='ocr_par' dir='ltr' id='par_1_29' title="bbox 589 3008 2163 3077">
     <span class='ocr_line' id='line_1_29' title="bbox 589 3008 2163 3077; baseline -0.003 -13"><span class='ocrx_word' id='word_1_209' title='bbox 589 3024 795 3076; x_wconf 89' lang='lat' dir='ltr'><strong>eorum,</strong></span> <span class='ocrx_word' id='word_1_210' title='bbox 833 3025 950 3064; x_wconf 90' lang='lat' dir='ltr'><strong>cum</strong></span> <span class='ocrx_word' id='word_1_211' title='bbox 992 3018 1166 3064; x_wconf 89' lang='lat' dir='ltr'><strong>tamen</strong></span> <span class='ocrx_word' id='word_1_212' title='bbox 1211 3025 1271 3066; x_wconf 90' lang='lat' dir='ltr'><strong>se</strong></span> <span class='ocrx_word' id='word_1_213' title='bbox 1309 3013 1376 3064; x_wconf 88' lang='lat' dir='ltr'><strong>ab</strong></span> <span class='ocrx_word' id='word_1_214' title='bbox 1417 3009 1556 3063; x_wconf 83' lang='lat' dir='ltr'><strong>illius</strong></span> <span class='ocrx_word' id='word_1_215' title='bbox 1591 3009 1764 3077; x_wconf 91' lang='lat' dir='ltr'><strong>populi</strong></span> <span class='ocrx_word' id='word_1_216' title='bbox 1808 3008 2006 3061; x_wconf 88' lang='lat' dir='ltr'><strong>unitate</strong></span> <span class='ocrx_word' id='word_1_217' title='bbox 2042 3015 2097 3061; x_wconf 91' lang='lat' dir='ltr'><strong>et</strong></span> <span class='ocrx_word' id='word_1_218' title='bbox 2133 3022 2163 3060; x_wconf 89' lang='lat' dir='ltr'><strong>a</strong></span> 
     </span>
    </p>
   </div>
   <div class='ocr_carea' id='block_1_30' title="bbox 591 3098 2164 3168">
    <p class='ocr_par' dir='ltr' id='par_1_30' title="bbox 591 3098 2164 3168">
     <span class='ocr_line' id='line_1_30' title="bbox 591 3098 2164 3168; baseline -0.004 -14"><span class='ocrx_word' id='word_1_219' title='bbox 591 3101 960 3154; x_wconf 90' lang='lat' dir='ltr'><strong>communione</strong></span> <span class='ocrx_word' id='word_1_220' title='bbox 1003 3101 1198 3168; x_wconf 86' lang='lat' dir='ltr'><strong>pariter</strong></span> <span class='ocrx_word' id='word_1_221' title='bbox 1253 3098 1676 3168; x_wconf 85' lang='lat' dir='ltr'><strong>accipiendorum</strong></span> <span class='ocrx_word' id='word_1_222' title='bbox 1704 3098 2164 3152; x_wconf 90' lang='lat' dir='ltr'><strong>Sacramentorum</strong></span> 
     </span>
    </p>
   </div>
   <div class='ocr_carea' id='block_1_31' title="bbox 593 3191 1868 3261">
    <p class='ocr_par' dir='ltr' id='par_1_31' title="bbox 593 3191 1868 3261">
     <span class='ocr_line' id='line_1_31' title="bbox 593 3191 1868 3261; baseline -0.002 -17"><span class='ocrx_word' id='word_1_223' title='bbox 593 3195 711 3261; x_wconf 71' lang='lat' dir='ltr'><strong>qua:</strong></span> <span class='ocrx_word' id='word_1_224' title='bbox 741 3201 865 3246; x_wconf 90' lang='lat' dir='ltr'><strong>tunc</strong></span> <span class='ocrx_word' id='word_1_225' title='bbox 893 3192 1120 3253; x_wconf 88' lang='lat' dir='ltr'><strong>fuerunt,</strong></span> <span class='ocrx_word' id='word_1_226' title='bbox 1143 3191 1397 3246; x_wconf 85' lang='lat' dir='ltr'><strong>divellere</strong></span> <span class='ocrx_word' id='word_1_227' title='bbox 1427 3207 1528 3243; x_wconf 87' lang='lat' dir='ltr'><strong>non</strong></span> <span class='ocrx_word' id='word_1_228' title='bbox 1557 3197 1868 3243; x_wconf 87' lang='lat' dir='ltr'><strong>tentassent.</strong></span> 
     </span>
    </p>
   </div>
   <div class='ocr_carea' id='block_1_32' title="bbox 665 3278 2170 3348">
    <p class='ocr_par' dir='ltr' id='par_1_32' title="bbox 665 3278 2170 3348">
     <span class='ocr_line' id='line_1_32' title="bbox 665 3278 2170 3348; baseline -0.001 -14"><span class='ocrx_word' id='word_1_229' title='bbox 665 3281 753 3334; x_wconf 72' lang='grc'><strong>12.</strong></span> <span class='ocrx_word' id='word_1_230' title='bbox 783 3280 908 3335; x_wconf 89' lang='lat' dir='ltr'><strong>Inde</strong></span> <span class='ocrx_word' id='word_1_231' title='bbox 949 3281 1128 3334; x_wconf 90' lang='lat' dir='ltr'><strong>nescio</strong></span> <span class='ocrx_word' id='word_1_232' title='bbox 1165 3280 1428 3348; x_wconf 89' lang='lat' dir='ltr'><strong>quomodo</strong></span> <span class='ocrx_word' id='word_1_233' title='bbox 1465 3287 1679 3332; x_wconf 85' lang='lat' dir='ltr'><strong>ventum</strong></span> <span class='ocrx_word' id='word_1_234' title='bbox 1719 3289 1799 3333; x_wconf 69' lang='lat' dir='ltr'><strong>est</strong></span> <span class='ocrx_word' id='word_1_235' title='bbox 1843 3278 1906 3333; x_wconf 88' lang='lat' dir='ltr'><strong>ad</strong></span> <span class='ocrx_word' id='word_1_236' title='bbox 1935 3293 2170 3334; x_wconf 87' lang='lat' dir='ltr'><strong>comme-</strong></span> 
     </span>
    </p>
   </div>
   <div class='ocr_carea' id='block_1_33' title="bbox 597 3368 2168 3437">
    <p class='ocr_par' dir='ltr' id='par_1_33' title="bbox 597 3368 2168 3437">
     <span class='ocr_line' id='line_1_33' title="bbox 597 3368 2168 3437; baseline -0.001 -14"><span class='ocrx_word' id='word_1_237' title='bbox 597 3370 942 3423; x_wconf 89' lang='lat' dir='ltr'><strong>morationem</strong></span> <span class='ocrx_word' id='word_1_238' title='bbox 979 3369 1146 3423; x_wconf 64' lang='lat' dir='ltr'><strong>beata:</strong></span> <span class='ocrx_word' id='word_1_239' title='bbox 1188 3369 1458 3422; x_wconf 72' lang='lat' dir='ltr'><strong>meruerim</strong></span> <span class='ocrx_word' id='word_1_240' title='bbox 1493 3368 1753 3422; x_wconf 88' lang='lat' dir='ltr'><strong>Geucthlii</strong></span> <span class='ocrx_word' id='word_1_241' title='bbox 1785 3368 2168 3437; x_wconf 79' lang='lat' dir='ltr'><strong>Carthaginen-</strong></span> 
     </span>
    </p>
   </div>
   <div class='ocr_carea' id='block_1_34' title="bbox 600 3457 2172 3528">
    <p class='ocr_par' dir='ltr' id='par_1_34' title="bbox 600 3457 2172 3528">
     <span class='ocr_line' id='line_1_34' title="bbox 600 3457 2172 3528; baseline 0.002 -17"><span class='ocrx_word' id='word_1_242' title='bbox 600 3459 674 3511; x_wconf 86' lang='lat' dir='ltr'><strong>sis</strong></span> <span class='ocrx_word' id='word_1_243' title='bbox 704 3467 824 3512; x_wconf 86' lang='lat' dir='ltr'><strong>ante</strong></span> <span class='ocrx_word' id='word_1_244' title='bbox 844 3457 1113 3512; x_wconf 84' lang='lat' dir='ltr'><strong>Aurelium</strong></span> <span class='ocrx_word' id='word_1_245' title='bbox 1143 3459 1395 3527; x_wconf 80' lang='lat' dir='ltr'><strong>episcopi,</strong></span> <span class='ocrx_word' id='word_1_246' title='bbox 1415 3459 1554 3528; x_wconf 90' lang='lat' dir='ltr'><strong>quod</strong></span> <span class='ocrx_word' id='word_1_247' title='bbox 1584 3460 1765 3512; x_wconf 89' lang='lat' dir='ltr'><strong>nescio</strong></span> <span class='ocrx_word' id='word_1_248' title='bbox 1789 3475 1944 3525; x_wconf 90' lang='lat' dir='ltr'><strong>quam</strong></span> <span class='ocrx_word' id='word_1_249' title='bbox 1975 3461 2172 3514; x_wconf 86' lang='lat' dir='ltr'><strong>consti—</strong></span> 
     </span>
    </p>
   </div>
   <div class='ocr_carea' id='block_1_35' title="bbox 603 3547 2169 3616">
    <p class='ocr_par' dir='ltr' id='par_1_35' title="bbox 603 3547 2169 3616">
     <span class='ocr_line' id='line_1_35' title="bbox 603 3547 2169 3616; baseline 0.003 -16"><span class='ocrx_word' id='word_1_250' title='bbox 603 3548 855 3602; x_wconf 90' lang='lat' dir='ltr'><strong>tutionem</strong></span> <span class='ocrx_word' id='word_1_251' title='bbox 883 3547 1057 3601; x_wconf 86' lang='lat' dir='ltr'><strong>datam</strong></span> <span class='ocrx_word' id='word_1_252' title='bbox 1085 3557 1264 3602; x_wconf 88' lang='lat' dir='ltr'><strong>contra</strong></span> <span class='ocrx_word' id='word_1_253' title='bbox 1297 3549 1413 3602; x_wconf 91' lang='lat' dir='ltr'><strong>illos</strong></span> <span class='ocrx_word' id='word_1_254' title='bbox 1438 3550 1831 3616; x_wconf 78' lang='lat' dir='ltr'><strong>compresserit,</strong></span> <span class='ocrx_word' id='word_1_255' title='bbox 1854 3559 1907 3603; x_wconf 90' lang='lat' dir='ltr'><strong>et</strong></span> <span class='ocrx_word' id='word_1_256' title='bbox 1926 3549 2169 3605; x_wconf 77' lang='lat' dir='ltr'><strong>effectum</strong></span> 
     </span>
    </p>
   </div>
   <div class='ocr_carea' id='block_1_36' title="bbox 603 3635 2170 3703">
    <p class='ocr_par' dir='ltr' id='par_1_36' title="bbox 603 3635 2170 3703">
     <span class='ocr_line' id='line_1_36' title="bbox 603 3635 2170 3703; baseline 0.001 -13"><span class='ocrx_word' id='word_1_257' title='bbox 603 3637 800 3690; x_wconf 89' lang='lat' dir='ltr'><strong>habere</strong></span> <span class='ocrx_word' id='word_1_258' title='bbox 826 3652 929 3690; x_wconf 90' lang='lat' dir='ltr'><strong>non</strong></span> <span class='ocrx_word' id='word_1_259' title='bbox 959 3637 1158 3690; x_wconf 84' lang='lat' dir='ltr'><strong>siverit.</strong></span> <span class='ocrx_word' id='word_1_260' title='bbox 1186 3635 1492 3689; x_wconf 87' lang='lat' dir='ltr'><strong>Laudabant</strong></span> <span class='ocrx_word' id='word_1_261' title='bbox 1513 3637 1659 3690; x_wconf 90' lang='lat' dir='ltr'><strong>illum</strong></span> <span class='ocrx_word' id='word_1_262' title='bbox 1696 3653 1914 3703; x_wconf 90' lang='lat' dir='ltr'><strong>omnes,</strong></span> <span class='ocrx_word' id='word_1_263' title='bbox 1937 3647 1990 3691; x_wconf 85' lang='lat' dir='ltr'><strong>et</strong></span> <span class='ocrx_word' id='word_1_264' title='bbox 2018 3638 2170 3692; x_wconf 84' lang='lat' dir='ltr'><strong>heni-</strong></span> 
     </span>
    </p>
   </div>
   <div class='ocr_carea' id='block_1_37' title="bbox 602 3727 2174 3799">
    <p class='ocr_par' dir='ltr' id='par_1_37' title="bbox 602 3727 2174 3799">
     <span class='ocr_line' id='line_1_37' title="bbox 602 3727 2174 3799; baseline 0.004 -19"><span class='ocrx_word' id='word_1_265' title='bbox 602 3728 855 3797; x_wconf 80' lang='lat' dir='ltr'><strong>gnisslme</strong></span> <span class='ocrx_word' id='word_1_266' title='bbox 881 3727 1252 3797; x_wconf 76' lang='lat' dir='ltr'><strong>prtcferebant.</strong></span> <span class='ocrx_word' id='word_1_267' title='bbox 1278 3727 1420 3782; x_wconf 88' lang='lat' dir='ltr'><strong>luter</strong></span> <span class='ocrx_word' id='word_1_268' title='bbox 1443 3745 1572 3799; x_wconf 90' lang='lat' dir='ltr'><strong>quas</strong></span> <span class='ocrx_word' id='word_1_269' title='bbox 1599 3730 1778 3784; x_wconf 88' lang='lat' dir='ltr'><strong>laudes</strong></span> <span class='ocrx_word' id='word_1_270' title='bbox 1811 3746 1841 3783; x_wconf 92' lang='lat' dir='ltr'><strong>a</strong></span> <span class='ocrx_word' id='word_1_271' title='bbox 1872 3732 2023 3787; x_wconf 89' lang='lat' dir='ltr'><strong>nobis</strong></span> <span class='ocrx_word' id='word_1_272' title='bbox 2051 3733 2174 3787; x_wconf 85' lang='lat' dir='ltr'><strong>sub-</strong></span> 
     </span>
    </p>
   </div>
   <div class='ocr_carea' id='block_1_38' title="bbox 599 3818 2172 3890">
    <p class='ocr_par' dir='ltr' id='par_1_38' title="bbox 599 3818 2172 3890">
     <span class='ocr_line' id='line_1_38' title="bbox 599 3818 2172 3890; baseline 0.004 -18"><span class='ocrx_word' id='word_1_273' title='bbox 599 3818 798 3888; x_wconf 87' lang='lat' dir='ltr'><strong>jectum</strong></span> <span class='ocrx_word' id='word_1_274' title='bbox 831 3827 930 3883; x_wconf 91' lang='lat' dir='ltr'><strong>est,</strong></span> <span class='ocrx_word' id='word_1_275' title='bbox 970 3820 1294 3888; x_wconf 85' lang='lat' dir='ltr'><strong>quodetiam</strong></span> <span class='ocrx_word' id='word_1_276' title='bbox 1327 3820 1438 3890; x_wconf 91' lang='lat' dir='ltr'><strong>ipse</strong></span> <span class='ocrx_word' id='word_1_277' title='bbox 1466 3830 1638 3876; x_wconf 88' lang='lat' dir='ltr'><strong>tamen</strong></span> <span class='ocrx_word' id='word_1_278' title='bbox 1670 3822 2000 3888; x_wconf 86' lang='lat' dir='ltr'><strong>Gencthlius,</strong></span> <span class='ocrx_word' id='word_1_279' title='bbox 2037 3826 2080 3878; x_wconf 86' lang='lat' dir='ltr'><strong>si</strong></span> <span class='ocrx_word' id='word_1_280' title='bbox 2121 3826 2172 3879; x_wconf 91' lang='lat' dir='ltr'><strong>in</strong></span> 
     </span>
    </p>
   </div>
   <div class='ocr_carea' id='block_1_39' title="bbox 605 3909 2178 3980">
    <p class='ocr_par' dir='ltr' id='par_1_39' title="bbox 605 3909 2178 3980">
     <span class='ocr_line' id='line_1_39' title="bbox 605 3909 2178 3980; baseline 0.005 -19"><span class='ocrx_word' id='word_1_281' title='bbox 605 3921 789 3962; x_wconf 88' lang='lat' dir='ltr'><strong>eorum</strong></span> <span class='ocrx_word' id='word_1_282' title='bbox 818 3923 1004 3962; x_wconf 88' lang='lat' dir='ltr'><strong>manus</strong></span> <span class='ocrx_word' id='word_1_283' title='bbox 1031 3909 1298 3963; x_wconf 77' lang='lat' dir='ltr'><strong>incidisset</strong></span> <span class='ocrx_word' id='word_1_284' title='bbox 1325 3910 1728 3980; x_wconf 85' lang='lat' dir='ltr'><strong>rebaptizandus</strong></span> <span class='ocrx_word' id='word_1_285' title='bbox 1752 3923 2076 3968; x_wconf 88' lang='lat' dir='ltr'><strong>censeretur.</strong></span> <span class='ocrx_word' id='word_1_286' title='bbox 2111 3915 2178 3970; x_wconf 84' lang='lat' dir='ltr'><strong>Et</strong></span> 
     </span>
    </p>
   </div>
   <div class='ocr_carea' id='block_1_40' title="bbox 608 3996 2178 4076">
    <p class='ocr_par' dir='ltr' id='par_1_40' title="bbox 608 3996 2178 4076">
     <span class='ocr_line' id='line_1_40' title="bbox 608 3996 2178 4076; baseline 0.008 -27"><span class='ocrx_word' id='word_1_287' title='bbox 608 3996 845 4066; x_wconf 64' lang='lat' dir='ltr'><strong>haecjam</strong></span> <span class='ocrx_word' id='word_1_288' title='bbox 874 4007 1074 4052; x_wconf 86' lang='lat' dir='ltr'><strong>stantes</strong></span> <span class='ocrx_word' id='word_1_289' title='bbox 1100 4000 1459 4068; x_wconf 83' lang='lat' dir='ltr'><strong>loquebamur,</strong></span> <span class='ocrx_word' id='word_1_290' title='bbox 1497 4002 1616 4070; x_wconf 89' lang='lat' dir='ltr'><strong>quia</strong></span> <span class='ocrx_word' id='word_1_291' title='bbox 1637 4002 1942 4058; x_wconf 89' lang='lat' dir='ltr'><strong>discedendi</strong></span> <span class='ocrx_word' id='word_1_292' title='bbox 1971 4015 2178 4076; x_wconf 89' lang='lat' dir='ltr'><strong>tempus</strong></span> 
     </span>
    </p>
   </div>
   <div class='ocr_carea' id='block_1_41' title="bbox 607 4088 2180 4161">
    <p class='ocr_par' dir='ltr' id='par_1_41' title="bbox 607 4088 2180 4161">
     <span class='ocr_line' id='line_1_41' title="bbox 607 4088 2180 4161; baseline 0.007 -20"><span class='ocrx_word' id='word_1_293' title='bbox 607 4097 836 4158; x_wconf 80' lang='lat' dir='ltr'><strong>urgeret.</strong></span> <span class='ocrx_word' id='word_1_294' title='bbox 869 4088 941 4143; x_wconf 92' lang='lat' dir='ltr'><strong>lbi</strong></span> <span class='ocrx_word' id='word_1_295' title='bbox 977 4090 1136 4160; x_wconf 89' lang='lat' dir='ltr'><strong>plane</strong></span> <span class='ocrx_word' id='word_1_296' title='bbox 1166 4089 1253 4145; x_wconf 91' lang='lat' dir='ltr'><strong>ille</strong></span> <span class='ocrx_word' id='word_1_297' title='bbox 1287 4103 1448 4146; x_wconf 75' lang='lat' dir='ltr'><strong>senex</strong></span> <span class='ocrx_word' id='word_1_298' title='bbox 1485 4091 1636 4158; x_wconf 83' lang='lat' dir='ltr'><strong>dixit,</strong></span> <span class='ocrx_word' id='word_1_299' title='bbox 1671 4092 1779 4161; x_wconf 89' lang='lat' dir='ltr'><strong>jam</strong></span> <span class='ocrx_word' id='word_1_300' title='bbox 1807 4093 2028 4149; x_wconf 88' lang='lat' dir='ltr'><strong>formam</strong></span> <span class='ocrx_word' id='word_1_301' title='bbox 2060 4111 2180 4153; x_wconf 80' lang='lat' dir='ltr'><strong>esse</strong></span> 
     </span>
    </p>
   </div>
   <div class='ocr_carea' id='block_1_42' title="bbox 606 4175 2177 4260">
    <p class='ocr_par' dir='ltr' id='par_1_42' title="bbox 606 4175 2177 4260">
     <span class='ocr_line' id='line_1_42' title="bbox 606 4175 2177 4260; baseline 0.008 -31"><span class='ocrx_word' id='word_1_302' title='bbox 606 4175 798 4260; x_wconf 77' lang='lat' dir='ltr'><strong>factam</strong></span> <span class='ocrx_word' id='word_1_303' title='bbox 821 4220 835 4244; x_wconf 96' lang='lat'><strong>,</strong></span> <span class='ocrx_word' id='word_1_304' title='bbox 864 4187 921 4233; x_wconf 90' lang='lat' dir='ltr'><strong>ut</strong></span> <span class='ocrx_word' id='word_1_305' title='bbox 952 4180 1187 4249; x_wconf 88' lang='lat' dir='ltr'><strong>quisquis</strong></span> <span class='ocrx_word' id='word_1_306' title='bbox 1217 4179 1280 4233; x_wconf 88' lang='lat' dir='ltr'><strong>ad</strong></span> <span class='ocrx_word' id='word_1_307' title='bbox 1309 4195 1401 4235; x_wconf 89' lang='lat' dir='ltr'><strong>eos</strong></span> <span class='ocrx_word' id='word_1_308' title='bbox 1442 4181 1671 4237; x_wconf 82' lang='lat' dir='ltr'><strong>fidelium</strong></span> <span class='ocrx_word' id='word_1_309' title='bbox 1701 4199 1731 4237; x_wconf 90' lang='lat' dir='ltr'><strong>a</strong></span> <span class='ocrx_word' id='word_1_310' title='bbox 1773 4184 1927 4240; x_wconf 90' lang='lat' dir='ltr'><strong>nobis</strong></span> <span class='ocrx_word' id='word_1_311' title='bbox 1952 4189 2177 4256; x_wconf 81' lang='lat' dir='ltr'><strong>venerit,</strong></span> 
     </span>
    </p>
   </div>
   <div class='ocr_carea' id='block_1_43' title="bbox 607 4267 2182 4338">
    <p class='ocr_par' dir='ltr' id='par_1_43' title="bbox 607 4267 2182 4338">
     <span class='ocr_line' id='line_1_43' title="bbox 607 4267 2182 4338; baseline 0.008 -18"><span class='ocrx_word' id='word_1_312' title='bbox 607 4267 919 4336; x_wconf 87' lang='lat' dir='ltr'><strong>baptizetur,</strong></span> <span class='ocrx_word' id='word_1_313' title='bbox 942 4268 1080 4338; x_wconf 91' lang='lat' dir='ltr'><strong>quod</strong></span> <span class='ocrx_word' id='word_1_314' title='bbox 1101 4285 1220 4324; x_wconf 90' lang='lat' dir='ltr'><strong>eum</strong></span> <span class='ocrx_word' id='word_1_315' title='bbox 1246 4269 1464 4325; x_wconf 89' lang='lat' dir='ltr'><strong>invitum</strong></span> <span class='ocrx_word' id='word_1_316' title='bbox 1481 4280 1536 4326; x_wconf 91' lang='lat' dir='ltr'><strong>et</strong></span> <span class='ocrx_word' id='word_1_317' title='bbox 1563 4286 1680 4327; x_wconf 92' lang='lat' dir='ltr'><strong>cum</strong></span> <span class='ocrx_word' id='word_1_318' title='bbox 1707 4273 1890 4331; x_wconf 90' lang='lat' dir='ltr'><strong>dolore</strong></span> <span class='ocrx_word' id='word_1_319' title='bbox 1913 4275 2078 4331; x_wconf 83' lang='lat' dir='ltr'><strong>animi</strong></span> <span class='ocrx_word' id='word_1_320' title='bbox 2101 4277 2182 4332; x_wconf 84' lang='lat' dir='ltr'><strong>di-</strong></span> 
     </span>
    </p>
   </div>
   <div class='ocr_carea' id='block_1_44' title="bbox 609 4351 2181 4431">
    <p class='ocr_par' dir='ltr' id='par_1_44' title="bbox 609 4351 2181 4431">
     <span class='ocr_line' id='line_1_44' title="bbox 609 4351 2181 4431; baseline 0.008 -22"><span class='ocrx_word' id='word_1_321' title='bbox 609 4370 750 4424; x_wconf 85' lang='lat' dir='ltr'><strong>cere,</strong></span> <span class='ocrx_word' id='word_1_322' title='bbox 797 4368 1048 4426; x_wconf 90' lang='lat' dir='ltr'><strong>quantum</strong></span> <span class='ocrx_word' id='word_1_323' title='bbox 1095 4351 1326 4427; x_wconf 86' lang='lat' dir='ltr'><strong>poterat,</strong></span> <span class='ocrx_word' id='word_1_324' title='bbox 1353 4362 1659 4431; x_wconf 90' lang='lat' dir='ltr'><strong>apparebat.</strong></span> <span class='ocrx_word' id='word_1_325' title='bbox 1697 4361 1836 4420; x_wconf 89' lang='lat' dir='ltr'><strong>Sane</strong></span> <span class='ocrx_word' id='word_1_326' title='bbox 1864 4381 1984 4422; x_wconf 92' lang='lat' dir='ltr'><strong>cum</strong></span> <span class='ocrx_word' id='word_1_327' title='bbox 2023 4367 2181 4422; x_wconf 82' lang='lat' dir='ltr'><strong>etiam</strong></span> 
     </span>
    </p>
   </div>
   <div class='ocr_carea' id='block_1_45' title="bbox 611 4445 2184 4526">
    <p class='ocr_par' dir='ltr' id='par_1_45' title="bbox 611 4445 2184 4526">
     <span class='ocr_line' id='line_1_45' title="bbox 611 4445 2184 4526; baseline 0.009 -28"><span class='ocrx_word' id='word_1_328' title='bbox 611 4445 725 4514; x_wconf 89' lang='lat' dir='ltr'><strong>ipse</strong></span> <span class='ocrx_word' id='word_1_329' title='bbox 757 4448 917 4500; x_wconf 88' lang='lat' dir='ltr'><strong>nmlta</strong></span> <span class='ocrx_word' id='word_1_330' title='bbox 955 4448 1088 4501; x_wconf 88' lang='lat' dir='ltr'><strong>mala</strong></span> <span class='ocrx_word' id='word_1_331' title='bbox 1117 4449 1330 4503; x_wconf 80' lang='lat' dir='ltr'><strong>suonim</strong></span> <span class='ocrx_word' id='word_1_332' title='bbox 1362 4451 1694 4518; x_wconf 90' lang='lat' dir='ltr'><strong>apertissime</strong></span> <span class='ocrx_word' id='word_1_333' title='bbox 1730 4467 1994 4522; x_wconf 77' lang='lat' dir='ltr'><strong>gemeret,</strong></span> <span class='ocrx_word' id='word_1_334' title='bbox 2025 4465 2184 4526; x_wconf 88' lang='lat' dir='ltr'><strong>atque</strong></span> 
     </span>
    </p>
   </div>
   <div class='ocr_carea' id='block_1_46' title="bbox 614 4535 2185 4614">
    <p class='ocr_par' dir='ltr' id='par_1_46' title="bbox 614 4535 2185 4614">
     <span class='ocr_line' id='line_1_46' title="bbox 614 4535 2185 4614; baseline 0.009 -27"><span class='ocrx_word' id='word_1_335' title='bbox 614 4535 936 4601; x_wconf 89' lang='lat' dir='ltr'><strong>ostenderet,</strong></span> <span class='ocrx_word' id='word_1_336' title='bbox 970 4537 1108 4605; x_wconf 91' lang='lat' dir='ltr'><strong>quod</strong></span> <span class='ocrx_word' id='word_1_337' title='bbox 1140 4538 1302 4591; x_wconf 91' lang='lat' dir='ltr'><strong>totius</strong></span> <span class='ocrx_word' id='word_1_338' title='bbox 1328 4539 1551 4594; x_wconf 82' lang='lat' dir='ltr'><strong>civitatis</strong></span> <span class='ocrx_word' id='word_1_339' title='bbox 1582 4540 1701 4610; x_wconf 85' lang='lat' dir='ltr'><strong>ejus</strong></span> <span class='ocrx_word' id='word_1_340' title='bbox 1728 4543 2033 4598; x_wconf 84' lang='lat' dir='ltr'><strong>testimonio</strong></span> <span class='ocrx_word' id='word_1_341' title='bbox 2063 4561 2185 4614; x_wconf 92' lang='lat' dir='ltr'><strong>pro-</strong></span> 
     </span>
    </p>
   </div>
   <div class='ocr_carea' id='block_1_47' title="bbox 616 4623 2186 4706">
    <p class='ocr_par' dir='ltr' id='par_1_47' title="bbox 616 4623 2186 4706">
     <span class='ocr_line' id='line_1_47' title="bbox 616 4623 2186 4706; baseline 0.01 -29"><span class='ocrx_word' id='word_1_342' title='bbox 616 4623 856 4690; x_wconf 90' lang='lat' dir='ltr'><strong>babatur,</strong></span> <span class='ocrx_word' id='word_1_343' title='bbox 886 4641 1042 4695; x_wconf 89' lang='lat' dir='ltr'><strong>quam</strong></span> <span class='ocrx_word' id='word_1_344' title='bbox 1073 4637 1214 4682; x_wconf 89' lang='lat' dir='ltr'><strong>esset</strong></span> <span class='ocrx_word' id='word_1_345' title='bbox 1239 4636 1478 4684; x_wconf 91' lang='lat' dir='ltr'><strong>remotus</strong></span> <span class='ocrx_word' id='word_1_346' title='bbox 1514 4645 1544 4684; x_wconf 89' lang='lat' dir='ltr'><strong>a</strong></span> <span class='ocrx_word' id='word_1_347' title='bbox 1575 4631 1765 4686; x_wconf 89' lang='lat' dir='ltr'><strong>talibus</strong></span> <span class='ocrx_word' id='word_1_348' title='bbox 1798 4631 1966 4697; x_wconf 87' lang='lat' dir='ltr'><strong>factis,</strong></span> <span class='ocrx_word' id='word_1_349' title='bbox 1989 4644 2042 4690; x_wconf 90' lang='lat' dir='ltr'><strong>et</strong></span> <span class='ocrx_word' id='word_1_350' title='bbox 2069 4637 2186 4706; x_wconf 77' lang='lat' dir='ltr'><strong>qua:</strong></span> 
     </span>
    </p>
   </div>
   <div class='ocr_carea' id='block_1_48' title="bbox 621 4711 2189 4797">
    <p class='ocr_par' dir='ltr' id='par_1_48' title="bbox 621 4711 2189 4797">
     <span class='ocr_line' id='line_1_48' title="bbox 621 4711 2189 4797; baseline 0.011 -30"><span class='ocrx_word' id='word_1_351' title='bbox 621 4715 752 4783; x_wconf 89' lang='lat' dir='ltr'><strong>ipsis</strong></span> <span class='ocrx_word' id='word_1_352' title='bbox 787 4716 896 4770; x_wconf 89' lang='lat' dir='ltr'><strong>suis</strong></span> <span class='ocrx_word' id='word_1_353' title='bbox 922 4717 1098 4772; x_wconf 89' lang='lat' dir='ltr'><strong>dicere</strong></span> <span class='ocrx_word' id='word_1_354' title='bbox 1127 4719 1293 4774; x_wconf 89' lang='lat' dir='ltr'><strong>soleat</strong></span> <span class='ocrx_word' id='word_1_355' title='bbox 1319 4711 1557 4776; x_wconf 84' lang='lat' dir='ltr'><strong>modesta</strong></span> <span class='ocrx_word' id='word_1_356' title='bbox 1586 4725 1964 4793; x_wconf 90' lang='lat' dir='ltr'><strong>conquestione</strong></span> <span class='ocrx_word' id='word_1_357' title='bbox 1985 4728 2189 4797; x_wconf 89' lang='lat' dir='ltr'><strong>profer-</strong></span> 
     </span>
    </p>
   </div>
   <div class='ocr_carea' id='block_1_49' title="bbox 617 4813 2186 4890">
    <p class='ocr_par' dir='ltr' id='par_1_49' title="bbox 617 4813 2186 4890">
     <span class='ocr_line' id='line_1_49' title="bbox 617 4813 2186 4890; baseline 0.01 -32"><span class='ocrx_word' id='word_1_358' title='bbox 617 4814 729 4868; x_wconf 87' lang='lat' dir='ltr'><strong>ret,</strong></span> <span class='ocrx_word' id='word_1_359' title='bbox 755 4821 955 4875; x_wconf 90' lang='lat' dir='ltr'><strong>nosque</strong></span> <span class='ocrx_word' id='word_1_360' title='bbox 997 4823 1532 4867; x_wconf 88' lang='lat' dir='ltr'><strong>commemoraremus</strong></span> <span class='ocrx_word' id='word_1_361' title='bbox 1569 4813 1696 4868; x_wconf 75' lang='lat' dir='ltr'><strong>iIIUd</strong></span> <span class='ocrx_word' id='word_1_362' title='bbox 1735 4815 2026 4873; x_wconf 82' lang='lat' dir='ltr'><strong>Ezechielis</strong></span> <span class='ocrx_word' id='word_1_363' title='bbox 2063 4835 2186 4890; x_wconf 87' lang='lat' dir='ltr'><strong>pro-</strong></span> 
     </span>
    </p>
   </div>
   <div class='ocr_carea' id='block_1_50' title="bbox 620 4897 2187 4980">
    <p class='ocr_par' dir='ltr' id='par_1_50' title="bbox 620 4897 2187 4980">
     <span class='ocr_line' id='line_1_50' title="bbox 620 4897 2187 4980; baseline 0.01 -30"><span class='ocrx_word' id='word_1_364' title='bbox 620 4897 813 4965; x_wconf 66' lang='lat' dir='ltr'><strong>ph&#39;etae,</strong></span> <span class='ocrx_word' id='word_1_365' title='bbox 839 4899 929 4952; x_wconf 88' lang='lat' dir='ltr'><strong>ubi</strong></span> <span class='ocrx_word' id='word_1_366' title='bbox 958 4909 1137 4968; x_wconf 91' lang='lat' dir='ltr'><strong>aperte</strong></span> <span class='ocrx_word' id='word_1_367' title='bbox 1161 4903 1411 4971; x_wconf 88' lang='lat' dir='ltr'><strong>scriptum</strong></span> <span class='ocrx_word' id='word_1_368' title='bbox 1432 4914 1531 4969; x_wconf 90' lang='lat' dir='ltr'><strong>est,</strong></span> <span class='ocrx_word' id='word_1_369' title='bbox 1563 4921 1661 4961; x_wconf 89' lang='lat' dir='ltr'><strong>nec</strong></span> <span class='ocrx_word' id='word_1_370' title='bbox 1685 4906 1775 4961; x_wconf 86' lang='lat' dir='ltr'><strong>lilii</strong></span> <span class='ocrx_word' id='word_1_371' title='bbox 1800 4909 2004 4978; x_wconf 86' lang='lat' dir='ltr'><strong>culpam</strong></span> <span class='ocrx_word' id='word_1_372' title='bbox 2032 4913 2187 4980; x_wconf 90' lang='lat' dir='ltr'><strong>patri,</strong></span> 
     </span>
    </p>
   </div>
   <div class='ocr_carea' id='block_1_51' title="bbox 622 4988 2188 5066">
    <p class='ocr_par' dir='ltr' id='par_1_51' title="bbox 622 4988 2188 5066">
     <span class='ocr_line' id='line_1_51' title="bbox 622 4988 2188 5066; baseline 0.011 -25"><span class='ocrx_word' id='word_1_373' title='bbox 622 4990 724 5042; x_wconf 81' lang='lat' dir='ltr'><strong>nec</strong></span> <span class='ocrx_word' id='word_1_374' title='bbox 759 4988 926 5056; x_wconf 86' lang='lat' dir='ltr'><strong>patris</strong></span> <span class='ocrx_word' id='word_1_375' title='bbox 948 4991 1154 5058; x_wconf 90' lang='lat' dir='ltr'><strong>culpam</strong></span> <span class='ocrx_word' id='word_1_376' title='bbox 1183 4991 1292 5046; x_wconf 83' lang='lat' dir='ltr'><strong>ﬁlio</strong></span> <span class='ocrx_word' id='word_1_377' title='bbox 1317 4992 1432 5063; x_wconf 88' lang='lat' dir='ltr'><strong>ejus</strong></span> <span class='ocrx_word' id='word_1_378' title='bbox 1459 4995 1837 5066; x_wconf 89' lang='lat' dir='ltr'><strong>imputandam,</strong></span> <span class='ocrx_word' id='word_1_379' title='bbox 1874 5001 1960 5054; x_wconf 90' lang='lat' dir='ltr'><strong>ubi</strong></span> <span class='ocrx_word' id='word_1_380' title='bbox 1993 5002 2188 5058; x_wconf 89' lang='lat' dir='ltr'><strong>dictum</strong></span> 
     </span>
    </p>
   </div>
   <div class='ocr_carea' id='block_1_52' title="bbox 628 5076 2192 5161">
    <p class='ocr_par' dir='ltr' id='par_1_52' title="bbox 628 5076 2192 5161">
     <span class='ocr_line' id='line_1_52' title="bbox 628 5076 2192 5161; baseline 0.012 -33"><span class='ocrx_word' id='word_1_381' title='bbox 628 5085 710 5130; x_wconf 89' lang='lat' dir='ltr'><strong>est</strong></span> <span class='ocrx_word' id='word_1_382' title='bbox 736 5095 748 5131; x_wconf 91' lang='lat'>:</span> <span class='ocrx_word' id='word_1_383' title='bbox 774 5076 918 5131; x_wconf 82' lang='lat' dir='ltr'><strong>Sicut</strong></span> <span class='ocrx_word' id='word_1_384' title='bbox 944 5079 1074 5131; x_wconf 81' lang='lat' dir='ltr'><strong>enim</strong></span> <span class='ocrx_word' id='word_1_385' title='bbox 1101 5081 1267 5133; x_wconf 86' lang='lat' dir='ltr'><strong>anima</strong></span> <span class='ocrx_word' id='word_1_386' title='bbox 1289 5082 1445 5152; x_wconf 79' lang='lat' dir='ltr'><strong>patris</strong></span> <span class='ocrx_word' id='word_1_387' title='bbox 1471 5091 1580 5138; x_wconf 83' lang='lat' dir='ltr'><strong>mea</strong></span> <span class='ocrx_word' id='word_1_388' title='bbox 1606 5095 1698 5153; x_wconf 85' lang='lat' dir='ltr'><strong>est,</strong></span> <span class='ocrx_word' id='word_1_389' title='bbox 1729 5086 1800 5141; x_wconf 82' lang='lat' dir='ltr'><strong>ita</strong></span> <span class='ocrx_word' id='word_1_390' title='bbox 1829 5098 1874 5142; x_wconf 90' lang='lat' dir='ltr'><strong>et</strong></span> <span class='ocrx_word' id='word_1_391' title='bbox 1899 5092 2067 5145; x_wconf 86' lang='lat' dir='ltr'><strong>anima</strong></span> <span class='ocrx_word' id='word_1_392' title='bbox 2096 5079 2192 5161; x_wconf 79' lang='lat' dir='ltr'><strong>ﬁlii</strong></span> 
     </span>
    </p>
   </div>
   <div class='ocr_carea' id='block_1_53' title="bbox 631 5167 2195 5245">
    <p class='ocr_par' dir='ltr' id='par_1_53' title="bbox 631 5167 2195 5245">
     <span class='ocr_line' id='line_1_53' title="bbox 631 5167 2195 5245; baseline 0.012 -27"><span class='ocrx_word' id='word_1_393' title='bbox 631 5182 741 5220; x_wconf 83' lang='lat' dir='ltr'><strong>mea</strong></span> <span class='ocrx_word' id='word_1_394' title='bbox 769 5177 868 5232; x_wconf 87' lang='lat' dir='ltr'><strong>est;</strong></span> <span class='ocrx_word' id='word_1_395' title='bbox 890 5167 1058 5220; x_wconf 85' lang='lat' dir='ltr'><strong>anima</strong></span> <span class='ocrx_word' id='word_1_396' title='bbox 1079 5170 1211 5222; x_wconf 74' lang='lat' dir='ltr'><strong>enim</strong></span> <span class='ocrx_word' id='word_1_397' title='bbox 1239 5187 1555 5244; x_wconf 68' lang='lat' dir='ltr'><strong>quaecumque</strong></span> <span class='ocrx_word' id='word_1_398' title='bbox 1573 5167 1863 5245; x_wconf 79' lang='lat' dir='ltr'><strong>peccaverit,</strong></span> <span class='ocrx_word' id='word_1_399' title='bbox 1892 5179 2000 5235; x_wconf 71' lang='grc' dir='ltr'><em>εοια</em></span> <span class='ocrx_word' id='word_1_400' title='bbox 2022 5185 2195 5237; x_wconf 85' lang='lat' dir='ltr'><strong>morie-</strong></span> 
     </span>
    </p>
   </div>
   <div class='ocr_carea' id='block_1_54' title="bbox 624 5261 2195 5344">
    <p class='ocr_par' dir='ltr' id='par_1_54' title="bbox 624 5261 2195 5344">
     <span class='ocr_line' id='line_1_54' title="bbox 624 5261 2195 5344; baseline 0.013 -32"><span class='ocrx_word' id='word_1_401' title='bbox 624 5269 707 5312; x_wconf 80' lang='lat' dir='ltr'><strong>tur</strong></span> <span class='ocrx_word' id='word_1_402' title='bbox 739 5261 959 5331; x_wconf 80' lang='lat' dir='ltr'><strong>(Ezech.</strong></span> <span class='ocrx_word' id='word_1_403' title='bbox 996 5265 1268 5344; x_wconf 73' lang='lat' dir='ltr'><strong>xvm,20,</strong></span> <span class='ocrx_word' id='word_1_404' title='bbox 1297 5265 1372 5336; x_wconf 67' lang='grc'><strong>4),</strong></span> <span class='ocrx_word' id='word_1_405' title='bbox 1405 5267 1597 5336; x_wconf 83' lang='lat' dir='ltr'><strong>placuit</strong></span> <span class='ocrx_word' id='word_1_406' title='bbox 1635 5273 1878 5328; x_wconf 91' lang='lat' dir='ltr'><strong>omnibus</strong></span> <span class='ocrx_word' id='word_1_407' title='bbox 1924 5276 1974 5328; x_wconf 91' lang='lat' dir='ltr'><strong>in</strong></span> <span class='ocrx_word' id='word_1_408' title='bbox 2006 5275 2195 5334; x_wconf 78' lang='lat' dir='ltr'><strong>talibus</strong></span> 
     </span>
    </p>
   </div>
   <div class='ocr_carea' id='block_1_55' title="bbox 627 5352 2178 5422">
    <p class='ocr_par' dir='ltr' id='par_1_55' title="bbox 627 5352 2178 5422">
     <span class='ocr_line' id='line_1_55' title="bbox 627 5352 2178 5422; baseline 0.011 -17"><span class='ocrx_word' id='word_1_409' title='bbox 627 5352 1072 5422; x_wconf 88' lang='lat' dir='ltr'><strong>disputationibus</strong></span> <span class='ocrx_word' id='word_1_410' title='bbox 1094 5356 1321 5412; x_wconf 89' lang='lat' dir='ltr'><strong>violenta</strong></span> <span class='ocrx_word' id='word_1_411' title='bbox 1349 5357 1480 5413; x_wconf 79' lang='lat' dir='ltr'><strong>facta</strong></span> <span class='ocrx_word' id='word_1_412' title='bbox 1507 5361 1768 5418; x_wconf 89' lang='lat' dir='ltr'><strong>malorum</strong></span> <span class='ocrx_word' id='word_1_413' title='bbox 1797 5364 2068 5421; x_wconf 90' lang='lat' dir='ltr'><strong>hominum</strong></span> <span class='ocrx_word' id='word_1_414' title='bbox 2097 5384 2178 5422; x_wconf 72' lang='lat' dir='ltr'><strong>no</strong></span> 
     </span>
    </p>
   </div>
   <div class='ocr_carea' id='block_1_56' title="bbox 622 5441 2195 5527">
    <p class='ocr_par' dir='ltr' id='par_1_56' title="bbox 622 5441 2195 5527">
     <span class='ocr_line' id='line_1_56' title="bbox 622 5441 2195 5527; baseline 0.011 -31"><span class='ocrx_word' id='word_1_415' title='bbox 622 5441 710 5498; x_wconf 81' lang='lat' dir='ltr'><strong>bis</strong></span> <span class='ocrx_word' id='word_1_416' title='bbox 747 5443 814 5498; x_wconf 89' lang='lat' dir='ltr'><strong>ab</strong></span> <span class='ocrx_word' id='word_1_417' title='bbox 862 5445 1086 5501; x_wconf 90' lang='lat' dir='ltr'><strong>invicem</strong></span> <span class='ocrx_word' id='word_1_418' title='bbox 1125 5447 1281 5516; x_wconf 86' lang='lat' dir='ltr'><strong>objici</strong></span> <span class='ocrx_word' id='word_1_419' title='bbox 1323 5465 1425 5504; x_wconf 92' lang='lat' dir='ltr'><strong>non</strong></span> <span class='ocrx_word' id='word_1_420' title='bbox 1463 5449 1675 5507; x_wconf 79' lang='lat' dir='ltr'><strong>debere.</strong></span> <span class='ocrx_word' id='word_1_421' title='bbox 1715 5453 2038 5510; x_wconf 82' lang='lat' dir='ltr'><strong>Remanebat</strong></span> <span class='ocrx_word' id='word_1_422' title='bbox 2069 5472 2195 5527; x_wconf 78' lang='lat' dir='ltr'><strong>ergo</strong></span> 
     </span>
    </p>
   </div>
   <div class='ocr_carea' id='block_1_57' title="bbox 629 5535 2193 5610">
    <p class='ocr_par' dir='ltr' id='par_1_57' title="bbox 629 5535 2193 5610">
     <span class='ocr_line' id='line_1_57' title="bbox 629 5535 2193 5610; baseline 0.011 -25"><span class='ocrx_word' id='word_1_423' title='bbox 629 5535 928 5590; x_wconf 39' lang='lat' dir='ltr'><strong>schismati‘s</strong></span> <span class='ocrx_word' id='word_1_424' title='bbox 952 5538 1191 5607; x_wconf 68' lang='lat' dir='ltr'><strong>qurestio.</strong></span> <span class='ocrx_word' id='word_1_425' title='bbox 1207 5539 1386 5610; x_wconf 87' lang='lat' dir='ltr'><strong>Itaque</strong></span> <span class='ocrx_word' id='word_1_426' title='bbox 1406 5540 1597 5597; x_wconf 89' lang='lat' dir='ltr'><strong>hortati</strong></span> <span class='ocrx_word' id='word_1_427' title='bbox 1619 5558 1739 5598; x_wconf 89' lang='lat' dir='ltr'><strong>eum</strong></span> <span class='ocrx_word' id='word_1_428' title='bbox 1760 5558 1941 5599; x_wconf 89' lang='lat' dir='ltr'><strong>sumus</strong></span> <span class='ocrx_word' id='word_1_429' title='bbox 1963 5548 2193 5602; x_wconf 88' lang='lat' dir='ltr'><strong>utetiam</strong></span> 
     </span>
    </p>
   </div>
   <div class='ocr_carea' id='block_1_58' title="bbox 628 5627 2198 5701">
    <p class='ocr_par' dir='ltr' id='par_1_58' title="bbox 628 5627 2198 5701">
     <span class='ocr_line' id='line_1_58' title="bbox 628 5627 2198 5701; baseline 0.013 -28"><span class='ocrx_word' id='word_1_430' title='bbox 628 5632 783 5692; x_wconf 88' lang='lat' dir='ltr'><strong>atque</strong></span> <span class='ocrx_word' id='word_1_431' title='bbox 808 5627 966 5679; x_wconf 79' lang='lat' dir='ltr'><strong>etiam</strong></span> <span class='ocrx_word' id='word_1_432' title='bbox 992 5629 1192 5696; x_wconf 88' lang='lat' dir='ltr'><strong>placido</strong></span> <span class='ocrx_word' id='word_1_433' title='bbox 1221 5640 1376 5699; x_wconf 89' lang='lat' dir='ltr'><strong>atque</strong></span> <span class='ocrx_word' id='word_1_434' title='bbox 1403 5640 1589 5701; x_wconf 90' lang='lat' dir='ltr'><strong>pacato</strong></span> <span class='ocrx_word' id='word_1_435' title='bbox 1617 5634 1793 5688; x_wconf 88' lang='lat' dir='ltr'><strong>animo</strong></span> <span class='ocrx_word' id='word_1_436' title='bbox 1819 5636 2083 5691; x_wconf 88' lang='lat' dir='ltr'><strong>annitatur</strong></span> <span class='ocrx_word' id='word_1_437' title='bbox 2103 5653 2198 5693; x_wconf 84' lang='lat' dir='ltr'><strong>no-</strong></span> 
     </span>
    </p>
   </div>
   <div class='ocr_carea' id='block_1_59' title="bbox 627 5712 2197 5796">
    <p class='ocr_par' dir='ltr' id='par_1_59' title="bbox 627 5712 2197 5796">
     <span class='ocr_line' id='line_1_59' title="bbox 627 5712 2197 5796; baseline 0.011 -29"><span class='ocrx_word' id='word_1_438' title='bbox 627 5712 850 5780; x_wconf 87' lang='lat' dir='ltr'><strong>biscum,</strong></span> <span class='ocrx_word' id='word_1_439' title='bbox 881 5723 940 5769; x_wconf 89' lang='lat' dir='ltr'><strong>ut</strong></span> <span class='ocrx_word' id='word_1_440' title='bbox 971 5715 1193 5788; x_wconf 62' lang='lat' dir='ltr'><strong>Siligenti</strong></span> <span class='ocrx_word' id='word_1_441' title='bbox 1221 5721 1606 5777; x_wconf 84' lang='lat' dir='ltr'><strong>examinatione</strong></span> <span class='ocrx_word' id='word_1_442' title='bbox 1633 5732 1772 5778; x_wconf 88' lang='lat' dir='ltr'><strong>tanta</strong></span> <span class='ocrx_word' id='word_1_443' title='bbox 1802 5725 2067 5796; x_wconf 90' lang='lat' dir='ltr'><strong>inquisitio</strong></span> <span class='ocrx_word' id='word_1_444' title='bbox 2092 5738 2197 5783; x_wconf 85' lang='lat' dir='ltr'><strong>ter-</strong></span> 
     </span>
    </p>
   </div>
   <div class='ocr_carea' id='block_1_60' title="bbox 627 5801 2195 5882">
    <p class='ocr_par' dir='ltr' id='par_1_60' title="bbox 627 5801 2195 5882">
     <span class='ocr_line' id='line_1_60' title="bbox 627 5801 2195 5882; baseline 0.015 -27"><span class='ocrx_word' id='word_1_445' title='bbox 627 5801 828 5858; x_wconf 82' lang='lat' dir='ltr'><strong>minum</strong></span> <span class='ocrx_word' id='word_1_446' title='bbox 865 5817 1054 5862; x_wconf 88' lang='lat' dir='ltr'><strong>sumat.</strong></span> <span class='ocrx_word' id='word_1_447' title='bbox 1089 5810 1187 5870; x_wconf 81' lang='lat' dir='ltr'><strong>libi</strong></span> <span class='ocrx_word' id='word_1_448' title='bbox 1225 5811 1312 5866; x_wconf 92' lang='lat' dir='ltr'><strong>ille</strong></span> <span class='ocrx_word' id='word_1_449' title='bbox 1341 5811 1561 5882; x_wconf 78' lang='lat' dir='ltr'><strong>benigne</strong></span> <span class='ocrx_word' id='word_1_450' title='bbox 1591 5829 1708 5869; x_wconf 92' lang='lat' dir='ltr'><strong>cum</strong></span> <span class='ocrx_word' id='word_1_451' title='bbox 1747 5815 1944 5874; x_wconf 82' lang='lat' dir='ltr'><strong>diceret</strong></span> <span class='ocrx_word' id='word_1_452' title='bbox 1982 5833 2079 5874; x_wconf 90' lang='lat' dir='ltr'><strong>nos</strong></span> <span class='ocrx_word' id='word_1_453' title='bbox 2108 5837 2195 5878; x_wconf 82' lang='lat' dir='ltr'><strong>so—</strong></span> 
     </span>
    </p>
   </div>
   <div class='ocr_carea' id='block_1_61' title="bbox 1787 377 2587 461">
    <p class='ocr_par' dir='ltr' id='par_1_61' title="bbox 1787 377 2587 461">
     <span class='ocr_line' id='line_1_61' title="bbox 1787 377 2587 461; baseline 0.004 -3"><span class='ocrx_word' id='word_1_454' title='bbox 1787 377 1843 458; x_wconf 76' lang='grc' dir='ltr'><strong>ε.</strong></span> <span class='ocrx_word' id='word_1_455' title='bbox 1886 399 2250 458; x_wconf 66' lang='lat' dir='ltr'><strong>auersum</strong></span> <span class='ocrx_word' id='word_1_456' title='bbox 2289 401 2587 461; x_wconf 80' lang='lat' dir='ltr'><strong>mscort</strong></span> 
     </span>
    </p>
   </div>
   <div class='ocr_carea' id='block_1_62' title="bbox 2239 517 3802 590">
    <p class='ocr_par' dir='ltr' id='par_1_62' title="bbox 2239 517 3802 590">
     <span class='ocr_line' id='line_1_62' title="bbox 2239 517 3802 590; baseline 0.006 -21"><span class='ocrx_word' id='word_1_457' title='bbox 2239 517 2346 572; x_wconf 93' lang='lat' dir='ltr'><strong>lum</strong></span> <span class='ocrx_word' id='word_1_458' title='bbox 2375 519 2470 573; x_wconf 88' lang='lat' dir='ltr'><strong>ista</strong></span> <span class='ocrx_word' id='word_1_459' title='bbox 2501 534 2760 590; x_wconf 66' lang='lat' dir='ltr'><strong>quaerere,</strong></span> <span class='ocrx_word' id='word_1_460' title='bbox 2785 519 2925 575; x_wconf 92' lang='lat' dir='ltr'><strong>nolle</strong></span> <span class='ocrx_word' id='word_1_461' title='bbox 2953 529 3127 574; x_wconf 88' lang='lat' dir='ltr'><strong>autem</strong></span> <span class='ocrx_word' id='word_1_462' title='bbox 3156 529 3363 575; x_wconf 89' lang='lat' dir='ltr'><strong>nostros</strong></span> <span class='ocrx_word' id='word_1_463' title='bbox 3385 519 3499 575; x_wconf 67' lang='lat' dir='ltr'><strong>bare</strong></span> <span class='ocrx_word' id='word_1_464' title='bbox 3525 521 3717 590; x_wconf 78' lang='lat' dir='ltr'><strong>qutnri;</strong></span> <span class='ocrx_word' id='word_1_465' title='bbox 3738 538 3802 579; x_wconf 80' lang='lat' dir='ltr'><strong>ea</strong></span> 
     </span>
    </p>
   </div>
   <div class='ocr_carea' id='block_1_63' title="bbox 2240 607 3804 679">
    <p class='ocr_par' dir='ltr' id='par_1_63' title="bbox 2240 607 3804 679">
     <span class='ocr_line' id='line_1_63' title="bbox 2240 607 3804 679; baseline 0.004 -17"><span class='ocrx_word' id='word_1_466' title='bbox 2240 607 2376 664; x_wconf 82' lang='lat' dir='ltr'><strong>facta</strong></span> <span class='ocrx_word' id='word_1_467' title='bbox 2430 610 2805 679; x_wconf 85' lang='lat' dir='ltr'><strong>pollicitatione</strong></span> <span class='ocrx_word' id='word_1_468' title='bbox 2846 609 3218 676; x_wconf 88' lang='lat' dir='ltr'><strong>discessimus,</strong></span> <span class='ocrx_word' id='word_1_469' title='bbox 3255 617 3315 665; x_wconf 90' lang='lat' dir='ltr'><strong>ut</strong></span> <span class='ocrx_word' id='word_1_470' title='bbox 3350 609 3716 666; x_wconf 80' lang='lat' dir='ltr'><strong>exhiberemus</strong></span> <span class='ocrx_word' id='word_1_471' title='bbox 3753 612 3804 668; x_wconf 87' lang='lat' dir='ltr'><strong>ei</strong></span> 
     </span>
    </p>
   </div>
   <div class='ocr_carea' id='block_1_64' title="bbox 2240 700 3809 771">
    <p class='ocr_par' dir='ltr' id='par_1_64' title="bbox 2240 700 3809 771">
     <span class='ocr_line' id='line_1_64' title="bbox 2240 700 3809 771; baseline 0.003 -19"><span class='ocrx_word' id='word_1_472' title='bbox 2240 701 2416 769; x_wconf 86' lang='lat' dir='ltr'><strong>plures</strong></span> <span class='ocrx_word' id='word_1_473' title='bbox 2436 700 2666 771; x_wconf 74' lang='lat' dir='ltr'><strong>collegas</strong></span> <span class='ocrx_word' id='word_1_474' title='bbox 2689 710 2916 766; x_wconf 88' lang='lat' dir='ltr'><strong>nostros,</strong></span> <span class='ocrx_word' id='word_1_475' title='bbox 2940 711 3084 755; x_wconf 78' lang='lat' dir='ltr'><strong>certe</strong></span> <span class='ocrx_word' id='word_1_476' title='bbox 3107 700 3190 755; x_wconf 90' lang='lat' dir='ltr'><strong>vel</strong></span> <span class='ocrx_word' id='word_1_477' title='bbox 3207 700 3411 766; x_wconf 80' lang='lat' dir='ltr'><strong>decem,</strong></span> <span class='ocrx_word' id='word_1_478' title='bbox 3442 701 3531 770; x_wconf 89' lang='lat' dir='ltr'><strong>qui</strong></span> <span class='ocrx_word' id='word_1_479' title='bbox 3558 709 3695 754; x_wconf 88' lang='lat' dir='ltr'><strong>tanta</strong></span> <span class='ocrx_word' id='word_1_480' title='bbox 3714 700 3809 756; x_wconf 86' lang='lat' dir='ltr'><strong>be-</strong></span> 
     </span>
    </p>
   </div>
   <div class='ocr_carea' id='block_1_65' title="bbox 2245 791 3804 862">
    <p class='ocr_par' dir='ltr' id='par_1_65' title="bbox 2245 791 3804 862">
     <span class='ocr_line' id='line_1_65' title="bbox 2245 791 3804 862; baseline 0.003 -19"><span class='ocrx_word' id='word_1_481' title='bbox 2245 791 2543 846; x_wconf 83' lang='lat' dir='ltr'><strong>nevolentia</strong></span> <span class='ocrx_word' id='word_1_482' title='bbox 2567 802 2620 847; x_wconf 91' lang='lat' dir='ltr'><strong>et</strong></span> <span class='ocrx_word' id='word_1_483' title='bbox 2657 792 2870 848; x_wconf 89' lang='lat' dir='ltr'><strong>lenitate</strong></span> <span class='ocrx_word' id='word_1_484' title='bbox 2896 801 2951 848; x_wconf 90' lang='lat' dir='ltr'><strong>et</strong></span> <span class='ocrx_word' id='word_1_485' title='bbox 2977 802 3080 847; x_wconf 91' lang='lat' dir='ltr'><strong>tam</strong></span> <span class='ocrx_word' id='word_1_486' title='bbox 3110 793 3196 862; x_wconf 90' lang='lat' dir='ltr'><strong>pio</strong></span> <span class='ocrx_word' id='word_1_487' title='bbox 3221 793 3395 848; x_wconf 83' lang='lat' dir='ltr'><strong>studio</strong></span> <span class='ocrx_word' id='word_1_488' title='bbox 3419 792 3471 848; x_wconf 84' lang='lat' dir='ltr'><strong>id</strong></span> <span class='ocrx_word' id='word_1_489' title='bbox 3502 793 3662 862; x_wconf 64' lang='lat' dir='ltr'><strong>quaeri</strong></span> <span class='ocrx_word' id='word_1_490' title='bbox 3688 792 3804 848; x_wconf 82' lang='lat' dir='ltr'><strong>vel-</strong></span> 
     </span>
    </p>
   </div>
   <div class='ocr_carea' id='block_1_66' title="bbox 2244 881 3810 954">
    <p class='ocr_par' dir='ltr' id='par_1_66' title="bbox 2244 881 3810 954">
     <span class='ocr_line' id='line_1_66' title="bbox 2244 881 3810 954; baseline 0.003 -19"><span class='ocrx_word' id='word_1_491' title='bbox 2244 881 2371 948; x_wconf 92' lang='lat' dir='ltr'><strong>lent,</strong></span> <span class='ocrx_word' id='word_1_492' title='bbox 2397 890 2648 952; x_wconf 89' lang='lat' dir='ltr'><strong>quantum</strong></span> <span class='ocrx_word' id='word_1_493' title='bbox 2676 883 2727 936; x_wconf 91' lang='lat' dir='ltr'><strong>in</strong></span> <span class='ocrx_word' id='word_1_494' title='bbox 2750 883 2900 938; x_wconf 87' lang='lat' dir='ltr'><strong>nobis</strong></span> <span class='ocrx_word' id='word_1_495' title='bbox 2919 899 3038 937; x_wconf 91' lang='lat' dir='ltr'><strong>eum</strong></span> <span class='ocrx_word' id='word_1_496' title='bbox 3060 883 3170 952; x_wconf 84' lang='lat' dir='ltr'><strong>jam</strong></span> <span class='ocrx_word' id='word_1_497' title='bbox 3195 883 3626 938; x_wconf 86' lang='lat' dir='ltr'><strong>animadvertisse</strong></span> <span class='ocrx_word' id='word_1_498' title='bbox 3653 894 3810 954; x_wconf 86' lang='lat' dir='ltr'><strong>atque</strong></span> 
     </span>
    </p>
   </div>
   <div class='ocr_carea' id='block_1_67' title="bbox 2243 976 3810 1044">
    <p class='ocr_par' dir='ltr' id='par_1_67' title="bbox 2243 976 3810 1044">
     <span class='ocr_line' id='line_1_67' title="bbox 2243 976 3810 1044; baseline 0.002 -14"><span class='ocrx_word' id='word_1_499' title='bbox 2243 976 2537 1044; x_wconf 81' lang='lat' dir='ltr'><strong>approbare</strong></span> <span class='ocrx_word' id='word_1_500' title='bbox 2573 977 2948 1032; x_wconf 84' lang='lat' dir='ltr'><strong>sentiebamus.</strong></span> <span class='ocrx_word' id='word_1_501' title='bbox 2994 978 3105 1034; x_wconf 79' lang='lat' dir='ltr'><strong>Hoc</strong></span> <span class='ocrx_word' id='word_1_502' title='bbox 3143 979 3300 1033; x_wconf 85' lang='lat' dir='ltr'><strong>etiam</strong></span> <span class='ocrx_word' id='word_1_503' title='bbox 3348 977 3415 1033; x_wconf 91' lang='lat' dir='ltr'><strong>de</strong></span> <span class='ocrx_word' id='word_1_504' title='bbox 3458 993 3673 1034; x_wconf 87' lang='lat' dir='ltr'><strong>suorum</strong></span> <span class='ocrx_word' id='word_1_505' title='bbox 3708 995 3810 1033; x_wconf 87' lang='lat' dir='ltr'><strong>nu-</strong></span> 
     </span>
    </p>
   </div>
   <div class='ocr_carea' id='block_1_68' title="bbox 2245 1066 3020 1136">
    <p class='ocr_par' dir='ltr' id='par_1_68' title="bbox 2245 1066 3020 1136">
     <span class='ocr_line' id='line_1_68' title="bbox 2245 1066 3020 1136; baseline 0.001 -17"><span class='ocrx_word' id='word_1_506' title='bbox 2245 1076 2393 1120; x_wconf 84' lang='lat' dir='ltr'><strong>mero</strong></span> <span class='ocrx_word' id='word_1_507' title='bbox 2421 1075 2475 1121; x_wconf 90' lang='lat' dir='ltr'><strong>et</strong></span> <span class='ocrx_word' id='word_1_508' title='bbox 2499 1066 2610 1133; x_wconf 90' lang='lat' dir='ltr'><strong>ipse</strong></span> <span class='ocrx_word' id='word_1_509' title='bbox 2637 1067 2899 1136; x_wconf 87' lang='lat' dir='ltr'><strong>pollicitus</strong></span> <span class='ocrx_word' id='word_1_510' title='bbox 2919 1079 3020 1122; x_wconf 88' lang='lat' dir='ltr'><strong>est.</strong></span> 
     </span>
    </p>
   </div>
   <div class='ocr_carea' id='block_1_69' title="bbox 2316 1157 3815 1225">
    <p class='ocr_par' dir='ltr' id='par_1_69' title="bbox 2316 1157 3815 1225">
     <span class='ocr_line' id='line_1_69' title="bbox 2316 1157 3815 1225; baseline 0.001 -15"><span class='ocrx_word' id='word_1_511' title='bbox 2316 1157 2537 1212; x_wconf 81' lang='lat' dir='ltr'><strong>CAPUT</strong></span> <span class='ocrx_word' id='word_1_512' title='bbox 2567 1158 2649 1213; x_wconf 74' lang='lat' dir='ltr'><strong>Vl.</strong></span> <span class='ocrx_word' id='word_1_513' title='bbox 2681 1158 3017 1214; x_wconf 78' lang='lat' dir='ltr'><strong>—15.Unde</strong></span> <span class='ocrx_word' id='word_1_514' title='bbox 3044 1173 3141 1213; x_wconf 87' lang='lat' dir='ltr'><strong>vos</strong></span> <span class='ocrx_word' id='word_1_515' title='bbox 3171 1158 3352 1212; x_wconf 89' lang='lat' dir='ltr'><strong>hortor</strong></span> <span class='ocrx_word' id='word_1_516' title='bbox 3377 1166 3431 1213; x_wconf 89' lang='lat' dir='ltr'><strong>et</strong></span> <span class='ocrx_word' id='word_1_517' title='bbox 3455 1158 3690 1212; x_wconf 85' lang='lat' dir='ltr'><strong>obtestor</strong></span> <span class='ocrx_word' id='word_1_518' title='bbox 3717 1170 3815 1225; x_wconf 90' lang='lat' dir='ltr'><strong>per</strong></span> 
     </span>
    </p>
   </div>
   <div class='ocr_carea' id='block_1_70' title="bbox 2247 1247 3813 1318">
    <p class='ocr_par' dir='ltr' id='par_1_70' title="bbox 2247 1247 3813 1318">
     <span class='ocr_line' id='line_1_70' title="bbox 2247 1247 3813 1318; baseline 0 -18"><span class='ocrx_word' id='word_1_519' title='bbox 2247 1247 2455 1301; x_wconf 89' lang='lat' dir='ltr'><strong>Domini</strong></span> <span class='ocrx_word' id='word_1_520' title='bbox 2482 1249 2814 1318; x_wconf 85' lang='lat' dir='ltr'><strong>sanguinem,</strong></span> <span class='ocrx_word' id='word_1_521' title='bbox 2832 1257 2891 1302; x_wconf 91' lang='lat' dir='ltr'><strong>ut</strong></span> <span class='ocrx_word' id='word_1_522' title='bbox 2905 1264 3024 1303; x_wconf 91' lang='lat' dir='ltr'><strong>eum</strong></span> <span class='ocrx_word' id='word_1_523' title='bbox 3048 1248 3292 1318; x_wconf 91' lang='lat' dir='ltr'><strong>promissi</strong></span> <span class='ocrx_word' id='word_1_524' title='bbox 3313 1249 3392 1301; x_wconf 79' lang='lat' dir='ltr'><strong>sui</strong></span> <span class='ocrx_word' id='word_1_525' title='bbox 3412 1247 3813 1312; x_wconf 84' lang='lat' dir='ltr'><strong>commoneatis,</strong></span> 
     </span>
    </p>
   </div>
   <div class='ocr_carea' id='block_1_71' title="bbox 2249 1340 3817 1410">
    <p class='ocr_par' dir='ltr' id='par_1_71' title="bbox 2249 1340 3817 1410">
     <span class='ocr_line' id='line_1_71' title="bbox 2249 1340 3817 1410; baseline -0.002 -16"><span class='ocrx_word' id='word_1_526' title='bbox 2249 1348 2304 1394; x_wconf 89' lang='lat' dir='ltr'><strong>et</strong></span> <span class='ocrx_word' id='word_1_527' title='bbox 2331 1340 2568 1410; x_wconf 80' lang='lat' dir='ltr'><strong>gnaviter</strong></span> <span class='ocrx_word' id='word_1_528' title='bbox 2609 1340 2848 1405; x_wconf 89' lang='lat' dir='ltr'><strong>instetis,</strong></span> <span class='ocrx_word' id='word_1_529' title='bbox 2889 1349 2947 1394; x_wconf 93' lang='lat' dir='ltr'><strong>ut</strong></span> <span class='ocrx_word' id='word_1_530' title='bbox 2985 1356 3071 1394; x_wconf 91' lang='lat' dir='ltr'><strong>res</strong></span> <span class='ocrx_word' id='word_1_531' title='bbox 3103 1347 3276 1408; x_wconf 75' lang='lat' dir='ltr'><strong>empta</strong></span> <span class='ocrx_word' id='word_1_532' title='bbox 3315 1347 3612 1407; x_wconf 80' lang='lat' dir='ltr'><strong>peragatur,</strong></span> <span class='ocrx_word' id='word_1_533' title='bbox 3657 1351 3817 1407; x_wconf 86' lang='lat' dir='ltr'><strong>quam</strong></span> 
     </span>
    </p>
   </div>
   <div class='ocr_carea' id='block_1_72' title="bbox 2252 1428 3818 1499">
    <p class='ocr_par' dir='ltr' id='par_1_72' title="bbox 2252 1428 3818 1499">
     <span class='ocr_line' id='line_1_72' title="bbox 2252 1428 3818 1499; baseline -0.002 -16"><span class='ocrx_word' id='word_1_534' title='bbox 2252 1445 2416 1499; x_wconf 85' lang='lat' dir='ltr'><strong>prope</strong></span> <span class='ocrx_word' id='word_1_535' title='bbox 2451 1430 2517 1484; x_wconf 90' lang='lat' dir='ltr'><strong>ad</strong></span> <span class='ocrx_word' id='word_1_536' title='bbox 2565 1431 2723 1485; x_wconf 84' lang='lat' dir='ltr'><strong>finem</strong></span> <span class='ocrx_word' id='word_1_537' title='bbox 2765 1431 3072 1498; x_wconf 82' lang='lat' dir='ltr'><strong>pervenisse</strong></span> <span class='ocrx_word' id='word_1_538' title='bbox 3117 1431 3225 1498; x_wconf 85' lang='lat' dir='ltr'><strong>jam</strong></span> <span class='ocrx_word' id='word_1_539' title='bbox 3270 1429 3506 1483; x_wconf 83' lang='lat' dir='ltr'><strong>cernitis.</strong></span> <span class='ocrx_word' id='word_1_540' title='bbox 3551 1428 3818 1494; x_wconf 84' lang='lat' dir='ltr'><strong>Quantum</strong></span> 
     </span>
    </p>
   </div>
   <div class='ocr_carea' id='block_1_73' title="bbox 2251 1516 3822 1589">
    <p class='ocr_par' dir='ltr' id='par_1_73' title="bbox 2251 1516 3822 1589">
     <span class='ocr_line' id='line_1_73' title="bbox 2251 1516 3822 1589; baseline -0.003 -13"><span class='ocrx_word' id='word_1_541' title='bbox 2251 1522 2392 1576; x_wconf 89' lang='lat' dir='ltr'><strong>enim</strong></span> <span class='ocrx_word' id='word_1_542' title='bbox 2420 1521 2671 1583; x_wconf 85' lang='lat' dir='ltr'><strong>arbitror,</strong></span> <span class='ocrx_word' id='word_1_543' title='bbox 2697 1520 3002 1574; x_wconf 79' lang='lat' dir='ltr'><strong>difﬁcillime</strong></span> <span class='ocrx_word' id='word_1_544' title='bbox 3029 1519 3244 1589; x_wconf 78' lang='lat' dir='ltr'><strong>petestis</strong></span> <span class='ocrx_word' id='word_1_545' title='bbox 3271 1519 3506 1573; x_wconf 81' lang='lat' dir='ltr'><strong>invenire</strong></span> <span class='ocrx_word' id='word_1_546' title='bbox 3537 1518 3589 1571; x_wconf 88' lang='lat' dir='ltr'><strong>in</strong></span> <span class='ocrx_word' id='word_1_547' title='bbox 3615 1516 3822 1586; x_wconf 83' lang='lat' dir='ltr'><strong>episeo-</strong></span> 
     </span>
    </p>
   </div>
   <div class='ocr_carea' id='block_1_74' title="bbox 2253 1609 3821 1681">
    <p class='ocr_par' dir='ltr' id='par_1_74' title="bbox 2253 1609 3821 1681">
     <span class='ocr_line' id='line_1_74' title="bbox 2253 1609 3821 1681; baseline -0.003 -17"><span class='ocrx_word' id='word_1_548' title='bbox 2253 1613 2333 1681; x_wconf 93' lang='lat' dir='ltr'><strong>pis</strong></span> <span class='ocrx_word' id='word_1_549' title='bbox 2358 1612 2545 1665; x_wconf 89' lang='lat' dir='ltr'><strong>vestris</strong></span> <span class='ocrx_word' id='word_1_550' title='bbox 2572 1620 2676 1666; x_wconf 88' lang='lat' dir='ltr'><strong>tam</strong></span> <span class='ocrx_word' id='word_1_551' title='bbox 2709 1611 2890 1665; x_wconf 91' lang='lat' dir='ltr'><strong>utilem</strong></span> <span class='ocrx_word' id='word_1_552' title='bbox 2929 1611 3159 1664; x_wconf 86' lang='lat' dir='ltr'><strong>animum</strong></span> <span class='ocrx_word' id='word_1_553' title='bbox 3201 1620 3255 1662; x_wconf 91' lang='lat' dir='ltr'><strong>et</strong></span> <span class='ocrx_word' id='word_1_554' title='bbox 3283 1609 3634 1668; x_wconf 84' lang='lat' dir='ltr'><strong>voluntatem.</strong></span> <span class='ocrx_word' id='word_1_555' title='bbox 3661 1620 3821 1676; x_wconf 88' lang='lat' dir='ltr'><strong>quam</strong></span> 
     </span>
    </p>
   </div>
   <div class='ocr_carea' id='block_1_75' title="bbox 2253 1695 3822 1770">
    <p class='ocr_par' dir='ltr' id='par_1_75' title="bbox 2253 1695 3822 1770">
     <span class='ocr_line' id='line_1_75' title="bbox 2253 1695 3822 1770; baseline -0.004 -15"><span class='ocrx_word' id='word_1_556' title='bbox 2253 1703 2304 1755; x_wconf 92' lang='lat' dir='ltr'><strong>iu</strong></span> <span class='ocrx_word' id='word_1_557' title='bbox 2344 1702 2446 1757; x_wconf 93' lang='lat' dir='ltr'><strong>isto</strong></span> <span class='ocrx_word' id='word_1_558' title='bbox 2472 1715 2599 1756; x_wconf 90' lang='lat' dir='ltr'><strong>sene</strong></span> <span class='ocrx_word' id='word_1_559' title='bbox 2625 1701 3012 1770; x_wconf 78' lang='lat' dir='ltr'><strong>perspeximus.</strong></span> <span class='ocrx_word' id='word_1_560' title='bbox 3040 1700 3261 1754; x_wconf 88' lang='lat' dir='ltr'><strong>Postero</strong></span> <span class='ocrx_word' id='word_1_561' title='bbox 3301 1699 3440 1752; x_wconf 90' lang='lat' dir='ltr'><strong>enim</strong></span> <span class='ocrx_word' id='word_1_562' title='bbox 3483 1697 3569 1752; x_wconf 87' lang='lat' dir='ltr'><strong>die</strong></span> <span class='ocrx_word' id='word_1_563' title='bbox 3608 1697 3726 1766; x_wconf 88' lang='lat' dir='ltr'><strong>ipse</strong></span> <span class='ocrx_word' id='word_1_564' title='bbox 3755 1695 3822 1749; x_wconf 81' lang='lat' dir='ltr'><strong>ad</strong></span> 
     </span>
    </p>
   </div>
   <div class='ocr_carea' id='block_1_76' title="bbox 2254 1782 3824 1858">
    <p class='ocr_par' dir='ltr' id='par_1_76' title="bbox 2254 1782 3824 1858">
     <span class='ocr_line' id='line_1_76' title="bbox 2254 1782 3824 1858; baseline -0.005 -12"><span class='ocrx_word' id='word_1_565' title='bbox 2254 1806 2351 1846; x_wconf 91' lang='lat' dir='ltr'><strong>nos</strong></span> <span class='ocrx_word' id='word_1_566' title='bbox 2375 1790 2550 1855; x_wconf 87' lang='lat' dir='ltr'><strong>venit,</strong></span> <span class='ocrx_word' id='word_1_567' title='bbox 2579 1798 2635 1844; x_wconf 90' lang='lat' dir='ltr'><strong>et</strong></span> <span class='ocrx_word' id='word_1_568' title='bbox 2669 1789 2783 1844; x_wconf 69' lang='lat' dir='ltr'><strong>haec</strong></span> <span class='ocrx_word' id='word_1_569' title='bbox 2814 1789 3004 1844; x_wconf 89' lang='lat' dir='ltr'><strong>iterum</strong></span> <span class='ocrx_word' id='word_1_570' title='bbox 3047 1803 3288 1858; x_wconf 59' lang='lat' dir='ltr'><strong>quaerere</strong></span> <span class='ocrx_word' id='word_1_571' title='bbox 3321 1800 3672 1855; x_wconf 65' lang='lat' dir='ltr'><strong>cmperamus.</strong></span> <span class='ocrx_word' id='word_1_572' title='bbox 3719 1782 3824 1839; x_wconf 89' lang='lat' dir='ltr'><strong>Sed</strong></span> 
     </span>
    </p>
   </div>
   <div class='ocr_carea' id='block_1_77' title="bbox 2255 1878 3824 1951">
    <p class='ocr_par' dir='ltr' id='par_1_77' title="bbox 2255 1878 3824 1951">
     <span class='ocr_line' id='line_1_77' title="bbox 2255 1878 3824 1951; baseline -0.004 -17"><span class='ocrx_word' id='word_1_573' title='bbox 2255 1883 2376 1951; x_wconf 89' lang='lat' dir='ltr'><strong>quia</strong></span> <span class='ocrx_word' id='word_1_574' title='bbox 2406 1881 2684 1936; x_wconf 89' lang='lat' dir='ltr'><strong>ordinandi</strong></span> <span class='ocrx_word' id='word_1_575' title='bbox 2723 1882 2955 1950; x_wconf 88' lang='lat' dir='ltr'><strong>episcopi</strong></span> <span class='ocrx_word' id='word_1_576' title='bbox 2983 1881 3271 1934; x_wconf 86' lang='lat' dir='ltr'><strong>necessitas</strong></span> <span class='ocrx_word' id='word_1_577' title='bbox 3310 1894 3407 1932; x_wconf 91' lang='lat' dir='ltr'><strong>nos</strong></span> <span class='ocrx_word' id='word_1_578' title='bbox 3433 1879 3552 1932; x_wconf 87' lang='lat' dir='ltr'><strong>inde</strong></span> <span class='ocrx_word' id='word_1_579' title='bbox 3572 1878 3824 1946; x_wconf 84' lang='lat' dir='ltr'><strong>jamjam-</strong></span> 
     </span>
    </p>
   </div>
   <div class='ocr_carea' id='block_1_78' title="bbox 2255 1966 3826 2041">
    <p class='ocr_par' dir='ltr' id='par_1_78' title="bbox 2255 1966 3826 2041">
     <span class='ocr_line' id='line_1_78' title="bbox 2255 1966 3826 2041; baseline -0.003 -17"><span class='ocrx_word' id='word_1_580' title='bbox 2255 1987 2358 2041; x_wconf 87' lang='lat' dir='ltr'><strong>quc</strong></span> <span class='ocrx_word' id='word_1_581' title='bbox 2380 1971 2632 2040; x_wconf 87' lang='lat' dir='ltr'><strong>rapiebat,</strong></span> <span class='ocrx_word' id='word_1_582' title='bbox 2663 1970 2861 2025; x_wconf 88' lang='lat' dir='ltr'><strong>diutius</strong></span> <span class='ocrx_word' id='word_1_583' title='bbox 2901 1983 3020 2024; x_wconf 89' lang='lat' dir='ltr'><strong>cum</strong></span> <span class='ocrx_word' id='word_1_584' title='bbox 3060 1971 3147 2024; x_wconf 92' lang='lat' dir='ltr'><strong>illo</strong></span> <span class='ocrx_word' id='word_1_585' title='bbox 3173 1984 3291 2024; x_wconf 89' lang='lat' dir='ltr'><strong>esse</strong></span> <span class='ocrx_word' id='word_1_586' title='bbox 3329 1968 3682 2038; x_wconf 86' lang='lat' dir='ltr'><strong>nequivimus.</strong></span> <span class='ocrx_word' id='word_1_587' title='bbox 3708 1966 3826 2022; x_wconf 78' lang='lat' dir='ltr'><strong>Jam</strong></span> 
     </span>
    </p>
   </div>
   <div class='ocr_carea' id='block_1_79' title="bbox 2258 2056 3827 2128">
    <p class='ocr_par' dir='ltr' id='par_1_79' title="bbox 2258 2056 3827 2128">
     <span class='ocr_line' id='line_1_79' title="bbox 2258 2056 3827 2128; baseline -0.003 -13"><span class='ocrx_word' id='word_1_588' title='bbox 2258 2061 2398 2115; x_wconf 87' lang='lat' dir='ltr'><strong>enim</strong></span> <span class='ocrx_word' id='word_1_589' title='bbox 2440 2062 2753 2114; x_wconf 86' lang='lat' dir='ltr'><strong>miseratnns</strong></span> <span class='ocrx_word' id='word_1_590' title='bbox 2778 2061 2842 2114; x_wconf 90' lang='lat' dir='ltr'><strong>ad</strong></span> <span class='ocrx_word' id='word_1_591' title='bbox 2880 2061 3130 2128; x_wconf 80' lang='lat' dir='ltr'><strong>Majurem</strong></span> <span class='ocrx_word' id='word_1_592' title='bbox 3168 2059 3540 2114; x_wconf 60' lang='lat' dir='ltr'><strong>Caelicolarnm</strong></span> <span class='ocrx_word' id='word_1_593' title='bbox 3571 2056 3645 2128; x_wconf 78' lang='grc' dir='ltr'><strong>(ιι)</strong></span> <span class='ocrx_word' id='word_1_594' title='bbox 3665 2072 3827 2126; x_wconf 83' lang='lat' dir='ltr'><strong>quem</strong></span> 
     </span>
    </p>
   </div>
   <div class='ocr_carea' id='block_1_80' title="bbox 2257 2147 3831 2220">
    <p class='ocr_par' dir='ltr' id='par_1_80' title="bbox 2257 2147 3831 2220">
     <span class='ocr_line' id='line_1_80' title="bbox 2257 2147 3831 2220; baseline -0.003 -17"><span class='ocrx_word' id='word_1_595' title='bbox 2257 2150 2590 2204; x_wconf 87' lang='lat' dir='ltr'><strong>audieramus</strong></span> <span class='ocrx_word' id='word_1_596' title='bbox 2613 2150 2734 2206; x_wconf 90' lang='lat' dir='ltr'><strong>novi</strong></span> <span class='ocrx_word' id='word_1_597' title='bbox 2763 2149 2902 2220; x_wconf 89' lang='lat' dir='ltr'><strong>apud</strong></span> <span class='ocrx_word' id='word_1_598' title='bbox 2931 2164 3024 2204; x_wconf 86' lang='lat' dir='ltr'><strong>eos</strong></span> <span class='ocrx_word' id='word_1_599' title='bbox 3046 2149 3288 2218; x_wconf 86' lang='lat' dir='ltr'><strong>baptismi</strong></span> <span class='ocrx_word' id='word_1_600' title='bbox 3315 2149 3662 2201; x_wconf 85' lang='lat' dir='ltr'><strong>institutorem</strong></span> <span class='ocrx_word' id='word_1_601' title='bbox 3694 2147 3831 2200; x_wconf 77' lang='lat' dir='ltr'><strong>exti-</strong></span> 
     </span>
    </p>
   </div>
   <div class='ocr_carea' id='block_1_81' title="bbox 2260 2235 3827 2308">
    <p class='ocr_par' dir='ltr' id='par_1_81' title="bbox 2260 2235 3827 2308">
     <span class='ocr_line' id='line_1_81' title="bbox 2260 2235 3827 2308; baseline -0.004 -14"><span class='ocrx_word' id='word_1_602' title='bbox 2260 2241 2387 2296; x_wconf 89' lang='lat' dir='ltr'><strong>tisse</strong></span> <span class='ocrx_word' id='word_1_603' title='bbox 2407 2240 2448 2307; x_wconf 81' lang='grc'><strong>¹,</strong></span> <span class='ocrx_word' id='word_1_604' title='bbox 2470 2248 2525 2295; x_wconf 88' lang='lat' dir='ltr'><strong>et</strong></span> <span class='ocrx_word' id='word_1_605' title='bbox 2543 2240 2738 2295; x_wconf 90' lang='lat' dir='ltr'><strong>multos</strong></span> <span class='ocrx_word' id='word_1_606' title='bbox 2767 2240 2856 2294; x_wconf 92' lang='lat' dir='ltr'><strong>illo</strong></span> <span class='ocrx_word' id='word_1_607' title='bbox 2879 2240 3154 2308; x_wconf 79' lang='lat' dir='ltr'><strong>sacrilegio</strong></span> <span class='ocrx_word' id='word_1_608' title='bbox 3178 2239 3470 2301; x_wconf 77' lang='lat' dir='ltr'><strong>seduxisse,</strong></span> <span class='ocrx_word' id='word_1_609' title='bbox 3492 2245 3550 2290; x_wconf 93' lang='lat' dir='ltr'><strong>ut</strong></span> <span class='ocrx_word' id='word_1_610' title='bbox 3574 2249 3703 2288; x_wconf 84' lang='lat' dir='ltr'><strong>cum</strong></span> <span class='ocrx_word' id='word_1_611' title='bbox 3719 2235 3827 2300; x_wconf 82' lang='lat' dir='ltr'><strong>illo,</strong></span> 
     </span>
    </p>
   </div>
   <div class='ocr_carea' id='block_1_82' title="bbox 2260 2324 3831 2400">
    <p class='ocr_par' dir='ltr' id='par_1_82' title="bbox 2260 2324 3831 2400">
     <span class='ocr_line' id='line_1_82' title="bbox 2260 2324 3831 2400; baseline -0.003 -18"><span class='ocrx_word' id='word_1_612' title='bbox 2260 2337 2512 2400; x_wconf 89' lang='lat' dir='ltr'><strong>quantum</strong></span> <span class='ocrx_word' id='word_1_613' title='bbox 2557 2330 2720 2399; x_wconf 83' lang='lat' dir='ltr'><strong>ipsius</strong></span> <span class='ocrx_word' id='word_1_614' title='bbox 2751 2331 3003 2398; x_wconf 88' lang='lat' dir='ltr'><strong>temporis</strong></span> <span class='ocrx_word' id='word_1_615' title='bbox 3039 2328 3372 2399; x_wconf 87' lang='lat' dir='ltr'><strong>patiebantur</strong></span> <span class='ocrx_word' id='word_1_616' title='bbox 3415 2325 3668 2394; x_wconf 63' lang='lat' dir='ltr'><strong>angustiae</strong></span> <span class='ocrx_word' id='word_1_617' title='bbox 3688 2363 3708 2389; x_wconf 87' lang='lat'><strong>,</strong></span> <span class='ocrx_word' id='word_1_618' title='bbox 3732 2324 3831 2378; x_wconf 85' lang='lat' dir='ltr'><strong>ali-</strong></span> 
     </span>
    </p>
   </div>
   <div class='ocr_carea' id='block_1_83' title="bbox 2261 2419 3828 2488">
    <p class='ocr_par' dir='ltr' id='par_1_83' title="bbox 2261 2419 3828 2488">
     <span class='ocr_line' id='line_1_83' title="bbox 2261 2419 3828 2488; baseline -0.004 -16"><span class='ocrx_word' id='word_1_619' title='bbox 2261 2419 2382 2488; x_wconf 89' lang='lat' dir='ltr'><strong>quid</strong></span> <span class='ocrx_word' id='word_1_620' title='bbox 2409 2420 2768 2488; x_wconf 87' lang='lat' dir='ltr'><strong>loqueremur.</strong></span> <span class='ocrx_word' id='word_1_621' title='bbox 2799 2419 2966 2486; x_wconf 86' lang='lat' dir='ltr'><strong>Quem</strong></span> <span class='ocrx_word' id='word_1_622' title='bbox 2999 2428 3340 2488; x_wconf 88' lang='lat' dir='ltr'><strong>posteaquam</strong></span> <span class='ocrx_word' id='word_1_623' title='bbox 3371 2424 3646 2468; x_wconf 89' lang='lat' dir='ltr'><strong>venturum</strong></span> <span class='ocrx_word' id='word_1_624' title='bbox 3676 2427 3828 2467; x_wconf 85' lang='lat' dir='ltr'><strong>eom-</strong></span> 
     </span>
    </p>
   </div>
   <div class='ocr_carea' id='block_1_84' title="bbox 2260 2508 3836 2583">
    <p class='ocr_par' dir='ltr' id='par_1_84' title="bbox 2260 2508 3836 2583">
     <span class='ocr_line' id='line_1_84' title="bbox 2260 2508 3836 2583; baseline -0.006 -16"><span class='ocrx_word' id='word_1_625' title='bbox 2260 2513 2426 2583; x_wconf 91' lang='lat' dir='ltr'><strong>perit,</strong></span> <span class='ocrx_word' id='word_1_626' title='bbox 2452 2511 2639 2566; x_wconf 87' lang='lat' dir='ltr'><strong>videns</strong></span> <span class='ocrx_word' id='word_1_627' title='bbox 2680 2526 2778 2566; x_wconf 91' lang='lat' dir='ltr'><strong>nos</strong></span> <span class='ocrx_word' id='word_1_628' title='bbox 2815 2512 2952 2565; x_wconf 89' lang='lat' dir='ltr'><strong>aliud</strong></span> <span class='ocrx_word' id='word_1_629' title='bbox 2979 2510 3272 2579; x_wconf 87' lang='lat' dir='ltr'><strong>suscepisse</strong></span> <span class='ocrx_word' id='word_1_630' title='bbox 3296 2508 3584 2576; x_wconf 77' lang='lat' dir='ltr'><strong>negouum,</strong></span> <span class='ocrx_word' id='word_1_631' title='bbox 3620 2520 3748 2558; x_wconf 89' lang='lat' dir='ltr'><strong>eum</strong></span> <span class='ocrx_word' id='word_1_632' title='bbox 3782 2512 3836 2558; x_wconf 87' lang='lat' dir='ltr'><strong>et</strong></span> 
     </span>
    </p>
   </div>
   <div class='ocr_carea' id='block_1_85' title="bbox 2264 2595 3837 2672">
    <p class='ocr_par' dir='ltr' id='par_1_85' title="bbox 2264 2595 3837 2672">
     <span class='ocr_line' id='line_1_85' title="bbox 2264 2595 3837 2672; baseline -0.004 -16"><span class='ocrx_word' id='word_1_633' title='bbox 2264 2604 2433 2672; x_wconf 87' lang='lat' dir='ltr'><strong>ipsum</strong></span> <span class='ocrx_word' id='word_1_634' title='bbox 2463 2602 2641 2656; x_wconf 90' lang='lat' dir='ltr'><strong>nescio</strong></span> <span class='ocrx_word' id='word_1_635' title='bbox 2667 2618 2786 2672; x_wconf 69' lang='lat' dir='ltr'><strong>quae</strong></span> <span class='ocrx_word' id='word_1_636' title='bbox 2810 2602 3096 2656; x_wconf 88' lang='lat' dir='ltr'><strong>necessitas</strong></span> <span class='ocrx_word' id='word_1_637' title='bbox 3121 2598 3460 2668; x_wconf 80' lang='lat' dir='ltr'><strong>profectionis</strong></span> <span class='ocrx_word' id='word_1_638' title='bbox 3489 2606 3724 2667; x_wconf 71' lang='lat' dir='ltr'><strong>urget-et,</strong></span> <span class='ocrx_word' id='word_1_639' title='bbox 3747 2595 3837 2650; x_wconf 82' lang='lat' dir='ltr'><strong>be-</strong></span> 
     </span>
    </p>
   </div>
   <div class='ocr_carea' id='block_1_86' title="bbox 2265 2689 3272 2762">
    <p class='ocr_par' dir='ltr' id='par_1_86' title="bbox 2265 2689 3272 2762">
     <span class='ocr_line' id='line_1_86' title="bbox 2265 2689 3272 2762; baseline -0.007 -14"><span class='ocrx_word' id='word_1_640' title='bbox 2265 2693 2421 2762; x_wconf 72' lang='lat' dir='ltr'><strong>nigne</strong></span> <span class='ocrx_word' id='word_1_641' title='bbox 2441 2709 2470 2746; x_wconf 91' lang='lat' dir='ltr'><strong>a</strong></span> <span class='ocrx_word' id='word_1_642' title='bbox 2496 2692 2648 2746; x_wconf 89' lang='lat' dir='ltr'><strong>nobis</strong></span> <span class='ocrx_word' id='word_1_643' title='bbox 2678 2692 2984 2761; x_wconf 83' lang='lat' dir='ltr'><strong>placideque</strong></span> <span class='ocrx_word' id='word_1_644' title='bbox 3004 2689 3272 2744; x_wconf 88' lang='lat' dir='ltr'><strong>discessit.</strong></span> 
     </span>
    </p>
   </div>
   <div class='ocr_carea' id='block_1_87' title="bbox 2338 2777 3839 2848">
    <p class='ocr_par' dir='ltr' id='par_1_87' title="bbox 2338 2777 3839 2848">
     <span class='ocr_line' id='line_1_87' title="bbox 2338 2777 3839 2848; baseline -0.005 -9"><span class='ocrx_word' id='word_1_645' title='bbox 2338 2787 2425 2839; x_wconf 76' lang='grc'><strong>14.</strong></span> <span class='ocrx_word' id='word_1_646' title='bbox 2451 2785 2670 2840; x_wconf 82' lang='lat' dir='ltr'><strong>Videtur</strong></span> <span class='ocrx_word' id='word_1_647' title='bbox 2703 2794 2880 2839; x_wconf 88' lang='lat' dir='ltr'><strong>autem</strong></span> <span class='ocrx_word' id='word_1_648' title='bbox 2925 2783 3076 2848; x_wconf 85' lang='lat' dir='ltr'><strong>mihi,</strong></span> <span class='ocrx_word' id='word_1_649' title='bbox 3111 2791 3167 2835; x_wconf 91' lang='lat' dir='ltr'><strong>ut</strong></span> <span class='ocrx_word' id='word_1_650' title='bbox 3199 2779 3526 2834; x_wconf 86' lang='lat' dir='ltr'><strong>turbulentas</strong></span> <span class='ocrx_word' id='word_1_651' title='bbox 3560 2777 3749 2831; x_wconf 83' lang='lat' dir='ltr'><strong>turbas</strong></span> <span class='ocrx_word' id='word_1_652' title='bbox 3781 2785 3839 2831; x_wconf 73' lang='lat' dir='ltr'><strong>et</strong></span> 
     </span>
    </p>
   </div>
   <div class='ocr_carea' id='block_1_88' title="bbox 2266 2867 3842 2945">
    <p class='ocr_par' dir='ltr' id='par_1_88' title="bbox 2266 2867 3842 2945">
     <span class='ocr_line' id='line_1_88' title="bbox 2266 2867 3842 2945; baseline -0.006 -15"><span class='ocrx_word' id='word_1_653' title='bbox 2266 2875 2702 2945; x_wconf 90' lang='lat' dir='ltr'><strong>impedimentum</strong></span> <span class='ocrx_word' id='word_1_654' title='bbox 2744 2874 2916 2943; x_wconf 90' lang='lat' dir='ltr'><strong>potius</strong></span> <span class='ocrx_word' id='word_1_655' title='bbox 2961 2888 3117 2943; x_wconf 87' lang='lat' dir='ltr'><strong>quam</strong></span> <span class='ocrx_word' id='word_1_656' title='bbox 3160 2871 3520 2940; x_wconf 88' lang='lat' dir='ltr'><strong>adjumentum</strong></span> <span class='ocrx_word' id='word_1_657' title='bbox 3556 2867 3842 2922; x_wconf 75' lang='lat' dir='ltr'><strong>afferentes</strong></span> 
     </span>
    </p>
   </div>
   <div class='ocr_carea' id='block_1_89' title="bbox 2266 2961 3840 3032">
    <p class='ocr_par' dir='ltr' id='par_1_89' title="bbox 2266 2961 3840 3032">
     <span class='ocr_line' id='line_1_89' title="bbox 2266 2961 3840 3032; baseline -0.006 -11"><span class='ocrx_word' id='word_1_658' title='bbox 2266 2968 2484 3022; x_wconf 92' lang='lat' dir='ltr'><strong>omnino</strong></span> <span class='ocrx_word' id='word_1_659' title='bbox 2519 2966 2847 3032; x_wconf 90' lang='lat' dir='ltr'><strong>devitemus,</strong></span> <span class='ocrx_word' id='word_1_660' title='bbox 2887 2973 2942 3020; x_wconf 93' lang='lat' dir='ltr'><strong>et</strong></span> <span class='ocrx_word' id='word_1_661' title='bbox 2974 2979 3102 3020; x_wconf 83' lang='lat' dir='ltr'><strong>vere</strong></span> <span class='ocrx_word' id='word_1_662' title='bbox 3147 2979 3215 3018; x_wconf 81' lang='lat' dir='ltr'><strong>ex</strong></span> <span class='ocrx_word' id='word_1_663' title='bbox 3250 2963 3428 3016; x_wconf 85' lang='lat' dir='ltr'><strong>animo</strong></span> <span class='ocrx_word' id='word_1_664' title='bbox 3463 2961 3634 3015; x_wconf 86' lang='lat' dir='ltr'><strong>amico</strong></span> <span class='ocrx_word' id='word_1_665' title='bbox 3678 2966 3840 3028; x_wconf 87' lang='lat' dir='ltr'><strong>atque</strong></span> 
     </span>
    </p>
   </div>
   <div class='ocr_carea' id='block_1_90' title="bbox 2268 3049 3840 3133">
    <p class='ocr_par' dir='ltr' id='par_1_90' title="bbox 2268 3049 3840 3133">
     <span class='ocr_line' id='line_1_90' title="bbox 2268 3049 3840 3133; baseline -0.007 -20"><span class='ocrx_word' id='word_1_666' title='bbox 2268 3061 2550 3130; x_wconf 91' lang='lat' dir='ltr'><strong>tranquillo</strong></span> <span class='ocrx_word' id='word_1_667' title='bbox 2587 3067 2887 3133; x_wconf 75' lang='lat' dir='ltr'><strong>susceptupt</strong></span> <span class='ocrx_word' id='word_1_668' title='bbox 2909 3066 3014 3109; x_wconf 88' lang='lat' dir='ltr'><strong>tam</strong></span> <span class='ocrx_word' id='word_1_669' title='bbox 3042 3070 3288 3124; x_wconf 76' lang='lat' dir='ltr'><strong>magnum</strong></span> <span class='ocrx_word' id='word_1_670' title='bbox 3319 3052 3584 3122; x_wconf 76' lang='lat' dir='ltr'><strong>negotium</strong></span> <span class='ocrx_word' id='word_1_671' title='bbox 3613 3049 3840 3104; x_wconf 87' lang='lat' dir='ltr'><strong>Domino</strong></span> 
     </span>
    </p>
   </div>
   <div class='ocr_carea' id='block_1_91' title="bbox 2269 3143 3845 3218">
    <p class='ocr_par' dir='ltr' id='par_1_91' title="bbox 2269 3143 3845 3218">
     <span class='ocr_line' id='line_1_91' title="bbox 2269 3143 3845 3218; baseline -0.006 -15"><span class='ocrx_word' id='word_1_672' title='bbox 2269 3150 2557 3218; x_wconf 78' lang='lat' dir='ltr'><strong>opitulante</strong></span> <span class='ocrx_word' id='word_1_673' title='bbox 2583 3161 2919 3217; x_wconf 78' lang='lat' dir='ltr'><strong>peragamus,</strong></span> <span class='ocrx_word' id='word_1_674' title='bbox 2947 3145 3013 3198; x_wconf 85' lang='lat' dir='ltr'><strong>ad</strong></span> <span class='ocrx_word' id='word_1_675' title='bbox 3049 3145 3278 3213; x_wconf 83' lang='lat' dir='ltr'><strong>aliquam</strong></span> <span class='ocrx_word' id='word_1_676' title='bbox 3308 3143 3486 3208; x_wconf 80' lang='lat' dir='ltr'><strong>villam</strong></span> <span class='ocrx_word' id='word_1_677' title='bbox 3515 3155 3611 3194; x_wconf 85' lang='lat' dir='ltr'><strong>nos</strong></span> <span class='ocrx_word' id='word_1_678' title='bbox 3643 3153 3845 3194; x_wconf 78' lang='lat' dir='ltr'><strong>conve-</strong></span> 
     </span>
    </p>
   </div>
   <div class='ocr_carea' id='block_1_92' title="bbox 2269 3232 3844 3304">
    <p class='ocr_par' dir='ltr' id='par_1_92' title="bbox 2269 3232 3844 3304">
     <span class='ocr_line' id='line_1_92' title="bbox 2269 3232 3844 3304; baseline -0.006 -11"><span class='ocrx_word' id='word_1_679' title='bbox 2269 3240 2387 3294; x_wconf 88' lang='lat' dir='ltr'><strong>nire</strong></span> <span class='ocrx_word' id='word_1_680' title='bbox 2413 3238 2608 3292; x_wconf 86' lang='lat' dir='ltr'><strong>debere</strong></span> <span class='ocrx_word' id='word_1_681' title='bbox 2641 3252 2746 3290; x_wconf 89' lang='lat' dir='ltr'><strong>non</strong></span> <span class='ocrx_word' id='word_1_682' title='bbox 2777 3249 3040 3304; x_wconf 78' lang='lat' dir='ltr'><strong>magnam,</strong></span> <span class='ocrx_word' id='word_1_683' title='bbox 3071 3233 3159 3288; x_wconf 88' lang='lat' dir='ltr'><strong>ubi</strong></span> <span class='ocrx_word' id='word_1_684' title='bbox 3196 3232 3392 3286; x_wconf 87' lang='lat' dir='ltr'><strong>nullius</strong></span> <span class='ocrx_word' id='word_1_685' title='bbox 3429 3242 3664 3284; x_wconf 89' lang='lat' dir='ltr'><strong>nostrum</strong></span> <span class='ocrx_word' id='word_1_686' title='bbox 3702 3236 3844 3284; x_wconf 85' lang='lat' dir='ltr'><strong>esset</strong></span> 
     </span>
    </p>
   </div>
   <div class='ocr_carea' id='block_1_93' title="bbox 2271 3320 3847 3397">
    <p class='ocr_par' dir='ltr' id='par_1_93' title="bbox 2271 3320 3847 3397">
     <span class='ocr_line' id='line_1_93' title="bbox 2271 3320 3847 3397; baseline -0.006 -14"><span class='ocrx_word' id='word_1_687' title='bbox 2271 3328 2493 3383; x_wconf 83' lang='lat' dir='ltr'><strong>ecclesia</strong></span> <span class='ocrx_word' id='word_1_688' title='bbox 2523 3344 2537 3381; x_wconf 92' lang='lat'><strong>:</strong></span> <span class='ocrx_word' id='word_1_689' title='bbox 2570 3342 2728 3397; x_wconf 88' lang='lat' dir='ltr'><strong>quam</strong></span> <span class='ocrx_word' id='word_1_690' title='bbox 2768 3333 2944 3378; x_wconf 85' lang='lat' dir='ltr'><strong>tamen</strong></span> <span class='ocrx_word' id='word_1_691' title='bbox 2982 3323 3158 3378; x_wconf 85' lang='lat' dir='ltr'><strong>villam</strong></span> <span class='ocrx_word' id='word_1_692' title='bbox 3184 3321 3536 3378; x_wconf 86' lang='lat' dir='ltr'><strong>communiter</strong></span> <span class='ocrx_word' id='word_1_693' title='bbox 3572 3320 3847 3388; x_wconf 81' lang='lat' dir='ltr'><strong>possident</strong></span> 
     </span>
    </p>
   </div>
   <div class='ocr_carea' id='block_1_94' title="bbox 2273 3410 3848 3480">
    <p class='ocr_par' dir='ltr' id='par_1_94' title="bbox 2273 3410 3848 3480">
     <span class='ocr_line' id='line_1_94' title="bbox 2273 3410 3848 3480; baseline -0.006 -9"><span class='ocrx_word' id='word_1_694' title='bbox 2273 3417 2515 3472; x_wconf 88' lang='lat' dir='ltr'><strong>homines</strong></span> <span class='ocrx_word' id='word_1_695' title='bbox 2541 3424 2598 3471; x_wconf 90' lang='lat' dir='ltr'><strong>et</strong></span> <span class='ocrx_word' id='word_1_696' title='bbox 2634 3424 2827 3470; x_wconf 69' lang='lat' dir='ltr'><strong>nostra:</strong></span> <span class='ocrx_word' id='word_1_697' title='bbox 2852 3413 3237 3469; x_wconf 87' lang='lat' dir='ltr'><strong>communionis</strong></span> <span class='ocrx_word' id='word_1_698' title='bbox 3263 3421 3317 3465; x_wconf 88' lang='lat' dir='ltr'><strong>et</strong></span> <span class='ocrx_word' id='word_1_699' title='bbox 3349 3411 3534 3480; x_wconf 87' lang='lat' dir='ltr'><strong>ipsius,</strong></span> <span class='ocrx_word' id='word_1_700' title='bbox 3571 3410 3733 3463; x_wconf 78' lang='lat' dir='ltr'><strong>sicuti</strong></span> <span class='ocrx_word' id='word_1_701' title='bbox 3766 3416 3848 3462; x_wconf 87' lang='lat' dir='ltr'><strong>est</strong></span> 
     </span>
    </p>
   </div>
   <div class='ocr_carea' id='block_1_95' title="bbox 2273 3488 3846 3576">
    <p class='ocr_par' dir='ltr' id='par_1_95' title="bbox 2273 3488 3846 3576">
     <span class='ocr_line' id='line_1_95' title="bbox 2273 3488 3846 3576; baseline -0.005 -14"><span class='ocrx_word' id='word_1_702' title='bbox 2273 3511 2396 3563; x_wconf 88' lang='lat' dir='ltr'><strong>villa</strong></span> <span class='ocrx_word' id='word_1_703' title='bbox 2425 3509 2653 3563; x_wconf 82' lang='lat' dir='ltr'><strong>Titiana.</strong></span> <span class='ocrx_word' id='word_1_704' title='bbox 2677 3507 2800 3562; x_wconf 88' lang='lat' dir='ltr'><strong>Sive</strong></span> <span class='ocrx_word' id='word_1_705' title='bbox 2829 3521 2955 3576; x_wconf 76' lang='lat' dir='ltr'><strong>ergo</strong></span> <span class='ocrx_word' id='word_1_706' title='bbox 2985 3506 3036 3559; x_wconf 91' lang='lat' dir='ltr'><strong>in</strong></span> <span class='ocrx_word' id='word_1_707' title='bbox 3068 3488 3463 3567; x_wconf 83' lang='lat' dir='ltr'><strong>Tubursieensi,</strong></span> <span class='ocrx_word' id='word_1_708' title='bbox 3491 3501 3602 3555; x_wconf 91' lang='lat' dir='ltr'><strong>sive</strong></span> <span class='ocrx_word' id='word_1_709' title='bbox 3628 3501 3681 3553; x_wconf 91' lang='lat' dir='ltr'><strong>in</strong></span> <span class='ocrx_word' id='word_1_710' title='bbox 3707 3500 3846 3554; x_wconf 86' lang='lat' dir='ltr'><strong>Tha-</strong></span> 
     </span>
    </p>
   </div>
   <div class='ocr_carea' id='block_1_96' title="bbox 2275 3590 3845 3672">
    <p class='ocr_par' dir='ltr' id='par_1_96' title="bbox 2275 3590 3845 3672">
     <span class='ocr_line' id='line_1_96' title="bbox 2275 3590 3845 3672; baseline -0.008 -16"><span class='ocrx_word' id='word_1_711' title='bbox 2275 3603 2530 3672; x_wconf 79' lang='lat' dir='ltr'><strong>gastensi.</strong></span> <span class='ocrx_word' id='word_1_712' title='bbox 2556 3602 2675 3655; x_wconf 90' lang='lat' dir='ltr'><strong>talis</strong></span> <span class='ocrx_word' id='word_1_713' title='bbox 2695 3601 2860 3661; x_wconf 89' lang='lat' dir='ltr'><strong>locus,</strong></span> <span class='ocrx_word' id='word_1_714' title='bbox 2892 3600 2978 3654; x_wconf 79' lang='lat' dir='ltr'><strong>vel</strong></span> <span class='ocrx_word' id='word_1_715' title='bbox 2999 3600 3087 3654; x_wconf 90' lang='lat' dir='ltr'><strong>ille</strong></span> <span class='ocrx_word' id='word_1_716' title='bbox 3109 3611 3267 3667; x_wconf 91' lang='lat' dir='ltr'><strong>quem</strong></span> <span class='ocrx_word' id='word_1_717' title='bbox 3287 3593 3700 3649; x_wconf 86' lang='lat' dir='ltr'><strong>commemoravi</strong></span> <span class='ocrx_word' id='word_1_718' title='bbox 3723 3631 3741 3658; x_wconf 92' lang='lat'><strong>,</strong></span> <span class='ocrx_word' id='word_1_719' title='bbox 3761 3590 3845 3646; x_wconf 87' lang='lat' dir='ltr'><strong>vel</strong></span> 
     </span>
    </p>
   </div>
   <div class='ocr_carea' id='block_1_97' title="bbox 2277 3683 3852 3763">
    <p class='ocr_par' dir='ltr' id='par_1_97' title="bbox 2277 3683 3852 3763">
     <span class='ocr_line' id='line_1_97' title="bbox 2277 3683 3852 3763; baseline -0.005 -18"><span class='ocrx_word' id='word_1_720' title='bbox 2277 3693 2466 3763; x_wconf 86' lang='lat' dir='ltr'><strong>aliquis</strong></span> <span class='ocrx_word' id='word_1_721' title='bbox 2484 3693 2618 3746; x_wconf 91' lang='lat' dir='ltr'><strong>alius</strong></span> <span class='ocrx_word' id='word_1_722' title='bbox 2641 3692 2882 3746; x_wconf 87' lang='lat' dir='ltr'><strong>inventus</strong></span> <span class='ocrx_word' id='word_1_723' title='bbox 2909 3690 3084 3755; x_wconf 84' lang='lat' dir='ltr'><strong>fuerit,</strong></span> <span class='ocrx_word' id='word_1_724' title='bbox 3113 3689 3364 3742; x_wconf 80' lang='lat' dir='ltr'><strong>faciamus</strong></span> <span class='ocrx_word' id='word_1_725' title='bbox 3381 3683 3606 3739; x_wconf 84' lang='lat' dir='ltr'><strong>Codices</strong></span> <span class='ocrx_word' id='word_1_726' title='bbox 3629 3684 3852 3738; x_wconf 81' lang='lat' dir='ltr'><strong>canoni-</strong></span> 
     </span>
    </p>
   </div>
   <div class='ocr_carea' id='block_1_98' title="bbox 2283 3778 3853 3856">
    <p class='ocr_par' dir='ltr' id='par_1_98' title="bbox 2283 3778 3853 3856">
     <span class='ocr_line' id='line_1_98' title="bbox 2283 3778 3853 3856; baseline -0.009 -16"><span class='ocrx_word' id='word_1_727' title='bbox 2283 3801 2375 3840; x_wconf 89' lang='lat' dir='ltr'><strong>cos</strong></span> <span class='ocrx_word' id='word_1_728' title='bbox 2402 3796 2599 3856; x_wconf 60' lang='lat' dir='ltr'><strong>praesto</strong></span> <span class='ocrx_word' id='word_1_729' title='bbox 2624 3799 2760 3838; x_wconf 88' lang='lat' dir='ltr'><strong>esse.</strong></span> <span class='ocrx_word' id='word_1_730' title='bbox 2793 3783 2860 3836; x_wconf 86' lang='lat' dir='ltr'><strong>Et</strong></span> <span class='ocrx_word' id='word_1_731' title='bbox 2886 3783 2930 3836; x_wconf 87' lang='lat' dir='ltr'><strong>si</strong></span> <span class='ocrx_word' id='word_1_732' title='bbox 2955 3797 3060 3852; x_wconf 88' lang='lat' dir='ltr'><strong>qua</strong></span> <span class='ocrx_word' id='word_1_733' title='bbox 3080 3778 3305 3850; x_wconf 79' lang='lat' dir='ltr'><strong>proferri</strong></span> <span class='ocrx_word' id='word_1_734' title='bbox 3326 3778 3589 3847; x_wconf 85' lang='lat' dir='ltr'><strong>potuerint</strong></span> <span class='ocrx_word' id='word_1_735' title='bbox 3609 3790 3676 3829; x_wconf 81' lang='lat' dir='ltr'><strong>ex</strong></span> <span class='ocrx_word' id='word_1_736' title='bbox 3708 3783 3853 3828; x_wconf 78' lang='lat' dir='ltr'><strong>utra-</strong></span> 
     </span>
    </p>
   </div>
   <div class='ocr_carea' id='block_1_99' title="bbox 2281 3866 3851 3947">
    <p class='ocr_par' dir='ltr' id='par_1_99' title="bbox 2281 3866 3851 3947">
     <span class='ocr_line' id='line_1_99' title="bbox 2281 3866 3851 3947; baseline -0.006 -18"><span class='ocrx_word' id='word_1_737' title='bbox 2281 3893 2386 3947; x_wconf 84' lang='lat' dir='ltr'><strong>que</strong></span> <span class='ocrx_word' id='word_1_738' title='bbox 2411 3887 2560 3946; x_wconf 85' lang='lat' dir='ltr'><strong>parte</strong></span> <span class='ocrx_word' id='word_1_739' title='bbox 2599 3876 2910 3930; x_wconf 88' lang='lat' dir='ltr'><strong>documenta</strong></span> <span class='ocrx_word' id='word_1_740' title='bbox 2942 3891 2956 3927; x_wconf 89' lang='lat'><strong>:</strong></span> <span class='ocrx_word' id='word_1_741' title='bbox 2984 3881 3043 3926; x_wconf 92' lang='lat' dir='ltr'><strong>ut</strong></span> <span class='ocrx_word' id='word_1_742' title='bbox 3081 3871 3385 3940; x_wconf 87' lang='lat' dir='ltr'><strong>postpositis</strong></span> <span class='ocrx_word' id='word_1_743' title='bbox 3413 3867 3653 3932; x_wconf 64' lang='lat' dir='ltr'><strong>ueteris,</strong></span> <span class='ocrx_word' id='word_1_744' title='bbox 3685 3866 3851 3931; x_wconf 84' lang='lat' dir='ltr'><strong>nulla,</strong></span> 
     </span>
    </p>
   </div>
   <div class='ocr_carea' id='block_1_100' title="bbox 2279 3960 3856 4036">
    <p class='ocr_par' dir='ltr' id='par_1_100' title="bbox 2279 3960 3856 4036">
     <span class='ocr_line' id='line_1_100' title="bbox 2279 3960 3856 4036; baseline -0.007 -14"><span class='ocrx_word' id='word_1_745' title='bbox 2279 3970 2323 4023; x_wconf 81' lang='lat' dir='ltr'><strong>si</strong></span> <span class='ocrx_word' id='word_1_746' title='bbox 2352 3968 2573 4022; x_wconf 91' lang='lat' dir='ltr'><strong>Domino</strong></span> <span class='ocrx_word' id='word_1_747' title='bbox 2611 3967 2892 4036; x_wconf 89' lang='lat' dir='ltr'><strong>placuerit,</strong></span> <span class='ocrx_word' id='word_1_748' title='bbox 2914 3963 3279 4033; x_wconf 85' lang='lat' dir='ltr'><strong>interpellante</strong></span> <span class='ocrx_word' id='word_1_749' title='bbox 3307 3960 3567 4023; x_wconf 81' lang='lat' dir='ltr'><strong>molestia,</strong></span> <span class='ocrx_word' id='word_1_750' title='bbox 3595 3964 3856 4028; x_wconf 82' lang='lat' dir='ltr'><strong>quotquot</strong></span> 
     </span>
    </p>
   </div>
   <div class='ocr_carea' id='block_1_101' title="bbox 2285 4049 3856 4130">
    <p class='ocr_par' dir='ltr' id='par_1_101' title="bbox 2285 4049 3856 4130">
     <span class='ocr_line' id='line_1_101' title="bbox 2285 4049 3856 4130; baseline -0.008 -16"><span class='ocrx_word' id='word_1_751' title='bbox 2285 4060 2474 4115; x_wconf 87' lang='lat' dir='ltr'><strong>diebus</strong></span> <span class='ocrx_word' id='word_1_752' title='bbox 2510 4059 2835 4130; x_wconf 88' lang='lat' dir='ltr'><strong>potuerimus</strong></span> <span class='ocrx_word' id='word_1_753' title='bbox 2857 4056 2926 4110; x_wconf 86' lang='lat' dir='ltr'><strong>ad</strong></span> <span class='ocrx_word' id='word_1_754' title='bbox 2952 4057 3054 4110; x_wconf 89' lang='lat' dir='ltr'><strong>hoc</strong></span> <span class='ocrx_word' id='word_1_755' title='bbox 3092 4061 3372 4117; x_wconf 84' lang='lat' dir='ltr'><strong>vacantes,</strong></span> <span class='ocrx_word' id='word_1_756' title='bbox 3397 4059 3452 4105; x_wconf 88' lang='lat' dir='ltr'><strong>et</strong></span> <span class='ocrx_word' id='word_1_757' title='bbox 3493 4049 3856 4118; x_wconf 84' lang='lat' dir='ltr'><strong>unusquisque</strong></span> 
     </span>
    </p>
   </div>
   <div class='ocr_carea' id='block_1_102' title="bbox 2287 4139 3856 4218">
    <p class='ocr_par' dir='ltr' id='par_1_102' title="bbox 2287 4139 3856 4218">
     <span class='ocr_line' id='line_1_102' title="bbox 2287 4139 3856 4218; baseline -0.01 -13"><span class='ocrx_word' id='word_1_758' title='bbox 2287 4159 2526 4205; x_wconf 89' lang='lat' dir='ltr'><strong>nostrum</strong></span> <span class='ocrx_word' id='word_1_759' title='bbox 2548 4149 2685 4218; x_wconf 89' lang='lat' dir='ltr'><strong>apud</strong></span> <span class='ocrx_word' id='word_1_760' title='bbox 2716 4162 2868 4202; x_wconf 88' lang='lat' dir='ltr'><strong>suum</strong></span> <span class='ocrx_word' id='word_1_761' title='bbox 2891 4143 3458 4214; x_wconf 67' lang='lat' dir='ltr'><strong>hospitem-Dominum</strong></span> <span class='ocrx_word' id='word_1_762' title='bbox 3485 4139 3856 4206; x_wconf 85' lang='lat' dir='ltr'><strong>deprecantes,</strong></span> 
     </span>
    </p>
   </div>
   <div class='ocr_carea' id='block_1_103' title="bbox 2288 4229 3857 4309">
    <p class='ocr_par' dir='ltr' id='par_1_103' title="bbox 2288 4229 3857 4309">
     <span class='ocr_line' id='line_1_103' title="bbox 2288 4229 3857 4309; baseline -0.009 -15"><span class='ocrx_word' id='word_1_763' title='bbox 2288 4239 2570 4309; x_wconf 76' lang='lat' dir='ltr'><strong>adiuvante</strong></span> <span class='ocrx_word' id='word_1_764' title='bbox 2594 4239 2709 4306; x_wconf 91' lang='lat' dir='ltr'><strong>ipso</strong></span> <span class='ocrx_word' id='word_1_765' title='bbox 2733 4238 2816 4292; x_wconf 91' lang='lat' dir='ltr'><strong>cui</strong></span> <span class='ocrx_word' id='word_1_766' title='bbox 2843 4250 2944 4305; x_wconf 79' lang='lat' dir='ltr'><strong>pax</strong></span> <span class='ocrx_word' id='word_1_767' title='bbox 2969 4234 3254 4288; x_wconf 87' lang='lat' dir='ltr'><strong>christiana</strong></span> <span class='ocrx_word' id='word_1_768' title='bbox 3278 4229 3575 4300; x_wconf 74' lang='lat' dir='ltr'><strong>gratissima</strong></span> <span class='ocrx_word' id='word_1_769' title='bbox 3605 4236 3710 4293; x_wconf 87' lang='lat' dir='ltr'><strong>est,</strong></span> <span class='ocrx_word' id='word_1_770' title='bbox 3744 4239 3857 4282; x_wconf 85' lang='lat' dir='ltr'><strong>rem</strong></span> 
     </span>
    </p>
   </div>
   <div class='ocr_carea' id='block_1_104' title="bbox 2290 4319 3860 4393">
    <p class='ocr_par' dir='ltr' id='par_1_104' title="bbox 2290 4319 3860 4393">
     <span class='ocr_line' id='line_1_104' title="bbox 2290 4319 3860 4393; baseline -0.008 -10"><span class='ocrx_word' id='word_1_771' title='bbox 2290 4337 2486 4383; x_wconf 78' lang='lat' dir='ltr'><strong>tantam</strong></span> <span class='ocrx_word' id='word_1_772' title='bbox 2513 4337 2570 4383; x_wconf 90' lang='lat' dir='ltr'><strong>et</strong></span> <span class='ocrx_word' id='word_1_773' title='bbox 2596 4327 2736 4382; x_wconf 89' lang='lat' dir='ltr'><strong>bono</strong></span> <span class='ocrx_word' id='word_1_774' title='bbox 2769 4327 2944 4379; x_wconf 90' lang='lat' dir='ltr'><strong>animo</strong></span> <span class='ocrx_word' id='word_1_775' title='bbox 2969 4333 3196 4393; x_wconf 80' lang='lat' dir='ltr'><strong>coeptam</strong></span> <span class='ocrx_word' id='word_1_776' title='bbox 3235 4323 3301 4376; x_wconf 90' lang='lat' dir='ltr'><strong>ad</strong></span> <span class='ocrx_word' id='word_1_777' title='bbox 3345 4319 3699 4390; x_wconf 88' lang='lat' dir='ltr'><strong>inquisitionis</strong></span> <span class='ocrx_word' id='word_1_778' title='bbox 3749 4326 3860 4372; x_wconf 83' lang='lat' dir='ltr'><strong>ter-</strong></span> 
     </span>
    </p>
   </div>
   <div class='ocr_carea' id='block_1_105' title="bbox 2292 4409 3861 4486">
    <p class='ocr_par' dir='ltr' id='par_1_105' title="bbox 2292 4409 3861 4486">
     <span class='ocr_line' id='line_1_105' title="bbox 2292 4409 3861 4486; baseline -0.005 -14"><span class='ocrx_word' id='word_1_779' title='bbox 2292 4420 2491 4472; x_wconf 89' lang='lat' dir='ltr'><strong>minum</strong></span> <span class='ocrx_word' id='word_1_780' title='bbox 2519 4416 2890 4486; x_wconf 87' lang='lat' dir='ltr'><strong>perducamus.</strong></span> <span class='ocrx_word' id='word_1_781' title='bbox 2920 4415 3212 4468; x_wconf 68' lang='lat' dir='ltr'><strong>Describite</strong></span> <span class='ocrx_word' id='word_1_782' title='bbox 3237 4427 3366 4467; x_wconf 86' lang='lat' dir='ltr'><strong>sane</strong></span> <span class='ocrx_word' id='word_1_783' title='bbox 3392 4411 3517 4481; x_wconf 86' lang='lat' dir='ltr'><strong>quid</strong></span> <span class='ocrx_word' id='word_1_784' title='bbox 3552 4410 3621 4465; x_wconf 87' lang='lat' dir='ltr'><strong>de</strong></span> <span class='ocrx_word' id='word_1_785' title='bbox 3657 4409 3764 4465; x_wconf 82' lang='lat' dir='ltr'><strong>hac</strong></span> <span class='ocrx_word' id='word_1_786' title='bbox 3800 4422 3861 4464; x_wconf 78' lang='lat' dir='ltr'><strong>re</strong></span> 
     </span>
    </p>
   </div>
   <div class='ocr_carea' id='block_1_106' title="bbox 2289 4505 3048 4563">
    <p class='ocr_par' dir='ltr' id='par_1_106' title="bbox 2289 4505 3048 4563">
     <span class='ocr_line' id='line_1_106' title="bbox 2289 4505 3048 4563; baseline -0.005 -1"><span class='ocrx_word' id='word_1_787' title='bbox 2289 4509 2374 4563; x_wconf 83' lang='lat' dir='ltr'><strong>vel</strong></span> <span class='ocrx_word' id='word_1_788' title='bbox 2403 4508 2556 4562; x_wconf 84' lang='lat' dir='ltr'><strong>vobis</strong></span> <span class='ocrx_word' id='word_1_789' title='bbox 2583 4507 2664 4561; x_wconf 91' lang='lat' dir='ltr'><strong>vel</strong></span> <span class='ocrx_word' id='word_1_790' title='bbox 2689 4505 2764 4560; x_wconf 91' lang='lat' dir='ltr'><strong>illi</strong></span> <span class='ocrx_word' id='word_1_791' title='bbox 2786 4506 3048 4560; x_wconf 90' lang='lat' dir='ltr'><strong>videatur.</strong></span> 
     </span>
    </p>
   </div>
   <div class='ocr_carea' id='block_1_107' title="bbox 2805 4628 3349 4694">
    <p class='ocr_par' dir='ltr' id='par_1_107' title="bbox 2805 4628 3349 4694">
     <span class='ocr_line' id='line_1_107' title="bbox 2805 4628 3349 4694; baseline -0.007 -1"><span class='ocrx_word' id='word_1_792' title='bbox 2805 4633 3129 4694; x_wconf 77' lang='lat' dir='ltr'><strong>EPISTOLA</strong></span> <span class='ocrx_word' id='word_1_793' title='bbox 3170 4628 3349 4691; x_wconf 56' lang='lat' dir='ltr'><strong>XLV“.</strong></span> 
     </span>
    </p>
   </div>
   <div class='ocr_carea' id='block_1_108' title="bbox 2295 4734 3868 4808">
    <p class='ocr_par' dir='ltr' id='par_1_108' title="bbox 2295 4734 3868 4808">
     <span class='ocr_line' id='line_1_108' title="bbox 2295 4734 3868 4808; baseline -0.006 -12"><span class='ocrx_word' id='word_1_794' title='bbox 2295 4741 2603 4808; x_wconf 78' lang='lat' dir='ltr'><strong>Augustinus</strong></span> <span class='ocrx_word' id='word_1_795' title='bbox 2640 4739 2895 4806; x_wconf 82' lang='lat' dir='ltr'><strong>Paulino,</strong></span> <span class='ocrx_word' id='word_1_796' title='bbox 2924 4755 3107 4808; x_wconf 81' lang='lat' dir='ltr'><strong>rogans</strong></span> <span class='ocrx_word' id='word_1_797' title='bbox 3145 4747 3198 4789; x_wconf 83' lang='lat' dir='ltr'><strong>ut</strong></span> <span class='ocrx_word' id='word_1_798' title='bbox 3239 4737 3437 4788; x_wconf 84' lang='lat' dir='ltr'><strong>demunt</strong></span> <span class='ocrx_word' id='word_1_799' title='bbox 3477 4734 3720 4808; x_wconf 59' lang='lat' dir='ltr'><strong>rescribat</strong></span> <span class='ocrx_word' id='word_1_800' title='bbox 3758 4743 3868 4802; x_wconf 75' lang='lat' dir='ltr'><strong>post</strong></span> 
     </span>
    </p>
   </div>
   <div class='ocr_carea' id='block_1_109' title="bbox 2401 4803 3865 4873">
    <p class='ocr_par' dir='ltr' id='par_1_109' title="bbox 2401 4803 3865 4873">
     <span class='ocr_line' id='line_1_109' title="bbox 2401 4803 3865 4873; baseline -0.005 -10"><span class='ocrx_word' id='word_1_801' title='bbox 2401 4811 2551 4863; x_wconf 82' lang='lat' dir='ltr'><strong>ienuii</strong></span> <span class='ocrx_word' id='word_1_802' title='bbox 2577 4810 2848 4868; x_wconf 76' lang='lat' dir='ltr'><strong>silentium,</strong></span> <span class='ocrx_word' id='word_1_803' title='bbox 2879 4803 3131 4871; x_wconf 61' lang='lat' dir='ltr'><strong>mittetque</strong></span> <span class='ocrx_word' id='word_1_804' title='bbox 3149 4808 3240 4858; x_wconf 80' lang='lat' dir='ltr'><strong>sibi</strong></span> <span class='ocrx_word' id='word_1_805' title='bbox 3263 4821 3387 4869; x_wconf 79' lang='lat' dir='ltr'><strong>opus</strong></span> <span class='ocrx_word' id='word_1_806' title='bbox 3411 4815 3585 4857; x_wconf 83' lang='lat' dir='ltr'><strong>contra</strong></span> <span class='ocrx_word' id='word_1_807' title='bbox 3601 4803 3865 4873; x_wconf 78' lang='lat' dir='ltr'><strong>Paganos,</strong></span> 
     </span>
    </p>
   </div>
   <div class='ocr_carea' id='block_1_110' title="bbox 2367 4876 3448 4950">
    <p class='ocr_par' dir='ltr' id='par_1_110' title="bbox 2367 4876 3448 4950">
     <span class='ocr_line' id='line_1_110' title="bbox 2367 4876 3448 4950; baseline -0.006 -18"><span class='ocrx_word' id='word_1_808' title='bbox 2367 4882 2499 4950; x_wconf 84' lang='lat' dir='ltr'><strong>quod</strong></span> <span class='ocrx_word' id='word_1_809' title='bbox 2527 4879 2589 4932; x_wconf 86' lang='lat' dir='ltr'><strong>ab</strong></span> <span class='ocrx_word' id='word_1_810' title='bbox 2617 4880 2726 4948; x_wconf 77' lang='lat' dir='ltr'><strong>ipso</strong></span> <span class='ocrx_word' id='word_1_811' title='bbox 2753 4878 3000 4931; x_wconf 71' lang='lat' dir='ltr'><strong>dabat-ari</strong></span> <span class='ocrx_word' id='word_1_812' title='bbox 3026 4877 3216 4928; x_wconf 78' lang='lat' dir='ltr'><strong>dudum</strong></span> <span class='ocrx_word' id='word_1_813' title='bbox 3242 4876 3448 4926; x_wconf 72' lang='lat' dir='ltr'><strong>audiuit.</strong></span> 
     </span>
    </p>
   </div>
   <div class='ocr_carea' id='block_1_111' title="bbox 2303 4981 3868 5057">
    <p class='ocr_par' dir='ltr' id='par_1_111' title="bbox 2303 4981 3868 5057">
     <span class='ocr_line' id='line_1_111' title="bbox 2303 4981 3868 5057; baseline -0.007 -12"><span class='ocrx_word' id='word_1_814' title='bbox 2303 4991 2536 5046; x_wconf 87' lang='lat' dir='ltr'><strong>Dominis</strong></span> <span class='ocrx_word' id='word_1_815' title='bbox 2585 4987 3017 5057; x_wconf 78' lang='lat' dir='ltr'><strong>germanissimis,</strong></span> <span class='ocrx_word' id='word_1_816' title='bbox 3071 4984 3431 5057; x_wconf 51' lang='lat' dir='ltr'><strong>dilectissimis</strong></span> <span class='ocrx_word' id='word_1_817' title='bbox 3467 4987 3519 5036; x_wconf 82' lang='lat' dir='ltr'><strong>et</strong></span> <span class='ocrx_word' id='word_1_818' title='bbox 3556 4982 3607 5036; x_wconf 90' lang='lat' dir='ltr'><strong>in</strong></span> <span class='ocrx_word' id='word_1_819' title='bbox 3652 4981 3868 5057; x_wconf 78' lang='lat' dir='ltr'><strong>Christo</strong></span> 
     </span>
    </p>
   </div>
   <div class='ocr_carea' id='block_1_112' title="bbox 2372 5052 3872 5121">
    <p class='ocr_par' dir='ltr' id='par_1_112' title="bbox 2372 5052 3872 5121">
     <span class='ocr_line' id='line_1_112' title="bbox 2372 5052 3872 5121; baseline -0.007 -6"><span class='ocrx_word' id='word_1_820' title='bbox 2372 5052 2715 5115; x_wconf 58' lang='lat' dir='ltr'><strong>laudabil&#39;ibus</strong></span> <span class='ocrx_word' id='word_1_821' title='bbox 2751 5057 2984 5109; x_wconf 61' lang='lat' dir='ltr'><strong>Pauun‘o</strong></span> <span class='ocrx_word' id='word_1_822' title='bbox 3011 5065 3064 5108; x_wconf 91' lang='lat' dir='ltr'><strong>et</strong></span> <span class='ocrx_word' id='word_1_823' title='bbox 3087 5055 3400 5121; x_wconf 67' lang='lat' dir='ltr'><strong>THERAShI-l,</strong></span> <span class='ocrx_word' id='word_1_824' title='bbox 3427 5057 3652 5107; x_wconf 74' lang='lat' dir='ltr'><strong>Aunus</strong></span> <span class='ocrx_word' id='word_1_825' title='bbox 3677 5060 3737 5106; x_wconf 85' lang='lat' dir='ltr'><strong>et</strong></span> <span class='ocrx_word' id='word_1_826' title='bbox 3764 5052 3872 5106; x_wconf 69' lang='grc' dir='ltr'><strong>Αυ-</strong></span> 
     </span>
    </p>
   </div>
   <div class='ocr_carea' id='block_1_113' title="bbox 2367 5125 3231 5192">
    <p class='ocr_par' dir='ltr' id='par_1_113' title="bbox 2367 5125 3231 5192">
     <span class='ocr_line' id='line_1_113' title="bbox 2367 5125 3231 5192; baseline -0.01 -7"><span class='ocrx_word' id='word_1_827' title='bbox 2367 5143 2636 5192; x_wconf 66' lang='grc' dir='ltr'><strong>ῦυετικυε,</strong></span> <span class='ocrx_word' id='word_1_828' title='bbox 2662 5129 2713 5179; x_wconf 88' lang='lat' dir='ltr'><strong>in</strong></span> <span class='ocrx_word' id='word_1_829' title='bbox 2745 5125 2966 5179; x_wconf 88' lang='lat' dir='ltr'><strong>Domino</strong></span> <span class='ocrx_word' id='word_1_830' title='bbox 2990 5125 3231 5179; x_wconf 88' lang='lat' dir='ltr'><strong>salutem.</strong></span> 
     </span>
    </p>
   </div>
   <div class='ocr_carea' id='block_1_114' title="bbox 2370 5231 3870 5308">
    <p class='ocr_par' dir='ltr' id='par_1_114' title="bbox 2370 5231 3870 5308">
     <span class='ocr_line' id='line_1_114' title="bbox 2370 5231 3870 5308; baseline -0.006 -14"><span class='ocrx_word' id='word_1_831' title='bbox 2370 5243 2422 5294; x_wconf 80' lang='lat' dir='ltr'><strong>t.</strong></span> <span class='ocrx_word' id='word_1_832' title='bbox 2460 5239 2799 5308; x_wconf 86' lang='lat' dir='ltr'><strong>Nequaquam</strong></span> <span class='ocrx_word' id='word_1_833' title='bbox 2829 5253 2927 5292; x_wconf 91' lang='lat' dir='ltr'><strong>nos</strong></span> <span class='ocrx_word' id='word_1_834' title='bbox 2961 5239 3138 5291; x_wconf 90' lang='lat' dir='ltr'><strong>nescio</strong></span> <span class='ocrx_word' id='word_1_835' title='bbox 3159 5250 3257 5306; x_wconf 90' lang='lat' dir='ltr'><strong>qua</strong></span> <span class='ocrx_word' id='word_1_836' title='bbox 3276 5245 3450 5289; x_wconf 87' lang='lat' dir='ltr'><strong>vestra</strong></span> <span class='ocrx_word' id='word_1_837' title='bbox 3478 5231 3735 5298; x_wconf 84' lang='lat' dir='ltr'><strong>cessatio,</strong></span> <span class='ocrx_word' id='word_1_838' title='bbox 3765 5244 3870 5301; x_wconf 80' lang='lat' dir='ltr'><strong>qua</strong></span> 
     </span>
    </p>
   </div>
   <div class='ocr_carea' id='block_1_115' title="bbox 2360 5386 3870 5459">
    <p class='ocr_par' dir='ltr' id='par_1_115' title="bbox 2360 5386 3870 5459">
     <span class='ocr_line' id='line_1_115' title="bbox 2360 5386 3870 5459; baseline -0.011 -12"><span class='ocrx_word' id='word_1_839' title='bbox 2360 5403 2377 5435; x_wconf 83' lang='grc' dir='ltr'>ι</span> <span class='ocrx_word' id='word_1_840' title='bbox 2401 5396 2535 5454; x_wconf 76' lang='lat' dir='ltr'><strong>Edd.,</strong></span> <span class='ocrx_word' id='word_1_841' title='bbox 2549 5391 2823 5459; x_wconf 73' lang='lat' dir='ltr'><strong>instituisse.</strong></span> <span class='ocrx_word' id='word_1_842' title='bbox 2841 5402 2945 5445; x_wconf 81' lang='lat' dir='ltr'><strong>tuss.</strong></span> <span class='ocrx_word' id='word_1_843' title='bbox 2968 5392 3345 5459; x_wconf 85' lang='lat' dir='ltr'><strong>quatuordecim,</strong></span> <span class='ocrx_word' id='word_1_844' title='bbox 3359 5386 3602 5438; x_wconf 64' lang='lat' dir='ltr'><strong>iustum.</strong></span> <span class='ocrx_word' id='word_1_845' title='bbox 3625 5390 3708 5434; x_wconf 77' lang='lat' dir='ltr'><strong>Its.</strong></span> <span class='ocrx_word' id='word_1_846' title='bbox 3724 5389 3870 5432; x_wconf 80' lang='lat' dir='ltr'><strong>Gem-</strong></span> 
     </span>
    </p>
   </div>
   <div class='ocr_carea' id='block_1_116' title="bbox 2297 5455 3591 5520">
    <p class='ocr_par' dir='ltr' id='par_1_116' title="bbox 2297 5455 3591 5520">
     <span class='ocr_line' id='line_1_116' title="bbox 2297 5455 3591 5520; baseline -0.002 -8"><span class='ocrx_word' id='word_1_847' title='bbox 2297 5469 2439 5520; x_wconf 89' lang='lat' dir='ltr'><strong>met.,</strong></span> <span class='ocrx_word' id='word_1_848' title='bbox 2459 5455 2687 5507; x_wconf 70' lang='lat' dir='ltr'><strong>extitisse.</strong></span> <span class='ocrx_word' id='word_1_849' title='bbox 2710 5461 2870 5518; x_wconf 78' lang='lat' dir='ltr'><strong>Longe</strong></span> <span class='ocrx_word' id='word_1_850' title='bbox 2891 5455 3078 5509; x_wconf 77' lang='lat' dir='ltr'><strong>melius.</strong></span> <span class='ocrx_word' id='word_1_851' title='bbox 3110 5519 3131 5520; x_wconf 31' lang='grc' dir='ltr'><em>η</em></span> <span class='ocrx_word' id='word_1_852' title='bbox 3246 5515 3260 5520; x_wconf 86' lang='lat'><strong><em>_</em></strong></span> <span class='ocrx_word' id='word_1_853' title='bbox 3284 5515 3294 5520; x_wconf 86' lang='lat'>_</span> <span class='ocrx_word' id='word_1_854' title='bbox 3581 5509 3591 5520; x_wconf 83' lang='lat'><em>_</em></span> 
     </span>
    </p>
   </div>
   <div class='ocr_carea' id='block_1_117' title="bbox 2362 5513 3869 5581">
    <p class='ocr_par' dir='ltr' id='par_1_117' title="bbox 2362 5513 3869 5581">
     <span class='ocr_line' id='line_1_117' title="bbox 2362 5513 3869 5581; baseline -0.011 -13"><span class='ocrx_word' id='word_1_855' title='bbox 2362 5525 2379 5542; x_wconf 92' lang='lat'>&quot;</span> <span class='ocrx_word' id='word_1_856' title='bbox 2404 5513 2531 5568; x_wconf 69' lang='lat' dir='ltr'><strong>Edita</strong></span> <span class='ocrx_word' id='word_1_857' title='bbox 2565 5531 2693 5568; x_wconf 86' lang='lat' dir='ltr'><strong>nunc</strong></span> <span class='ocrx_word' id='word_1_858' title='bbox 2722 5513 2924 5581; x_wconf 77' lang='lat' dir='ltr'><strong>primum</strong></span> <span class='ocrx_word' id='word_1_859' title='bbox 2947 5535 3006 5570; x_wconf 80' lang='lat' dir='ltr'><strong>ex</strong></span> <span class='ocrx_word' id='word_1_860' title='bbox 3032 5519 3194 5569; x_wconf 85' lang='lat' dir='ltr'><strong>codice</strong></span> <span class='ocrx_word' id='word_1_861' title='bbox 3216 5513 3613 5581; x_wconf 77' lang='lat' dir='ltr'><strong>Phimarconensi.</strong></span> <span class='ocrx_word' id='word_1_862' title='bbox 3630 5513 3750 5581; x_wconf 54' lang='lat'><strong>9352</strong></span> <span class='ocrx_word' id='word_1_863' title='bbox 3781 5517 3869 5554; x_wconf 78' lang='lat' dir='ltr'><strong>Ill-</strong></span> 
     </span>
    </p>
   </div>
   <div class='ocr_carea' id='block_1_118' title="bbox 2299 5568 3739 5642">
    <p class='ocr_par' dir='ltr' id='par_1_118' title="bbox 2299 5568 3739 5642">
     <span class='ocr_line' id='line_1_118' title="bbox 2299 5568 3739 5642; baseline -0.015 -8"><span class='ocrx_word' id='word_1_864' title='bbox 2299 5591 2400 5634; x_wconf 88' lang='lat' dir='ltr'><strong>tem</strong></span> <span class='ocrx_word' id='word_1_865' title='bbox 2416 5582 2476 5630; x_wconf 76' lang='lat'><strong>45</strong></span> <span class='ocrx_word' id='word_1_866' title='bbox 2499 5588 2620 5642; x_wconf 82' lang='lat' dir='ltr'><strong>erat,</strong></span> <span class='ocrx_word' id='word_1_867' title='bbox 2644 5568 2771 5642; x_wconf 73' lang='lat' dir='ltr'><strong>nunc</strong></span> <span class='ocrx_word' id='word_1_868' title='bbox 2794 5581 2900 5628; x_wconf 76' lang='grc'><strong>127.</strong></span> <span class='ocrx_word' id='word_1_869' title='bbox 2924 5568 3100 5642; x_wconf 70' lang='lat' dir='ltr'><strong>scripta</strong></span> <span class='ocrx_word' id='word_1_870' title='bbox 3121 5578 3516 5642; x_wconf 64' lang='lat' dir='ltr'><strong>circumeuntem</strong></span> <span class='ocrx_word' id='word_1_871' title='bbox 3532 5583 3610 5619; x_wconf 81' lang='lat' dir='ltr'><strong>an.</strong></span> 
     </span>
    </p>
   </div>
   <div class='ocr_carea' id='block_1_119' title="bbox 2360 5626 3872 5708">
    <p class='ocr_par' dir='ltr' id='par_1_119' title="bbox 2360 5626 3872 5708">
     <span class='ocr_line' id='line_1_119' title="bbox 2360 5626 3872 5708; baseline 0 0"><span class='ocrx_word' id='word_1_872' title='bbox 2360 5626 3242 5708; x_wconf 49' lang='grc' dir='ltr'><strong>6ιὶῨοὸἐίὶὶἕοῆἐίίῆῖιῶἐέιἸῶείιὶῖνίι</strong></span> <span class='ocrx_word' id='word_1_873' title='bbox 3285 5638 3355 5708; x_wconf 70' lang='lat' dir='ltr'><strong>in.</strong></span> <span class='ocrx_word' id='word_1_874' title='bbox 3377 5626 3872 5708; x_wconf 52' lang='grc' dir='ltr'><strong>ιθείιηιξέἓίξιιξτὲηὲἓ</strong></span> 
     </span>
    </p>
   </div>
   <div class='ocr_carea' id='block_1_120' title="bbox 2298 5699 3874 5765">
    <p class='ocr_par' dir='ltr' id='par_1_120' title="bbox 2298 5699 3874 5765">
     <span class='ocr_line' id='line_1_120' title="bbox 2298 5699 3874 5765; baseline -0.013 -8"><span class='ocrx_word' id='word_1_875' title='bbox 2298 5699 2502 5757; x_wconf 78' lang='lat' dir='ltr'><strong>Honorio</strong></span> <span class='ocrx_word' id='word_1_876' title='bbox 2521 5705 2671 5759; x_wconf 85' lang='lat' dir='ltr'><strong>datis,</strong></span> <span class='ocrx_word' id='word_1_877' title='bbox 2706 5704 2887 5765; x_wconf 75' lang='lat' dir='ltr'><strong>quibus</strong></span> <span class='ocrx_word' id='word_1_878' title='bbox 2924 5699 3310 5765; x_wconf 73' lang='lat' dir='ltr'><strong>illimnstitutas</strong></span> <span class='ocrx_word' id='word_1_879' title='bbox 3345 5699 3394 5745; x_wconf 88' lang='lat' dir='ltr'><strong>in</strong></span> <span class='ocrx_word' id='word_1_880' title='bbox 3431 5699 3874 5765; x_wconf 39' lang='lat' dir='ltr'><strong>uteretieospteuuas</strong></span> 
     </span>
    </p>
   </div>
   <div class='ocr_carea' id='block_1_121' title="bbox 2299 5759 3870 5821">
    <p class='ocr_par' dir='ltr' id='par_1_121' title="bbox 2299 5759 3870 5821">
     <span class='ocr_line' id='line_1_121' title="bbox 2299 5759 3870 5821; baseline -0.013 -4"><span class='ocrx_word' id='word_1_881' title='bbox 2299 5771 2466 5817; x_wconf 86' lang='lat' dir='ltr'><strong>subire</strong></span> <span class='ocrx_word' id='word_1_882' title='bbox 2495 5759 2755 5821; x_wconf 54' lang='lat' dir='ltr'><strong>tenentur}</strong></span> <span class='ocrx_word' id='word_1_883' title='bbox 2801 5781 2821 5806; x_wconf 74' lang='grc' dir='ltr'>ι</span> <span class='ocrx_word' id='word_1_884' title='bbox 2846 5764 2934 5809; x_wconf 83' lang='lat' dir='ltr'><strong>nisi</strong></span> <span class='ocrx_word' id='word_1_885' title='bbox 2957 5763 3015 5810; x_wconf 70' lang='lat' dir='ltr'><strong>azl</strong></span> <span class='ocrx_word' id='word_1_886' title='bbox 3052 5764 3135 5810; x_wconf 81' lang='lat' dir='ltr'><strong>Dei</strong></span> <span class='ocrx_word' id='word_1_887' title='bbox 3177 5760 3358 5812; x_wconf 81' lang='lat' dir='ltr'><strong>cultum</strong></span> <span class='ocrx_word' id='word_1_888' title='bbox 3404 5759 3870 5811; x_wconf 76' lang='lat' dir='ltr'><strong>venerationemque</strong></span> 
     </span>
    </p>
   </div>
   <div class='ocr_carea' id='block_1_122' title="bbox 2301 5825 3107 5880">
    <p class='ocr_par' dir='ltr' id='par_1_122' title="bbox 2301 5825 3107 5880">
     <span class='ocr_line' id='line_1_122' title="bbox 2301 5825 3107 5880; baseline -0.016 0"><span class='ocrx_word' id='word_1_889' title='bbox 2301 5831 2602 5880; x_wconf 76' lang='lat' dir='ltr'><strong>Christianam</strong></span> <span class='ocrx_word' id='word_1_890' title='bbox 2627 5825 2845 5874; x_wconf 81' lang='lat' dir='ltr'><strong>conversi</strong></span> <span class='ocrx_word' id='word_1_891' title='bbox 2875 5826 3067 5873; x_wconf 82' lang='lat' dir='ltr'><strong>fuerint.</strong></span> <span class='ocrx_word' id='word_1_892' title='bbox 3087 5841 3107 5867; x_wconf 73' lang='grc' dir='ltr'><strong>ι</strong></span> 
     </span>
    </p>
   </div>
  </div>
