4080 6346
281 374 375 428 isi

276 497 401 536 ecce
450 496 545 549 per
579 489 747 534 totum
797 477 1068 532 biennium
1091 515 1107 542 ,
1138 490 1205 530 ex
1233 490 1340 545 quo
1368 474 1525 527 nobis
1555 471 1854 527 dulcissimi

274 572 468 625 fratres
498 571 768 623 Romanus
788 578 841 622 et
870 566 1036 637 Agilis
1056 565 1123 620 ad
1149 579 1243 620 vos
1269 574 1658 626 remeaverunt,
1689 563 1859 616 nullas

274 679 301 713 a
325 661 479 715 vobis
508 661 711 715 litteras
739 660 1082 729 sumpsimus,
1114 658 1293 728 pigros
1318 655 1384 710 ad
1411 655 1751 710 scribendum
1778 653 1855 708 le-

273 752 367 805 cit.
396 750 531 804 Nam
563 766 684 806 cum
719 751 769 804 in
797 749 917 804 aliis
958 749 1117 804 rebus
1141 758 1339 818 quanto
1374 747 1597 817 quisque
1634 745 1865 814 amplius

272 842 531 912 diligitur,
560 852 706 895 tanto
730 841 939 910 dignior
964 840 1261 896 imitatione
1289 838 1566 906 videatur,
1586 838 1638 891 in
1670 836 1769 890 hac
1800 852 1859 892 re

270 944 461 986 contra
482 942 585 986 est.
604 933 718 999 Quo
741 933 882 985 enim
903 945 999 986 vos
1016 945 1254 986 amamus
1275 928 1567 994 ardentius,
1597 942 1663 981 eo
1685 927 1860 980 minus

271 1021 497 1075 ierimus
521 1021 663 1091 quod
693 1021 843 1075 nobis
870 1036 973 1074 non
999 1019 1229 1074 scribitis
1252 1035 1266 1083 ;
1298 1033 1395 1072 nec
1423 1032 1517 1070 vos
1540 1017 1592 1070 in
1616 1031 1683 1070 eo
1713 1015 1859 1071 volu-

275 1125 396 1164 mus
436 1111 653 1165 imitari.
685 1110 821 1164 Ecce
860 1110 1014 1179 igitur
1043 1109 1331 1163 salutamus
1371 1123 1499 1172 vos,
1539 1105 1583 1159 si
1628 1120 1729 1158 non
1772 1120 1859 1158 re-

275 1200 610 1270 spondentes
634 1199 877 1269 epistolis
898 1197 1108 1261 vestris,
1129 1212 1246 1268 qua:
1262 1195 1416 1249 nullae
1432 1194 1497 1249 ad
1515 1209 1611 1248 nos
1622 1194 1855 1257 veniunt,

270 1294 465 1348 saltem
498 1293 919 1362 expostulantes,
947 1300 1001 1344 et
1036 1306 1139 1345 non
1170 1288 1354 1341 dolore
1374 1285 1647 1351 mediocri,
1675 1301 1858 1355 quam-

270 1386 355 1438 vis
384 1384 611 1437 fortasse
634 1383 793 1437 etiam
826 1380 1064 1437 Charitas
1093 1389 1267 1434 vestra
1302 1378 1544 1433 similiter
1570 1391 1861 1447 conquera-

271 1487 382 1539 tur,
410 1474 675 1545 siquidem
706 1474 896 1528 missas
923 1489 952 1525 a
981 1471 1131 1526 vobis
1159 1470 1325 1524 nostis
1359 1485 1477 1539 qua).
1515 1468 1581 1521 ad
1618 1484 1714 1521 nos
1752 1483 1856 1520 non

271 1572 667 1635 pervenerunt,
704 1564 1039 1631 vicissimque
1069 1578 1096 1614 a
1129 1561 1280 1614 nobis
1308 1576 1426 1630 quae
1457 1560 1667 1613 emissa:
1708 1556 1859 1611 erant

272 1676 384 1712 non
415 1668 541 1712 sunt
568 1656 717 1711 vobis
742 1655 896 1709 datas.
921 1654 1069 1722 Quod
1098 1654 1140 1707 si
1164 1652 1232 1705 ita
1260 1660 1361 1714 est,
1388 1650 1630 1721 querelas
1650 1655 1859 1702 nostras

272 1761 651 1804 eonvertamus
674 1748 724 1801 in
752 1762 936 1816 preces
967 1746 1033 1800 ad
1061 1744 1341 1799 Dominum
1363 1785 1378 1811 ,
1410 1759 1477 1797 ne
1503 1749 1645 1796 tanta
1671 1739 1859 1795 solatia

270 1842 505 1911 deneget
530 1839 703 1894 nobis.

346 1932 403 1984 ‘2.
470 1930 719 1983 Scribere
767 1936 820 1981 te
867 1926 1200 1979 audieramus
1245 1922 1524 1977 adversum
1574 1920 1855 1989 Paganos;

271 2020 418 2091 quod
442 2020 488 2074 si
514 2018 811 2074 absolutum
853 2026 955 2082 est,
991 2027 1290 2086 qumsumus
1322 2028 1387 2066 ne
1412 2008 1624 2066 dill‘cras
1652 2008 1859 2063 mittere

274 2111 619 2179 perlatorem
650 2107 806 2176 hujus
844 2107 1101 2174 epistolas.
1129 2102 1336 2157 Charus
1375 2100 1529 2154 nobis
1570 2108 1670 2161 est,
1710 2100 1858 2166 cujus

273 2180 620 2257 :rstimationi
657 2202 725 2253 in-
752 2196 1055 2267 regionibus
1098 2193 1292 2248 nostris
1323 2206 1602 2261 possumus
1632 2206 1735 2243 non
1785 2198 1864 2243 te-

275 2307 429 2345 mere
458 2293 663 2345 bonum.
687 2286 1045 2341 testimonium
1076 2283 1379 2355 perhibere.
1425 2281 1593 2350 Rogat
1629 2294 1726 2349 per
1762 2293 1860 2331 nos

274 2380 702 2435 Sanetimonium
744 2386 976 2441 vestrum
1002 2415 1015 2439 ,
1042 2384 1099 2429 ut
1126 2390 1246 2429 eum
1276 2370 1646 2426 commendare
1674 2370 1860 2440 digne-

278 2472 410 2525 mini
439 2486 559 2525 cum
591 2471 780 2540 quibus
817 2469 866 2523 ei
912 2466 1176 2535 negotium
1215 2473 1329 2528 est,
1358 2471 1411 2517 ct.
1448 2461 1585 2533 apud
1625 2477 1765 2531 quos
1795 2477 1862 2516 ne

277 2561 420 2614 bona
453 2574 616 2614 causa
642 2558 755 2627 ejus
776 2556 1123 2624 opprimatur,
1148 2552 1312 2606 timet.
1345 2551 1480 2619 Quid
1507 2550 1557 2603 in
1590 2566 1647 2603 re
1676 2557 1859 2619 agatur

276 2651 614 2707 commodius
633 2648 744 2718 ipse
768 2645 1038 2701 narrabit:
1066 2642 1190 2715 quid
1217 2644 1374 2698 etiam
1397 2641 1461 2694 ad
1483 2640 1709 2711 singula,
1746 2654 1862 2706 quae

279 2742 422 2796 forte
438 2740 673 2797 animum
698 2736 958 2791 moverint
979 2735 1182 2787 inter...
1201 2732 1554 2803 gratissimum
1580 2730 1858 2794 habemus,

278 2842 338 2885 et
361 2829 501 2900 apud
522 2829 801 2882 Dominum
830 2828 988 2880 Deum
1016 2833 1254 2878 nostrum
1275 2822 1643 2876 sincerissime
1673 2830 1864 2874 vestrm

282 2919 596 2989 benignitati
624 2918 819 2988 gratias
848 2918 1070 2986 agimus,
1101 2914 1147 2967 si
1175 2929 1268 2982 per
1294 2922 1522 2965 vestram
1553 2926 1770 2981 Operam
1798 2909 1864 2963 de

282 3008 561 3063 christiani
590 3007 766 3061 fratris
795 3004 1075 3060 securitate
1101 3002 1441 3072 gaudeamus.

752 3116 1081 3173 EPISTULA
1098 3113 1280 3169 XLVI'
1310 3113 1413 3184 (a).

376 3229 651 3283 Publicola
673 3229 949 3298 Augustino
980 3225 1214 3296 praponit
1241 3225 1426 3276 multas
1451 3222 1772 3290 quaestiones.

402 3320 607 3375 Dilecto
626 3328 681 3373 et
706 3318 992 3373 venerabili
1013 3316 1145 3385 patri
1164 3318 1467 3371 Avcvsnuo
1486 3312 1775 3381 episcopo,

924 3409 1238 3464 Punucou.

368 3523 631 3590 Scriptum
650 3530 760 3575 est:
794 3540 812 3572 t
848 3520 1112 3588 Interroga
1140 3529 1331 3587 patrem
1365 3528 1523 3580 tuum,
1550 3522 1598 3568 et
1634 3512 1871 3567 indicabit

300 3636 323 3667 s
352 3616 479 3677 tibi;
502 3615 719 3666 seniores
745 3622 853 3665 tuos
874 3653 891 3677 ,
922 3620 966 3664 et
1003 3611 1165 3663 dicent
1192 3609 1279 3661 tibi
1298 3627 1316 3659 ι
1353 3606 1534 3679 (Deut.
1569 3621 1715 3659 χχχιι
1737 3645 1751 3669 ,
1789 3604 1867 3674 7).

298 3705 452 3758 Unde
476 3714 523 3755 et
552 3702 673 3754 mihi
697 3701 1051 3770 exquirendum
1079 3702 1235 3768 legem
1273 3698 1334 3750 de
1365 3714 1448 3750 ore
1482 3695 1758 3749 sacerdotis
1774 3695 1871 3765 ju-

294 3793 467 3845 dicavi
492 3793 545 3843 in
572 3807 722 3845 causa
748 3793 835 3844 tali
856 3805 872 3843 :
892 3805 1003 3861 qua:
1026 3788 1195 3858 qualis
1213 3788 1295 3846 sit.
1320 3803 1408 3855 per
1427 3786 1617 3839 litteras
1641 3801 1871 3854 expono;

294 3883 452 3936 simul
474 3883 624 3934 etiam
646 3892 698 3933 ut
726 3890 773 3934 et
802 3897 892 3951 ego
915 3881 1137 3933 instruar
1163 3879 1214 3931 in
1242 3878 1449 3931 diversis
1474 3877 1655 3929 causis.
1680 3875 1870 3945 Singu-

296 3976 375 4027 las
404 3983 571 4025 autem
596 3972 892 4041 quaestiones
916 3979 961 4023 et
992 3969 1211 4022 diversas
1229 4011 1243 4030 ,
1267 3984 1359 4037 per
1376 3967 1599 4035 capitula
1622 3966 1875 4035 designari

299 4063 419 4133 feci,
452 4062 520 4114 ad
542 4077 667 4130 quas
695 4060 991 4130 singillatim
1014 4057 1222 4128 dignare
1244 4057 1565 4125 respondere.
1582 4086 1655 4097 —
1672 4055 1741 4109 ln
1771 4056 1871 4107 Ar-

300 4152 540 4222 zugibus,
572 4160 625 4203 ut
648 4150 838 4213 audivi,
868 4146 1123 4201 decurioni
1150 4147 1235 4210 qui
1264 4144 1448 4198 limiti‘
1479 4154 1657 4214 praeest
1681 4146 1756 4198 uel
1783 4145 1873 4196 tri-

300 4243 436 4294 buno
464 4239 624 4293 solent
644 4241 818 4311 iurare
843 4236 1071 4301 barbari,
1089 4236 1329 4304 jurantes
1352 4251 1440 4301 per
1460 4235 1708 4287 daemones
1734 4250 1879 4298 suos,

298 4334 393 4397 qui
408 4333 478 4384 ad
501 4330 827 4385 deducendas
846 4325 1180 4399 bastagas-(b)
1208 4325 1342 4394 pacti
1368 4324 1587 4393 fuerint,
1617 4324 1692 4376 vel
1720 4323 1879 4390 aliqui

299 4424 367 4475 ad
386 4421 661 4476 servandas
683 4426 851 4493 fruges
866 4420 1027 4489 ipsas,
1051 4417 1240 4488 singuli
1264 4430 1567 4486 possessores
1587 4414 1663 4467 vel
1686 4413 1879 4466 condu-

299 4524 461 4565 ctores
489 4510 649 4565 solent
668 4511 735 4562 ad
754 4507 1101 4563 custodiendas
1126 4511 1293 4577 fruges
1320 4504 1589 4573 suscipere,
1609 4502 1753 4570 quasi
1762 4503 1876 4570 jam

302 4603 501 4670 fideles,
530 4599 796 4671 epistolam
817 4600 1082 4651 decurione
1106 4597 1326 4650 mittente
1342 4635 1367 4660 ,η
1397 4596 1472 4647 vel
1496 4594 1683 4661 singuli
1706 4603 1877 4646 trans-

303 4699 472 4743 euntes
501 4688 676 4757 quibus
700 4703 900 4742 necesse
922 4696 994 4739 est
1033 4702 1120 4755 per
1157 4702 1243 4739 eos
1278 4684 1509 4737 transire.
1542 4682 1674 4735 Mihi
1713 4692 1878 4735 autem

301 4781 597 4850 disceptatio
620 4780 673 4845 in
700 4778 850 4833 corde
875 4786 995 4830 nata
1021 4786 1112 4839 est,
1141 4778 1185 4830 si
1211 4774 1300 4829 ille
1326 4790 1579 4844 possessor
1599 4773 1877 4842 quisusceo

304 4870 433 4939 perit
474 4869 742 4922 barbarum
764 4908 780 4931 ,
809 4868 956 4937 cujus
995 4866 1119 4934 fides
1155 4881 1244 4935 per
1270 4865 1552 4918 dtemonum
1569 4862 1887 4931 jurationem

305 4963 458 5029 firma
496 4962 601 5014 visa
642 4968 749 5023 est,
791 4975 892 5012 non
926 4957 1274 5028 coinquinatur
1297 4955 1372 5008 vel
1395 4954 1523 5022 ipse,
1552 4952 1633 5006 vel
1653 4952 1743 5005 illa
1768 4967 1881 5020 qua:

367 5115 385 5146 ι
410 5122 512 5161 Am.
535 5113 643 5163 Bad.
670 5119 721 5162 et
741 5119 1073 5174 Mss.septem,
1098 5110 1251 5163 militi.
1275 5111 1365 5171 Sed
1388 5109 1566 5160 melius
1585 5109 1696 5169 alii,
1721 5106 1879 5160 limiti.

306 5174 565 5223 \'id.Notit.
589 5174 873 5235 dignitatum
896 5175 1102 5234 Imperii.
1302 5232 1315 5235 _
1431 5232 1441 5235 _
1648 5184 1653 5187 '
1756 5182 1759 5185 ’

372 5238 389 5254 “
419 5241 539 5285 XLVI
564 5244 617 5283 et
638 5230 781 5283 iLut
816 5230 1073 5283 recensita:
1105 5240 1220 5282 sunt.
1258 5232 1318 5281 ad
1358 5243 1405 5279 a.
1431 5232 1515 5292 b3.
1538 5230 1607 5279 bl.
1632 5243 1678 5278 c.
1709 5244 1781 5279 cc.
1826 5230 1876 5279 ll‘.

308 5311 360 5369 β.
396 5309 481 5369 εν.
507 5309 555 5342 n.
582 5308 623 5342 r.
658 5307 701 5343 ε.
739 5302 776 5344 t.
817 5308 891 5344 vc.
916 5295 1037 5342 duos
1057 5295 1131 5343 sb.
1156 5301 1358 5356 quatuor
1380 5306 1430 5341 v.
1453 5294 1513 5341 ad
1534 5299 1632 5339 Am.
1803 5297 1877 5339 Er.

312 5365 447 5482 ﬁci)
488 5414 910 5482 Αιὶξξλίῖὖείιιιω
951 5421 1115 5464 autem
1156 5412 1377 5482 lBerat,
1412 5425 1540 5462 nunc
1557 5411 1666 5461 214.
1702 5413 1883 5475 Scripta

310 5475 447 5597 fall?)
690 5535 943 5599 aibastazo,
970 5533 1149 5599 baiulo,
1173 5531 1405 5597 ferculum
1419 5537 1505 5599 est_,
1526 5532 1661 5593 juxta
1675 5533 1880 5599 Lexioon

308 5592 462 5663 Jurid.
496 5615 517 5640 ε
540 5592 783 5663 [agitandis
803 5592 952 5663 rebus
972 5592 1209 5646 ﬁsinlibus
1228 5592 1654 5663 aoeqnunodatum:
1680 5609 1703 5637 ι
1728 5594 1883 5663 basta-

311 5659 526 5767 εἱεέἓυ
540 5654 809 5708 ’ἀὶοεῦειωιν
826 5659 978 5720 ipsum
999 5670 1121 5707 onus
1145 5654 1485 5718 portandarum
1504 5663 1668 5701 rerum
1690 5666 1779 5715 per
1809 5656 1882 5714 ju-

314 5734 395 5767 uie
483 5753 506 5769 .,
1236 5734 1241 5737 ·
1466 5730 1469 5733 ·

1480 361 1961 417 ΕΡΙεΤΟιΑιιυΜ
1999 361 2266 418 CLASSIS
2303 363 2367 445 ll.

3425 370 3541 424 l8$

1964 475 2197 537 custodit,
2225 476 2303 529 vel
2326 475 2412 529 ille
2430 477 2513 545 qui
2542 476 2802 531 deducitur
2819 495 2849 532 α
2874 480 3137 535 deductore
3161 482 3390 537 barbaro.
3420 484 3547 538 Sed.

1965 563 2059 615 ItOC
2084 564 2226 616 debes
2251 565 2376 618 scire
2402 567 2521 637 quia
2547 568 2633 636 qui
2650 568 2792 637 jurat
2822 570 3059 625 barbarus
3082 590 3112 624 ιι
3134 588 3412 642 possessore
3438 592 3549 641 pro-

1964 652 2218 704 servandis
2253 653 2477 722 frugibus
2509 656 2725 723 accipiat
2752 674 2953 723 aurum,
2984 660 3059 712 vel
3094 676 3125 712 a
3163 661 3347 714 viatore
3372 663 3529 715 dedit.

1963 750 2070 791 ctor
2086 757 2104 803 ;
2128 740 2214 793 sed
2240 751 2399 796 tamen
2428 758 2543 795 cum
2571 744 2665 796 hac
2690 748 2838 799 veluti
2879 736 3100 801 mercede
3124 766 3237 820 qua:
3258 744 3382 806 solet
3417 754 3543 805 durs»

1964 845 1994 880 a
2020 846 2329 898 possessore,
2362 832 2438 884 vel
2461 849 2492 885 a
2516 834 2703 888 viatore
2722 877 2736 899 ,
2753 837 3100 906 jaramentum
3137 840 3282 892 etiant
3321 841 3450 894 illud
3476 842 3529 895 in

1964 919 2125 971 medio
2164 929 2234 972 est
2266 924 2474 974 mortale
2516 922 2688 975 datum
2727 925 2983 979 decurioni
3012 929 3088 981 vel
3125 929 3323 983 tribuno
3353 945 3373 984 :
3395 933 3530 999 quod

1964 1009 2215 1076 perturbat
2240 1027 2318 1063 me
2341 1028 2401 1064 ne
2425 1014 2616 1082 polluat
2639 1015 2780 1069 illum
2803 1017 2890 1081 qui
2913 1016 3120 1088 suscipit
3149 1020 3349 1074 barbari
3385 1023 3529 1087 iura-

1963 1108 2198 1163 mentunt,
2222 1100 2298 1153 vel
2319 1101 2408 1154 illa
2423 1098 2539 1170 qute
2550 1104 2762 1157 custodit
2777 1106 3035 1160 barbarus.
3060 1109 3383 1179 Quacumque
3399 1113 3537 1165 enim

1965 1188 2262 1254 conditione,
2291 1192 2438 1244 etiam
2460 1208 2583 1246 auro
2609 1195 2727 1248 dato
2752 1206 2796 1248 et
2817 1197 3064 1253 obsidibus
3090 1201 3239 1266 datis,
3264 1211 3320 1256 ut
3339 1203 3527 1268 audivi,

1965 1286 2126 1329 tamen
2145 1278 2489 1346 juramentum
2508 1281 2730 1351 iniquum
2753 1280 2972 1339 medium
2992 1288 3277 1343 intercessit.
3305 1290 3533 1361 Dignare

1962 1374 2127 1419 autem
2150 1368 2275 1420 mihi
2310 1368 2558 1437 deﬁnitive
2581 1374 2865 1440 rescribere,
2895 1386 2940 1428 et
2966 1393 3064 1430 non
3100 1395 3351 1449 suspense.
3384 1380 3531 1446 Quod

1963 1458 2006 1509 si
2040 1457 2148 1525 ipse
2184 1459 2369 1512 scribas
2404 1460 2703 1527 dubitanter,
2737 1480 2826 1533 ego
2862 1465 2913 1517 in
2954 1469 3167 1537 majores
3200 1469 3533 1523 dubitationes

1961 1547 2179 1601 incidere
2206 1566 2426 1617 possunt,
2454 1566 2604 1620 quam
2630 1555 3313 1625 antequaminterrogassent.
3330 1588 3401 1599 -—
3419 1558 3532 1612 Hoc

1962 1637 2113 1689 etiam
2138 1638 2325 1701 audivi,
2353 1640 2470 1708 quia
2490 1641 2587 1709 ipsi
2611 1641 2835 1695 homines
2854 1645 3176 1700 conductores
3204 1648 3289 1714 qui
3311 1660 3533 1717 prtesunt

1962 1728 2034 1780 rei
2057 1744 2199 1794 meat,
2218 1730 2560 1799 juramentum
2585 1748 2671 1801 per
2691 1733 2937 1786 daemones
2962 1750 3077 1787 suos
3094 1736 3381 1805 jurantibus
3409 1737 3531 1790 bar—

1961 1818 2095 1872 baris
2118 1820 2368 1889 accipiunt
2394 1838 2484 1889 pro
2510 1823 2765 1875 servandis
2796 1824 3039 1894 frugibus.
3073 1826 3135 1880 Si
3158 1843 3275 1897 ergo
3303 1844 3419 1880 cum
3454 1826 3543 1882 illi

1952 1911 2132 1980 jurant
2158 1927 2245 1979 per
2271 1910 2521 1965 dannones
2546 1928 2662 1966 suos
2685 1923 2740 1965 ut
2766 1916 3047 1967 custodiant
3065 1921 3254 1987 fruges,
3283 1933 3385 1970 non
3404 1919 3529 1987 pob-

1963 2002 2105 2054 luunt
2125 2002 2260 2072 ipsas
2290 2005 2458 2073 fruges
2479 2045 2491 2065 ,
2522 2014 2576 2056 ut
2604 2005 2648 2055 si
2671 2004 2788 2058 inde
2825 2005 3196 2060 manducauerit
3233 2006 3533 2062 cltristianus

1960 2093 2119 2147 sciens
2146 2094 2223 2147 vel
2245 2095 2308 2147 de
2335 2097 2492 2165 pretio
2521 2097 2743 2166 ipsarum
2769 2113 2935 2150 rerum
2965 2100 3131 2169 fuerit,
3164 2100 3526 2169 coinquinetur,

1960 2181 2244 2251 signiﬁcare
2267 2183 2492 2253 dignare.
2520 2215 2588 2225 —
2612 2184 2742 2239 Item
2770 2187 2832 2239 ab
2856 2186 2959 2239 alio
2987 2186 3154 2240 audivi
3178 2174 3310 2257 quod
3335 2174 3530 2243 condu-

1963 2273 2088 2325 ctori
2122 2288 2222 2326 non
2236 2274 2445 2343 juratur
2467 2291 2498 2326 a
2529 2275 2759 2340 barbaro,
2789 2285 2835 2328 et
2866 2276 2993 2329 alter
3026 2277 3151 2329 dixit
3185 2266 3301 2346 quia
3325 2278 3534 2347 juratur

1962 2362 2270 2415 conductori.
2297 2362 2359 2416 Si
2379 2364 2526 2417 etiam
2547 2364 2731 2433 falsum
2756 2365 2878 2419 mihi
2906 2366 3031 2418 dixit
3059 2368 3171 2431 ille,
3197 2367 3281 2435 qui
3303 2368 3429 2421 dixit
3446 2368 3537 2437 ju-

1963 2453 2069 2504 rari
2096 2454 2407 2519 conductori,
2439 2455 2481 2509 si
2500 2455 2612 2525 jam
2636 2473 2724 2522 pro
2750 2456 2842 2509 Itoc
2862 2457 2997 2526 quod
3022 2458 3183 2510 solum
3212 2458 3398 2521 audivi,
3435 2474 3541 2511 non

1965 2543 2114 2595 debeo
2141 2544 2217 2595 uti
2253 2543 2315 2597 de
2345 2546 2469 2613 ipsis
2496 2546 2743 2616 frugibus,
2774 2548 2848 2599 vel
2885 2547 2947 2599 de
2974 2547 3131 2615 pretio
3160 2546 3381 2616 ipsarum
3414 2564 3543 2617 pros

1967 2645 2077 2704 pter
2102 2636 2329 2688 auditum
2358 2638 2539 2703 solum,
2576 2639 2693 2708 quia
2718 2639 2904 2691 dictum
2935 2646 3008 2690 est
3036 2652 3054 2690 :
3086 2620 3105 2687 ξ
3143 2638 3204 2691 Si
3233 2646 3396 2691 autem
3422 2639 3559 2707 quisw

1974 2743 1992 2775 ι
2021 2725 2205 2778 dixerit
2241 2741 2260 2779 .'
2292 2726 2401 2779 Hac
2436 2727 2806 2780 immolatitium
2834 2737 2904 2781 est
2930 2728 3079 2781 idolis
3100 2769 3113 2790 ,
3146 2729 3300 2781 nolite
3324 2728 3538 2780 mandu-

1975 2832 1993 2865 t
2029 2832 2159 2878 care,
2187 2826 2391 2884 propter
2413 2817 2555 2869 illum
2574 2820 2657 2886 qui
2676 2818 2948 2871 indicavit?
2979 2837 2996 2868 ι
3023 2816 3074 2889 (ι
3103 2816 3220 2871 Cor.
3253 2833 3311 2880 ι,
3336 2817 3450 2887 28.)
3479 2817 3549 2872 Si

1969 2916 2134 2959 tamen
2164 2909 2311 2960 etiam
2339 2907 2445 2960 lucc
2472 2925 2625 2962 causa
2653 2909 2829 2962 similis
2849 2919 2920 2963 est
2940 2925 3104 2963 causte
3123 2909 3185 2962 de
3202 2910 3538 2962 immolatitio.

1973 2995 2119 3057 Quod
2145 2996 2189 3049 si
2207 2997 2279 3049 ita
2306 3006 2397 3062 est,
2420 2998 2540 3066 quid
2560 2997 2710 3051 debeo
2736 2998 2798 3051 de
2820 2998 2941 3068 ipsis
2962 2999 3206 3068 frugibus,
3236 2999 3312 3051 vel
3333 2998 3396 3050 de
3422 3014 3539 3067 prc-

1912 3150 1917 3157 ,
1971 3084 2038 3137 tio
2068 3086 2292 3154 ipsarum
2328 3091 2491 3154 facere
2507 3089 2612 3140 ?—
2633 3086 2693 3140 Si
2719 3088 2867 3141 debeo
2905 3088 3156 3143 requirere
3196 3090 3259 3140 de
3295 3097 3503 3154 utroque
3522 3128 3559 3151 ,.

1971 3174 2055 3243 qui
2077 3174 2199 3226 mihi
2225 3174 2351 3227 dixit
2370 3176 2486 3244 quia
2512 3192 2610 3227 non
2622 3177 2826 3243 juratur
2851 3176 3164 3241 conductori,
3190 3186 3277 3228 aut
3304 3177 3391 3247 qui
3415 3177 3567 3229 dixit.

1972 3266 2090 3333 quia
2108 3268 2319 3335 juratur
2356 3268 2684 3331 conductori;
2708 3278 2753 3320 et
2780 3268 2966 3321 dictum
3008 3270 3395 3339 uniuscujusque
3426 3286 3553 3339 pro‘

1973 3350 2090 3408 bare
2113 3373 2202 3425 per
2228 3366 2391 3421 testes,
2409 3358 2494 3427 qui
2517 3374 2681 3411 verum
2702 3359 2825 3411 dixit
2851 3358 2914 3410 de
2934 3360 3037 3411 illis
3061 3358 3271 3425 duobus,
3300 3370 3346 3413 et
3369 3360 3559 3412 tundite

1975 3463 2077 3499 non
2101 3447 2387 3516 contingere
2409 3448 2470 3500 de
2497 3448 2620 3516 ipsis
2647 3448 2895 3518 frugibus,
2924 3448 3000 3501 vel
3028 3450 3090 3501 de
3111 3450 3290 3517 pretio,
3321 3450 3551 3518 quanditt.

1975 3538 2098 3591 mihi
2128 3538 2390 3607 probatum
2417 3540 2565 3608 fuerit
2595 3541 2639 3592 si
2663 3556 2831 3592 verum
2871 3541 2996 3593 dixit
3016 3537 3117 3592 ille
3152 3541 3235 3609 qui
3273 3540 3402 3593 dixit
3429 3540 3547 3608 quia

1975 3644 2076 3680 non
2100 3627 2309 3696 juratur
2353 3628 2771 3681 conductoril—
2793 3628 2853 3682 Si
2889 3628 3129 3680 barbarus
3157 3628 3242 3696 qui
3275 3644 3363 3697 per
3390 3629 3543 3697 jura-

1976 3729 2199 3771 mentum
2232 3736 2379 3771 suum
2399 3720 2545 3787 jurat
2583 3720 2771 3772 malum
2792 3761 2808 3784 ,
2840 3721 3010 3791 fecerit
3042 3720 3188 3773 illum
3223 3720 3549 3773 christianum

1976 3805 2346 3871 conductorem,
2373 3809 2448 3860 vel
2473 3808 2723 3861 tribunum
2751 3810 2837 3876 qui
2866 3808 3014 3861 limiti
3034 3819 3230 3878 praest,
3260 3807 3431 3874 furare
3456 3808 3549 3861 sibi

1978 3916 2070 3969 pro
2116 3900 2217 3967 ﬁde
2255 3899 2334 3952 illi
2375 3900 2617 3952 servanda
2660 3916 2750 3967 pro
2783 3900 3119 3953 custodiendis
3157 3900 3423 3968 frugibus,
3461 3914 3551 3968 per

1976 3990 2145 4057 ipsum
2161 3992 2505 4059 juramentum
2533 3991 2741 4041 mortale
2763 4007 2851 4057 per
2873 3987 3005 4051 quod
3029 3990 3136 4058 ipse
3146 3989 3308 4057 jurat,
3337 3988 3381 4040 si
3409 3989 3550 4041 solus

1978 4081 2065 4135 ille
2090 4082 2393 4135 cbristianus
2415 4074 2760 4149 cainquinatus
2787 4082 2893 4134 sit?
2917 4080 2978 4133 Si
3016 4096 3115 4131 non
3144 4089 3192 4132 et
3223 4080 3312 4132 illa
3338 4070 3548 4149 quorum

1979 4185 2133 4222 causa
2149 4170 2335 4239 jurat?
2362 4171 2460 4221 Aut
2483 4171 2525 4222 si
2554 4185 2780 4238 paganus
2807 4170 2891 4237 qui
2911 4169 3057 4220 limiti
3077 4179 3254 4237 praeest
3271 4207 3287 4233 ,
3306 4169 3552 4236 juraverit

1978 4256 2189 4312 barbaro
2216 4254 2307 4328 pro
2326 4259 2426 4325 [ide
2452 4260 2528 4311 illi
2564 4258 2807 4310 servanda
2833 4250 2922 4327 per
2938 4248 3157 4310 mortale
3179 4248 3547 4327 juramentum,

1979 4352 2023 4404 si
2051 4365 2149 4402 non
2178 4348 2465 4417 coinquinat
2495 4365 2585 4417 pro
2610 4347 2788 4417 quibus
2806 4348 2990 4420 jurat?
3016 4346 3077 4402 Si
3100 4363 3243 4417 quem
3276 4347 3455 4401 misero
3482 4350 3551 4400 ad

1985 4444 2224 4508 Arzuges,
2253 4434 2301 4492 si
2327 4440 2440 4493 licet
2468 4440 2512 4492 ei
2524 4440 2869 4507 juramentum
2897 4438 3123 4509 accipere
3142 4455 3173 4490 a
3193 4439 3401 4492 barbaro
3420 4438 3551 4492 illud

1981 4532 2225 4593 mortale;
2248 4540 2293 4584 et
2317 4532 2361 4584 si
2385 4547 2485 4583 non
2513 4530 2878 4601 coinquinatur,
2909 4530 2954 4583 si
2986 4532 3254 4599 susceperit
3284 4531 3384 4585 tale
3400 4532 3545 4600 jura-

1981 4632 2197 4677 mentum
2244 4622 2678 4675 christianus?—
2706 4620 2769 4676 Si
2807 4622 2869 4674 de
2896 4638 3015 4674 area
3054 4623 3363 4675 trituratoria
3400 4624 3552 4676 tritici

1981 4712 2057 4767 vel
2076 4715 2429 4783 cujuscumque
2452 4712 2731 4782 leguminis,
2753 4721 2842 4765 aut
2862 4712 3123 4776 torculari,
3140 4712 3203 4765 de
3219 4729 3316 4782 quo
3335 4713 3553 4767 dtemoni

1982 4804 2199 4856 oblatum
2228 4810 2320 4861 est.
2347 4798 2528 4854 silicet
2553 4801 2671 4854 inde
2694 4802 3001 4856 manducare
3027 4803 3355 4856 christianum
3385 4805 3549 4858 scien-

1983 4906 2080 4948 tem
2098 4892 2209 4948 2-
2226 4893 2300 4945 De
2323 4893 2447 4946 luco
2460 4895 2503 4945 si
2526 4893 2638 4946 licet
2657 4899 2733 4946 ad
2748 4893 2964 4964 aliquem
2984 4911 3127 4948 usum
3148 4904 3297 4947 suum
3319 4896 3553 4949 christia-

1984 4992 2102 5036 num
2131 4982 2364 5034 scientem
2405 4982 2541 5050 ligna
2574 4981 2785 5036 tollere?
2806 5000 2876 5022 ὼ-
2904 4983 2965 5037 Si
2989 4984 3099 5053 quis
3127 4984 3309 5038 vadens
3345 4986 3413 5037 ad
3438 5002 3549 5038 ma-

1983 5072 2164 5125 cellum
2193 5078 2324 5123 emat
2348 5086 2548 5122 carnem
2580 5087 2693 5134 qua:
2716 5088 2817 5125 non
2842 5073 2907 5125 sit
2930 5073 3265 5138 immolatitia,
3287 5084 3334 5128 et
3358 5075 3550 5145 cogita-

1983 5162 2139 5213 tiones
2165 5158 2293 5212 duas
2312 5158 2535 5211 habuerit
2562 5160 2615 5213 in
2637 5160 2804 5224 corde,
2833 5161 2967 5231 quod
2991 5163 3247 5217 immolata
3268 5166 3353 5229 sit,
3380 5173 3427 5217 et
3450 5178 3550 5217 non

1983 5252 2045 5305 sit
2066 5250 2343 5314 immolata,
2370 5258 2415 5302 et
2431 5249 2571 5302 illam
2595 5251 2804 5303 tenuerit
2833 5252 3181 5321 cogitationem
3200 5269 3297 5322 qua
3329 5269 3429 5306 non
3453 5255 3551 5307 im-

1984 5342 2220 5395 molatum
2246 5339 2498 5410 cogitabit,
2528 5340 2571 5392 si
2585 5340 2954 5393 manducauerit
2972 5358 3038 5394 an
3064 5344 3273 5411 peccat?
3287 5371 3355 5383 —-
3367 5342 3429 5397 Si
3440 5346 3550 5413 quis

1984 5433 2165 5488 bonum
2184 5449 2307 5497 rem,
2335 5432 2398 5485 de
2422 5448 2523 5502 qua
2551 5432 2741 5484 dubitat
2766 5449 2832 5485 an
2860 5434 2989 5486 bona
3018 5442 3107 5486 aut
3130 5432 3265 5486 mala
3289 5434 3372 5498 sit,
3401 5436 3446 5487 si
3465 5435 3550 5504 fa-

1985 5524 2083 5576 ciat
2111 5532 2291 5593 putans
2319 5521 2497 5574 bonam
2517 5560 2533 5584 ,
2558 5535 2673 5573 cum
2708 5530 2873 5575 tamen
2905 5530 3123 5591 putasset
3160 5531 3206 5574 et
3245 5522 3464 5590 malum,
3506 5525 3553 5577 ‘si

1988 5622 2243 5681 peccatum
2268 5610 2580 5666 adscribatur
2598 5611 2679 5665 ei?
2696 5640 2767 5651 —
2787 5612 2851 5666 Si
2874 5611 2983 5679 quis
3003 5610 3183 5664 dixerit
3206 5612 3342 5681 quod
3367 5613 3550 5667 immo-

1991 5702 2205 5755 latitium
2228 5710 2301 5753 est
2321 5701 2655 5765 mentiens,,et
2676 5709 2844 5769 postea
2869 5698 3251 5755 dixeit'iterum
3279 5704 3396 5773 quia
3416 5719 3555 5757 men-
