4044 6338
513 398 615 455 183

510 514 630 566 titus
655 519 748 573 est,
779 519 827 564 et
851 510 920 564 ad
944 510 1098 578 ﬁdem
1132 526 1240 564 vere
1263 509 1498 564 mentitus
1529 515 1622 570 est,
1650 506 1693 560 si
1721 506 1832 560 licet
1856 503 2086 558 christia-

511 617 630 654 num
655 601 773 654 inde
795 600 1116 665 manducare,
1140 610 1224 653 aut
1249 599 1477 664 vendere,
1504 607 1552 651 et
1580 597 1643 650 de
1670 597 1826 666 pretio
1849 597 1921 648 uti
1944 610 2006 649 ea:
2028 610 2087 648 eo

509 693 643 758 quod
671 691 858 745 audivit
875 691 1051 746 ?—Si
1067 692 1371 745 christianus
1397 690 1576 759 aliquis
1601 689 1882 753 ambulans,
1907 703 2086 755 passus

510 783 872 848 necessitatem,
900 784 1058 837 victus
1081 777 1386 852 fame'unius
1411 782 1534 847 diei,
1558 782 1634 836 vel
1655 780 1824 846 bidui,
1846 783 1923 834 vel
1948 781 2080 834 mul-

511 884 676 924 torum
706 871 920 936 dierum,
949 882 1003 923 ut
1020 871 1132 941 jam
1159 871 1340 924 durare
1365 887 1463 924 non
1487 871 1664 940 possit,
1691 870 1762 922 ita
1789 869 2080 933 occurrerit,

508 971 562 1014 ut
589 963 640 1016 in
671 962 782 1032 ipsa
815 962 1100 1016 necessitate
1126 962 1295 1032 famis,
1323 961 1376 1014 in
1399 977 1500 1030 qua
1534 962 1629 1014 sibi
1650 959 1779 1014 videt
1802 960 1917 1029 jam
1942 975 2080 1012 utor-

511 1063 609 1106 tem
649 1053 952 1120 proximare,
981 1053 1216 1107 invenerit
1250 1053 1413 1105 cibum
1448 1053 1500 1105 in
1541 1051 1697 1104 idolio
1723 1051 1972 1121 positum,
1998 1049 2085 1102 ubi

509 1143 681 1198 nullus
705 1147 770 1198 sit
799 1144 1074 1208 hominum,
1101 1153 1148 1198 et
1175 1161 1274 1198 non
1295 1144 1448 1213 possit
1475 1143 1695 1197 invenire
1713 1143 1871 1196 alium
1891 1143 2079 1206 cibum,

510 1233 652 1286 debet
680 1234 808 1286 mori
839 1241 924 1285 aut
948 1233 1128 1286 exinde
1152 1232 1306 1286 cibari
1317 1233 1342 1286 ?
1353 1232 1497 1286 —Si
1522 1231 1822 1286 christianus
1850 1231 2011 1283 videat
2028 1247 2083 1284 se

509 1340 541 1374 α
570 1321 782 1375 barbaro
825 1323 901 1376 vel
948 1321 1180 1376 Romano
1227 1321 1350 1376 velle
1394 1322 1606 1390 interﬁci
1629 1362 1643 1382 ,
1685 1321 1824 1374 debet
1860 1337 1942 1374 eos
1976 1321 2085 1387 ipse

507 1413 810 1466 christianus
835 1413 1129 1480 inter/icere,
1155 1428 1216 1464 ne
1235 1411 1294 1464 ab
1318 1412 1418 1464 illis
1443 1412 1770 1479 interﬁciatur
1797 1411 1910 1464 :vel
1934 1412 1978 1463 si
2019 1411 2083 1464 li-

508 1513 582 1557 cet
609 1504 716 1557 sine
739 1503 1081 1574 interfectione
1108 1519 1191 1556 eos
1225 1501 1468 1571 repellere
1495 1502 1570 1554 vel
1601 1501 1897 1570 impugnare
1915 1543 1932 1565 ,
1965 1501 2082 1569 quia

509 1595 695 1646 dictum
716 1602 785 1647 est
811 1609 830 1646 :
863 1612 881 1644 ι
916 1593 1035 1646 Non
1056 1593 1280 1646 resistere
1307 1593 1480 1648 malo?
1508 1614 1527 1645 ι
1558 1593 1767 1662 (Matth.
1787 1609 1838 1659 ν,
1863 1594 1977 1662 59.)
2011 1621 2082 1634 ~—

511 1683 572 1737 Si
608 1699 805 1736 murum
835 1683 1132 1750 possessioni
1160 1682 1301 1736 debet
1338 1683 1637 1737 christianus
1675 1686 1839 1754 facere
1879 1693 2084 1754 propter

511 1772 704 1826 hostem
727 1813 742 1837 ,
778 1781 824 1825 et
848 1772 892 1825 si
916 1773 1003 1826 ille
1028 1773 1327 1826 christianus
1349 1773 1433 1842 qui
1464 1773 1636 1842 fecerit
1668 1789 1864 1825 mantnt
1884 1813 1898 1836 ,
1932 1789 2085 1825 causa

511 1879 613 1916 non
635 1863 798 1917 existit
823 1862 1097 1925 homicidii,
1119 1879 1232 1916 cum
1258 1863 1374 1916 inde
1401 1863 1557 1930 aliqui
1585 1864 1819 1932 coeperint
1839 1879 2082 1933 pugnare,

511 1961 557 2004 et
602 1953 879 2020 interﬁcere
917 1953 1200 2007 hostes?——
1218 1952 1276 2007 Si
1309 1953 1420 2006 licet
1447 1953 1509 2006 de
1537 1953 1672 2022 fonte
1703 1952 1893 2017 bibere,
1921 1953 1998 2006 vel
2023 1953 2086 2006 de

510 2052 656 2111 puteo
679 2042 764 2095 ubi
793 2042 855 2095 de
879 2043 1128 2111 sacriﬁcio
1158 2043 1350 2110 aliquid
1379 2043 1583 2096 missum
1611 2044 1721 2096 est?
1751 2044 1812 2097 Si
1845 2044 1908 2096 de
1937 2053 2086 2112 puteo

510 2131 598 2201 qui
619 2131 670 2185 in
697 2131 882 2194 templo
908 2141 999 2197 est,
1028 2141 1074 2185 et
1101 2132 1345 2186 desertum
1369 2136 1556 2202 factum
1589 2141 1661 2186 est
1693 2133 1832 2186 debet
1856 2133 2088 2187 christia-

509 2238 603 2274 nus
624 2221 823 2276 bibere?
847 2220 905 2276 Si
933 2222 985 2274 in
1015 2222 1196 2291 templo
1225 2238 1323 2291 quo
1363 2222 1542 2276 colitur
1566 2222 1789 2285 idolum,
1816 2231 1994 2291 puteus
2020 2223 2087 2276 ibi

510 2311 575 2364 sit
610 2311 685 2364 vel
717 2310 850 2378 fons,
879 2319 924 2362 et
963 2309 1090 2363 nihil
1127 2310 1192 2362 ibi
1217 2311 1406 2380 factunt
1445 2312 1509 2363 sit
1544 2311 1593 2363 in
1632 2311 1802 2364 eodem
1837 2321 1984 2381 puteo
2011 2311 2087 2364 rel

512 2405 669 2470 fonte,
697 2400 742 2452 si
766 2399 904 2454 debet
931 2401 1134 2452 haurire
1160 2417 1340 2471 aquam
1363 2400 1479 2453 inde
1505 2401 1805 2454 christianus
1825 2441 1843 2466 ,
1879 2411 1924 2454 et
1956 2401 2087 2454 bibe-

515 2493 688 2545 re?—
705 2491 766 2545 Si
782 2491 1080 2544 christianus
1101 2490 1240 2544 debet
1264 2491 1316 2544 in
1343 2491 1532 2544 balneis
1559 2490 1745 2555 lavare,
1777 2494 1854 2544 vel
1881 2495 1931 2544 in
1955 2492 2090 2544 ther-

515 2581 612 2634 mis
637 2620 653 2646 ,
684 2581 738 2634 in
775 2581 952 2650 quibus
989 2580 1304 2649 sacriﬁcatur
1331 2580 1651 2634 simulacris?
1685 2579 1747 2634 Si
1787 2580 2087 2633 Christianus

513 2668 652 2722 debet
679 2669 730 2722 in
750 2668 956 2733 balneis,
976 2669 1152 2738 quibus
1180 2669 1230 2740 in
1257 2669 1338 2721 die
1359 2670 1481 2740 festo
1504 2685 1594 2722 suo
1620 2667 1818 2739 Pagaui
1835 2669 1923 2722 loti
1947 2678 2086 2734 sunt,

513 2760 701 2824 lavare,
733 2761 836 2814 sive
860 2776 974 2812 cum
1002 2760 1144 2830 ipsis,
1174 2760 1275 2813 sive
1301 2761 1408 2813 sine
1431 2760 1679 2830 ipsis?—
1699 2760 1758 2813 Si
1786 2761 1837 2812 in
1863 2760 1988 2813 solio
2011 2759 2084 2831 (τι)

513 2849 600 2902 ubi
626 2849 981 2903 descenderunt
1006 2848 1204 2921 Pagani
1233 2849 1294 2902 ab
1316 2849 1464 2903 idolis
1493 2850 1742 2903 venientes
1777 2851 1827 2902 in
1858 2851 1938 2902 die
1963 2853 2088 2920 festo

512 2958 641 3006 suo,
669 2952 715 2994 et
742 2941 934 3012 aliquid
969 2940 1074 2995 illic
1107 2943 1159 2994 in
1197 2942 1325 2995 solio
1358 2941 1607 3011 sacrilegii
1637 2942 1716 2994 sui
1757 2941 1999 3010 fecerint,
2042 2949 2090 2994 et

512 3031 679 3084 scierit
704 3031 1008 3084 christianus
1026 3072 1039 3097 ,
1063 3031 1108 3084 si
1135 3031 1275 3084 debet
1304 3032 1357 3084 in
1392 3033 1562 3084 eodem
1588 3032 1715 3084 solio
1755 3031 2090 3084 descendere?

513 3151 585 3161 —-
605 3121 666 3175 Si
690 3122 992 3176 christianus
1017 3122 1254 3175 invitatus
1283 3122 1344 3173 ab
1366 3121 1531 3189 aliqua
1553 3121 1834 3190 appositam
1865 3113 2090 3175 habuerit

513 3228 714 3265 carnem
741 3213 790 3264 in
812 3229 994 3274 escam,
1022 3213 1084 3264 de
1109 3227 1207 3278 qua
1225 3210 1413 3264 dictum
1437 3211 1587 3281 fuerit
1607 3211 1682 3264 illi
1710 3212 1828 3281 quia
1853 3212 2086 3265 immola-

517 3305 628 3356 titia
663 3313 756 3369 est,
805 3312 852 3356 et
895 3319 994 3356 non
1032 3302 1402 3356 manducauerit
1441 3320 1588 3368 eam;
1616 3312 1786 3372 postea
1829 3314 1994 3356 autem
2024 3301 2086 3356 ab

515 3393 685 3461 aliquo
724 3393 1018 3446 translatam
1053 3393 1213 3461 ipsam
1252 3409 1451 3446 carnem
1487 3393 1656 3464 aliqua
1697 3409 1816 3446 casu
1850 3395 2087 3447 invenerit

518 3483 766 3547 venalem,
797 3493 844 3536 et
872 3485 1040 3535 emerit
1067 3499 1207 3549 eam,
1230 3494 1314 3536 aut
1340 3485 1622 3553 appositam
1649 3486 1873 3539 habuerit
1895 3485 1957 3538 ab
1984 3486 2085 3539 ali-

513 3591 613 3642 qua
640 3575 742 3627 alio
762 3574 1019 3636 invitatus,
1045 3583 1093 3626 et
1121 3591 1219 3627 non
1249 3576 1531 3644 cognoverit
1563 3592 1674 3629 eam
1695 3617 1709 3640 ,
1736 3586 1780 3629 et
1807 3577 2086 3630 manduca-

515 3662 671 3725 verit,
703 3662 748 3716 si
781 3663 996 3732 peccat?
1013 3691 1085 3700 —
1104 3662 1165 3716 Si
1190 3663 1251 3716 de
1277 3663 1420 3716 horto
1446 3664 1521 3716 vel
1550 3667 1612 3717 de
1643 3665 1950 3734 possessione
1975 3666 2088 3719 ido-

515 3753 680 3804 lorum
716 3749 794 3807 vel
830 3751 1144 3804 sacerdotum
1196 3768 1366 3805 eorum
1410 3751 1549 3805 debet
1589 3753 1890 3806 christianus
1930 3755 2090 3808 sciens

516 3843 628 3895 olus
656 3857 836 3907 emere,
859 3841 934 3894 vel
959 3841 1176 3911 aliquem
1201 3846 1435 3912 fructum,
1455 3851 1499 3895 et
1518 3843 1634 3896 inde
1662 3843 1841 3897 edere?
1866 3843 2004 3898 Sane
2027 3845 2092 3898 de

509 3934 829 4005 juramento,
857 3932 934 3986 vel
960 3933 1021 3986 de
1047 3932 1224 3998 idolis,
1248 3945 1300 3987 ut
1327 3933 1546 3987 laborem
1571 3951 1671 3988 non
1701 3935 1909 4004 patiaris
1933 3935 1987 3988 in
2019 3951 2092 3988 re-

517 4021 778 4092 quirendo,
810 4039 924 4091 qua:
951 4023 1166 4078 Domino
1194 4024 1410 4078 donante
1436 4025 1764 4079 invenerimus
1783 4067 1799 4090 ,
1821 4035 1936 4079 ante
1965 4043 2088 4080 ocu-

519 4114 595 4167 los
625 4123 736 4168 tuos
770 4113 906 4168 volui
931 4131 1210 4185 pr0ponere
1233 4132 1250 4173 :
1274 4117 1318 4169 si
1349 4115 1470 4186 quid
1494 4126 1660 4170 autem
1694 4117 1838 4172 aliud
1867 4119 2092 4189 apertius

517 4213 606 4256 aut
635 4205 813 4258 melius
835 4205 887 4258 in
907 4204 1183 4275 Scripturis
1211 4205 1454 4260 inveneris
1471 4247 1485 4268 ,
1514 4206 1722 4277 dignare
1751 4208 1875 4260 mihi
1893 4209 2090 4278 signiﬁ-

514 4310 651 4348 care.
679 4293 824 4348 Unde
849 4310 962 4364 quae
987 4295 1282 4361 invenimus,
1306 4297 1412 4349 lucc
1432 4306 1546 4350 sunt
1567 4298 1650 4350 ubi
1675 4295 1848 4351 Laban
1877 4298 2003 4352 dixit
2023 4300 2091 4352 ad

519 4383 704 4448 Jacob,
734 4402 753 4435 ι
787 4383 928 4438 Deus
961 4385 1214 4437 Abraham
1235 4397 1284 4439 et
1309 4385 1445 4440 Deus
1471 4385 1711 4443 Nae/tori
1735 4387 1885 4458 (Gen.
1913 4406 2044 4444 XXXI
2067 4432 2083 4456 ,

516 4476 660 4543 53);
701 4491 846 4545 quem
882 4483 1047 4528 autent
1090 4474 1285 4540 Deum,
1320 4491 1420 4529 non
1463 4478 1756 4546 signiﬁcavit
1798 4479 2086 4549 Scriptura.

523 4564 590 4619 Et
619 4565 820 4630 iterum,
852 4583 871 4614 σ
907 4565 1187 4618 Abimelech
1215 4566 1416 4633 quando
1441 4568 1570 4620 venit
1594 4568 1663 4620 ad
1679 4566 1838 4622 Isaac
1876 4571 1960 4623 ubi
1993 4572 2090 4640 ju-

528 4674 549 4708 s
583 4655 747 4720 ravit,
776 4655 852 4708 vel
888 4655 974 4724 qui
1001 4671 1115 4708 cum
1140 4655 1229 4709 illo
1257 4665 1398 4710 erant
1426 4675 1445 4708 ι
1480 4654 1590 4729 (ιιι.
1639 4673 1804 4722 xxvi,
1835 4661 1967 4727 51);
2002 4662 2092 4714 sed

516 4745 666 4814 quale
702 4745 1068 4814 juramentum,
1109 4761 1209 4799 non
1249 4746 1546 4816 signiﬁcavit
1581 4747 1867 4817 Scriptura.
1898 4748 2092 4804 lterum

517 4837 583 4890 de
606 4837 756 4891 idolis
773 4878 789 4904 ,
818 4837 902 4891 ubi
937 4837 1006 4890 ad
1043 4837 1243 4892 Gedeon
1271 4839 1458 4893 dictum
1484 4849 1556 4894 est
1581 4856 1615 4894 a
1641 4840 1857 4895 Domino
1886 4842 1940 4896 in
1965 4843 2092 4898 libro

521 4926 784 4992 Iudicum,
816 4936 872 4982 ut
905 4928 967 4982 de
993 4927 1150 4982 vitulo
1187 4945 1331 4998 quem
1368 4931 1615 4984 occiderat
1641 4931 1986 4986 holocaustum
2011 4937 2092 5006 fa-

458 5006 460 5008 ’
514 5019 844 5091 mauult.
871 5021 1083 5092 vt,26).
1115 5021 1180 5075 Et
1217 5022 1270 5074 in
1314 5014 1443 5076 Jesu
1482 5021 1626 5078 Nave
1651 5024 1713 5079 de
1759 5024 1986 5096 Iericho,
2038 5037 2092 5082 ut

523 5129 672 5167 enim
712 5129 914 5178 aurum,
953 5122 1238 5184 argentum,
1276 5123 1322 5166 et
1364 5125 1688 5170 wramentum
1732 5118 2001 5188 inferretur
2035 5122 2091 5175 in

523 5201 772 5255 thesauris
805 5200 1032 5264 Domini,
1067 5210 1114 5254 et
1151 5211 1379 5256 sanctum
1423 5213 1651 5258 vocatum
1689 5214 1762 5260 est
1788 5206 1851 5261 de
1873 5209 2087 5276 civitate,

517 5308 637 5361 quae
660 5293 928 5346 anathema
964 5302 1037 5347 est
1073 5293 1207 5365 (Jos.
1231 5293 1436 5366 v1.19).
1466 5294 1535 5350 Et
1559 5295 1681 5366 quid
1708 5307 1779 5351 est
1802 5299 1933 5352 illud
1956 5301 2090 5369 quod

517 5382 574 5434 in
603 5381 986 5438 Deuteronomio
1022 5385 1240 5455 positum
1278 5393 1350 5439 est
1373 5400 1391 5439 :
1417 5404 1436 5437 ι
1466 5385 1586 5440 Non
1618 5388 1802 5459 inferes
1830 5388 2089 5443 abomina-

524 5487 544 5521 ι
578 5471 763 5524 tionem
789 5473 843 5526 in
886 5474 1088 5528 domum
1126 5485 1283 5541 tuam,
1307 5485 1355 5528 et
1382 5477 1650 5530 anathema
1688 5479 1814 5543 eris,
1843 5479 1968 5531 sicut
1993 5481 2090 5535 hoc

526 5577 546 5608 ι
583 5558 749 5629 ipsum
776 5564 885 5618 est?
911 5581 931 5615 s
963 5563 1138 5636 (Deut.
1167 5581 1262 5631 vn,
1290 5565 1405 5636 26).
1433 5564 1684 5621 Dominus
1711 5575 1759 5620 te
1781 5577 1936 5622 servet
1966 5583 2085 5624 :sa-

517 5647 626 5702 luto
651 5657 731 5712 te;
758 5665 848 5703 ora
876 5668 965 5721 pro
985 5669 1082 5708 me.

579 5757 653 5821 (α)
667 5765 786 5809 ηδε
809 5759 992 5813 scilicet
1013 5765 1061 5814 in
1084 5779 1181 5828 quo
1207 5766 1439 5816 sedentes
1459 5762 1754 5816 lavabantur.

1729 393 1786 449 S.
1825 387 2183 450 AUGUSTINI
2222 387 2520 444 EPISCOPI

3667 391 3767 448 186

2642 495 2967 557 EPISTOLA
3007 501 3185 557 XLVII
3217 501 3313 575 (a).

2191 611 2498 682 Augustinus
2545 609 2820 666 Publicolae
2877 613 3101 666 dissolvit
3150 615 3340 683 aliquot
3386 631 3448 668 ea:
3499 615 3766 684 propositis

2790 704 3159 770 questionibus.

2190 813 2491 868 Honorabili
2509 821 2563 868 et
2584 812 2929 868 dilectissimo
2945 814 3050 868 ﬁlio
3069 815 3396 879 PUBLICOLE,
3415 815 3766 881 Accusruvos,

2684 903 2735 956 in
2771 904 2995 958 Domino
3028 906 3272 959 salutem.

2259 1017 2310 1070 l.
2358 1014 2544 1072 Estne
2580 1017 2743 1072 animi
2781 1017 2855 1072 tui
2893 1028 3232 1088 posteaquam
3254 1019 3408 1073 didici
3431 1018 3618 1072 litteris
3640 1019 3770 1084 tuis,

2189 1107 2347 1160 etiam
2374 1107 2476 1161 mei
2497 1107 2748 1161 continuo
2779 1108 2899 1161 lacti
2925 1115 3066 1174 sunt,
3087 1125 3190 1162 non
3216 1123 3318 1178 quo
3339 1125 3423 1162 me
3442 1109 3616 1161 omnia
3646 1107 3769 1161 talia

2187 1205 2580 1264 permoverent,
2607 1198 2850 1267 qualibus
2891 1198 3130 1252 indicasti
3173 1208 3223 1253 te
3263 1213 3386 1253 esse
3425 1207 3766 1268 permotum:

2188 1287 2280 1342 sed
2305 1287 2571 1358 quomodo
2593 1289 2684 1342 tibi
2713 1288 3049 1342 auferrcntnr
3074 1290 3125 1343 hi
3151 1298 3331 1353 wstus,
3363 1289 3546 1353 lateor,
3577 1298 3773 1343 aestua-

2185 1379 2271 1444 vi;
2294 1378 2651 1448 maximequia
2669 1379 2802 1448 petis
2826 1391 2883 1433 ut
2904 1379 3169 1433 delinitive
3192 1379 3282 1433 tibi
3309 1380 3676 1439 rescriberem,
3703 1394 3775 1433 ne

2188 1469 2239 1521 in
2269 1468 2497 1537 majores
2521 1467 2874 1523 dubitationes
2894 1469 3172 1534 iucideres,
3199 1485 3358 1538 quam
3374 1479 3653 1538 antequam
3685 1469 3770 1522 in-

2189 1567 2532 1627 ter-rogasses.
2560 1559 2667 1614 Iloc
2692 1561 2832 1614 enim
2862 1560 3016 1617 video
3042 1576 3146 1614 non
3173 1575 3291 1614 esse
3318 1561 3369 1614 in
3389 1568 3503 1614 mea
3531 1571 3770 1630 potesta—

2190 1658 2259 1702 te.
2308 1647 2441 1703 Nam
2481 1649 2875 1719 quomodolibet
2902 1651 3162 1720 scripsero
3205 1667 3322 1720 qua:
3352 1652 3482 1705 mihi
3527 1652 3778 1705 videntur

2188 1753 2306 1792 esse
2334 1739 2646 1802 certissima,
2674 1740 2717 1791 si
2758 1739 2850 1792 tibi
2899 1755 3004 1792 non
3060 1755 3388 1808 persuascro.
3425 1739 3778 1808 proculdubio

2188 1827 2295 1880 eris
2323 1827 2590 1880 incertior.
2617 1826 2731 1881 Non
2760 1836 2933 1881 autent
2963 1829 3096 1882 sicut
3121 1829 3245 1881 mihi
3271 1829 3476 1896 adjacet
3520 1830 3772 1894 suadere,

2187 1932 2253 1972 eo
2280 1917 2438 1972 modo
2464 1919 2668 1987 adjacet
2707 1919 2864 1972 etiam
2909 1919 3225 1988 persuadere
3265 1919 3495 1973 cuilibet.
3539 1919 3774 1973 Verum-

2189 2019 2364 2064 tamen
2404 2025 2471 2064 ne
2509 2020 2611 2063 tua:
2657 2009 2924 2064 dilectioni
2964 2026 3210 2080 negarem
3257 2012 3524 2079 operulam
3569 2026 3778 2076 meam,

2190 2108 2309 2168 post
2359 2099 2680 2170 aliquantam
2739 2099 3176 2155 deliberationem
3216 2102 3610 2156 rescribendum
3659 2118 3770 2172 pu-

2190 2192 2314 2245 tavi.

2259 2281 2311 2334 2.
2343 2280 2514 2335 Movet
2543 2289 2593 2336 te
2619 2289 2766 2336 certe
2799 2288 2973 2335 utrum
3003 2280 3117 2350 ejus
3144 2279 3246 2336 lide
3271 2280 3521 2336 utendum
3559 2283 3642 2346 sit,
3681 2283 3780 2352 qui

2191 2381 2244 2423 ut
2266 2387 2381 2424 eam
2403 2380 2579 2426 servet
2601 2387 2692 2439 per
2707 2371 2965 2425 dmmonia
2986 2371 3260 2440 juravcrit.
3285 2371 3389 2426 Ubi
3404 2383 3454 2426 te
3482 2373 3606 2426 volo.
3623 2375 3781 2442 prius

2189 2461 2548 2524 considerare,
2593 2471 2764 2515 utrum
2806 2461 2852 2514 si
2898 2463 3157 2532 quispiam
3196 2478 3292 2533 per
3327 2462 3459 2518 deos
3494 2463 3654 2518 falsos
3687 2465 3780 2534 ju-

2190 2555 2385 2608 raverit
2430 2569 2488 2608 se
2527 2553 2681 2607 fulem
2729 2565 3080 2618 servaturum,
3125 2565 3179 2609 et
3212 2572 3330 2610 eam
3372 2573 3475 2609 non
3524 2571 3785 2611 servave-

2192 2645 2298 2708 rit,
2351 2659 2454 2697 non
2503 2642 2598 2697 tibi
2651 2642 2893 2698 videatur
2941 2644 3021 2698 bis
3072 2661 3338 2714 peccasse.
3387 2646 3441 2701 Si
3494 2647 3632 2699 enim
3681 2647 3784 2702 tali

2187 2733 2453 2802 juratione
2517 2733 2830 2803 promissam
2889 2734 3181 2788 custodiret
3233 2735 3427 2800 fidem,
3481 2735 3597 2790 ideo
3649 2745 3776 2790 tan—

2193 2835 2304 2877 tum
2332 2825 2938 2893 peceassejudicaretur,
2971 2826 3090 2896 quia
3119 2814 3212 2894 per
3241 2827 3370 2880 tales
3388 2826 3514 2880 deos
3530 2827 3734 2896 juravit
3758 2844 3774 2893 ;

2193 2914 2318 2968 illud
2344 2924 2518 2968 autem
2561 2929 2716 2968 nemo
2768 2924 2911 2968 recte
2953 2915 3399 2984 reprehenderet,
3449 2917 3569 2984 quia
3609 2915 3777 2970 ﬁdem

2192 3006 2437 3059 servavit.
2479 3004 2631 3058 Nune
2658 3020 2802 3066 vero,
2831 3006 2951 3075 quia
2977 3015 3031 3060 et
3054 3007 3251 3075 juravit
3272 3022 3366 3076 per
3391 3023 3522 3076 quos
3541 3024 3643 3061 non
3677 3008 3776 3063 de-

2192 3095 2323 3160 buit,
2356 3104 2408 3148 et
2431 3106 2608 3148 contra
2635 3095 2917 3163 pollicitam
2941 3096 3096 3150 iidem
3117 3096 3237 3150 l'ecit
3265 3098 3533 3166 quodnon
3563 3097 3780 3165 debuit,

2191 3187 2272 3241 bis
2314 3188 2490 3255 utique
2519 3187 2780 3254 peccavit;
2811 3201 2874 3239 ac
2907 3201 3004 3255 per
3043 3186 3144 3239 hoc
3167 3189 3255 3256 qui
3292 3187 3453 3241 utitur
3479 3187 3581 3241 lide
3629 3188 3783 3243 illius

2192 3293 2348 3345 quem
2368 3283 2575 3331 constat
2593 3276 2800 3343 jurasse
2830 3291 2923 3344 per
2943 3276 3072 3330 deos
3098 3275 3281 3340 falsos,
3311 3285 3366 3330 et
3389 3277 3550 3329 utitur
3577 3292 3683 3330 nou
3709 3277 3776 3331 ad

2193 3369 2409 3429 malum,
2437 3366 2612 3421 sed'ad
2638 3365 2836 3420 licitum
2856 3377 2910 3421 et
2951 3368 3165 3431 bonum,
3191 3382 3294 3422 non
3324 3379 3539 3436 peccato
3568 3371 3684 3435 ejus
3718 3385 3778 3424 se

2192 3461 2360 3513 sociat
2380 3473 2602 3528 an‘per
2623 3459 2884 3512 danunnia
2905 3459 3122 3527 juravit,
3167 3460 3260 3514 sed
3308 3460 3448 3513 bono
3477 3471 3631 3530 pacto
3654 3461 3777 3530 ejus

2191 3563 2295 3617 quo
2317 3546 2472 3602 ﬁdem
2494 3549 2740 3602 servavit.
2769 3548 2947 3618 Neque
2964 3548 3048 3602 hic
3067 3564 3183 3602 eam
3214 3549 3370 3604 ﬁdem
3401 3551 3518 3604 dico
3546 3553 3782 3615 servari,

2192 3653 2298 3708 qua
2327 3637 2504 3691 lideles
2547 3649 2802 3691 vocantur
2841 3637 2932 3706 qui
2977 3637 3308 3707 baptizautur
3337 3639 3387 3691 in
3413 3639 3645 3693 Christo.
3676 3641 3776 3695 Illa

2192 3732 2335 3784 enim
2368 3731 2521 3800 longe
2541 3732 2641 3784 alia
2679 3741 2762 3784 est
2786 3731 3042 3800 longeque
3067 3731 3291 3786 discreta
3319 3748 3346 3784 a
3377 3731 3479 3786 [ide
3511 3731 3780 3786 humano.

2191 3837 2309 3874 rum
2351 3822 2658 3890 placitorum
2700 3831 2860 3891 atque
2903 3834 3193 3890 paetorum.
3230 3823 3601 3877 Verumtamen
3651 3825 3778 3880 sine

2197 3912 2297 3964 ulla
2337 3911 2663 3977 dubitatione
2710 3913 2885 3966 minus
2927 3913 3122 3967 malum
3151 3922 3232 3968 est
3257 3928 3351 3982 per
3381 3914 3538 3968 deum
3582 3914 3780 3970 falsum

2190 4005 2372 4072 jurare
2398 4005 2672 4067 veraciter,
2698 4021 2852 4074 quam
2898 4020 2994 4073 per
3041 4006 3206 4061 Deum
3258 4020 3445 4060 verum
3489 4006 3774 4063 fallaciter.

2194 4097 2400 4160 Quanto
2430 4096 2569 4148 enim
2612 4110 2706 4163 per
2746 4094 2889 4164 quod
2925 4094 3132 4163 juratur
3169 4096 3336 4164 magis
3373 4104 3456 4150 est
3503 4106 3779 4163 sanctum,

2197 4193 2340 4237 tanto
2369 4185 2534 4254 magis
2556 4195 2639 4239 est
2663 4186 2870 4254 poenale
2899 4187 3206 4254 perjurium.
3239 4188 3355 4242 Alia
3392 4203 3519 4257 ergo
3546 4191 3778 4256 qmustio

2193 4283 2290 4336 est,
2321 4283 2493 4328 utrum
2517 4291 2620 4329 non
2648 4285 2828 4344 peccet
2852 4276 2942 4345 qui
2983 4291 3077 4344 per
3113 4275 3274 4330 falsos
3315 4277 3444 4332 deos
3472 4279 3574 4332 sibi
3597 4279 3780 4348 jurari

2195 4365 2337 4431 fecit,
2359 4366 2479 4436 quia
2504 4365 2591 4420 ille
2614 4367 2705 4436 qui
2733 4367 2781 4421 ei
2800 4366 2964 4434 jural,
2986 4367 3114 4422 deos
3145 4366 3306 4421 falsos
3331 4370 3475 4422 colit.
3501 4369 3596 4424 Cui
3626 4387 3777 4440 qum-

2195 4456 2352 4508 stioni
2403 4466 2622 4522 possunt
2677 4456 2763 4510 illa
2801 4457 3097 4511 testimonia
3145 4458 3439 4528 sull'ragari,
3489 4477 3606 4529 qua:
3657 4463 3778 4530 ipse

2195 4548 2620 4602 commemorasti
2645 4549 2712 4604 de
2742 4549 2917 4603 Laban
2935 4550 3333 4615 etAbimelech,
3364 4552 3407 4604 si
3433 4560 3604 4606 tamen
3636 4553 3776 4607 Abi-

2195 4638 2396 4692 meiech
2426 4653 2517 4707 per
2541 4639 2672 4693 deos
2689 4655 2814 4693 suos
2835 4640 3048 4707 jumvit,
3083 4641 3216 4694 sicut
3253 4640 3431 4695 Laban
3467 4657 3561 4711 per
3603 4642 3774 4698 Deum

2193 4729 2402 4784 Nachor
2426 4731 2443 4761 ¹
2479 4768 2494 4782 .
2527 4730 2670 4795 llaec,
2696 4740 2752 4785 ut
2775 4730 2902 4792 dixi,
2926 4732 3024 4784 alia
3051 4732 3272 4802 qumstio
3289 4740 3388 4794 est,
3411 4748 3529 4802 qua:
3555 4749 3641 4788 me
3659 4750 3778 4790 me-

2196 4823 2302 4877 rito
2329 4821 2568 4876 fortassis
2594 4831 2854 4885 moveret,
2886 4823 2986 4876 nisi
3013 4824 3099 4877 illa
3123 4823 3366 4892 exempla
3411 4825 3777 4882 occurrissent

2194 4911 2262 4966 de
2293 4912 2437 4966 Isaac
2457 4921 2511 4967 et
2527 4911 2709 4978 Jacob,
2738 4920 2793 4966 et
2823 4912 2869 4964 si
2897 4927 2998 4980 qua
3037 4911 3139 4965 alia
3167 4921 3388 4981 possunt
3415 4913 3660 4968 inveniri.
3713 4917 3774 4970 Si

2197 5010 2370 5056 tamen
2397 5001 2524 5056 illud
2545 5017 2648 5054 non
2671 5001 2842 5054 adhuc
2862 5009 3038 5055 movet
3057 5001 3198 5071 quod
3215 5002 3266 5056 in
3287 5001 3434 5057 Novo
3454 5003 3775 5059 Testamen-

2196 5103 2249 5147 to
2275 5093 2471 5148 dictum
2491 5100 2590 5157 est,
2621 5107 2690 5147 ne
2719 5091 2935 5146 omnino
2952 5091 3196 5162 juremus
3219 5094 3426 5167 (Matth.
3458 5110 3512 5162 v,
3539 5093 3628 5163 54,
3652 5096 3771 5169 36).

2194 5186 2345 5251 Quod
2391 5184 2602 5254 quidem
2641 5184 2768 5238 mihi
2816 5195 3093 5255 pr0pterea
3136 5188 3335 5243 dictum
3378 5189 3618 5255 videtur,
3661 5205 3772 5245 non

2193 5278 2311 5346 quia
2355 5291 2536 5330 verum
2572 5275 2751 5345 jurare
2795 5287 3063 5346 peceatum
3107 5289 3210 5346 est,
3260 5281 3354 5336 sed
3379 5282 3499 5351 quia
3529 5282 3774 5351 pejerare‘

2195 5370 2422 5424 immane
2439 5378 2706 5436 peccatum
2721 5378 2832 5434 est;
2849 5385 2880 5423 a
2895 5385 3000 5440 quo
3017 5386 3114 5426 nos
3142 5372 3296 5443 longe
3320 5388 3438 5428 esse
3464 5375 3646 5440 voluit,
3676 5374 3774 5446 qui.

2193 5456 2498 5512 omnimodo
2527 5472 2593 5511 ne
2613 5457 2850 5528 juremus
2879 5459 3169 5514 admonuit.
3199 5461 3304 5516 Sed
3334 5463 3425 5517 tibi
3453 5463 3592 5518 aliud
3623 5462 3771 5518 vide-

2228 5649 2240 5660 υ
2255 5585 2409 5660 *‘fdd.
2428 5593 2480 5636 et
2499 5587 3062 5660 atss.,per13eumJacob.
3085 5592 3367 5654 Castigatius
3385 5599 3557 5644 utatur
3577 5605 3606 5641 a
3625 5606 3770 5645 cano-

2191 5649 2330 5697 nistis
2343 5681 2358 5707 ,
2491 5648 2648 5697 Deum'
2663 5648 2864 5700 Nae/tor.

2255 5709 2325 5758 (al
2343 5719 2372 5756 Α
2397 5722 2464 5758 ias
2487 5709 2602 5758 liii:
2628 5725 2737 5758 uuae
2755 5718 2864 5758 aute

2196 5681 2330 5781 ξ’ξῑίὶῖ
2343 5681 2464 5781 lilii;
2487 5681 2918 5774 ἱέςῖῗέιὶἰέἔιῖίὲω
2940 5710 3000 5762 47
3023 5719 3144 5774 erat,
3168 5726 3294 5764 nunc
3315 5714 3421 5765 213.
3440 5715 3616 5777 Scripta
3639 5716 3765 5765 clm

2195 5771 2324 5820 idmn
2348 5779 2556 5832 tempus.
