4090 6356
267 412 380 468 185

265 527 311 576 ri
335 523 488 585 scio;
520 521 658 576 unde
679 534 820 575 nunc
836 517 1206 588 disputandum
1239 530 1341 569 non
1381 525 1482 582 cst,
1509 526 1566 570 ut
1603 515 1730 568 illud
1762 530 1855 584 po-

267 624 379 667 tius
403 628 625 682 agamus
653 612 795 683 unde
831 626 917 665 me
950 607 1330 665 consulendum
1368 607 1579 677 putasti.
1629 606 1856 660 Proinde

266 708 410 756 strui
452 719 559 755 non
602 703 769 771 juras,
796 701 864 754 ita
909 715 1005 753 nec
1030 698 1209 761 alium,
1256 698 1296 750 si
1332 697 1431 752 hoc
1463 697 1648 766 placet,
1678 695 1857 764 jurare

265 794 566 862 wmpellas
593 812 604 845 :
634 791 874 862 quamvis
898 791 1096 844 dictum
1117 790 1180 842 sit
1212 805 1278 842 ne
1303 789 1567 858 juremus;
1596 802 1854 856 nusquam

263 895 447 939 autem
486 885 539 937 in
569 883 854 953 Scripturis
896 882 1091 936 sanctis
1131 880 1228 950 legi
1275 879 1625 940 meminerim,
1678 894 1742 933 ue
1788 878 1854 933 ab

263 975 375 1026 alio
396 973 726 1041 juratiouem
761 971 1098 1040 accipiamus.
1151 970 1265 1023 Alia
1308 985 1433 1023 vero
1483 969 1703 1038 qttaâ€˜stio
1749 977 1849 1034 est,

264 1074 446 1117 utrum
481 1080 543 1119 ea
569 1079 697 1133 pace
721 1063 1008 1117 debeamus
1038 1061 1133 1127 uti,
1162 1077 1280 1131 qua:
1310 1061 1445 1115 inter
1468 1062 1599 1115 alios
1623 1061 1851 1114 invicem

257 1155 509 1221 jurautcs
560 1154 691 1206 facta
735 1161 833 1206 est.
879 1152 1027 1218 Quod
1056 1151 1100 1204 si
1130 1151 1392 1218 uolumus,
1422 1151 1512 1205 ubi
1538 1151 1770 1204 vivamus
1799 1151 1849 1204 in

265 1246 444 1306 terris,
482 1243 662 1296 nescio
691 1253 861 1295 utrum
895 1243 1133 1295 invenire
1161 1240 1442 1309 possimus.
1487 1239 1668 1310 Neque
1710 1240 1850 1294 enim

265 1333 639 1386 uit-tummodo
675 1333 846 1398 limiti,
875 1331 966 1385 sed
997 1331 1256 1386 universis
1285 1331 1568 1400 provinciis
1596 1347 1693 1400 pax
1726 1347 1853 1385 con-

261 1423 475 1475 ciliatur
521 1421 786 1489 jurationc
835 1420 1125 1474 barbarica.
1167 1419 1316 1474 Unde
1343 1428 1398 1474 et
1422 1419 1548 1473 illud
1577 1428 1843 1490 sequetur,

259 1522 316 1563 ut
341 1527 446 1563 non
482 1511 658 1581 fruges
681 1519 877 1564 tantum
904 1510 1110 1580 quaiab
1127 1510 1203 1563 eis
1225 1509 1608 1573 custodiuntur,
1639 1509 1724 1578 qui
1755 1525 1850 1580 per

259 1601 392 1652 deos
416 1600 582 1654 falsos
605 1602 935 1667 juraverunt,
956 1598 1046 1653 sed
1076 1599 1269 1668 ubique
1297 1598 1568 1667 inquinata
1591 1600 1697 1653 sint
1734 1613 1849 1652 om-

259 1693 346 1743 nia
367 1707 490 1761 QUAE
518 1693 630 1762 ipsa
655 1707 782 1760 pace
827 1692 1152 1755 muniuntur,
1180 1706 1334 1759 quam
1361 1691 1556 1758 juratio
1601 1691 1688 1744 illa
1716 1706 1845 1745 con-

257 1782 456 1835 tirmat.
489 1781 638 1848 Quod
665 1781 707 1834 si
740 1780 1168 1834 absurdissimum
1194 1789 1276 1835 est
1303 1779 1501 1846 dicere,
1541 1796 1636 1835 nec
1670 1780 1758 1834 illa
1797 1788 1846 1835 te

255 1882 520 1925 moveant
548 1888 664 1940 qum
693 1871 995 1925 movebant.

325 1962 382 2014 3.
415 1963 546 2015 item
578 1961 622 2014 si
647 1961 712 2013 de
740 1975 863 2014 area
899 1961 979 2014 vel
1012 1959 1260 2012 torculari
1298 1959 1512 2012 tollatttr
1540 1959 1744 2028 aliquid
1777 1959 1855 2014 ad

255 2053 522 2106 sacrilicia
565 2051 946 2104 da-moniorum
986 2051 1187 2104 sciente
1227 2051 1534 2112 christiano,
1587 2061 1767 2120 peccat
1798 2051 1841 2105 si

256 2142 376 2194 fieri
409 2141 688 2209 permittit,
722 2139 808 2192 ubi
856 2139 1162 2208 prohibendi
1211 2147 1439 2206 potestas
1465 2148 1562 2192 est.
1609 2139 1760 2207 Quod
1797 2141 1840 2193 si

255 2231 453 2283 factum
483 2231 759 2298 comperit,
803 2239 892 2282 aut
923 2228 1232 2296 prohibendi
1268 2238 1578 2296 potestatem
1608 2244 1709 2281 non
1745 2229 1838 2281 ha-

253 2320 385 2382 buit.
418 2321 585 2372 utitur
607 2319 816 2372 mundis
843 2317 1056 2386 reliquis
1082 2317 1334 2370 fructibus
1361 2316 1499 2370 unde
1527 2317 1610 2370 illa
1633 2318 1834 2372 sublata

252 2420 406 2472 sunt;
440 2412 577 2464 sicut
606 2409 839 2463 fontibus
866 2409 1082 2470 utimur,
1112 2407 1177 2461 de
1201 2409 1389 2477 quibus
1421 2408 1617 2462 hauriri
1647 2424 1836 2478 aquam

251 2503 318 2555 ad
353 2518 507 2554 usum
534 2502 909 2555 sacrificiorum
940 2500 1234 2555 certissime
1269 2500 1482 2554 scimus.
1534 2501 1728 2555 Eadem
1758 2511 1838 2555 est

250 2595 411 2646 etiam
446 2595 583 2646 ratio
622 2593 965 2644 Iztvnrrurttm.
1017 2589 1196 2660 Neque
1226 2590 1364 2644 enim
1402 2592 1641 2657 spiritum
1671 2591 1835 2645 dedu-

250 2701 375 2738 cere
404 2683 475 2738 de
503 2700 624 2737 aere
653 2684 972 2745 dubitamus,
1004 2682 1053 2735 in
1094 2697 1247 2750 quem
1279 2682 1474 2734 scimus
1518 2683 1591 2734 ire
1637 2685 1832 2735 fumum

249 2791 317 2829 ex
340 2776 449 2828 aris
472 2774 715 2826 omnibus
745 2783 797 2826 et
819 2773 1045 2825 incensis
1067 2772 1465 2826 daemoniorum.
1491 2771 1642 2827 Unde
1674 2789 1836 2841 appa-

251 2874 332 2918 ret
362 2865 494 2916 illud
525 2879 643 2916 esse
672 2862 1011 2931 prohibitum,
1059 2877 1124 2914 ne
1165 2862 1215 2914 itt
1245 2861 1496 2914 honorem
1539 2863 1833 2917 alienorum

250 2947 473 3012 deorum
515 2958 688 3026 aliqua
716 2971 771 3010 re
815 2967 1039 3018 utamur,
1086 2962 1176 3007 aut
1221 2956 1292 3008 uti
1322 2956 1702 3018 existimemur,
1755 2957 1832 3009 sic

251 3065 367 3102 eam
390 3047 722 3118 accipiendo,
753 3056 805 3098 ut
831 3047 1069 3115 quamvis
1089 3045 1266 3098 animo
1293 3053 1714 3107 contemnamus,
1739 3061 1832 3100 eos

251 3152 426 3196 tamen
458 3142 548 3211 qui
592 3151 826 3193 nostrum
855 3141 1087 3191 animum
1120 3141 1380 3207 ignorant,
1409 3137 1474 3190 ad
1508 3138 1620 3191 lucc
1665 3137 1831 3190 hono-

249 3233 414 3286 randa
462 3231 805 3285 mdificeiuus.
839 3231 904 3283 Et
932 3246 1049 3282 ctttu
1091 3229 1305 3298 templa,
1335 3227 1499 3293 idola,
1540 3228 1662 3294 luci,
1706 3237 1758 3281 et
1787 3231 1830 3281 si

247 3323 375 3392 quid
405 3321 728 3391 hujusmodi,
763 3319 881 3373 data
921 3327 1184 3390 potestate
1227 3326 1551 3380 evertuntur,
1594 3319 1832 3386 quamvis

249 3415 587 3468 manifestum
611 3421 692 3466 est
715 3427 832 3462 eum
865 3411 913 3462 id
939 3410 1162 3478 agimus,
1197 3425 1300 3462 non
1331 3424 1390 3461 ea
1419 3424 1514 3462 nos
1545 3407 1827 3474 honorare,

247 3506 338 3559 sed
364 3492 543 3575 potius
565 3503 833 3564 detestari,
869 3503 986 3555 ideo
1015 3513 1185 3554 tamen
1219 3501 1270 3554 in
1304 3516 1428 3553 usus
1468 3508 1676 3553 nostros
1714 3499 1829 3568 pri-

246 3609 395 3650 vatos
423 3599 677 3649 duntaxat
702 3605 753 3648 et
780 3595 1017 3664 pr0prios
1045 3609 1148 3646 non
1187 3593 1438 3647 debemus
1471 3591 1592 3644 inde
1633 3589 1829 3660 aliquid

248 3701 527 3756 usurpare,
560 3695 616 3738 ut
653 3693 901 3754 appareat
929 3699 1024 3736 nos
1053 3684 1242 3751 pietate
1266 3686 1360 3735 ista
1397 3682 1692 3744 destruere,
1724 3695 1827 3734 non
1860 3707 1862 3710 -

245 3777 488 3830 avaritia.
537 3776 665 3829 Cum
702 3791 827 3829 vero
858 3776 906 3828 in
941 3790 1064 3827 usus
1090 3790 1414 3837 communes,
1445 3788 1548 3826 non
1589 3773 1829 3841 proprios

242 3884 305 3921 ac
334 3870 591 3937 privatos,
626 3867 702 3919 vel
747 3868 796 3918 in
830 3867 1082 3919 honorem
1117 3865 1207 3917 Dei
1247 3865 1358 3918 veri
1405 3872 1822 3930 convertuntur,

246 3960 344 4012 hoc
371 3958 444 4011 de
487 3957 588 4010 illis
617 3958 671 4010 fit
701 3955 839 4025 quod
880 3955 946 4009 de
975 3955 1102 4022 ipsis
1128 3954 1447 4019 hominibus,
1489 3970 1608 4009 cum
1639 3969 1703 4008 ex
1739 3968 1827 4007 saâ€”

243 4050 458 4118 crilegis
487 4057 542 4101 et
571 4048 742 4116 impiis
771 4049 821 4101 iu
853 4063 1031 4102 veram
1061 4047 1365 4114 religionem
1397 4055 1685 4100 mutantur.
1719 4046 1852 4101 lloc-

246 4143 386 4196 Deus
426 4142 732 4210 intelligitur
785 4140 1029 4193 docuisse
1075 4139 1176 4192 illis
1215 4139 1528 4193 testimoniis
1567 4155 1684 4207 qua:
1715 4137 1828 4205 ipse

243 4234 490 4302 posuisti,
534 4248 652 4285 cum
689 4231 755 4285 de
785 4231 903 4284 luco
927 4230 1218 4284 alienorum
1245 4230 1462 4284 deorum
1488 4229 1646 4298 jussit
1688 4230 1826 4298 ligna

242 4325 306 4377 ad
332 4324 705 4377 holocaustmu
734 4320 970 4374 adhiberi
995 4336 1009 4385 ;
1038 4319 1182 4374 etde
1205 4318 1440 4382 Jericho,
1469 4327 1526 4370 ut
1561 4333 1715 4371 omne
1735 4333 1832 4370 au-

245 4432 381 4476 rum,
405 4422 702 4481 argentum,
729 4421 782 4465 et
803 4419 1148 4464 :eramentum
1176 4407 1522 4462 inferreturin
1552 4408 1828 4462 thesauros

246 4503 475 4556 Domini.
500 4504 829 4570 Quapropter
855 4500 1012 4552 etiam
1039 4497 1163 4550 illud
1185 4495 1323 4566 quod
1347 4497 1398 4548 itt
1421 4497 1828 4550 Deutcrouontio

245 4596 502 4662 scriptum
531 4601 642 4646 est:
667 4591 785 4644 Non
800 4591 1117 4656 concupisces
1141 4598 1402 4659 argentum
1419 4589 1687 4657 vellaurum
1705 4587 1825 4642 illa-

243 4701 374 4745 rum,
410 4699 498 4735 nec
537 4682 748 4749 accipies
785 4681 900 4732 inde
929 4679 1035 4738 tibi.
1081 4695 1142 4732 ne
1167 4677 1377 4733 excedas
1417 4688 1621 4746 prapter
1647 4678 1776 4731 illud
1807 4692 1827 4731 .Â°

243 4777 480 4843 quoniam
504 4774 804 4826 abominalio
825 4781 897 4825 est
927 4769 1142 4824 Domino
1173 4770 1275 4822 Deo
1300 4778 1384 4822 tuo
1416 4783 1434 4821 :
1460 4777 1504 4821 et
1531 4784 1628 4820 non
1654 4773 1829 4838 confe-

243 4883 320 4917 Î½ÎµÎ¹
349 4873 774 4918 exsecrantentunt
803 4862 854 4914 in
893 4862 1095 4914 domum
1125 4869 1283 4924 luant,
1312 4868 1356 4912 et
1399 4859 1494 4913 eris
1522 4858 1785 4911 anathema
1807 4898 1824 4924 ,

242 4959 370 5010 sicut
394 4966 438 5010 et
465 4955 595 5008 illud
625 4964 715 5018 est,
735 4962 779 5006 et
805 4951 1077 5018 oï¬'ensione
1092 4949 1334 5015 offendes,
1356 4959 1401 5001 ct
1426 4949 1828 5018 coinquinatione

243 5047 583 5117 inquinaberis
607 5045 971 5098 abominatione
994 5043 1106 5108 illa,
1129 5043 1246 5110 quia
1273 5041 1539 5093 anathema
1557 5049 1629 5092 est
1648 5038 1834 5109 (Dent.-

246 5156 338 5202 vu,
370 5140 460 5199 25,
491 5137 586 5208 26)
614 5153 627 5199 ;
659 5137 788 5190 satis
828 5142 1049 5203 apparet
1076 5142 1164 5186 aut
1194 5133 1337 5202 ipsos
1360 5132 1590 5200 privatos
1616 5143 1741 5184 usus
1773 5130 1825 5184 iu

245 5231 439 5284 talibus
458 5245 579 5284 esse
597 5227 910 5298 prohibitos,
930 5234 1022 5279 aut
1037 5240 1102 5278 ne
1122 5225 1199 5278 sic
1221 5223 1340 5277 inde
1355 5221 1550 5291 aliquid
1577 5221 1827 5275 inferatur

245 5321 294 5374 in
317 5322 533 5374 domum
563 5329 622 5373 ut
648 5317 938 5371 honoretur
964 5331 976 5367 :
1008 5323 1132 5368 tunc
1153 5322 1234 5367 est
1257 5313 1398 5366 enim
1424 5311 1745 5366 abominatio
1772 5319 1827 5364 et

243 5409 538 5463 exsecratio
566 5424 581 5473 ;
610 5423 713 5461 non
741 5421 860 5460 cum
900 5406 1079 5459 talium
1117 5403 1405 5472 sacrilegus
1425 5404 1442 5434 Â¹
1475 5402 1646 5456 honor
1673 5417 1825 5471 aper-

245 5501 444 5553 tissima
468 5497 826 5553 destructione
846 5495 1192 5549 subvertitur.

311 5590 365 5644 4.
402 5590 476 5643 De
506 5589 642 5642 escis
669 5597 847 5642 autem
887 5586 1144 5640 idolorum
1177 5583 1304 5639 nihil
1334 5585 1558 5652 amplius
1601 5601 1696 5638 nos
1726 5578 1823 5640 de-

305 5722 318 5750 Â¹
350 5727 398 5767 ta
423 5720 617 5768 excusis
636 5718 862 5776 habetur,
892 5715 1066 5778 talibus
1101 5713 1382 5778 sacrilegiis.
1424 5721 1594 5764 Contra
1632 5713 1680 5762 in
1713 5719 1820 5762 his.

243 5780 408 5830 latium
429 5778 724 5842 sacrilegus;
748 5777 996 5828 etmelius.

1473 371 1944 460 EPfSTOLAltUil
1986 401 2258 456 CLASStS
2298 401 2358 455 tt.

3435 409 3546 464 188Î‡

1963 513 2088 568 bere
2117 513 2419 579 observare,
2452 529 2607 584 quam
2635 514 2776 585 quod
2802 515 3052 587 prmcepit
3090 519 3389 588 Apostolus,
3415 536 3534 575 cer-

1962 612 2044 656 tus
2071 616 2202 657 esto.
2239 605 2301 657 Et
2331 604 2448 659 ideo
2479 604 2544 660 de
2575 606 2671 660 hac
2701 622 2758 662 re
2791 608 2950 663 verba
2980 609 3094 677 ejus
3117 609 3311 676 recole,
3342 627 3459 681 quae
3486 613 3535 667 si

1959 693 2179 747 obscura
2211 703 2408 761 essent,
2433 711 2528 765 pro
2545 696 2758 750 modulo
2782 707 2964 752 nostro
2983 713 3045 752 ex
3056 715 3387 767 poneremus.
3415 701 3531 756 Non

1956 797 2130 840 autem
2175 798 2376 858 peccat,
2423 789 2512 858 qui
2543 790 2714 844 cibum
2747 801 2926 859 postea
2969 793 3210 847 nesciens
3241 793 3530 848 manduca-

1957 876 2108 937 verit,
2139 891 2293 946 quem
2325 877 2467 946 prius
2495 888 2740 949 tanquam
2773 879 3122 950 idolothytum
3155 883 3372 950 respuit.
3401 883 3532 938 Olus

1958 966 2038 1020 vel
2080 969 2300 1036 quilibet
2330 968 2528 1044 fructus
2559 971 2608 1026 in
2657 973 2893 1040 quolibet
2933 987 3060 1042 agro
3104 983 3276 1036 natus,
3309 975 3422 1042 ejus
3451 985 3532 1030 est

1955 1057 2044 1124 qui
2073 1059 2305 1124 creavit;
2337 1060 2458 1128 quia
2483 1059 2689 1114 Domini
2717 1071 2786 1115 est
2831 1071 2981 1128 terra,
3011 1073 3054 1116 et
3095 1064 3350 1132 plenitudo
3379 1067 3531 1136 ejus:

1953 1155 2004 1200 et
2024 1149 2183 1202 omnis
2203 1158 2430 1201 creatura
2461 1149 2550 1202 Dei
2574 1148 2701 1203 bona
2726 1161 2796 1204 est
2822 1149 2989 1221 (Psal.
3021 1169 3173 1216 Ï‡Ï‡Î¹Î¹Î¹,
3200 1154 3222 1206 Î¹
3247 1171 3261 1216 ;
3294 1153 3443 1210 (Cor.
3469 1171 3525 1220 x,

1952 1235 2044 1302 25,
2091 1239 2178 1304 26,
2206 1248 2252 1293 et
2283 1239 2300 1292 l
2329 1238 2461 1292 Tim.
2494 1255 2565 1303 tv,
2592 1240 2671 1310 4).
2719 1241 2820 1296 Sed
2863 1243 2909 1295 si
2953 1243 3074 1296 illttd
3103 1244 3240 1313 quod
3285 1245 3335 1298 iu
3387 1246 3528 1314 agris

1953 1328 2202 1396 nascitur,
2229 1329 2742 1394 consecraturidolo,
2769 1331 2850 1385 vel
2871 1331 3211 1395 sacrificatur,
3239 1343 3360 1387 tunc
3385 1333 3526 1388 inter

1953 1418 2241 1489 idolothyta
2287 1419 2642 1488 deputandum
2677 1429 2776 1474 est.
2821 1420 3121 1475 Cavendum
3150 1431 3230 1476 est
3261 1424 3425 1488 enim,
3455 1439 3526 1478 ne

1951 1510 1994 1562 si
2022 1511 2376 1578 putaverimus
2401 1526 2503 1564 nou
2527 1511 2842 1566 vescendum
2871 1512 3016 1566 olere
3042 1512 3180 1581 quod
3213 1514 3442 1567 nascitur
3470 1515 3521 1567 iu

1953 1597 2104 1652 ltorto
2135 1601 2312 1669 templi
2343 1599 2487 1665 idoli,
2517 1617 2847 1672 consequens
2874 1603 2942 1656 sit
2967 1610 3021 1656 Î¹Î¹Î¹
3045 1603 3400 1657 existimemus
3418 1620 3521 1658 non

1949 1692 2193 1746 debuisse
2223 1695 2530 1762 Apostolum
2563 1696 2580 1725 á½·
2621 1693 2756 1763 apud
2790 1696 3023 1748 Athenas
3051 1693 3224 1747 cibum
3267 1710 3478 1750 sumere
3503 1737 3517 1761 ,

1948 1783 2068 1850 quia
2092 1782 2273 1837 civitas
2303 1792 2417 1837 erat
2445 1784 2686 1836 Miuervm
2715 1785 2932 1852 ejusque
2962 1784 3160 1837 numiui
3190 1793 3519 1838 consecrata.

1885 1899 1888 1904 -
1946 1872 2057 1926 Hoc
2083 1882 2131 1926 ct
2158 1873 2225 1927 de
2253 1884 2409 1942 puteo
2436 1874 2802 1942 responderim
2834 1875 2916 1928 vel
2943 1873 3091 1928 fonte
3115 1875 3202 1944 qui
3245 1876 3294 1928 iu
3328 1875 3522 1944 templo

1946 1975 2044 2016 est.
2078 1963 2199 2018 Plus
2226 1975 2399 2019 autem
2424 1975 2597 2019 movet
2621 1981 2822 2030 revera,
2854 1966 2896 2018 si
2920 1966 3118 2034 aliquid
3142 1967 3521 2022 sacrificiorum

1947 2053 1996 2106 in
2029 2053 2221 2108 fontem
2262 2055 2343 2108 vel
2387 2064 2601 2122 puteum
2644 2055 2966 2124 projiriatur.
3012 2056 3115 2110 Sed
3163 2056 3347 2109 eadem
3385 2057 3520 2111 ratio

1945 2153 2024 2197 est
2049 2145 2206 2209 aeris,
2232 2145 2320 2214 qui
2359 2161 2569 2200 omnem
2592 2162 2709 2199 eum
2740 2147 2934 2198 fumant
2962 2147 3170 2214 recipit,
3203 2146 3275 2200 de
3293 2161 3397 2216 quo
3418 2162 3516 2201 su-

1947 2249 2034 2301 pra
2081 2234 2352 2289 diximus:
2385 2245 2476 2289 aut
2521 2237 2562 2289 si
2609 2236 2709 2289 hoc
2740 2236 2856 2288 ideo
2885 2245 3099 2306 putatur
3142 2236 3356 2302 distare,
3397 2239 3516 2306 quia

1945 2322 2064 2374 illud
2097 2324 2410 2379 sacrificium
2439 2326 2504 2379 de
2531 2341 2635 2394 quo
2677 2324 2849 2378 fumus
2889 2326 2997 2380 aeri
3027 2325 3384 2391 confunditur,
3414 2342 3518 2381 non

1944 2415 2000 2466 fit
2025 2415 2119 2482 ipsi
2147 2415 2278 2480 aeri,
2319 2416 2413 2470 sed
2455 2416 2592 2469 idolo
2619 2417 2779 2471 alicui.
2796 2417 2877 2470 vel
2906 2415 3168 2470 dzemonio
3191 2459 3204 2481 ,
3235 2417 3517 2485 aliquando

1937 2512 2112 2556 autem
2143 2504 2219 2557 sic
2248 2505 2523 2559 mittuntur
2547 2505 2801 2560 sacrificia
2828 2507 2877 2559 in
2909 2523 3089 2576 aquas,
3127 2517 3183 2559 ut
3213 2507 3338 2575 ipsis
3364 2508 3515 2576 aqu-is

1938 2592 2298 2661 sacrificetur;
2331 2611 2432 2648 non
2459 2595 2576 2649 ideo
2601 2596 2781 2665 utique
2808 2598 2933 2650 solis
2962 2597 3116 2665 lmjus
3146 2598 3261 2652 luce
3283 2612 3386 2650 non
3409 2599 3514 2650 uti-

1938 2697 2075 2745 mur,
2103 2684 2224 2751 quia
2251 2685 2299 2738 ei
2329 2685 2561 2755 sacrilegi
2581 2686 2674 2738 ubi
2696 2695 2915 2755 possunt
2940 2687 3238 2741 sacrificare
3256 2703 3360 2740 non
3385 2701 3506 2741 ces-

1936 2781 2074 2824 sant.
2119 2773 2454 2828 SicriliCatur
2477 2775 2633 2828 ctiam
2663 2778 2852 2839 ventis,
2884 2777 3072 2845 quibus
3100 2786 3272 2830 tamen
3316 2778 3514 2830 utimur

1935 2861 2000 2914 ad
2031 2871 2198 2916 tantas
2226 2875 2430 2920 nostras
2463 2865 2882 2931 commoditates,
2925 2882 3043 2920 cum
3079 2867 3384 2921 earumdem
3425 2883 3512 2921 sa-

1935 2953 2251 3008 crificiorum
2296 2955 2496 3009 fumum
2537 2957 2632 3026 ipsi
2663 2957 3052 3027 quodammodo
3103 2958 3311 3014 haurire
3339 2968 3392 3013 et
3420 2975 3512 3012 vo-

1936 3061 2054 3099 rare
2104 3048 2400 3101 videantur.
2452 3049 2506 3102 Si
2551 3049 2668 3117 quis
2711 3049 2917 3102 dubitat
2963 3049 3033 3102 de
3078 3049 3254 3118 aliqua
3306 3065 3505 3115 carne,

1936 3145 2107 3188 utrum
2142 3137 2466 3191 immoiatitia
2497 3139 2583 3200 sit,
2611 3146 2791 3190 etnon
2824 3147 2906 3190 est
2945 3137 3288 3202 immolatitia,
3320 3139 3364 3191 si
3389 3155 3505 3193 eam

1933 3229 2283 3294 cognitionem
2325 3228 2548 3281 tenuerit
2573 3227 2709 3296 quod
2740 3227 3063 3280 immolatitia
3095 3244 3197 3280 non
3243 3230 3330 3293 sit,
3359 3239 3411 3282 et
3438 3245 3501 3283 ea

1932 3329 2192 3382 vescatur,
2236 3333 2335 3371 non
2369 3319 2546 3386 utique
2589 3327 2802 3387 peccat;
2848 3319 2968 3388 quia
2997 3335 3093 3373 nec
3128 3331 3229 3378 est.
3277 3337 3374 3375 nec
3397 3325 3508 3387 jam

1934 3415 2143 3474 putatur
2164 3407 2508 3472 immolatitia,
2531 3409 2628 3461 etsi
2663 3418 2814 3462 antea
2841 3410 3134 3478 putabatur.
3167 3411 3344 3480 Neque
3363 3414 3506 3465 enim

1934 3510 2036 3547 non
2062 3497 2180 3548 licet
2195 3497 2458 3565 corrigere
2479 3497 2822 3566 cogitationes
2842 3514 2869 3550 a
2891 3498 3115 3552 falsitate
3136 3501 3186 3552 in
3210 3501 3503 3554 vetâ€˜ilalettt.

1933 3585 1987 3638 Si
2015 3586 2129 3653 quis
2156 3593 2327 3637 autem
2357 3586 2548 3638 bonum
2577 3588 2838 3655 putaverit
2862 3602 2979 3641 esse
3009 3587 3145 3655 quod
3179 3589 3374 3640 malum
3403 3601 3504 3652 ÏÎµÎ¹,

1931 3681 1982 3727 et
2013 3675 2213 3738 fecerit,
2267 3673 2368 3728 hoc
2417 3676 2645 3742 putando
2694 3678 2870 3745 utique
2922 3686 3122 3745 peccat.
3165 3679 3230 3730 Et
3275 3694 3334 3731 ea
3383 3686 3507 3733 sunt

1930 3763 2106 3816 omnia
2138 3773 2345 3832 ÏÎ¹Î¹ÏÎ¿Ï‚Î¹Î¹ÎµÎ¹
2375 3765 2700 3834 ignoranti-.19,
2733 3766 2942 3835 quando
2970 3768 3192 3838 quisque
3221 3769 3356 3824 bene
3387 3770 3500 3824 fieri

1931 3863 2097 3924 putat,
2125 3855 2262 3924 quod
2285 3856 2422 3910 male
2445 3857 2519 3910 fit.

2001 3947 2053 4001 5.
2098 3947 2171 4000 De
2195 3947 2496 4001 occidendis
2524 3949 2822 4004 hominibus
2849 3967 2914 4004 ue
2934 3951 3001 4005 ab
3026 3953 3103 4005 eis
3125 3955 3343 4023 quisque
3366 3956 3505 4008 occi-
3537 4020 3542 4025 Ï„

1930 4036 2104 4101 datur,
2155 4053 2260 4090 non
2291 4038 2416 4090 mihi
2466 4039 2634 4107 placet
2663 4041 2938 4094 consilium
2970 4042 3077 4109 (a);
3130 4044 3228 4096 nisi
3274 4044 3407 4098 forte
3434 4047 3505 4098 sit

1932 4126 2100 4190 miles,
2133 4135 2222 4179 aut
2251 4127 2452 4195 publica
2498 4127 2766 4181 functioue
2812 4137 3069 4192 teneatur,
3102 4139 3155 4182 ut
3193 4148 3295 4183 non
3323 4148 3417 4200 pro
3443 4150 3501 4188 se

1931 4216 2030 4270 hoc
2057 4217 2231 4282 faciat,
2272 4217 2364 4270 sed
2403 4234 2497 4287 pro
2525 4219 2658 4282 aliis,
2708 4218 2790 4270 vel
2821 4234 2913 4283 pro
2956 4220 3190 4284 civitate,
3218 4221 3301 4274 ubi
3340 4224 3498 4277 etiam

1930 4310 2043 4378 ipse
2069 4319 2168 4372 est,
2215 4317 2430 4378 accepta
2469 4309 2697 4378 legitima
2731 4318 3002 4377 potestate,
3035 4311 3076 4363 si
3108 4311 3224 4378 ejus
3261 4315 3502 4382 congruit

1930 4413 2189 4466 persome.
2223 4397 2320 4463 Qui
2349 4413 2472 4450 vero
2493 4398 2819 4466 repelluntur
2844 4399 3021 4467 aliquo
3044 4408 3242 4454 terrore
3273 4417 3337 4455 ne
3363 4405 3501 4456 male

1930 4488 2140 4551 faciant,
2173 4489 2329 4543 etiam
2371 4488 2498 4557 ipsis
2539 4488 2734 4557 aliquid
2764 4488 2896 4541 forta
2931 4507 2989 4543 se
3032 4500 3326 4560 pra-statur.
3368 4493 3502 4548 illnc

1928 4589 2100 4635 autem
2123 4580 2318 4633 dictum
2340 4589 2441 4642 est,
2465 4597 2562 4632 non
2591 4581 2875 4633 resistamus
2898 4582 3028 4633 malo
3053 4581 3266 4652 (Matth.
3295 4598 3348 4647 v,
3373 4585 3496 4655 59),

1930 4686 1995 4724 tte
2035 4686 2130 4723 nos
2175 4669 2401 4723 vindicta
2449 4670 2696 4736 delet-tet,
2739 4686 2856 4738 quze
2898 4672 3072 4723 alieno
3103 4673 3238 4724 malo
3265 4674 3497 4728 animum

1930 4764 2126 4832 pascit;
2174 4777 2277 4815 non
2325 4770 2380 4814 ut
2419 4761 2797 4815 correctionem
2839 4760 3108 4814 hominum
3155 4763 3495 4834 negligamus.

1953 4927 1959 4930 '
1991 4919 2006 4949 á½·
2033 4917 2104 4965 Sic
2121 4923 2257 4965 recte
2277 4929 2336 4964 ex
2359 4921 2442 4978 tus.
2467 4921 2700 4978 Gemmet.
2727 4914 3021 4978 [.Ipostolos].

1991 4979 2065 5048 (á¾³)
2089 4978 2203 5048 Quid
2227 4979 2319 5048 sibi
2341 4977 2404 5048 de
2425 4977 2595 5048 hacre
2619 4977 2867 5048 videretur
2884 4979 2981 5038 jam
2992 4977 3120 5048 _alia_s
3132 4986 3497 5048 aperueratau-

1998 5037 2151 5087 Stiuus
2173 5038 2221 5086 in
2246 5037 2328 5085 lib.
2357 5038 2379 5084 1
2407 5037 2471 5085 de
2494 5039 2660 5086 Libero
2683 5037 2897 5096 arbitrio,
2920 5051 2963 5086 c.
2989 5039 3037 5095 5,
3061 5040 3142 5086 ubi
3163 5037 3357 5087 demum
3381 5047 3498 5088 Evo-

1998 5054 2151 5087 SllllUS
2173 5054 2221 5086 Î¹Î¹Î¹
2247 5054 2328 5085 Î¹Î¹Î¹).
2357 5054 2379 5084 1
2407 5054 2471 5085 ue
2494 5054 2660 5086 umero
2683 5054 2897 5096 arillll'lO,
2920 5054 2963 5086 (Î£.
2989 5054 3037 5095 Ï…,
3061 5054 3142 5086 um
3166 5054 3357 5087 uentum
3381 5054 3498 5088 ÎºÎ½Î¿-

1929 5054 1995 5149 gini
2015 5099 2306 5162 sententiam
2328 5099 2670 5162 comprobavit,
2695 5112 2746 5146 Î¹Î¹.
2773 5099 2860 5146 15Îµ
2882 5112 2969 5147 eos
2991 5099 3216 5148 videlicet
3237 5100 3358 5162 apud
3382 5101 3499 5148 divi-

1928 5174 2039 5209 nam
2081 5159 2427 5220 providentiam
2472 5159 2835 5220 baudquaquam
2887 5172 2997 5208 esse
3043 5169 3237 5221 peccato
3267 5159 3494 5219 'liberos,

1937 5240 1958 5267 Î¹
1981 5222 2073 5292 qui
2085 5235 2172 5292 pro
2195 5222 2253 5292 iis
2275 5223 2448 5292 rebus,
2465 5221 2852 5292 qt.as_oo;itemni_
2884 5228 3104 5280 oportet,
3121 5221 3341 5292 humana
3363 5223 3498 5292 caede

1937 5240 1958 5267 Î¹
1981 5236 2064 5329 qlut
2085 5236 2172 5292 pro
2195 5236 2253 5268 ns
2275 5236 2441 5292 renus,
2465 5236 2584 5292 quas
2607 5236 2852 5292 contemni
2884 5236 3104 5280 oportet,
3121 5236 3341 5292 .numana
3363 5236 3496 5271 caeue

1929 5296 1990 5344 po
2028 5289 2102 5344 uti
2121 5288 2288 5344 sunt.Â»
2319 5283 2508 5344 Imbtbtt
2543 5289 2684 5344 Istam
2703 5280 2968 5344 doctrinam
3000 5289 3278 5344 propinante
3301 5284 3496 5330 Ambroâ€”

1927 5341 2000 5393 sio
2016 5345 2068 5412 in
2090 5341 2175 5412 lib.
2191 5342 2296 5412 ede
2312 5343 2500 5412 Oï¬‚iciis,
2517 5341 2620 5412 Î¿Ï„Î¹,
2641 5343 2774 5412 hisce
2799 5343 2962 5412 verbis
2982 5341 3044 5391 Í¾â€œÂ«
3056 5341 3150 5392 non
3170 5344 3356 5412 videtur
3370 5345 3497 5412 quod

1937 5422 1958 5450 Î±
1983 5406 2054 5454 vir
2077 5404 2379 5461 christianos,
2405 5410 2455 5452 et
2483 5405 2657 5465 justus,
2685 5411 2735 5452 et
2757 5404 2951 5465 sapiens
2994 5416 3215 5465 quaerere
3238 5405 3328 5452 sibi
3353 5404 3497 5453 vitam

1936 5483 1959 5511 Î¹
1981 5467 2138 5515 aliena
2161 5471 2316 5513 morte
2337 5465 2518 5526 debeat
2543 5479 2554 5512 :
2581 5471 2750 5526 utpote
2773 5465 2856 5526 qui
2888 5465 3075 5512 etiamsi
3099 5465 3148 5511 iu
3171 5465 3404 5513 latronem
3427 5479 3500 5514 ar-

1937 5544 1958 5572 Î±
1981 5535 2160 5576 malum
2205 5526 2407 5582 incidat,
2445 5525 2706 5575 ferientem
2728 5525 2934 5574 referire
2969 5538 3065 5573 non
3102 5526 3266 5585 [:OSs-it,
3298 5539 3361 5574 ne
3384 5527 3499 5576 dum

1936 5605 1958 5632 Î±
1980 5589 2186 5638 salutem
2206 5586 2441 5644 defendit,
2458 5589 2688 5648 pietatem
2702 5586 3008 5648 contaminet.
3030 5602 3051 5629 Î¹Î¹
3083 5588 3243 5636 ttausit
3267 5589 3409 5635 etiam
3434 5601 3496 5637 ex

1929 5652 2182 5712 Cypriane,
2207 5649 2288 5710 qtti
2316 5648 2360 5712 in
2394 5646 2533 5712 epist.
2571 5649 2632 5695 56
2652 5646 2874 5695 absolute
2899 5650 3199 5712 pronuntiat:
3230 5649 3497 5712 crticciderc

1938 5708 2077 5759 (non
2099 5708 2239 5767 licet;
2261 5709 2350 5757 sed
2374 5708 2520 5756 occidi
2545 5721 2748 5756 necesse
2765 5716 2867 5764 est;
2895 5725 2922 5770 Â»_
2949 5715 2998 5755 et
3023 5708 3070 5755 in
3090 5710 3230 5770 epist.
3256 5711 3344 5760 b7:
3371 5721 3494 5760 coc-

1938 5789 1959 5818 Î¹
1981 5773 2144 5822 cidere
2170 5772 2503 5818 innocentibus
2526 5783 2616 5817 uec
2639 5776 2891 5816 nocentem
2909 5767 3070 5818 liceat.
3089 5767 3133 5813 Î¹â€™
3162 5797 3164 5800 -
