4090 6356
506 381 604 437 187

504 492 654 548 Unde
670 503 770 545 nec
797 501 920 542 reus
947 494 1030 541 cst
1052 483 1237 540 mortis
1274 481 1484 544 alientc,
1509 475 1600 548 qui
1623 489 1733 527 sum
1763 467 2088 542 possessioni

503 597 713 640 murum
741 576 1175 640 circumduxerit,
1206 573 1252 630 si
1278 569 1469 640 aliquis
1492 583 1556 621 ex
1588 564 1752 636 ipsius
1779 561 1945 617 ruinis
1971 574 2092 627 per-

504 688 692 728 cussus
714 671 938 726 intereat
967 669 1007 719 ί.
1039 666 1218 735 Neque
1241 664 1382 718 enim
1410 675 1535 715 reus
1558 668 1641 712 est
1677 655 2019 716 christianos,
2045 649 2090 704 si

504 765 601 824 bos
625 762 740 834 ejus
760 760 988 829 aliquem
1015 754 1274 816 feriendo,
1310 752 1393 806 vel
1418 763 1586 820 equus
1611 747 1810 800 calcem
1845 739 2092 814 jaciendo

505 857 736 926 aliquem
757 851 997 914 occidat;
1025 857 1114 902 ant
1141 846 1261 901 idco
1281 859 1390 898 non
1413 842 1609 896 debent
1627 836 1899 893 christiani
1929 836 2094 888 boves

504 946 704 1000 habere
726 957 945 1004 cornua,
985 948 1076 993 aut
1099 949 1269 1006 equus
1289 931 1532 1003 ungulas,
1574 937 1666 982 aut
1687 927 1874 980 dentes
1904 922 2050 977 canis
2075 936 2091 985 ;

504 1049 596 1092 aut
640 1050 766 1089 vero
792 1033 1038 1103 quoniam
1085 1027 1362 1096 apostolus
1388 1023 1584 1078 Paulus
1628 1019 1758 1074 satis
1802 1014 1910 1088 egit
1938 1024 1995 1065 ιιι
2042 1013 2092 1064 in

510 1126 706 1182 tribuni
741 1124 979 1177 notitiam
1002 1118 1342 1186 perferretur,
1367 1113 1583 1167 insidias
1609 1109 1706 1164 sibi
1728 1124 1756 1160 a
1779 1101 2095 1176 quibusdam

512 1216 730 1287 perditis
759 1211 1062 1284 praeparari,
1096 1218 1150 1264 et
1176 1209 1245 1262 ob
1291 1207 1390 1260 hoc
1415 1203 1732 1257 deducturos
1761 1194 1964 1262 accepit
2006 1207 2095 1245 ar-

512 1281 684 1365 matos
714 1281 1046 1378 (densata,
1099 1299 1265 1355 17-24
1281 1297 1324 1365 ),
1370 1295 1420 1352 si
1453 1295 1502 1348 in
1535 1292 1635 1352 illa,
1663 1303 1811 1352 arma
1855 1281 2097 1340 scelerati

515 1398 762 1454 homines
799 1395 1138 1455 incidiSseut,
1185 1388 1380 1448 Paulus
1421 1386 1474 1440 in
1524 1380 1784 1436 effusione
1829 1371 2099 1444 sanguinis

513 1507 697 1548 eorum
720 1506 872 1544 suum
895 1489 1093 1541 crimen
1115 1489 1444 1554 agnosceret.
1480 1476 1630 1531 Absit
1659 1483 1715 1526 ut
1737 1487 1810 1530 ca.
1828 1483 1946 1537 qua:
1977 1481 2097 1536 pro-

515 1593 633 1652 pter
655 1583 849 1637 bonum
875 1596 939 1636 ac
968 1579 1166 1632 liettutu
1199 1573 1441 1635 facimus,
1471 1575 1560 1622 aut
1586 1565 1872 1625 habemus,
1891 1559 1934 1612 si
1973 1555 2097 1626 quid

516 1692 612 1746 per
653 1677 772 1730 haec
812 1681 1007 1744 praeter
1050 1678 1282 1724 nostram
1326 1663 1645 1717 voluntatem
1687 1655 1930 1722 cuiquam
1974 1647 2099 1703 mali

515 1768 794 1833 acciderit,
834 1767 986 1820 nobis
1016 1765 1325 1830 imputetur.
1355 1754 1601 1824 Alioquin
1640 1765 1739 1804 nec
1782 1747 2100 1800 ferramenta

517 1859 807 1914 domestica
832 1866 887 1910 et
911 1854 1136 1923 agrestia
1165 1858 1287 1903 sunt
1309 1844 1568 1906 habenda,
1601 1857 1669 1896 nc
1698 1836 1921 1908 quis-eis
1940 1833 2022 1887 vel
2044 1846 2103 1886 se

517 1949 605 2002 vel
645 1949 868 2002 alterum
897 1944 1200 2006 interimat;
1231 1953 1332 1993 nec
1365 1937 1525 1990 arbor
1551 1942 1641 1988 aut
1671 1929 1846 1990 restis,
1877 1941 1945 1980 nc
1985 1922 2103 1992 quis

518 2055 576 2092 se
608 2038 728 2094 inde
757 2034 1086 2105 suspendat;
1113 2046 1211 2086 nec
1243 2029 1473 2084 fenestra
1505 2021 1749 2077 facienda.
1779 2028 1882 2081 est,
1914 2029 1982 2068 ne
2012 2027 2106 2082 per

519 2128 657 2183 hanc
697 2143 761 2182 se
797 2125 1020 2195 quisque
1053 2118 1362 2190 prmcipitet.
1409 2113 1545 2180 Quid
1587 2112 1738 2184 plura
1775 2119 2105 2161 commemo-

518 2238 656 2284 rem,
684 2232 885 2274 cum—ea
913 2207 1377 2270 commemoranda
1405 2206 1556 2259 finire
1582 2218 1684 2256 non
1709 2194 1943 2267 possim?
1970 2190 2106 2260 Quid

520 2315 662 2368 enim
690 2320 774 2366 est
810 2310 861 2362 in
904 2323 1005 2361 usu
1051 2301 1322 2358 hominum
1368 2300 1506 2352 bono
1535 2309 1599 2353 ac
1627 2285 1963 2354 licito,.uude
2002 2299 2106 2337 non

524 2401 691 2472 possit
715 2401 873 2454 etiam
903 2393 1170 2465 pernicies
1193 2384 1464 2457 irrogari?

597 2493 650 2548 6.
694 2464 978 2552 Βυεωιέιιὶ
1006 2487 1178 2549 fallor,
1211 2490 1268 2537 ut
1292 2480 1531 2534 dicamus
1557 2470 1756 2544 aliquid
1784 2468 1851 2524 de
1880 2466 1971 2522 illo
1995 2464 2107 2517 via-

526 2593 644 2638 tore
683 2582 994 2644 christiano,
1038 2590 1195 2646 quem
1244 2564 1674 2627 commemorasti
1716 2562 1912 2615 victum
1957 2556 2110 2610 famis

525 2677 864 2734 necessitate,
906 2670 953 2726 si
997 2666 1136 2726 nihil-
1159 2664 1361 2733 uspiam
1406 2655 1673 2714 invenerit
1715 2650 1814 2706 nisi
1845 2649 2022 2704 cibum
2054 2646 2107 2700 iu

525 2767 686 2822 idolio
711 2764 960 2830 positum,
992 2760 1082 2816 ubi
1111 2757 1286 2812 nullus
1322 2754 1456 2806 alius
1485 2759 1566 2805 est
1595 2744 1893 2806 hominum,
1933 2748 2110 2794 utrum

525 2859 573 2913 ei
599 2857 764 2912 satius
787 2855 859 2909 sit
887 2852 1022 2908 fame
1053 2847 1244 2912 emori,
1265 2859 1426 2915 quam
1452 2839 1583 2895 illud
1609 2839 1660 2893 in
1686 2836 2000 2890 alimentqu
2023 2845 2114 2884 su-

525 2964 673 3004 mere
701 2965 716 3002 :
747 2947 801 3002 in
846 2959 950 3016 qua
991 2940 1306 3012 qumstione,
1351 2933 1604 3005 quoniam
1651 2944 1757 2983 non
1801 2933 1885 2979 est
1928 2936 2116 2979 conse.

526 3054 714 3110 quens,
757 3045 817 3093 ut
839 3011 989 3092 cibus
1013 3011 1104 3087 ille
1129 3027 1484 3096 idolothytum
1524 3021 1630 3085 sit;
1664 3018 1833 3089 potuit
1860 3014 2001 3070 enim
2033 3011 2116 3067 vel

528 3105 598 3186 ab
618 3131 698 3184 eis
721 3128 811 3198 qui
835 3127 906 3188 ibi
927 3124 998 3178 ab
1021 3123 1209 3178 itinere
1228 3119 1552 3173 divertentes
1571 3124 1765 3179 corpus
1790 3105 2112 3166 refecerant,

529 3192 797 3275 oblivione
844 3231 942 3271 seu
983 3212 1255 3268 voluntate
1297 3203 1512 3267 dimitti,
1557 3200 1642 3256 vel
1688 3198 1796 3253 illic
1844 3195 1914 3250 ob
1959 3192 2118 3246 aliam

529 3322 744 3365 causam
764 3303 1053 3376 quamlibet
1067 3299 1224 3370 poni;
1257 3295 1489 3350 breviter
1517 3288 1836 3360 respondeo.
1867 3287 1974 3338 Aut
1998 3297 2123 3338 cer-

532 3407 645 3453 tum
673 3406 757 3453 est
796 3409 916 3450 esse
942 3391 1316 3460 idolothytum,
1345 3392 1436 3439 aut
1476 3390 1680 3436 certum
1710 3385 1793 3432 est
1835 3390 1939 3430 non
1964 3386 2084 3428 esse
2102 3412 2118 3437 ,

535 3500 628 3545 aut
657 3491 973 3559 ignoratur;
1003 3484 1046 3540 si
1075 3497 1204 3551 ergo
1228 3485 1431 3534 certum
1459 3483 1542 3527 est
1578 3485 1717 3532 esse.
1749 3466 1938 3522 melius
1981 3462 2125 3518 chri-

536 3582 706 3637 stiana
733 3556 933 3632 virtute.
951 3573 1252 3645 respuitur;
1284 3569 1327 3622 si
1355 3576 1532 3620 autem
1561 3564 1646 3617 vel
1669 3576 1772 3615 non
1790 3573 1910 3613 esse
1933 3556 2119 3622 scitur,

535 3672 623 3727 vel
648 3671 934 3741 ignoratur,
965 3667 1080 3720 sine
1111 3662 1216 3718 ullo
1241 3655 1581 3716 conscienti-.e
1606 3649 1858 3720 scrupulo
1884 3647 1942 3701 in
1967 3661 2124 3702 usum

541 3761 878 3820 necessitatis
895 3755 1206 3813 assumitur.

961 3841 1287 3902 EPISTOLA
1326 3835 1539 3894 XLVIII
1557 3839 1576 3858 "
1599 3832 1701 3905 (ιι).

542 3965 851 4038 Augustinus
881 3959 1110 4016 Eudoxio
1136 3955 1301 4011 abbati
1339 3951 1701 4007 monachorum
1725 3945 1906 4000 insula:
1929 3943 2127 4012 Capra-

614 4033 725 4124 ἔξω,
763 4055 1032 4111 exhortans
1068 4060 1122 4103 ut
1150 4048 1252 4103 otio
1277 4045 1342 4098 ad
1369 4043 1626 4114 pietatem,
1659 4053 1760 4090 non
1785 4035 1852 4088 ad
1879 4033 2130 4104 ignauiam

617 4157 844 4212 utantur,
873 4153 918 4198 et
945 4142 1101 4196 sicubi
1131 4136 1359 4194 Ecclesia
1402 4132 1626 4203 requirat
1653 4129 1859 4183 illorum
1882 4139 2088 4195 operam
2111 4163 2127 4187 ,

617 4255 680 4293 ne
702 4239 991 4292 detrectent.

551 4349 777 4407 Domino
803 4346 996 4401 dilecto
1023 4351 1079 4398 et
1106 4335 1506 4408 emptatissimo
1533 4330 1680 4387 fratri
1711 4335 1766 4384 et
1791 4324 2135 4396 compresby-

625 4449 742 4495 tero
771 4439 1004 4492 Eunomo
1028 4443 1082 4487 et
1105 4431 1195 4501 qui
1222 4439 1396 4484 tecum
1423 4435 1548 4480 sunt
1573 4421 1846 4485 fratribus,
1877 4420 2136 4472 Auousrt-

623 4546 750 4594 uus,
777 4540 831 4585 et
857 4528 950 4599 qui
993 4538 1202 4580 mecum
1241 4527 1365 4574 sunt
1393 4517 1605 4580 fratres,
1646 4513 1698 4566 iu
1728 4509 1952 4565 Domino
1990 4506 2135 4561 salu-

623 4634 732 4681 tem
741 4661 755 4675 .

632 4739 687 4794 I.
725 4733 947 4804 Quando
985 4729 1216 4801 quietem
1247 4733 1476 4780 vestram
1501 4719 1816 4790 cogitamus,
1846 4727 2003 4786 quam
2042 4709 2141 4764 ha-
2219 4739 2224 4744 ς

563 4802 781 4886 betisin
827 4824 1062 4886 Christo,
1113 4820 1270 4875 etiam
1316 4830 1435 4881 nos,
1480 4811 1721 4883 quamvis
1769 4806 1822 4861 iu
1869 4802 2139 4858 laboribus

559 4921 722 4975 variis
763 4915 1071 4988 asperisque
1107 4923 1402 4973 versemur,
1448 4906 1501 4959 iu
1542 4910 1720 4958 vestra
1761 4897 2021 4953 cbaritate
2051 4910 2141 4948 re-

560 5007 904 5084 quiescimus.
929 5005 1101 5061 Unum
1123 5003 1262 5071 enim
1289 5013 1480 5066 corpus
1505 4994 1604 5048 sub
1621 5005 1727 5046 uno
1742 4989 1914 5058 capite
1934 4998 2145 5050 sumus,

561 5110 697 5158 utet
724 5115 818 5154 vos
844 5099 894 5151 in
918 5095 1072 5150 nobis
1103 5090 1381 5162 negotiosi,
1415 5095 1467 5141 et
1497 5099 1594 5139 nos
1620 5083 1672 5137 in
1699 5079 1850 5138 vobis
1883 5074 2041 5130 otiosi
2067 5074 2142 5126 si-

562 5210 701 5258 mus,
748 5189 868 5261 quia
912 5187 953 5243 si
1000 5185 1188 5257 patitur
1229 5196 1386 5234 unum
1431 5174 1727 5235 membrum,
1775 5166 2147 5236 compatiuntur

563 5284 734 5338 omnia
761 5278 1016 5342 membra;
1043 5288 1088 5331 et
1115 5277 1156 5329 si
1182 5256 1493 5347 gfori/icatur
1518 5281 1674 5322 unum
1701 5259 1996 5322 membrum,
2025 5270 2147 5308 con-

568 5373 786 5446 gaudent
822 5370 992 5426 omnia
1020 5367 1238 5422 membra
1269 5363 1308 5433 tl
1331 5361 1449 5416 Cor.
1493 5373 1589 5424 XII,
1620 5354 1738 5423 26).
1779 5349 2146 5411 Admonemus

627 5487 647 5518 ί
671 5491 777 5533 Mss.
799 5489 1008 5546 septem,
1025 5479 1133 5528 Bad.
1152 5482 1311 5534 ett-1.,
1327 5472 1409 5542 qus:
1443 5478 1679 5546 mansum
2062 5455 2152 5508 ati-

565 5546 672 5609 qus's
691 5558 754 5596 ea:
771 5537 980 5609 ipsorum
989 5537 1094 5609 jusu
1116 5549 1367 5609 percussus
1388 5537 1605 5609 intereat.

1204 5580 1373 5648 bi:
1392 5580 1449 5642 ff.
1474 5605 1557 5654 gg.
1575 5605 1617 5640 r.
1638 5589 1715 5638 sb.
1739 5598 1815 5636 vc.
1838 5583 1961 5634 duos
1980 5589 2018 5632 ι.
2030 5580 2153 5631 duos

566 5685 614 5719 v.
640 5670 700 5718 ad
725 5678 822 5717 Am.
847 5668 956 5716 Bad.
981 5673 1053 5714 Er.
1077 5670 1185 5711 ων.

628 5705 964 5842 agili-as?“
983 5705 1301 5790 "(infantem
1318 5718 1376 5769 i8
1401 5722 1506 5768 erat
1522 5748 1537 5774 ,
1564 5725 1691 5763 nunc
1713 5710 1792 5761 95.
1818 5708 1999 5770 Scripta
2022 5705 2148 5754 forte

568 5806 793 5842 311.ωᾶ
1219 5821 1222 5825 .

1738 362 1798 414 S.
1842 354 2203 412 AUGUSTINI
2240 351 2541 410 EPISCOPI

3669 361 3775 418 188

2197 481 2325 537 ergo
2348 476 2404 522 et
2439 467 2670 538 petimus
2690 476 2743 522 ct
2769 467 3109 524 obsecramus
3126 482 3224 539 per
3240 468 3435 524 Christi
3457 469 3774 534 altissimam

2196 558 2546 614 humilitatem
2587 570 2638 614 et
2681 558 3230 615 misericordissimam
3280 561 3669 630 celsitudinem,
3713 573 3776 620 ut

2196 652 2361 706 uoSIri
2403 666 2667 706 memores
2694 652 2808 706 sitis
2837 652 2889 705 in
2933 651 3131 706 sanctis
3171 653 3499 708 orationibus
3537 655 3728 709 vestris
3752 698 3772 723 ,

2195 756 2327 812 quas
2354 757 2449 796 vos
2470 742 2827 812 vigilantiores
2865 751 2918 795 et
2943 742 3109 812 magis
3147 742 3350 797 sobrias
3381 743 3575 799 habere
3595 746 3772 800 credi-

2197 851 2316 891 mus
2352 852 2364 888 :
2391 845 2599 890 nostras
2623 835 2766 890 enim
2795 849 2935 906 stupe
2961 836 3164 889 sauciat
3185 843 3243 890 et
3269 835 3507 890 debilitat
3533 837 3702 907 caligo
3722 848 3778 892 ct

2200 925 2455 978 tumultus
2479 925 2810 979 stecularium
2831 925 3098 979 actionum
3122 940 3136 989 ;
3169 940 3299 994 quas
3316 925 3415 980 etsi
3436 934 3646 980 nostras
3671 943 3790 982 non.

2199 1015 2476 1080 habemus,
2507 1032 2690 1070 eorum
2738 1024 2912 1070 tamen
2941 1015 3028 1085 qui
3059 1030 3158 1069 nos
3185 1015 3460 1085 angariant
3482 1016 3626 1070 mille
3661 1032 3782 1086 pas-

2199 1123 2311 1172 sus,
2350 1120 2403 1162 ct
2425 1107 2676 1174 juhemur
2704 1107 2781 1161 ire
2807 1122 2927 1162 cum
2955 1107 3033 1162 eis
3062 1105 3164 1159 alia
3193 1105 3298 1159 duo
3327 1105 3535 1172 (Matth.
3566 1122 3620 1170 v,
3647 1104 3738 1177 41)
3764 1148 3781 1172 ,

2202 1208 2360 1252 tantae
2401 1199 2551 1253 nobis
2594 1197 2903 1268 ingeruntur
2943 1205 2999 1252 ut
3033 1197 3119 1250 vix
3163 1197 3426 1267 respirare
3473 1197 3778 1267 possimus:

2199 1290 2480 1346 credentes
2506 1299 2683 1344 tamen
2710 1288 2852 1360 quod
2893 1288 2980 1342 ille
3026 1287 3075 1341 in
3104 1287 3254 1357 cujus
3294 1295 3584 1357 conspectu
3623 1287 3794 1342 intrat

2201 1382 2425 1450 gemitus
2453 1379 2873 1450 compcditorum
2902 1376 3076 1450 (Psal.
3120 1393 3340 1444 uxvm,
3375 1378 3487 1449 11),
3534 1391 3769 1448 perseve

2201 1481 2381 1527 mutes
2401 1487 2498 1525 nos
2527 1471 2580 1525 in
2605 1485 2671 1524 eo
2694 1468 3004 1529 ministerio.
3031 1468 3082 1521 in
3110 1482 3216 1538 quo
3239 1467 3484 1536 dignatus
3509 1473 3594 1521 est
3620 1466 3786 1520 collo-

2202 1580 2323 1619 carc
2343 1579 2475 1620 cum.
2492 1542 3433 1633 promissa.mercede,.adjuvantibus
3452 1557 3794 1612 orationibus-

2203 1657 2398 1710 vestris
2427 1655 2494 1708 ab
2522 1654 2664 1707 omni
2693 1653 2929 1722 angustia
2953 1648 3217 1706 liberabit.
3743 1661 3770 1674 ε

2273 1750 2327 1826 2.
2370 1748 2476 1802 Vos
2519 1755 2726 1810 autem,
2756 1744 2974 1808 fratres,
3001 1743 3343 1807 exhortamur
3378 1740 3432 1795 in
3472 1738 3698 1796 Domino
3726 1746 3793 1794 ut

2203 1840 2534 1912 propositum
2575 1847 2810 1892 vestrum
2854 1833 3195 1898 custodiatis,
3223 1841 3276 1887 et
3321 1847 3490 1901 usque
3537 1831 3591 1885 in
3630 1829 3800 1884 finem

2206 1931 2557 2002 perseveretis
2580 1944 2680 1985 :ac
2705 1929 2750 1983 si
2790 1943 2948 1998 quam
2985 1941 3200 1996 operam
3230 1931 3461 1980 vestram
3489 1929 3660 1976 mater
3683 1920 3791 1976 Ec-

2206 2025 2365 2079 clesia
2391 2022 2788 2086 desideraverit,
2813 2035 2914 2076 nec
2931 2019 3161 2074 elatione
3185 2015 3335 2070 avida
3357 2013 3676 2083 suscipiatis,
3696 2028 3798 2068 nec

2207 2114 2510 2170 blandiente
2540 2111 2742 2167 desidia
2779 2108 3080 2178 respuatis;
3110 2107 3204 2162 scd
3247 2105 3360 2160 miti
3395 2103 3555 2159 corde
3583 2103 3794 2158 obtem-

2209 2205 2406 2274 peretis
2449 2205 2557 2258 Deo
2581 2243 2596 2266 ,
2627 2217 2748 2256 cum
2795 2198 3199 2255 mansuetudine
3234 2204 3508 2264 portantes
3546 2209 3668 2248 eum
3704 2192 3806 2262 qni:-

2209 2310 2305 2349 vos
2324 2295 2478 2365 regit.
2498 2294 2586 2364 qui
2606 2293 2786 2362 dirigit
2807 2292 2961 2346 mites
2987 2290 3038 2343 in
3059 2287 3284 2355 judicio,
3307 2285 3396 2356 qui
3417 2285 3572 2340 docet
3601 2285 3618 2316 ⁸
3646 2299 3802 2338 mau-

2211 2396 2395 2444 suetos
2422 2386 2534 2439 vias
2557 2398 2682 2439 suas
2711 2381 2895 2454 (Psal.
2924 2395 3070 2444 sxw,
3104 2377 3194 2437 9i.
3227 2377 3335 2432 Nec
3359 2384 3592 2430 vestrum
3631 2374 3795 2428 otium

2213 2473 2616 2548 necessitatibus
2645 2473 2895 2528 Ecclesizc
2923 2469 3266 2539 praeponatis,
3299 2467 3382 2522 eui
3414 2464 3726 2536 parturienti
3753 2465 3808 2519 si-

2214 2569 2341 2624 nulli
2369 2568 2492 2622 boui
2523 2565 2826 2620 miniatrare
2858 2562 3090 2624 vellent,
3120 2558 3387 2628 quomodo
3425 2554 3798 2615 nasceremini.

2214 2679 2320 2718 non
2359 2658 2684 2717 inveniretis.
2723 2655 2873 2711 Sicut
2911 2664 3088 2707 autem
3135 2653 3272 2706 inter
3315 2650 3488 2719 ignem
3531 2656 3587 2702 et
3612 2660 3804 2714 aquam

2215 2752 2440 2809 tenenda
2470 2759 2552 2806 est
2577 2749 2680 2810 via.
2714 2755 2774 2800 ut
2799 2760 2896 2799 nec
2925 2753 3182 2798 exuratur
3212 2741 3370 2794 ltomo
3399 2754 3496 2793 nec
3521 2737 3803 2806 demerga-

2216 2853 2330 2910 tur;
2361 2844 2441 2898 sic
2475 2841 2613 2895 inter
2639 2838 2842 2908 apicem
2873 2833 3136 2904 superbia:
3165 2840 3225 2890 et
3255 2829 3558 2900 voraginem
3586 2826 3806 2882 desidiae

2217 2936 2318 2991 iter
2345 2944 2585 2988 nostrum
2615 2940 2919 2999 temperare
2947 2925 3221 2986 debemus,
3244 2921 3379 2976 sicut
3404 2919 3657 2988 scriptum
3686 2926 3769 2971 cst
3787 2932 3808 2970 ε-

2219 3025 2342 3080 Non
2388 3023 2728 3084 declinantes,
2753 3033 2911 3087 nequc
2952 3013 3021 3068 ad
3049 3013 3335 3076 dexteram,
3375 3025 3534 3081 neque
3566 3007 3634 3061 ad
3677 3007 3806 3062 sini-

2218 3128 2374 3172 stram
2395 3114 2568 3187 (Deut.
2581 3127 2712 3175 xvn,
2739 3107 2848 3180 Il).
2872 3106 3008 3162 Sunt
3027 3104 3168 3159 enim
3181 3099 3416 3171 quidutn
3439 3099 3598 3154 nimis
3619 3099 3813 3152 timent

2221 3225 2290 3268 ne
2321 3207 2470 3279 quasi
2510 3205 2561 3260 in
2596 3203 2867 3258 dexteram
2903 3197 3036 3269 rapti
3074 3193 3421 3255 extollantur,
3451 3191 3500 3244 in
3537 3189 3807 3244 sinistram

2221 3303 2355 3374 lapsi
2403 3300 2813 3367 demerguntur..
2845 3293 2911 3346 Et
2952 3297 3079 3344 sunt
3122 3301 3305 3343 rursus
3345 3285 3434 3354 qui
3479 3283 3607 3338 dum
3651 3283 3818 3337 nimis

2223 3412 2283 3452 se
2314 3395 2559 3448 auferunt
2598 3404 2629 3442 a
2670 3388 2904 3447 sinistra,
2933 3396 2998 3436 ne
3035 3378 3240 3448 torpida
3269 3374 3558 3431 vacationis
3585 3372 3824 3426 mollitie

2224 3489 2560 3549 sorbeantur,
2583 3498 2648 3537 ex
2675 3480 2839 3534 altera
2862 3483 3011 3546 parte
3031 3471 3297 3544 jactautia:
3323 3470 3456 3522 fastu
3479 3463 3713 3534 corrupti
3733 3472 3814 3517 at-

2225 3597 2328 3652 que
2347 3575 2674 3644 consumpti,
2700 3572 2753 3626 in
2779 3567 3008 3624 favillam
3039 3564 3345 3630 fumumque
3373 3566 3680 3612 vanescunt.
3723 3554 3812 3609 Sic

2225 3648 2376 3743 ergo,
2395 3664 2745 3729 dilectissimi,
2760 3661 2959 3731 diligite
2973 3658 3160 3722 otium,
3180 3663 3238 3709 ut
3252 3669 3345 3707 vos
3360 3651 3427 3705 ab
3441 3648 3584 3704 omni
3604 3659 3823 3702 terrena.

2226 3738 2577 3819 deiectatione
2606 3751 2884 3810 refrenetis
2906 3790 2932 3817 γ
2951 3758 3006 3804 et
3029 3745 3379 3802 memineritis
3411 3741 3609 3796 nullum
3637 3738 3820 3792 locum

2228 3870 2366 3919 esse,
2398 3852 2486 3908 ubi
2511 3865 2618 3904 non
2645 3846 2813 3916 possit
2841 3844 3060 3914 laqueos
3087 3837 3306 3894 tendere
3335 3835 3421 3904 qui
3452 3834 3600 3888 timet
3626 3846 3693 3885 ne
3722 3844 3814 3883 re-

2230 3945 2472 4000 volemus
2498 3939 2565 3995 ad
2610 3940 2812 4000 Deum;
2843 3941 2900 3988 et
2937 3932 3208 3987 inimicum
3252 3927 3487 3982 omnium
3528 3921 3812 3984 bonorum,

2231 4035 2382 4104 cujus
2422 4029 2616 4099 captivi
2665 4027 2862 4082 fuimus
2901 4022 3199 4093 judiccmus
3223 4019 3278 4080 ',
3319 4016 3624 4082 nullamque
3662 4009 3825 4064 nobis

2232 4142 2352 4184 esse
2381 4123 2666 4194 perfectam
2705 4116 2939 4187 requiem
2981 4111 3273 4181 cogitemus
3300 4106 3321 4137 ³
3341 4147 3354 4169 ,
3385 4106 3554 4160 donec
3581 4108 3821 4156 transeat

2235 4219 2482 4289 iniquitas
2509 4211 2694 4287 (Psal.
2725 4223 2831 4272 t.vt,
2856 4205 2924 4276 2)
2948 4244 2964 4270 ,
2991 4211 3045 4259 et
3083 4203 3135 4256 in
3159 4199 3417 4270 judicium
3441 4193 3645 4265 justitia
3684 4206 3817 4246 con-

2233 4319 2470 4368 vertatur
2496 4303 2665 4378 (.Psat.
2688 4314 2836 4370 xcut,
2863 4295 2980 4364 i5).

2309 4403 2362 4457 5.
2396 4371 2526 4454 Item
2561 4409 2683 4450 cum
2712 4387 2908 4460 aliquid
2942 4395 3159 4442 strenue
3196 4391 3354 4450 atque
3393 4375 3638 4433 alacriter
3665 4371 3825 4443 agitis

2239 4505 2295 4551 et
2321 4492 2544 4562 impigre
2570 4481 2884 4556 Operamini,
2913 4479 3026 4534 sive
3056 4477 3110 4529 in
3138 4472 3488 4535 orationibus,
3517 4469 3628 4523 sive
3659 4465 3710 4520 in
3731 4464 3822 4535 je-

2234 4556 2420 4659 juniis,
2445 4556 2558 4636 sive
2588 4580 2640 4636 in
2669 4569 3053 4642 eleemosynis;
3082 4567 3170 4623 vel
3198 4566 3489 4621 tribuentes
3515 4556 3711 4629 aliquid
3741 4557 3824 4611 in-

2242 4648 2562 4748 uigentibus,
2588 4668 2674 4723 vel
2719 4665 2979 4720 donantes
3028 4658 3279 4728 injurias,
3308 4656 3445 4710 sicut
3486 4660 3541 4707 et
3585 4651 3723 4704 Deus
3767 4648 3822 4701 in

2243 4741 2459 4825 Cbristo
2482 4760 2699 4818 donavit
2723 4755 2878 4812 nobis
2900 4751 3111 4822 (Epltes.
3139 4764 3216 4814 tv,
3244 4747 3333 4817 52)
3360 4763 3375 4811 ;
3409 4744 3520 4799 sive
3547 4741 3826 4796 domantes

2245 4859 2570 4934 perniciosas
2597 4845 3006 4908 consuetudines
3026 4881 3041 4905 ,
3063 4840 3486 4908 castigantesque
3512 4847 3706 4900 corpus
3725 4873 3741 4897 ,
3770 4840 3828 4884 et

2247 4911 2486 5009 servi—tuti
2512 4944 2852 5014 subjicientes
2881 4935 3081 5008 (ICor.
3109 4949 3186 4998 ix,
3204 4930 3297 5002 27)
3323 4947 3338 4994 ;
3362 4931 3474 4985 sive
3511 4911 3829 4982 sufferentes

2249 5039 2666 5102 tribulationem,
2684 5042 2740 5088 et
2766 5040 2890 5084 ante
2912 5025 3089 5096 omnia
3123 5039 3219 5078 vos
3249 5022 3390 5091 ipsos
3416 5019 3640 5072 invicem
3669 5015 3720 5069 in
3746 5014 3834 5067 di-

2251 5139 2509 5198 lectione;
2536 5127 2663 5200 quid
2687 5123 2828 5180 enim
2857 5119 3075 5174 sufferat
3103 5115 3191 5184 qui
3218 5112 3434 5168 fratrem
3463 5125 3567 5162 non
3606 5104 3832 5160 suffert?

2252 5232 2364 5286 sive
2388 5195 2772 5296 prospicientes
2799 5210 3044 5266 astutiam
3081 5214 3240 5272 atque
3277 5201 3494 5281 insidias
3523 5195 3834 5270 tentatoris,

2253 5333 2308 5378 et
2335 5288 2484 5375 scuto
2513 5288 2636 5369 iidei
2658 5307 2829 5380 jacula
2857 5304 2972 5373 ejus
3001 5300 3161 5371 ignita
3188 5296 3507 5366 repellentes
3533 5301 3590 5348 et
3622 5288 3834 5346 exstin-

2254 5421 2478 5490 guentcs
2503 5406 2718 5483 (Ephes.
2740 5418 2815 5468 vr,
2844 5398 2969 5468 16);
3009 5394 3121 5452 sive
3152 5397 3426 5445 cantantes
3454 5394 3507 5440 et
3543 5383 3836 5455 psallentes

2321 5571 2340 5602 ί
2363 5575 2470 5617 Mss.
2483 5572 2659 5614 omnes
2679 5559 2856 5608 omisso
2876 5550 2976 5618 qui,
2992 5551 3205 5618 habent:
3223 5543 3272 5618 in
3285 5533 3836 5618 judicioijtfocqut,‘ct.c.

2322 5599 3038 5678 3E‘iF'KJJri'oai;;:;'n's‘sra
3057 5613 3204 5662 \‘atic.
3229 5599 3342 5657 duo.
3382 5611 3439 5652 At
3463 5601 3576 5650 me.
3613 5599 3796 5647 habent
3819 5627 3838 5656 ,

2260 5690 2570 5748 uindicemus.
2831 5742 2839 5748 _
2893 5740 2922 5748 __

2326 5757 2346 5789 ³
2369 5760 2470 5802 uss.
2499 5759 2700 5805 omnes,
2738 5742 2964 5808 cogitetis.
