4032 6334
271 366 373 428 l8?

275 488 327 543 in
348 481 599 544 cordibus
615 480 808 537 vestris
823 477 1042 532 Domino
1056 472 1265 546 (Ephes.
1287 489 1339 536 v,
1362 472 1449 542 19)
1471 515 1487 540 ,
1512 473 1591 527 vel
1619 473 1835 525 vocibus

280 593 310 633 a
347 574 506 631 corde
550 588 659 627 non
700 569 960 632 dissonis,
984 567 1157 620 omnia
1196 566 1248 619 in
1287 564 1503 635 gloriam
1547 561 1636 615 Dei
1684 561 1838 615 facite

285 666 329 739 (1
345 666 459 721 Cor.
476 662 672 730 x,5l),
692 662 778 731 qui
804 666 1048 729 operatur
1067 657 1240 709 omnia
1265 655 1318 709 in
1346 654 1587 709 omnibus
1616 650 1832 722 (ld.xu,

280 754 372 823 6);
400 763 559 822 atque
586 752 658 805 ita
685 752 881 804 fervete
908 748 1089 818 spiritu
1123 744 1293 815 (Rom.
1320 759 1413 805 xn,
1435 742 1542 810 ll),
1572 750 1628 795 ut
1653 743 1703 795 in
1730 740 1835 794 Do-

278 846 414 899 mino
438 842 685 896 laudetur
712 841 884 894 anima
908 844 1078 891 vestra
1099 832 1269 903 (Psal.
1293 849 1365 886 xx
1376 849 1495 896 xut,
1518 832 1591 901 3).
1621 831 1733 901 lpsa
1754 842 1835 887 est

274 935 409 989 enim
437 932 580 985 actio
609 929 740 983 recti
768 926 988 988 itineris,
1015 939 1131 991 qua:
1158 922 1340 976 oculos
1361 936 1569 989 semper
1592 921 1747 974 habet
1767 921 1834 975 ad

276 1022 578 1085 Dominum,
599 1017 847 1086 quoniam
873 1014 985 1082 ipse
1004 1011 1193 1067 evellet
1207 1010 1275 1066 de
1290 1011 1476 1078 laqueo
1495 1008 1829 1111 pedes(Psal.

273 1126 421 1174 xxiv,
447 1105 558 1178 15).
602 1106 746 1161 Talis
771 1104 908 1157 actio
932 1116 1027 1155 nec
1067 1100 1321 1169 frangitur
1344 1098 1580 1167 negotio,
1610 1112 1705 1151 nec
1742 1098 1833 1151 fri-

272 1198 386 1268 gida
414 1207 499 1253 est
540 1197 683 1256 otio,
712 1209 810 1248 nec
846 1191 1167 1254 turbulenta,
1198 1188 1575 1286 περ]θηίἁί
1594 1195 1704 1250 est;
1734 1202 1832 1286 nec

272 1287 459 1350 audax,
478 1300 577 1338 uec
597 1283 748 1352 fugax
771 1299 785 1343 ;
806 1296 901 1334 nec
921 1293 1168 1347 ιπεεεορς,
1192 1292 1289 1331 nec
1304 1276 1505 1345 jaceus.
1536 1275 1656 1328 llaec
1673 1276 1827 1345 agite,

270 1385 321 1429 et
345 1376 487 1428 Deus
514 1373 656 1441 pacis
685 1371 786 1425 erit
812 1369 1076 1422 vobiscum
1105 1364 1185 1437 (ll
1209 1365 1325 1419 Cor.
1348 1380 1461 1425 xm,
1493 1363 1599 1432 ll).

336 1466 394 1518 4.
433 1463 547 1516 Nec
573 1461 925 1527 importunum
968 1472 1052 1510 me
1088 1456 1350 1509 existimet
1372 1453 1611 1507 Charitas
1634 1460 1825 1517 vestra,

269 1554 384 1622 quia
408 1553 563 1606 vobis
596 1552 680 1604 vel
721 1564 814 1616 per
850 1549 1119 1615 epistolam
1158 1546 1298 1615 loqui
1343 1546 1501 1599 volui.
1540 1544 1652 1598 Non
1688 1544 1827 1598 enim

270 1645 367 1697 hoc
405 1657 502 1695 vos
534 1640 743 1704 monui,
768 1638 909 1707 quod
954 1651 1047 1690 vos
1089 1651 1191 1689 non
1229 1636 1453 1689 arbitror
1490 1634 1690 1698 facere;
1736 1633 1827 1687 sed

268 1733 463 1788 credidi
496 1745 581 1785 me
608 1745 711 1783 non
740 1742 921 1796 parum
948 1725 1301 1780 commendari
1331 1725 1441 1778 Dco
1465 1740 1494 1777 a
1515 1723 1681 1783 vobis.
1701 1724 1827 1777 sica

264 1841 379 1893 qua:
424 1836 648 1875 munere
689 1820 827 1873 illius
875 1816 1065 1881 facitis,
1094 1831 1213 1870 cum
1254 1815 1586 1868 allocutionis
1632 1824 1826 1867 nostra:

265 1917 520 1971 memoria
549 1914 770 1968 faciatis.
802 1912 931 1965 Nam
959 1919 1013 1965 et
1038 1920 1158 1964 ante
1177 1913 1283 1977 jam
1314 1911 1467 1973 fama,
1491 1919 1543 1964 et
1564 1926 1700 1964 nunc
1722 1909 1826 1963 fra-

266 2016 370 2059 tres
405 2004 498 2073 qui
543 2010 805 2057 veuerunt
843 2016 871 2053 a
914 2000 1096 2064 vobis,
1129 1998 1399 2052 Eustasius
1424 1999 1439 2029 ¹
1471 2009 1524 2052 et
1567 1999 1823 2062 Andreas,

263 2095 455 2149 bonum
478 2092 672 2146 Christi
699 2092 916 2144 odorem
942 2089 1007 2142 de
1028 2098 1198 2142 vestra
1230 2097 1406 2141 sancta
1428 2089 1825 2142 conversatione

264 2183 329 2235 ad
351 2197 446 2236 uos
469 2182 776 2235 attulerunt.
809 2179 1039 2245 Quorum
1068 2178 1338 2229 Eustasius
1366 2178 1414 2228 in
1445 2190 1562 2230 eam
1592 2177 1821 2243 requiem

266 2273 562 2339 prmcessit,
588 2285 706 2338 qua:
732 2269 887 2322 nullis
924 2266 1161 2321 ﬂuctibus
1204 2266 1338 2319 sicut
1372 2267 1537 2320 insula
1570 2266 1819 2329 tunditur,

264 2377 360 2415 nec
384 2362 689 2429 Caprariam
718 2358 1017 2423 desiderat,
1049 2357 1167 2425 quia
1199 2371 1293 2409 nec
1321 2356 1489 2409 cilicio
1508 2357 1615 2426 jam
1637 2358 1824 2426 quaerit

264 2451 424 2504 indui.

712 2536 1034 2591 EPISTOLA
1075 2535 1271 2599 xuxé
1293 2534 1389 2604 (a).

262 2622 564 2701 Augustinus
602 2629 863 2683 Honorato
892 2627 1191 2681 Donatium:
1217 2630 1370 2695 partis
1390 2668 1402 2687 .
1430 2635 1483 2678 ut
1522 2642 1610 2695 per
1636 2625 1823 2680 litteras

328 2720 527 2789 placide
565 2720 744 2772 reddat
777 2719 1019 2771 rationem
1060 2716 1303 2785 quomodo
1344 2733 1520 2768 nomen
1559 2715 1819 2781 Ecclesia,

326 2827 437 2880 qua
468 2812 639 2881 utique
671 2812 723 2862 in
764 2817 864 2862 toto
901 2808 1015 2862 orbe
1040 2809 1209 2876 futura
1234 2810 1468 2878 praedicta
1495 2820 1566 2862 est
1606 2810 1657 2864 in
1683 2809 1825 2865 Scri-

328 2901 507 2971 ptnris,
535 2900 603 2952 ad
628 2901 765 2969 ipsos
790 2900 921 2953 solos
947 2899 1193 2953 reciderit.

361 3010 650 3066 BONORATO
680 3011 927 3078 episcopo
954 3010 1117 3077 partis
1143 3009 1363 3073 Donati,
1392 3010 1716 3064 Aucusrmxs

583 3101 863 3167 episcopus
890 3100 911 3130 '
941 3099 1185 3153 Ecclesia:
1213 3099 1504 3152 catholicae.

326 3191 376 3244 l.
416 3189 709 3244 Consilium
739 3197 884 3242 tuum
913 3189 1061 3241 nobis
1090 3187 1311 3241 multum
1339 3188 1543 3255 placuit,
1565 3187 1701 3255 quod
1730 3202 1821 3255 per

259 3281 465 3335 fratrem
496 3280 743 3335 ﬂerotem
775 3279 796 3310 '
825 3279 1187 3333 charissimum
1222 3276 1407 3342 nobis,
1438 3285 1492 3330 et
1529 3279 1579 3329 in
1614 3277 1821 3331 Chrism

260 3369 569 3423 laudabilem
615 3371 783 3421 virum
826 3368 1074 3421 mandare
1116 3368 1356 3435 dignatus
1400 3381 1489 3430 es,
1535 3374 1590 3419 ut
1635 3367 1820 3422 littoris

260 3462 389 3514 inter
414 3474 513 3513 nos
539 3472 776 3527 agamus,
810 3456 895 3510 ubi
923 3456 1096 3510 nullus
1122 3455 1392 3509 turbarum
1417 3456 1667 3509 tumultus
1696 3471 1816 3524 per-

257 3550 465 3603 turbare
497 3550 663 3617 possit
688 3546 1092 3615 disputationem
1127 3554 1358 3598 nostram
1380 3585 1394 3609 ,
1421 3561 1537 3614 quze
1565 3558 1683 3598 cum
1710 3553 1818 3599 tota

256 3639 465 3693 lenitate
495 3646 549 3693 et
576 3652 707 3706 pace
736 3637 895 3690 animi
928 3634 1255 3703 suscipienda
1278 3642 1332 3689 et
1354 3636 1551 3704 agenda
1567 3644 1665 3701 est,
1686 3636 1821 3692 sicut

254 3726 377 3782 dicit
403 3727 691 3797 Apostolus
727 3742 741 3779 :
783 3726 993 3780 Servum
1027 3735 1191 3777 autem
1230 3724 1435 3778 Domini
1483 3726 1679 3797 litigare
1720 3746 1819 3782 non

253 3828 463 3887 Oportet,
487 3818 573 3869 sed
600 3816 767 3867 mitem
794 3830 898 3867 esse
924 3814 991 3866 ad
1015 3830 1202 3875 omnes,
1227 3814 1503 3879 docibilem,
1530 3817 1815 3885 patientem,

252 3908 300 3958 in
327 3906 573 3959 modestia
601 3905 945 3973 corripientem
985 3904 1177 3956 diversa
1210 3904 1470 3957 sentientes
1495 3905 1511 3973 (
1534 3905 1573 3959 ll
1607 3905 1735 3957 Tim.
1759 3922 1815 3969 ιι,

250 3996 337 4062 ει,
356 3994 476 4067 25).
506 3994 683 4062 Itaque
703 3993 934 4047 breviter
954 3993 1297 4055 insinuamns,
1321 3994 1445 4062 quid
1466 4008 1496 4046 a
1521 4002 1573 4047 te
1599 4008 1819 4064 respon-

252 4087 361 4141 deri
387 4085 773 4140 desideremus.

317 4177 377 4231 Ξ.
407 4176 669 4242 Quoniam
694 4172 981 4227 Ecclesiam
1013 4172 1142 4239 Dei,
1167 4187 1283 4242 qua:
1306 4173 1563 4228 catholica
1601 4173 1813 4237 dicitur,

254 4265 386 4319 sicut
408 4266 477 4317 de
502 4264 592 4317 illa
616 4262 983 4331 prephetatum
1004 4271 1101 4327 est,
1126 4276 1218 4331 per
1236 4262 1417 4316 orbem
1441 4272 1693 4315 terrarum
1718 4263 1818 4315 dif-

258 4356 423 4407 lusam
449 4353 693 4406 videmus
712 4392 726 4415 ,
754 4351 1067 4404 arbitramur
1107 4364 1204 4405 nos
1232 4366 1334 4405 non
1359 4350 1552 4405 debere
1574 4350 1816 4405 dubitare

255 4445 319 4497 de
346 4454 454 4496 tam
486 4441 875 4497 evidentissima
904 4441 1254 4509 completioue
1281 4450 1475 4495 sanctis
1505 4442 1812 4512 prophetica,

257 4549 410 4601 quam
429 4533 682 4587 Dominus
703 4532 860 4586 etiam
888 4532 937 4584 in
953 4532 1235 4599 Evangelio
1254 4532 1580 4586 confirmavit
1596 4543 1650 4588 et
1668 4535 1813 4601 Apo-

255 4624 367 4677 stoli
391 4664 406 4685 ,
440 4637 536 4691 per
564 4635 695 4691 quos
724 4620 907 4675 eadem
937 4622 1170 4676 Ecclesia
1198 4622 1409 4675 dilatata
1437 4632 1556 4689 est,
1585 4625 1720 4678 sicut
1746 4624 1815 4678 de

254 4712 335 4765 illa
363 4711 671 4781 praedictum
692 4719 824 4765 erat.
851 4710 980 4763 Nam
1002 4719 1056 4764 et
1076 4712 1125 4764 in
1146 4711 1317 4778 capite
1337 4714 1650 4766 sacrosancti
1670 4713 1815 4768 Psal-

202 4785 213 4791 ’
252 4802 363 4854 terii
388 4800 646 4869 scriptum
672 4808 754 4853 est
778 4799 843 4852 de
874 4800 1004 4852 Filio
1034 4800 1124 4854 Dei
1147 4817 1161 4851 :
1184 4799 1429 4853 Dominus
1455 4802 1581 4854 dixit
1601 4803 1668 4855 ad
1692 4820 1772 4856 me
1794 4819 1813 4857 :

256 4889 416 4942 Filius
443 4905 584 4943 meus
607 4905 657 4942 es
682 4899 754 4952 tu,
782 4905 871 4958 ego
897 4889 1043 4942 hodie
1068 4890 1214 4959 genui
1242 4898 1306 4942 te.
1341 4889 1551 4943 Postulo
1578 4908 1610 4943 a
1628 4909 1737 4957 me,
1762 4902 1813 4947 et

256 4980 379 5032 dabo
406 4980 493 5031 tibi
517 4988 687 5048 gentes
708 4979 1038 5031 hwreditatem
1058 4988 1213 5043 tuam,
1231 4988 1277 5030 et
1297 4980 1650 5047 possessionem
1674 4992 1812 5034 tuam

310 5070 327 5100 ι
350 5076 399 5117 ω
413 5068 549 5139 μάψ,
563 5066 843 5118 Eutherius.
858 5069 969 5117 Atin
980 5068 1271 5116 membranis
1285 5069 1505 5118 scribitur
1518 5078 1809 5133 constanter,

305 5192 327 5221 ι
342 5196 389 5254 in
406 5190 545 5247 add.,
560 5187 807 5251 episcopus
822 5192 970 5251 parua
992 5186 1215 5254 Ecclesitz
1236 5185 1495 5254 callidiore.
1521 5196 1574 5238 At
1585 5204 1676 5240 vox
1699 5206 1812 5254 par-

250 5248 304 5299 tis
322 5253 461 5300 abest
478 5263 506 5297 a
525 5248 657 5305 uss,
669 5248 809 5310 quam
822 5248 993 5296 vocem
1013 5249 1231 5297 Ecclesiae
1249 5249 1496 5310 catholicae
1509 5265 1613 5299 non
1632 5248 1807 5304 conve-

249 5313 364 5371 nire,
380 5312 520 5361 etilli
545 5312 609 5358 ab
628 5308 888 5370 Augustino
910 5310 1054 5357 tribui
1076 5322 1171 5357 non
1192 5308 1352 5358 solere
1366 5312 1678 5363 observarunt.
1698 5324 1811 5364 Ver-

250 5371 365 5421 l'tnns
384 5382 439 5422 et
463 5372 747 5431 Vindingus.

302 5434 321 5463 ³
340 5436 411 5483 sic
436 5446 501 5483 ex
526 5428 710 5480 Msszt
731 5429 861 5486 add,
886 5434 1084 5491 Erotem.
1112 5428 1352 5491 [Erotem]

301 5494 317 5510 η
338 5502 466 5543 mne
507 5492 884 5552 recognovimus
916 5490 984 5556 ad
1026 5502 1071 5537 a.
1105 5491 1186 5556 bg.
1210 5504 1253 5538 c.
1279 5490 1347 5538 cc.
1373 5490 1423 5539 π.
1448 5507 1497 5556 g.
1522 5508 1600 5556 gv.
1624 5508 1674 5543 n.
1697 5508 1738 5544 r.
1764 5511 1803 5547 s.

241 5554 307 5601 ἀλ
331 5562 363 5603 ιο
390 5569 466 5605 νο·
490 5550 704 5629 melis
730 5565 775 5598 νο
802 5558 853 5599 ει
872 5550 931 5598 δι’
952 5558 1051 5629 βίην
1078 5550 1279 5629 “39-13:-
1306 5550 1476 5629 υξγςζ
1512 5550 1595 5629 .1.
1635 5623 1657 5629 -
1716 5618 1727 5629 .

293 5617 361 5677 (ιι)
407 5611 536 5664 Alias
579 5613 662 5661 161
696 5624 846 5673 :qua:
889 5619 1051 5660 autem
1094 5611 1154 5660 49
1177 5619 1308 5673 erat,
1346 5626 1471 5663 nunc
1506 5615 1611 5665 103.
1634 5618 1808 5680 Sa'ipta

241 5680 357 5730 (ira
384 5688 511 5727 ult-af
542 5682 758 5726 lembus.

1450 354 1920 412 EPISTOLARUM
1957 356 2229 418 CLASSIS
2265 366 2327 421 ll.

3401 396 3500 453 190

1945 476 2176 568 {ennium
2203 488 2348 534 terra
2381 481 2546 555 (Psal.
2576 503 2645 548 ιι.
2664 489 2719 556 ’1,
2738 491 2814 564 8).
2844 494 2910 551 Et
2928 495 3042 568 ipse
3069 500 3322 561 Dominus
3345 506 3499 568 Jesus

1939 561 2176 621 Christus
2204 570 2329 625 dicit
2357 573 2693 646 Evangelinm
2721 561 2872 639 suum
2910 561 2965 643 in
2988 592 3231 649 omnibus
3256 561 3499 666 gentibus

1943 653 2171 712 futurum
2199 660 2406 731 (Matth.
2432 682 2577 732 xxiv,
2600 672 2710 741 14).
2741 675 2803 729 Et
2827 682 3095 746 apostolus
3116 653 3324 752 Paulus,
3345 653 3497 745 ante;

1940 757 2095 844 quam
2123 762 2298 803 sermo
2328 752 2501 809 Dei'in
2529 758 2755 816 Africam
2796 770 3153 839 pervenisset,
3182 773 3233 827 in
3265 777 3378 844 ipso
3403 794 3495 834 ca-

1938 833 2046 901 pite
2074 836 2322 905 Epistolas
2350 858 2505 911 quam
2543 850 2752 919 scripsit
2783 853 2849 907 ad
2893 833 3195 916 Romanos:
3221 833 3323 918 Per
3354 883 3496 935 quem

1938 927 2234 1015 accepimus,
2266 930 2450 1001 inquit,
2479 939 2690 1004 gratiam
2711 952 2759 994 et
2784 948 3133 1015 apostolatum,
3166 953 3234 1005 ad
3258 927 3491 1010 obedien-

1937 1013 2055 1114 tium
2084 1017 2224 1080 ﬁdei,
2252 1021 2306 1073 in
2331 1025 2557 1079 omnibus
2578 1032 2803 1095 gentibus
2828 1053 2920 1102 pro
2946 1013 3142 1093 nomine
3181 1045 3290 1114 ejus
3316 1047 3488 1113 (llam.

1936 1116 1973 1168 ι,
2003 1103 2077 1172 5).
2110 1106 2306 1164 Deinde
2329 1111 2438 1178 ipse
2464 1128 2494 1167 a
2518 1115 2806 1175 Jerusalem
2830 1124 2881 1177 in
2904 1126 3179 1183 circumitu
3321 1103 3487 1190 totam

1938 1193 2113 1248 Asiam
2136 1212 2299 1267 usque
2320 1201 2371 1254 in
2400 1202 2660 1273 Illyricum
2685 1210 3017 1280 Evangelium
3048 1193 3368 1289 pradicavit,
3389 1224 3491 1280 Ec-

1938 1283 2127 1339 elesias
2154 1290 2424 1343 constituit
2446 1302 2603 1362 atque
2631 1297 2894 1367 fundavit;
2922 1319 3024 1358 non
3052 1283 3186 1375 ipse,
3215 1310 3305 1365 sed
3327 1283 3491 1381 gratia

1935 1371 2026 1425 Dei
2056 1387 2173 1427 cum
2203 1391 2267 1430 eo
2292 1378 2345 1446 (Ι
2368 1378 2485 1433 Cor.
2514 1398 2599 1447 xv,
2625 1385 2711 1456 l0)
2737 1428 2752 1451 ,
2776 1389 2910 1443 sicut
2946 1393 3055 1460 ipse
3079 1371 3490 1465 testatiir.inid

1933 1474 2105 1516 autem
2128 1466 2417 1523 evidentius
2462 1486 2714 1540 apparere
2743 1489 2946 1546 potest,
2974 1498 3128 1551 quam
3155 1502 3271 1541 cum
3300 1491 3350 1543 in
3376 1493 3499 1560 ejus

1934 1550 2182 1618 Epistolis
2221 1560 2429 1614 nomina
2456 1564 2613 1618 etiam
2641 1570 2910 1636 regionum
2940 1575 3022 1627 vel
3046 1577 3307 1633 civitatum
3339 1582 3488 1637 inve-

1934 1642 2148 1696 nimus?
2177 1647 2257 1698 Ad
2290 1648 2554 1705 Romanos
2572 1695 2586 1720 ,
2617 1655 2681 1709 ad
2711 1658 3036 1727 Corinthios,
3064 1664 3130 1718 ad
3159 1666 3392 1736 Galatas,
3421 1671 3490 1725 ad

1933 1729 2217 1798 Ephesios,
2245 1736 2309 1789 ad
2333 1737 2723 1810 Philippenses,
2760 1747 2825 1800 ad
2868 1729 3393 1819 Thessalonicenses,
3422 1760 3490 1813 ad

1930 1819 2266 1877 Colossenses
2291 1828 2526 1882 scribit‘.
2548 1831 2774 1888 Joannes
2804 1838 2959 1891 etiam
2991 1842 3170 1897 scribit
3196 1846 3260 1897 ad
3288 1857 3488 1914 septem

1931 1907 2217 1975 Ecclesias,
2244 1929 2374 1981 quas
2394 1932 2769 1976 commemorat
2803 1924 2856 1978 in
2898 1927 3001 1981 illis
3027 1932 3261 1996 partibus
3289 1907 3490 1990 consti-

1931 2004 2088 2061 tutas,
2110 1999 2160 2052 in
2183 2002 2371 2068 quibus
2389 2006 2546 2059 etiam
2571 2009 2867 2066 universam
2887 2015 3171 2072 Ecclesium
3192 2025 3488 2090 septenario

1930 2101 2147 2142 numero
2186 2090 2517 2162 intelligimus
2552 2102 2937 2167 commendari,
2968 2107 3264 2174 Ephesum,
3302 2112 3488 2182 Smyr-

1930 2190 2048 2228 nam
2067 2216 2083 2241 ,
2115 2177 2310 2233 Sardos
2330 2184 2349 2213 ¹
2380 2222 2396 2247 ,
2443 2184 2854 2257 Philadelphiam
2876 2232 2889 2251 ,
2933 2193 3225 2250 Laodiciam
3254 2239 3268 2262 ,
3298 2177 3490 2270 Perga-

1928 2281 2104 2331 nium,
2132 2268 2431 2342 Thiatyram
2463 2275 2643 2343 (Apoc.
2666 2295 2704 2340 ι,
2740 2283 2845 2351 ll).
2886 2285 3083 2348 Quibus
3112 2291 3353 2343 omnibus
3386 2268 3489 2346 Ec-

1926 2357 2099 2411 clesiis
2125 2376 2220 2414 nos
2250 2362 2406 2419 hodie
2435 2371 2823 2427 communicare
2858 2377 3189 2432 manifestum
3216 2390 3327 2446 est,
3353 2382 3491 2436 sicut

1925 2447 2261 2504 manifestum
2291 2464 2371 2507 est
2394 2471 2490 2511 vos
2519 2458 2632 2511 istis
2660 2459 2911 2517 Ecclesiis
2944 2481 3050 2519 non
3079 2470 3467 2526 communicare

1996 2537 2047 2590 5.
2087 2538 2383 2605 Ουίιξτίηιυε
2411 2560 2537 2615 ergo
2565 2556 2620 2601 ut
2645 2550 2795 2604 nobis
2825 2557 3146 2623 respondere
3171 2575 3273 2613 non
3307 2577 3494 2629 grave-

1926 2625 2000 2681 ris
2024 2667 2039 2692 ,
2065 2643 2222 2699 quam
2262 2647 2473 2689 causam
2505 2637 2638 2693 forte
2683 2644 2892 2698 noveris
2913 2686 2926 2707 ,
2951 2661 3051 2714 qua
3083 2648 3271 2703 factum
3311 2625 3393 2705 est
3435 2663 3492 2707 ut

1925 2720 2167 2779 Christus
2200 2728 2463 2786 amitteret
2490 2732 2847 2791 hmreditatem
2886 2756 3033 2795 suam
3058 2759 3153 2812 per
3177 2746 3357 2801 orbem
3386 2756 3465 2802 ter
3494 2785 3501 2792 -

1924 2827 2105 2867 rarum
2151 2815 2426 2887 din‘usam,
2467 2830 2521 2876 et
2556 2828 2728 2881 subito
2772 2829 2824 2882 in
2868 2832 2995 2886 solis
3019 2834 3158 2888 Afris
3182 2875 3196 2898 ,
3226 2852 3323 2890 nec
3357 2840 3485 2907 ipsis

1923 2905 2167 2959 omnibus
2211 2920 2523 2967 remaneret.
2573 2915 2778 2971 Etenim
2824 2921 3060 2976 Ecclesia
3105 2925 3359 2980 catholica
3407 2938 3492 2982 est

1924 2995 2080 3049 etiam
2108 2997 2160 3051 in
2188 2999 2381 3066 Africa,
2409 3005 2527 3072 quia
2553 3020 2649 3074 per
2673 3023 2856 3064 omnes
2883 3022 3047 3066 terras
3066 3030 3179 3068 eam
3210 3016 3345 3070 Deus
3370 3032 3490 3071 esse

1925 3081 2087 3135 voluit
2114 3094 2167 3138 et
2195 3089 2452 3155 praedixit.
2486 3092 2613 3146 Pars
2637 3105 2809 3149 autem
2840 3109 3032 3166 vestra,
3060 3117 3180 3171 qum
3207 3103 3388 3157 Donati
3410 3105 3489 3158 di—

1922 3171 2073 3236 citur,
2107 3189 2211 3228 non
2237 3186 2318 3231 est
2346 3178 2395 3231 in
2422 3182 2662 3237 omnibus
2687 3184 2789 3239 illis
2821 3188 2967 3249 locis,
2999 3190 3049 3243 in
3077 3192 3265 3260 quibus
3292 3203 3346 3247 et
3374 3194 3486 3248 Lit-

1923 3268 2049 3313 tera:
2074 3271 2125 3316 et
2153 3279 2329 3319 sermo
2356 3279 2409 3322 ct
2440 3268 2571 3323 facta
2593 3276 2875 3342 apostolica
2900 3290 3261 3334 cucurrerunt.
3293 3281 3394 3337 Sed
3420 3299 3488 3339 ne

1922 3349 2127 3414 dicatis,
2150 3369 2253 3408 non
2272 3359 2446 3411 vocari
2475 3360 2761 3416 Ecclesiam
2789 3375 3019 3420 nostram
3043 3370 3374 3438 catholicam,
3391 3373 3487 3429 sed

1921 3442 2267 3500 Macarianam
2288 3490 2302 3514 ,
2327 3449 2475 3503 sicuti
2503 3466 2619 3505 eam
2654 3468 2747 3507 vos
2788 3459 3091 3525 appellatis;
3120 3476 3276 3516 nosse
3303 3464 3484 3527 debes,

1921 3534 2060 3601 quod
2091 3535 2339 3593 facillime
2365 3550 2558 3609 potest,
2588 3544 2638 3596 in
2671 3544 2772 3598 illis
2796 3548 3039 3603 omnibus
3066 3551 3315 3618 partibus,
3346 3554 3487 3608 unde

1923 3627 2050 3682 istas
2091 3638 2258 3684 terras
2285 3632 2623 3703 Evangelium
2660 3636 2854 3692 Christi
2888 3641 3140 3709 perfudit,
3168 3659 3265 3697 nec
3295 3660 3485 3699 nomen

1927 3716 2111 3773 Donati
2138 3721 2298 3787 sciri,
2328 3738 2425 3777 nec
2464 3740 2654 3780 nomen
2688 3728 2919 3784 Macarii.
2955 3731 3135 3786 Vestra
3164 3743 3336 3789 autem
3366 3738 3485 3803 quia

1923 3807 2106 3862 Donati
2130 3826 2251 3880 pars
2276 3814 2484 3879 dicitur,
2511 3833 2607 3873 nec
2631 3834 2727 3872 vos
2747 3837 2938 3890 negare
2966 3827 3202 3891 potestis.
3234 3836 3285 3880 ct
3308 3829 3484 3881 omni-

1921 3896 2019 3950 bus
2047 3908 2231 3954 notum
2271 3914 2351 3955 est
2380 3905 2692 3975 ubicumque
2718 3918 2800 3963 est
2830 3921 3003 3966 vestra
3032 3917 3348 3968 communio.
3392 3918 3485 3970 Di-

1919 4001 2084 4053 gnare
2104 4003 2231 4058 ergo
2257 3994 2549 4050 rescribere
2573 3997 2744 4059 nobis,
2765 4008 2821 4052 ut
2843 4002 3067 4055 sciamus
3086 4004 3350 4071 quomodo
3371 4006 3484 4060 lieri

1920 4077 2088 4143 possit
2115 4088 2171 4131 ut
2199 4081 2484 4137 Ecclesium
2513 4100 2661 4139 suam
2686 4086 2923 4143 Christus
2946 4090 3012 4142 de
3035 4100 3142 4144 toto
3159 4093 3285 4146 orbe
3310 4095 3485 4161 perdi—

1920 4164 2074 4234 derit,
2099 4178 2153 4222 et
2180 4169 2233 4221 in
2257 4170 2403 4225 vobis
2429 4174 2557 4227 solis
2582 4174 2775 4229 habere
2802 4178 3022 4244 cmperit
3048 4196 3061 4230 :
3085 4188 3314 4234 vestrum
3339 4184 3481 4238 enim

1918 4263 2001 4307 est
2029 4254 2140 4309 lucc
2167 4258 2475 4322 ostendere;
2508 4276 2627 4315 nam
2659 4262 2809 4318 nobis
2836 4266 3025 4320 sufﬁcit
3051 4268 3115 4321 ad
3142 4283 3353 4324 causam
3381 4286 3481 4325 no-
3554 4300 3563 4337 ς

1918 4351 2079 4395 stram
2101 4345 2242 4413 quod
2260 4349 2514 4416 compleri
2538 4353 2860 4420 prophetiam
2885 4362 2939 4408 et
2955 4356 3251 4426 Scripturas
3271 4368 3481 4416 sanctas

1921 4448 2014 4500 per
2052 4434 2233 4489 orbem
2276 4446 2534 4495 terrarum
2560 4442 2815 4496 videmus.
2843 4444 2953 4499 Hoc
2976 4457 3149 4502 autem
3177 4465 3277 4519 ego
3300 4452 3481 4521 Augu-
3537 4456 3548 4483 ’ν

1917 4524 2090 4579 stiuus
2112 4526 2324 4595 dictavi,
2349 4530 2471 4599 quia
2499 4532 2624 4585 olim
2650 4534 2771 4587 volo
2794 4536 2933 4605 loqui
2959 4537 3082 4592 inde
3107 4549 3296 4594 tecum.
3326 4542 3467 4599 Vide.

1918 4620 2004 4666 tur
2030 4615 2170 4668 enim
2199 4617 2323 4670 mihi
2343 4657 2358 4683 ,
2389 4620 2465 4673 vel
2493 4630 2706 4689 propter
2737 4623 2898 4691 ipsam
2936 4624 3257 4682 vicinitatem
3278 4670 3293 4695 ,
3323 4645 3482 4697 posse

1917 4717 2013 4756 nos
2040 4719 2136 4772 per
2163 4706 2365 4760 litteras
2392 4707 2458 4763 de
2487 4709 2584 4763 hac
2610 4725 2667 4765 re
2691 4713 2922 4781 colloqui
2948 4715 3062 4769 sine
3089 4718 3265 4787 aliquo
3291 4722 3483 4775 tumul-

1916 4799 1990 4857 tu,
2018 4793 2295 4862 adjuvante
2324 4798 2467 4863 Deo,
2492 4810 2740 4867 quantum
2774 4802 2885 4870 ipsa
2918 4807 3204 4862 necessitas
3230 4813 3477 4877 postulat.

2387 4886 2708 4944 EPISTULA
2754 4890 2795 4944 ι,
2821 4897 2839 4916 ·
2864 4892 2965 4965 (a).

1914 4970 2223 5039 Augustinus
2248 4974 2553 5040 Suﬂ'ectanis
2578 4981 2898 5049 expostulem
2917 4984 2979 5037 de
2994 5001 3058 5039 ιι
3086 4986 3481 5041 Christin

1981 5076 2114 5124 nece,
2147 5063 2484 5133 pollicitusque
2507 5083 2648 5120 suum
2671 5069 2772 5124 illis
2796 5073 3102 5127 reddendum
3132 5076 3416 5129 Herculem.

1911 5151 2222 5207 Auctoribus
2245 5168 2306 5206 ac
2326 5156 2647 5225 principibus
2675 5160 2756 5212 vel
2784 5163 3076 5217 senioribus
3102 5166 3328 5219 Colonia:
3355 5166 3479 5221 Suf-

2240 5244 2477 5311 fectanrc,
2515 5260 2836 5304 aocos'm‘us
2863 5256 3158 5322 episcopus.

1984 5328 2323 5386 lmmanitatis
2351 5344 2557 5389 vestrm.
2578 5336 2979 5396 famosissimum
3008 5344 3195 5405 scelus,
3226 5352 3281 5398 et
3304 5344 3474 5414 inopi-

1975 5442 1993 5519 :
2015 5446 2141 5519 alas,
2164 5440 2356 5519 scripta.
2382 5449 2638 5519 tton‘male,
2664 5450 2703 5498 si
2728 5459 2937 5519 mutetur
2961 5463 3118 5504 nostra
3138 5455 3477 5519 interpuncta)-

1973 5502 1993 5567 ξ
2014 5509 2144 5561 Lov.,
2167 5502 2353 5553 Sordes.
2379 5505 2462 5552 Alii
2477 5508 2608 5567 Cdd.,
2625 5502 2814 5560 Sardos.

1974 5564 1994 5633 ς
2015 5569 2327 5633 nonrepeﬂa
2345 5574 2421 5615 est
2433 5569 2528 5617 nisi
2551 5564 2603 5616 in
2624 5573 2839 5633 Vaticano
2862 5573 3144 5633 exemplari.

1974 5623 2296 5734 (αὲὸὂὶαςῖσῖ
2316 5640 2331 5676 '.
2359 5639 2467 5689 quae
2482 5638 2634 5679 auten
2658 5631 2718 5679 δη
2750 5638 2863 5690 rat,
2887 5623 3024 5680 nunc'
3037 5636 3141 5687 105.
3155 5638 3333 5704 Scripta
3354 5639 3479 5694 forte

1974 5700 2002 5734 ι.
