4032 6334
476 349 565 405 191
1701 330 1760 384 S.
1801 311 2163 381 AUGUSTIRI
2203 311 2506 368 EPISCOPI

463 472 585 516 nata
616 458 900 514 crudelitas
941 465 1135 510 terram
1183 451 1437 511 concutit,
1484 457 1538 502 et
1567 438 2036 516 percutitcazlum,

468 563 520 608 ιῖι
551 554 601 606 in
630 549 816 619 plateis
831 563 894 602 ac
921 546 1154 602 delubris
1176 543 1369 600 vestris
1392 541 1596 596 eluceat
1612 533 1846 604 sanguis,
1868 541 1922 585 et
1949 543 2037 584 re-

457 652 618 698 sonet
642 640 1005 696 homicidium.
1051 637 1203 706 Apud
1250 651 1345 689 vos
1374 634 1624 687 Romana:
1671 626 1891 696 sepulta:
1917 628 2042 676 sunt

469 738 630 803 leges,
653 731 972 802 judiciorum
1000 741 1263 784 rectorum
1286 725 1521 786 calcatus
1543 728 1625 776 est
1650 728 1837 774 terror.
1865 715 2039 783 Impe-

467 835 700 880 ratorum
723 831 868 876 certe
894 821 1034 875 nulla
1063 817 1331 874 veneratio
1359 830 1456 871 nec
1474 815 1650 868 timor.
1675 809 1827 880 Apud
1848 823 1942 861 vos
1970 821 2036 859 ιι

468 929 690 968 munero
743 912 964 966 fratrum
1017 911 1272 964 innocens
1300 906 1499 962 effusus
1527 911 1609 959 est
1634 901 1846 970 sanguis
1867 898 1967 968 (a),
1987 905 2042 950 ct

473 1005 516 1056 si
549 1004 666 1072 quis
691 1002 870 1070 plures
896 1000 1105 1066 occidit,
1138 999 1350 1052 functus
1373 1005 1455 1051 est
1480 993 1750 1056 laudibus,
1771 999 1827 1045 et
1870 990 2043 1042 in-ve-

468 1103 632 1146 stram
656 1093 852 1146 curiam
883 1092 1050 1144 tenuit
1074 1090 1444 1160 principatum.
1465 1087 1594 1156 Age,
1619 1097 1759 1138 nunc
1775 1079 2042 1152 principae

471 1185 574 1238 lem
603 1183 874 1238 veniamus
904 1182 969 1235 ad
999 1197 1232 1236 causam.
1261 1181 1316 1235 Si
1340 1178 1620 1233 Herculem
1642 1184 1873 1228 vestrum
1904 1171 2047 1225 dixe-

471 1275 609 1340 ritis,
639 1290 799 1344 porro
830 1274 1115 1329 reddemus
1141 1292 1153 1326 :
1185 1273 1379 1328 adsunt
1402 1269 1633 1333 metalla,
1668 1281 1793 1321 saxa
1822 1280 1920 1318 nec
1947 1262 2044 1316 de-

469 1375 622 1429 sunt;
654 1365 910 1419 accedunt
939 1379 1259 1418 marmorum
1294 1357 1764 1433 genera,suppetit
1785 1356 2046 1409 artilicum

469 1456 642 1525 Copia.
672 1455 934 1510 Caeterum
961 1455 1091 1508 deus
1117 1464 1290 1508 vester
1315 1469 1434 1507 cum
1471 1450 1738 1519 diligentia
1767 1447 2045 1517 sculpitur,

472 1555 712 1602 tornatur
737 1557 790 1602 et
815 1557 1054 1600 ornatur.
1088 1545 1347 1599 Addimtts
1367 1556 1421 1598 et
1449 1543 1712 1597 rubricam
1743 1555 1860 1609 qua:
1884 1537 2050 1607 pingit

471 1639 741 1701 ruborem,
775 1653 880 1705 quo
903 1637 1106 1705 possint
1133 1645 1253 1690 vota
1282 1646 1458 1690 vestra
1487 1647 1636 1688 sacra
1673 1646 1884 1685 sonare.
1919 1627 2049 1682 Nam

474 1729 520 1782 si
546 1740 778 1784 vestrum
813 1728 1092 1782 Ilerculem
1117 1727 1377 1788 dixeritis,
1405 1725 1623 1778 collatis-
1643 1722 1872 1790 singulis—
1899 1735 2053 1774 num-

479 1820 582 1873 tnis
635 1820 701 1873 ab
747 1818 952 1872 artiﬁce
978 1827 1157 1873 vestro
1187 1817 1335 1870 vobis
1365 1816 1589 1869 emimus
1617 1814 1795 1868 deum.
1827 1811 2050 1866 Reddite

472 1910 632 1978 igitur
657 1910 878 1971 animas,
905 1925 1036 1978 quas
1060 1925 1244 1963 manus
1266 1914 1440 1962 vestra
1468 1905 1742 1968 contorsit,
1773 1913 1825 1958 et
1847 1901 2000 1957 sicuti
2021 1915 2050 1952 a

476 2002 631 2056 nobis
660 2009 836 2056 vester
865 2002 1117 2056 llercnles
1160 2000 1488 2064 redhibetur,
1535 1997 1612 2052 sic
1658 1997 1818 2052 etiam
1843 2011 1873 2050 a
1902 1994 2065 2050 vobis-

474 2103 737 2149 tantorum
767 2096 958 2148 animm
988 2093 1299 2147 reddantur.

967 2203 1292 2259 EPISTOLA
1334 2203 1397 2258 Ll
1421 2207 1444 2226 ο
1469 2202 1566 2274 (ὁ).

477 2314 790 2384 Augustinus
833 2314 1119 2384 Crispinum
1163 2316 1510 2371 Calamansem
1545 2315 1853 2370 Donatiana:
1898 2317 2057 2384 partis

550 2408 846 2476 episcopum
864 2408 934 2477 (ε)
973 2420 1110 2478 urget
1149 2409 1420 2478 propositis
1448 2409 1652 2462 breviter
1681 2408 1885 2478 aliquod
1905 2426 2057 2480 argit-

546 2498 742 2561 mentis,
769 2498 838 2550 ad
863 2516 924 2552 ea
943 2499 988 2552 si
1005 2510 1164 2568 potest
1179 2501 1473 2570 respondeat
1502 2517 1594 2568 per
1609 2501 1816 2554 litteras.

560 2607 610 2660 1.
634 2607 764 2675 Quia
797 2608 1148 2665 humilitatem
1177 2619 1419 2664 nostram.
1438 2611 1597 2665 vestri
1636 2610 2054 2680 reprehendunt,

479 2697 600 2752 ideo
621 2701 696 2753 sic
725 2701 999 2768 epistolam
1025 2703 1310 2771 praenotavi
1333 2720 1347 2768 ;
1379 2704 1516 2771 quod
1535 2704 1587 2757 in
1612 2712 1752 2757 tuam
1775 2714 2057 2758 contume-

479 2787 606 2843 liam
631 2789 815 2844 l'ecisse
843 2791 1042 2853 videar,
1066 2793 1108 2844 si
1133 2809 1235 2846 non
1268 2793 1335 2846 ita
1365 2793 1490 2847 mihi
1517 2794 1612 2847 abs
1638 2803 1689 2847 te
1712 2802 1768 2847 ut
1794 2794 2058 2848 rescriba-

482 2888 569 2933 tnr
600 2890 868 2950 exspecto.
905 2883 976 2935 De
1029 2883 1429 2953 Carthaginensi
1478 2885 1831 2953 promissione
1859 2894 1944 2938 tua
1972 2886 2056 2940 vel

483 2981 661 3024 nostra
690 2972 960 3037 instantia,
989 2975 1111 3042 quid
1142 2976 1305 3029 multa
1335 2977 1794 3029 commemorem?
1818 2977 2053 3042 Quomo-

477 3062 680 3117 tlolibet
704 3080 764 3119 ea
792 3067 1130 3133 gesserimus,
1159 3068 1480 3128 transierint.
1515 3085 1579 3120 ne
1603 3069 1742 3138 quod
1763 3079 1926 3122 restat
1954 3069 2059 3122 im-

481 3156 718 3223 pediant.
765 3157 914 3213 Nunc
941 3161 1230 3224 excusatio,
1280 3160 1382 3214 nisi
1411 3160 1583 3223 fallor,
1633 3162 1772 3216 nulla
1803 3172 1882 3216 est
1911 3162 2060 3231 adju-

480 3257 634 3300 vantc
659 3249 910 3313 Domino;
933 3252 1091 3305 ambo
1116 3253 1165 3304 in
1193 3252 1436 3306 Numidia
1456 3269 1659 3319 sumus,
1685 3264 1738 3306 et
1760 3254 1911 3307 nobis
1941 3255 2060 3308 loco

481 3345 743 3390 terrarum
792 3340 1014 3394 invicem
1052 3341 1483 3411 prepinquamus.
1517 3344 1718 3397 lltnuor
1745 3346 1808 3397 ad
1857 3362 1940 3398 me
1965 3345 2059 3399 de-

485 3429 621 3492 tulit,
651 3429 825 3483 adhuc
870 3440 921 3484 te
965 3433 1100 3488 velle
1144 3449 1350 3488 mecum
1400 3435 1717 3502 diSpntando
1746 3437 1972 3502 experiri
1995 3437 2062 3490 de

485 3520 796 3586 qmestionc,
819 3538 936 3589 qum
966 3534 1198 3576 nostram
1229 3524 1430 3576 dirimit
1453 3525 1900 3578 communionem.
1929 3526 2063 3580 Vide

485 3624 644 3672 quam
687 3610 917 3665 breviter
963 3628 1147 3667 omnes
1178 3614 1476 3668 auferantur
1511 3616 1779 3686 ambages,
1816 3618 1880 3670 ad
1927 3618 2062 3672 hanc

484 3699 762 3764 epistolam
782 3702 1064 3769 reSpoude,
1090 3706 1131 3755 si
1155 3705 1342 3772 placet.
1368 3715 1421 3757 et
1447 3705 1668 3759 fortasse
1683 3708 1928 3772 sul'liciet,
1958 3724 2064 3761 non

486 3789 658 3842 solum
692 3791 863 3856 nobis,
894 3791 985 3845 sed
1035 3803 1089 3846 et
1135 3795 1212 3846 eis
1256 3794 1344 3862 qui
1387 3810 1481 3848 nos
1511 3795 1695 3850 audire
1723 3796 2060 3862 desiderant;

491 3888 582 3929 aut
609 3878 651 3930 si
676 3895 779 3932 non
808 3880 1053 3946 sufficiet,
1077 3882 1269 3950 scripta
1295 3893 1452 3953 atque
1477 3886 1936 3954 rescripta,doncc
1958 3889 2060 3941 suf-

489 3968 683 4031 ficiant,
711 3980 1032 4038 repetantur.
1055 3973 1188 4039 Quid
1213 3974 1352 4028 enim
1385 3975 1535 4028 nobis
1561 3978 1891 4032 commodius
1917 3989 2062 4048 pote-

487 4059 556 4111 rit
598 4059 850 4116 exhibere
878 4063 1106 4126 urbium,
1139 4079 1272 4133 quas
1295 4067 1592 4130 incolimus,
1619 4076 1760 4121 tanta
1784 4069 2065 4125 vicinitas?

488 4148 599 4217 Ego
627 4151 769 4204 enim
802 4154 957 4207 statui
993 4155 1117 4207 nihil
1147 4158 1212 4208 de
1239 4155 1337 4210 hac
1360 4173 1419 4211 re
1444 4173 1602 4225 agere
1643 4160 1929 4223 vobiscum,
1963 4163 2064 4216 nisi

491 4257 584 4309 per
610 4243 827 4310 litteras,
852 4247 930 4300 vel
959 4263 1025 4301 ne
1053 4249 1136 4301 cui
1169 4262 1404 4303 nosu°um
1431 4250 1496 4304 de
1521 4253 1794 4318 memoria,
1822 4237 1962 4324 quod
1983 4255 2066 4308 di-

488 4334 624 4387 citur
651 4335 911 4400 elabatur,
945 4339 1027 4392 vel
1055 4355 1122 4392 ne
1147 4340 1456 4394 fraudentur
1487 4344 1670 4398 talium
1701 4348 1943 4409 studiosi,
1975 4348 2064 4416 qui

492 4423 626 4475 forte
653 4424 908 4480 interesse
933 4443 1035 4480 non
1070 4440 1305 4494 possunt.
1335 4433 1529 4485 Soletis
1563 4435 1628 4487 de
1655 4438 1935 4504 praeteritis
1977 4455 2065 4492 re-

492 4513 591 4567 bus
615 4517 799 4582 gestis,
828 4534 946 4583 qum
968 4519 1146 4582 vultis,
1190 4519 1315 4573 falsa
1337 4521 1557 4588 jactare,
1593 4524 1728 4579 forte
1767 4542 1871 4580 non
1922 4545 2067 4582 men-

494 4605 654 4660 tiendi
681 4608 878 4672 studio,
926 4607 1017 4663 sed
1049 4626 1246 4664 errore.
1285 4612 1531 4674 Proinde,
1561 4615 1603 4668 si
1633 4618 1819 4684 placet,
1842 4619 1907 4673 de
1931 4636 2066 4688 pra:-

493 4697 731 4751 sentibus
752 4699 839 4752 illa
865 4701 1162 4754 metiamur.
1185 4703 1372 4757 Procul
1391 4705 1550 4758 dubio
1575 4717 1624 4759 te
1651 4723 1753 4761 non
1778 4709 1907 4780 fugit
1933 4713 2068 4779 prio-

492 4786 565 4839 ris
593 4789 766 4856 populi
787 4791 1110 4858 temporibus
1131 4803 1184 4846 et
1205 4792 1519 4848 idololatria:
1548 4799 1878 4868 sacrilegium
1905 4801 2067 4858 fuisse

490 4878 854 4945 commissum,
881 4889 934 4934 et
972 4897 1000 4934 a
1029 4898 1151 4951 rege
1192 4893 1553 4953 contemplere
1581 4889 1770 4943 librum
1803 4892 2071 4961 prepheti-

491 4983 610 5020 cum
639 4968 946 5038 incensum(
969 4970 1158 5024 Jerem.
1193 4989 1380 5037 χχχιιι,
1408 4976 1510 5045 25)
1536 4993 1548 5038 ;
1582 4995 1685 5046 quo
1715 4988 1934 5050 utroque
1962 4984 2067 5036 cri-

492 5058 635 5112 mine
663 5059 963 5113 schismatis
993 5063 1186 5115 malum
1219 5080 1321 5117 non
1351 5067 1625 5134 puniretur
1664 5072 1917 5135 atrocius,
1968 5075 2067 5128 nisi

549 5191 567 5206 '
593 5192 828 5264 castigata
847 5199 922 5241 est
936 5193 993 5240 ad
1017 5206 1060 5264 a.
1088 5194 1169 5264 bg.
1196 5193 1272 5264 bl.
1291 5208 1430 5264 once.
1452 5196 1504 5245 if.
1524 5213 1572 5260 g.
1599 5215 1680 5264 gv.
1697 5215 1745 5250 n.
1765 5215 1805 5251 r.
1830 5218 1871 5252 s.
1896 5206 1970 5255 sb.
1998 5220 2070 5256 vc.

487 5251 607 5300 duos
629 5259 666 5300 t.
695 5251 958 5315 q'uatuorv.
985 5263 1036 5305 et
1057 5251 1238 5303 adiam.
1263 5257 1369 5305 Bad.
1400 5265 1473 5308 Er.
1499 5251 1607 5309 LBvI

551 5334 624 5396 (a)
645 5343 825 5413 ttpr'ttm
849 5345 1108 5413 martyrum
1132 5338 1409 5391 celebratur
1445 5346 1675 5393 memoria
1699 5347 1746 5394 in
1771 5349 2071 5413 Martyolog.

491 5401 618 5463 honr.
642 5396 709 5463 ad
725 5398 937 5463 dietn_30
960 5396 1072 5463 aug.

485 5455 878 5568 39303172
903 5475 914 5510 :
942 5455 1052 5525 qui:
1075 5470 1238 5512 autem
1261 5464 1316 5513 5i
1359 5472 1480 5526 erat,
1509 5480 1640 5518 nunc
1666 5469 1771 5518 liii.
1796 5470 1973 5531 scripta
1995 5483 2072 5519 au.

551 5577 622 5657 _(_c)
649 5582 944 5657 [logispino
966 5585 1187 5657 qttzedam
1225 5587 1444 5657 ittugpisl.
1475 5590 1578 5648 103,
1615 5605 1663 5639 n.
1691 5589 1738 5648 4,
1767 5591 1888 5639 etin
1914 5591 1999 5657 lib.
2047 5594 2079 5643 5

480 5645 991 5751 ἓῗίἒδωαοαςῖιζηὶυω,
1016 5659 1058 5695 c.
1086 5647 1164 5706 46,
1193 5662 1243 5696 n.
1272 5645 1344 5698 50⁷
1357 5657 1409 5698 et
1448 5645 1576 5712 seq.,
1605 5645 1794 5702 necnon
1816 5656 1939 5715 apud
1967 5664 2078 5706 ros-

530 5719 540 5743 t
663 5733 682 5751 .
737 5736 749 5748 .
807 5714 850 5750 ἒ.

530 5714 682 5760 unum,
704 5714 749 5749 c.
780 5714 850 5750 13.

3615 311 3724 368 I9!

2145 425 2357 495 gravius
2383 423 2720 494 penderetur.
2753 423 2996 478 Profecto
3025 420 3166 477 enim
3193 422 3490 478 recordaris
3530 439 3716 495 quem-

2144 517 2425 572 admodum
2461 515 2762 570 schismatis
2789 526 3032 568 auctores
3079 514 3226 567 vivos
3271 513 3552 569 dehiscens
3582 525 3733 569 terra-

2145 608 2426 671 sorbuerit,
2455 615 2510 661 et
2535 622 2625 661 eos
2655 606 2742 676 qui
2773 614 3171 670 consenserant,
3195 605 3330 659 «ἀεῗο
3357 605 3564 659 irruens
3591 607 3724 675 ignis

2145 698 2497 768 absumpserit
2517 698 2542 766 (.
2561 696 2842 758 Num.xvt,
2872 695 3090 767 3l-55).
3136 698 3224 750 Sic
3275 713 3382 752 nec
3412 697 3721 754 fabricatum

2147 798 2196 842 et
2224 788 2500 842 adoratum
2529 787 2747 854 idolum,
2796 800 2899 840 nec
2921 801 3071 841 sacer
3101 785 3261 841 Liber
3285 800 3501 841 exuStus
3533 790 3736 842 meruit”

2147 879 2421 933 vindicari.

2217 970 2271 1024 2.
2289 969 2396 1024 Cur
2419 985 2566 1040 ergo,
2585 969 2674 1039 qui
2697 968 2883 1023 soletis
2903 968 3056 1023 nobis
3081 968 3332 1037 obiicere,
3353 985 3454 1023 non
3483 970 3652 1022 solum
3674 970 3723 1022 in

2149 1061 2343 1115 noStris
2364 1077 2467 1113 non
2497 1059 2733 1130 probata,
2762 1059 2855 1113 sed
2881 1060 3052 1128 potius
3077 1059 3129 1112 in
3159 1060 3346 1113 vestris
3377 1060 3592 1129 probata
3622 1061 3729 1113 cri-

2151 1152 2292 1206 mina
2319 1168 2504 1207 eorum
2529 1153 2618 1222 qui
2645 1151 2925 1206 formidine
2953 1151 3338 1222 persecutionis
3381 1151 3591 1220 impulsi
3628 1151 3729 1205 do—

2151 1243 2373 1298 minicos
2425 1243 2588 1297 libros
2633 1241 3050 1296 concremandos
3106 1242 3312 1310 ignibus
3379 1241 3730 1303 tradiderunt,

2152 1349 2248 1388 vos
2279 1348 2371 1388 eos
2399 1347 2532 1403 quos
2559 1348 2654 1402 pro
2679 1333 2878 1388 scelere
2903 1332 3226 1395 schismatis,
3278 1332 3493 1401 plenarii
3529 1331 3732 1384 concilii
3742 1375 3746 1378 .

2158 1426 2319 1480 veStri
2350 1426 2425 1493 (a)
2455 1426 2690 1489 veridico,
2713 1426 2850 1480 sicut
2877 1425 2948 1479 ibi
2989 1426 3245 1494 scriptum
3271 1434 3373 1484 est.
3402 1441 3488 1478 ore
3514 1424 3738 1478 damna-

2153 1517 2269 1579 stis,
2290 1516 2340 1570 in
2361 1515 2549 1570 eodem
2572 1515 2686 1584 ipso
2705 1516 3008 1584 episcopatu
3035 1515 3310 1582 recepistis
3335 1515 3382 1566 iu
3401 1529 3504 1584 quo
3525 1514 3741 1567 damna-u

2155 1607 2289 1670 stis;
2345 1605 2665 1659 Felicianum
2716 1605 2834 1658 dico
2874 1605 3233 1669 Mustitanum,
3257 1613 3311 1658 et
3361 1605 3756 1658 l’rzetextatum.

2159 1694 2564 1749 Assuritanum?
2587 1695 2766 1764 Neque
2791 1695 2966 1758 enim,
2984 1695 3120 1748 sicut
3147 1695 3506 1764 ignorantibus
3539 1696 3740 1762 dicitis,

2157 1799 2224 1838 ex
2253 1800 2316 1838 eo
2343 1799 2565 1837 numero
2583 1786 2796 1838 fuerunt
2825 1785 2934 1851 isti,
2973 1786 3163 1854 quibus
3194 1797 3425 1840 vestrum
3452 1786 3742 1841 concilium

2159 1875 2299 1930 diem
2332 1887 2707 1946 prorogaverat
2749 1886 2803 1931 et
2845 1877 3162 1946 pra-fixerat,
3199 1875 3332 1930 intra
3363 1894 3518 1947 quem
3547 1880 3646 1932 nisi
3672 1879 3757 1933 ad'

2160 1976 2390 2022 vestram
2417 1969 2842 2024 communionem
2867 1969 3262 2030 remeavissent,
3292 1970 3473 2023 eadem
3507 1979 3732 2024 senten-

2160 2058 2231 2112 tia
2261 2066 2604 2122 tenerentur;
2637 2058 2731 2113 sed
2776 2058 2842 2112 de
2870 2059 2959 2111 illo
2985 2074 3207 2112 numero
3234 2059 3315 2112 isti
3345 2058 3575 2125 fuerunt,
3605 2076 3766 2129 quos.

2159 2163 2224 2202 co
2251 2148 2337 2202 die
2367 2149 2482 2203 sine
2509 2149 2760 2203 dilatione
2797 2148 3108 2214 damnastis,
3155 2167 3259 2218 quo
3286 2151 3390 2204 illis
3433 2150 3762 2205 dilationem.

2160 2237 2416 2293 dedistis-
2433 2238 2698 2304 Probabo,
2746 2240 2790 2293 si
2815 2241 3092 2308 negaveris
3125 2260 3138 2292 :
3171 2242 3452 2294 concilium
3501 2253 3764 2298 vestrum-

2160 2328 2422 2396 loquitur;
2457 2331 2852 2398 proconsularia
2898 2332 3057 2385 Gesta
3104 2331 3359 2386 habemus
3390 2334 3440 2386 iu
3473 2336 3760 2399 manibus,

2160 2421 2351 2489 quibus
2373 2422 2422 2474 id
2455 2435 2560 2474 non
2587 2422 2751 2476 semel
2781 2423 3066 2492 allegastis.
3095 2424 3264 2476 Aliam
3307 2440 3436 2494 ergo
3476 2425 3750 2480 defensio-

2163 2529 2284 2568 nem
2309 2530 2453 2582 para,
2488 2514 2532 2568 si
2574 2525 2744 2584 potes,
2775 2531 2842 2569 ne
2871 2515 2995 2569 dum
3039 2533 3199 2585 negas
3243 2518 3383 2585 quod
3410 2519 3747 2584 convincam,

2162 2622 2340 2662 moras
2380 2605 2653 2662 faciamus.
2697 2607 2998 2662 Felicianus
3038 2607 3199 2678 igitur
3225 2619 3276 2663 et
3314 2610 3663 2665 Pnetextatus
3704 2612 3752 2666 si

2162 2697 2471 2751 innocentes
2494 2706 2856 2767 crant,.quare
2884 2699 2962 2752 sic
2990 2699 3220 2752 damnati
3250 2701 3406 2752 sunt?
3433 2701 3485 2755 Si
3514 2702 3752 2756 scelera-

2166 2788 2200 2841 ti
2223 2829 2236 2852 ,
2267 2803 2430 2857 quare
2459 2788 2537 2842 sic
2576 2789 2772 2858 recepti
2805 2789 2969 2843 sunt?
2997 2789 3052 2842 Si
3082 2790 3380 2858 probaveris
3414 2791 3748 2858 innocentes,

2163 2892 2258 2932 cur
2285 2893 2390 2931 non
2417 2877 2694 2932 credamus
2723 2894 2750 2931 a
2783 2880 2946 2931 n'mlto
2979 2879 3314 2947 paucioribus
3341 2881 3630 2949 majoribus
3659 2899 3754 2936 ve-

2164 2971 2289 3022 stris
2317 2971 2448 3023 falso
2471 2970 2691 3024 crimine
2716 2971 3016 3023 traditionis
3045 2972 3351 3026 innocentes
3380 2973 3611 3041 potuisse
3647 2974 3752 3028 da-

2165 3063 2357 3119 tnnari.
2387 3063 2430 3116 si
2479 3079 2506 3114 a
2557 3065 2809 3117 trecentis
2856 3064 3040 3116 decem
3095 3065 3494 3119 successoribus
3536 3081 3769 3126 corium.

2166 3153 2251 3206 ubi
2293 3155 2449 3207 etiam
2502 3169 2595 3223 pro
2644 3170 2833 3224 magno
2880 3156 3131 3223 scriptum
3177 3169 3277 3222 cst,
3304 3159 3518 3226 plenarii
3546 3160 3756 3214 concilii

2167 3261 2252 3297 ore
2283 3245 2517 3307 veridico,
2573 3245 2624 3297 in
2668 3243 2800 3298 falso
2845 3245 3068 3299 Crimine
3107 3246 3406 3301 schismatis
3443 3248 3771 3304 innocentes.

2166 3332 2407 3386 damnari
2429 3343 2709 3402 potuerunt
2739 3333 2760 3385 ?
2794 3333 2846 3387 Si
2877 3344 3050 3387 autem
3085 3335 3388 3402 probaveris
3417 3347 3558 3390 recte
3586 3337 3758 3394 fuisse

2167 3423 2466 3488 dan'matos,
2499 3439 2618 3492 qua:
2647 3433 2810 3477 restat
2850 3424 3088 3479 defensio
3118 3441 3212 3480 cur
3238 3427 3289 3479 in
3323 3428 3507 3482 eodem
3535 3430 3760 3498 cpisco-

2171 3523 2290 3580 pattt
2314 3517 2511 3582 recepti
2530 3515 2656 3580 sint,
2680 3515 2776 3568 nisi
2804 3524 2859 3568 ut
2881 3532 3205 3586 exaggerans
3227 3520 3503 3574 utilitatem
3526 3524 3760 3578 salubri-

2170 3612 2436 3674 latcmqne
2483 3606 2644 3673 pacis,
2675 3607 2924 3660 ostendas
2950 3610 3107 3663 etiam
3139 3611 3236 3664 ista
3266 3628 3362 3680 pro
3393 3615 3606 3668 unitatis
3635 3617 3758 3671 vin-

2169 3695 2286 3747 culo
2319 3695 2634 3748 toleranda?
2671 3696 2823 3762 Quod
2861 3699 3061 3752 utinam
3107 3716 3211 3753 non
3263 3703 3391 3769 oris,
3435 3704 3527 3757 sed
3573 3708 3770 3761 cordis.

2168 3786 2368 3840 viribus
2388 3802 2572 3856 ageres
2596 3788 2608 3839 Σ
2639 3788 2875 3856 profecto
2900 3791 3230 3860 perspiceres
3251 3810 3407 3862 quam
3431 3796 3588 3849 nullis
3605 3799 3760 3852 calu-

2170 3878 2328 3933 mniis
2355 3894 2448 3947 per
2470 3879 2653 3933 orbem
2677 3893 2936 3934 terrarum
2963 3893 3105 3936 esset
3143 3884 3383 3938 violanda
3409 3903 3506 3956 pax
3529 3887 3773 3956 Christi,

2170 3969 2214 4020 si
2238 3968 2360 4022 licet
2389 3969 2436 4021 in
2469 3967 2647 4024 Africa
2671 3971 2827 4025 etiam
2857 3973 2910 4025 in
2940 3974 3196 4044 sacrilego
3223 3977 3506 4031 schismate
3532 3978 3762 4036 damna-

2173 4068 2277 4123 tos,
2313 4059 2362 4112 in
2391 4059 2578 4113 eodem
2612 4061 2725 4129 ipso
2747 4063 3052 4130 episcopatu
3076 4067 3236 4133 recipi
3265 4081 3360 4134 pro
3389 4083 3514 4134 pace
3537 4069 3755 4126 Donati.

2243 4151 2294 4204 5.
2325 4149 2453 4202 Item
2477 4150 2657 4204 soletis
2685 4153 2835 4206 nobis
2859 4153 3090 4222 objicere
3115 4157 3251 4223 quod
3280 4173 3369 4209 vos
3391 4174 3488 4228 per
3515 4169 3760 4228 potesta-

2173 4247 2253 4294 tes
2277 4248 2513 4292 terrenas
2545 4257 2940 4311 persequamur.
2963 4244 3074 4310 Qua
3101 4247 3151 4297 in
3179 4261 3236 4298 re
3265 4263 3368 4300 non
3397 4249 3631 4317 disputo,
3664 4256 3758 4311 vel

2173 4331 2296 4399 quid
2344 4347 2438 4385 vos
2466 4348 2560 4401 pro
2583 4333 2910 4388 immanitate
2955 4337 3083 4388 tanti
3127 4339 3386 4409 sacrilegii
3416 4346 3760 4412 mercamini,

2172 4425 2253 4477 vel
2282 4435 2536 4492 quantum
2583 4441 2680 4478 nos
2709 4425 2993 4480 christiana
3049 4438 3309 4498 temperet
3357 4437 3758 4503 mansuetudo;

2175 4513 2301 4567 illud
2325 4513 2444 4567 dico
2478 4532 2491 4567 :
2522 4515 2566 4568 si
2590 4515 2690 4568 hoc
2716 4517 2919 4570 crimen
2944 4528 3164 4584 est,.cur
3182 4522 3396 4576 eosdem
3423 4525 3766 4584 Maximiani-

2174 4612 2284 4657 stas
2332 4618 2426 4672 per
2461 4602 2675 4673 jutlices
2721 4608 2788 4660 ab
2817 4606 2894 4660 eis
2923 4608 3326 4676 imperatoribus
3369 4615 3580 4682 missos,
3623 4633 3768 4686 quos

2177 4711 2272 4764 per
2320 4695 2664 4764 Evangelium
2717 4699 2903 4767 genuit
2951 4710 3130 4754 nostra
3172 4706 3495 4771 communio,
3525 4710 3769 4778 graviter

2177 4787 2436 4852 inseetati,
2460 4787 2528 4842 de
2554 4788 2940 4859 basilicisquas
2969 4792 3237 4855 tenebant,
3268 4795 3531 4864 in-quibus
3555 4814 3648 4853 eos
3675 4801 3767 4856 in-

2177 4878 2320 4932 venit
2367 4877 2479 4947 ipsa
2527 4881 2838 4946 conscissio,
2871 4889 2926 4934 et
2950 4887 3428 4938 controversiarum
3457 4891 3679 4958 strepitu
3710 4904 3766 4948 et

2239 4987 2310 5058 (ᾳ)
2325 4988 2624 5058 Bagaitanum
2639 4987 2890 5058 concilium
2917 4990 3107 5058 indicat,
3123 5004 3150 5041 a
3172 4994 3226 5041 3i
3235 4995 3264 5043 0
3280 4995 3517 5058 episcopis
3529 5000 3769 5055 adversus

2176 5049 2922 5124 blaxintiattenses'babittnn;‘de
2945 5065 3043 5112 quo
3057 5055 3156 5124 jam
3174 5049 3322 5124 supra
3336 5049 3507 5124 iuuet.
3531 5062 3588 5109 ad
3615 5049 3764 5124 epist:

2281 5110 2422 5185 cuius
2443 5109 2630 5181 concilii
2657 5112 2907 5185 sententia
2940 5109 3291 5185 cum'damnati
3337 5119 3542 5185 fuissent
3585 5109 3766 5185 nisi};

2179 5169 2301 5219 alios
2324 5169 2587 5237 Felieianus
2623 5179 2674 5219 et
2701 5178 3046 5237 l’rwtextatus,
3077 5177 3218 5225 ambo
3264 5193 3325 5227 ex
3357 5169 3768 5237 duodenai'iowi'l‘lo

2181 5244 2385 5304 numero
2407 5244 2450 5291 el
2469 5233 2739 5304 iscoporum
2763 5235 2845 5304 qui
2867 5237 3196 5304 Maximianum
3211 5240 3500 5302 ordinarunt,
3519 5233 3644 5296 eﬂici
3665 5233 3766 5299 non

2182 5294 2334 5353 potuit
2361 5305 2570 5362 unquam
2595 5301 2645 5342 ut
2689 5294 2891 5366 sedibus
2934 5297 3035 5345 suis
3057 5299 3377 5406 (pellerentur
3395 5337 3409 5361 ,
3434 5294 3764 5371 qtiantvisid

2182 5361 2308 5401 mota
2334 5360 2480 5401 etiam
2503 5362 2665 5403 contra
2691 5369 2778 5404 eos
2801 5355 2886 5406 ltte
2909 5358 3034 5406 nnud
3091 5373 3177 5406 uos
3217 5362 3295 5406 vel
3323 5373 3425 5406 tros
3449 5370 3764 5406 Prm‘nncnlnc

2181 5361 2308 5422 mota
2334 5354 2480 5422 etiam
2503 5362 2665 5422 contra
2691 5369 2778 5404 eos
2801 5355 2886 5406 lite
2909 5358 3034 5419 apud
3053 5354 3177 5422 duos
3217 5362 3295 5411 vel
3323 5354 3425 5414 tres
3449 5354 3766 5422 i’romnsu-les

2183 5414 2406 5493 (quot-pm
2423 5414 2514 5493 hic
2529 5414 2750 5466 dicuntur
2773 5414 3167 5493 «.proeonsularia
3180 5429 3320 5493 gesta
3336 5443 3356 5468 ι
3381 5414 3766 5493 haberi),agere

2182 5475 2335 5560 portati
2361 5475 2460 5560 sint
2504 5477 2714 5560 “frum
2750 5475 3018 5560 adversarii
3046 5495 3058 5530 :
3084 5484 3167 5560 qui
3189 5484 3387 5558 denmm
3413 5475 3572 5560 ipsos:
3582 5475 3764 5560 @516

2184 5533 2299 5584 licet
2315 5535 2412 5596 jam
2438 5537 2485 5607 in
2510 5533 2782 5607 I‘rtetextati
2828 5538 2984 5590 locum
3010 5533 3246 5607 _ordinato
3263 5583 3278 5607 ,
3297 5533 3765 5603 insuiéiiétib'riiiti;

2184 5605 2495 5669 receperunt,
2514 5612 2575 5669 ex
2601 5598 2686 5669 lib.
2709 5603 2726 5669 _l
2755 5609 2882 5651 cont.
2899 5598 3290 5669 Gaudentium,e.
3315 5610 3462 5668 59,11.
3480 5612 3559 5669 54,
3581 5598 3637 5661 et,
3653 5598 3762 5664 in};

2187 5656 2325 5750 locis;
2351 5656 2563 5769 cogentes;
2607 5663 2829 5713 nimirum
2864 5672 3033 5727 Optato
3075 5656 3351 5719 Gildoniano
3415 5656 3762 5726 itit—{licinium

2188 5733 2232 5769 αξ
2253 5734 2328 5767 15..
2355 5737 2432 5769 ιλ).
2459 5735 2506 5769 ll.
2568 5757 2580 5769 .

2188 5733 2232 5780 ιη
2253 5733 2328 5767 lSl.
2355 5733 2432 5779 in,
2459 5735 2506 5770 η.
2534 5733 2580 5770 U.
