4090 6356
333 364 449 419 ’193

342 476 647 546 jussionum
694 481 964 543 potentatu
989 481 1040 528 et
1067 472 1376 528 auxiliorum
1423 474 1618 543 impetu
1646 471 1916 542 perturba-

345 567 482 622 stis?
513 567 566 621 ln
590 582 690 637 qua
705 566 1092 622 con‘tlictatione
1116 583 1234 638 qure
1255 567 1393 636 passi
1424 567 1530 622 sint
1557 580 1650 636 per
1671 565 1785 621 loca
1810 564 1917 618 sin-

343 663 489 732 gula,
524 664 754 716 recentia
781 678 955 716 rerum
977 662 1190 730 vestigia
1211 669 1606 724 contestantur;
1639 675 1754 729 quae
1772 658 1917 726 jussa

343 755 455 807 sint
481 754 678 807 charta:
705 753 956 815 indicant,
977 769 1093 822 qum
1120 751 1252 807 facta
1278 753 1383 806 sint
1407 761 1562 806 terra:
1588 751 1839 812 clamant,
1865 749 1915 800 in

345 843 540 912 quibus
562 843 718 897 etiam
753 843 924 913 Optati
945 840 1017 914 (α)
1043 842 1181 896 illius
1208 842 1399 896 tribuni
1431 842 1587 896 vestri
1609 848 1787 894 sancta
1809 853 1919 892 me-

341 934 512 987 moria
537 933 865 1002 pra'dicatur.

410 1024 469 1077 4.
504 1023 632 1078 llem
667 1023 841 1077 dicere
867 1021 1047 1076 soletis
1084 1020 1222 1090 quod
1251 1035 1348 1074 nos
1370 1018 1564 1074 Christi
1600 1017 1916 1087 baptianum

344 1128 455 1166 non
510 1112 828 1176 habeamus,
878 1120 932 1166 et
967 1120 1158 1179 praeter
1209 1119 1440 1164 vestram
1493 1109 1916 1162 communionem

340 1217 603 1272 nusquam
625 1202 709 1255 sit.
731 1202 946 1256 Possem
973 1200 1094 1254 hinc
1118 1201 1329 1255 uberius
1346 1201 1610 1270 aliquanto
1637 1200 1914 1252 disserere.

325 1292 448 1346 ’Sed
474 1301 656 1346 contra
688 1307 782 1345 vos
806 1291 914 1360 jam
949 1290 1074 1344 nihil
1100 1304 1232 1358 Opus
1257 1299 1360 1354 est,
1392 1289 1624 1358 quicum
1651 1285 1917 1339 Feliciauo

325 1392 394 1435 et
450 1383 768 1437 Praetextato
832 1382 989 1435 etiam
1053 1379 1551 1433 Maximianistarnm
1601 1377 1917 1444 baptismum

341 1474 643 1542 recepistis.
671 1473 934 1538 Quotquot
951 1471 1090 1526 enim
1115 1470 1506 1539 baptizaverunt
1527 1467 1734 1536 quando
1759 1466 1920 1518 Maxi-

347 1564 535 1617 miano
579 1561 1056 1625 communicabant,
1081 1577 1199 1614 cum
1221 1559 1377 1613 etiam
1421 1557 1565 1625 ipsos
1587 1554 1915 1615 nominatim,

345 1651 397 1704 id
420 1661 502 1705 est
531 1651 855 1706 Fclicianum
879 1659 933 1704 et
960 1652 1331 1704 Prmtextatum
1372 1646 1436 1699 de
1459 1645 1691 1698 basilicis
1710 1657 1914 1707 eorum,

345 1744 482 1796 sicut
510 1751 657 1810 gesta
706 1750 984 1804 testantur,
1016 1740 1262 1793 diuturno
1308 1736 1559 1790 conﬂictu
1599 1733 1917 1802 judiciorum

339 1832 610 1899 expellere
654 1829 974 1885 conaremini
1000 1846 1013 1892 ;
1037 1836 1290 1898 quotquot
1331 1839 1456 1892 ergo
1480 1838 1544 1876 eo
1569 1832 1804 1890 tempore
1831 1820 1917 1874 ba-

329 1923 691 1992 ’ptizaverunt,
725 1937 861 1975 nunc
903 1935 1087 1973 secum
1130 1926 1183 1973 et
1221 1918 1493 1969 vobiscum
1537 1914 1757 1976 habent,
1812 1927 1916 1964 non

337 2013 511 2066 solum
539 2028 635 2081 per
661 2011 1027 2081 atgritndinum
1073 2007 1320 2076 pericula,
1347 2006 1438 2058 sed
1475 2005 1636 2057 etiam
1669 2017 1760 2070 per
1783 2001 1921 2054 sole-

339 2102 591 2156 mnitates
612 2101 888 2154 Paschalcs
903 2101 954 2153 in
974 2107 1052 2152 tot
1072 2096 1309 2153 ecclesiis
1328 2095 1394 2148 ad
1412 2109 1534 2146 suas
1554 2092 1791 2145 civitates
1809 2104 1920 2157 per-

340 2192 657 2257 tinentibus,
686 2201 738 2244 et
761 2193 812 2244 in
855 2190 980 2259 ipsis
1023 2200 1126 2242 tam
1155 2187 1360 2256 magnis
1389 2182 1686 2239 civitatibus
1714 2181 1838 2234 loris
1867 2182 1917 2231 in

343 2284 551 2338 scelere
580 2281 880 2336 schismatis
904 2282 1213 2350 baptizatos,
1248 2292 1470 2347 quorum
1502 2274 1627 2327 nulli
1651 2271 1914 2340 Baptisnta

333 2373 624 2441 repetitum
671 2381 771 2425 est.
821 2375 993 2440 Atque
1033 2372 1229 2424 utinam
1280 2367 1504 2437 probare
1553 2364 1796 2433 possetis,
1827 2375 1920 2414 eos

337 2481 478 2535 quos
505 2464 636 2518 foris
664 2464 728 2518 in
768 2463 972 2518 scelere
1000 2460 1301 2516 sch'ismatis
1352 2457 1646 2511 Felicianus
1687 2461 1740 2508 et
1774 2453 1920 2505 Prte-

342 2566 575 2610 textatus
597 2565 844 2624 tanquam
875 2553 1099 2607 inaniter
1125 2549 1536 2618 baptizaverant,
1561 2545 1625 2598 ab
1653 2544 1731 2597 eis
1759 2557 1910 2594 rece-

337 2647 448 2717 ptis
475 2648 622 2700 intus
651 2646 797 2715 quasi
851 2645 1052 2698 utiliter
1099 2643 1272 2696 denuo
1314 2639 1623 2708 baptizatos.
1671 2635 1724 2689 Si
1773 2635 1914 2688 enim

334 2751 528 2791 rursus
553 2736 851 2805 baptizandi
879 2743 1029 2788 erant
1077 2732 1182 2795 isti,
1216 2745 1400 2783 rursus
1448 2725 1723 2781 ordinandi
1765 2733 1918 2778 erant

329 2827 440 2881 illi.
463 2827 764 2880 Amiserant
787 2824 928 2878 enim
963 2823 1321 2893 episcopatum
1349 2818 1657 2872 recedentes
1684 2831 1714 2869 a
1741 2815 1915 2879 vobis,

339 2919 386 2972 si
411 2927 561 2973 extra
590 2917 1016 2970 communionem
1046 2921 1273 2966 vestram
1321 2909 1590 2977 baptizare
1620 2920 1723 2959 non
1773 2912 1922 2972 pote-

331 3018 480 3062 rant.
505 3007 635 3061 Nam
663 3007 708 3060 si
736 3004 1066 3059 discedentes
1087 3001 1446 3071 episcopatum
1476 3012 1580 3051 non
1607 2995 1914 3057 amiserant,

335 3099 612 3167 baptizare
638 3098 817 3166 utique
844 3102 1104 3164 poterant.
1156 3092 1213 3146 Si
1254 3101 1431 3144 autem
1458 3089 1764 3147 amiserant,
1796 3100 1921 3154 ergo

336 3200 405 3244 nt
435 3191 512 3245 eis
535 3189 674 3259 quod
703 3187 988 3241 amiserant
1019 3183 1346 3244 redderetur,
1367 3179 1650 3234 redeuntes
1675 3176 1911 3231 ordinari

333 3281 626 3336 debebant.
655 3278 759 3334 Sed
781 3279 885 3330 noli
917 3277 1102 3331 timere
1131 3293 1145 3328 :
1180 3275 1316 3328 sicut
1336 3280 1540 3325 certum
1567 3277 1648 3322 est
1667 3283 1788 3322 cum
1821 3281 1918 3320 eo;

335 3372 465 3424 'dcm
492 3369 609 3423 illos
637 3369 943 3438 episcopatu
969 3382 1086 3420 cum
1131 3380 1235 3434 quo
1279 3362 1514 3416 exierant
1540 3373 1825 3413 remeasse.
1851 3357 1918 3410 ita

334 3471 551 3516 certum
571 3469 652 3515 est
679 3475 867 3514 omnes
885 3474 1017 3528 quos
1037 3459 1087 3511 in
1111 3454 1409 3510 Maximiani
1437 3452 1720 3506 schismate
1742 3449 1912 3517 bapti-

342 3564 556 3618 zarunt,
598 3553 712 3607 sine
742 3552 844 3605 ulla
893 3549 1143 3618 Baptismi
1181 3545 1497 3616 repetitione
1523 3557 1703 3597 secum
1733 3551 1920 3597 vestrae

342 3644 710 3697 communioni
735 3640 1124 3695 reconciliasso.

418 3734 470 3787 5.
494 3733 694 3799 Quibus
719 3733 878 3801 igitur
905 3729 1194 3783 sufﬁcimus
1217 3724 1462 3794 lacrymis
1487 3723 1732 3791 plangere
1753 3720 1916 3789 recipi

335 3825 668 3896 baptismum
691 3823 1210 3884 Maximianistarum,
1231 3827 1284 3872 et
1307 3815 1572 3871 cxsol‘llari
1594 3813 1918 3881 Baptisnunn

341 3917 493 3970 orbis
519 3913 814 3969 terrarum?
840 3913 962 3967 Sive
987 3911 1190 3962 auditos
1217 3909 1326 3961 sive
1348 3905 1629 3966 inauditos,
1654 3902 1922 3970 sivejuste

341 4007 459 4061 sive
485 4005 676 4074 injuste
697 4001 987 4057 damnastis
1007 4000 1349 4054 Felicianum.
1376 3995 1664 4048 damnastis
1692 3993 1921 4045 Pra'tea-

345 4109 521 4151 talum
546 4113 561 4161 ;
588 4096 674 4149 dic
696 4093 821 4146 tuihi
849 4111 860 4144 :
887 4107 1042 4160 quem
1064 4089 1458 4143 Corinthiorum
1487 4088 1792 4154 episcopum
1821 4097 1918 4134 au-

345 4188 506 4251 divit,
537 4193 630 4239 aut
656 4185 920 4238 damnavit
969 4181 1158 4250 aliquis
1210 4175 1485 4231 vestrum?
1528 4189 1684 4244 quem
1710 4172 1920 4227 Galata-

345 4293 489 4342 rum,
525 4291 681 4345 quem
734 4273 1104 4342 Epliesiorum,
1151 4283 1306 4338 quem
1345 4265 1758 4328 Colossensium,
1802 4261 1923 4315 Phi-

346 4367 690 4438 lippensium,
737 4359 1317 4423 'l‘hessalonicensinm,
1357 4367 1770 4419 ceterarumque
1804 4370 1921 4404 (ιιιι-

347 4463 497 4514 nium
528 4459 818 4520 civitatum,
852 4455 918 4509 dc
946 4454 1132 4523 quibus
1178 4451 1373 4504 dictum
1403 4456 1483 4501 est
1506 4465 1518 4499 :
1545 4445 1832 4498 Adorubunt
1870 4446 1920 4498 in

347 4560 618 4620 conspectu
640 4550 686 4618 ej
692 4565 748 4600 ua
764 4548 1004 4599 universa:
1018 4543 1196 4616 patria:
1211 4541 1466 4612 gentium?
1489 4536 1784 4607 (Psal.xx1,
1805 4537 1921 4605 ‘28.)

357 4642 495 4712 Ergo
521 4645 739 4727 istorum
768 4638 1055 4706 baptismus
1082 4642 1406 4703 acceptatur,
1432 4639 1485 4684 et
1513 4629 1719 4684 illorum
1748 4627 1926 4682 exsuf-

355 4734 547 4797 ﬂatur;
580 4733 670 4802 qui
690 4721 796 4787 nec
818 4732 1036 4784 istorum
1063 4737 1143 4782 est
1170 4741 1267 4780 nec
1312 4725 1538 4790 illorum,
1581 4721 1675 4776 sed
1701 4721 1837 4775 illius
1859 4721 1925 4774 de

353 4837 462 4893 quo
490 4823 691 4878 dictum
716 4829 799 4876 est
830 4839 842 4874 :
877 4818 976 4872 Hic
1018 4827 1086 4871 est
1132 4817 1216 4888 qui
1263 4816 1477 4886 baptizal
1499 4814 1517 4882 (
1536 4811 1691 4866 Joan.
1720 4827 1760 4878 ι,
1791 4811 1859 4866 55
1880 4812 1920 4880 ).

354 4915 459 4970 Sed
483 4931 588 4969 non
612 4914 735 4968 hinc
757 4927 892 4981 ago;
922 4909 989 4964 ad
1018 4909 1106 4962 illa
1140 4923 1257 4977 quae
1277 4913 1477 4977 ,prmsto
1502 4911 1642 4960 sunt.
1677 4901 1922 4962 adverte,

355 5021 418 5060 ea
443 5021 564 5075 qua:
595 5004 776 5058 oculos
790 5001 950 5055 etiam
981 5014 1149 5053 caecos
1172 4996 1386 5062 feriunt,
1410 4996 1616 5048 intuere
1647 5011 1660 5048 :
1692 4991 1926 5063 damnati

359 5095 556 5152 habent
581 5094 938 5163 baptismum;
962 5100 1015 5145 et
1042 5089 1258 5144 inauditi
1283 5105 1387 5142 non
1419 5087 1649 5141 habent!
1678 5084 1928 5138 Nomina-

359 5189 453 5242 tim
478 5189 528 5242 in
553 5187 760 5242 scelere
780 5183 1080 5238 schismatis
1110 5182 1344 5252 expressi
1369 5191 1422 5235 et
1439 5181 1591 5252 ejecti
1615 5179 1808 5234 habent
1832 5193 1846 5241 ;
1876 5185 1929 5231 et

360 5279 551 5349 ignoti,
580 5278 738 5348 longe
767 5274 1051 5346 peregrini,
1081 5289 1348 5342 nunquam
1376 5273 1625 5336 accusati,
1659 5284 1924 5339 nunquam

355 5368 577 5439 iudicati
603 5383 706 5421 non
729 5367 923 5421 habent
947 5366 960 5419 !
993 5365 1093 5432 Qui
1111 5364 1178 5416 de
1204 5363 1418 5431 praecisa
1441 5373 1586 5431 parte
1613 5363 1800 5415 Africae
1823 5377 1931 5413 rur-

360 5475 452 5514 sus
479 5459 686 5528 prtecisi
717 5466 861 5523 sunt,
891 5457 1118 5519 habent;
1149 5464 1200 5508 et
1233 5454 1368 5507 unde
1388 5453 1555 5522 ipsum
1588 5453 1929 5522 Evangelium

360 5552 416 5606 in
443 5552 671 5605 Africam
709 5551 853 5606 venit
901 5565 1005 5603 non
1033 5547 1259 5602 habent!
1287 5546 1420 5613 Quid
1450 5545 1683 5614 pluribus
1709 5544 1910 5598 onero?

425 5683 499 5744 (τι)
523 5681 933 5744 Thamugadensis
955 5680 1165 5744 episcopi
1205 5692 1234 5729 e
1268 5679 1615 5729 Donatistarum
1650 5675 1933 5738 schismate,

361 5742 566 5807 magnis
587 5742 838 5795 vastatorts
858 5742 1039 5793 Afr-itm.

1539 357 1954 418 EPISTOLARU
1965 358 2008 412 Μ
2050 359 2172 413 Cl..\
2181 358 2321 416 SSlS
2362 361 2419 416 ll.

3480 368 3578 426 {9|

2023 470 2088 525 ad
2122 472 2218 526 ista
2240 474 2518 546 responde.
2569 473 2793 532 Attende
2821 478 3147 549 sacrilegium
3177 479 3471 536 schismatis
3493 499 3580 538 ve.

2023 574 2134 617 stro
2157 567 2380 622 concilio
2399 567 2792 624 Maximianistis
2808 583 3209 641 exaggeratum;
3233 574 3445 628 attende
3465 589 3585 643 per-

2022 657 2321 710 secutiones
2354 672 2445 724 per
2461 658 2766 728 judiciarias
2788 671 3092 730 potestates,
3119 677 3248 732 quas
3268 664 3345 716 eis
3383 663 3582 734 irroga.-

2023 744 2156 807 stis;
2188 747 2400 801 attende
2423 748 2739 818 baptismum
2772 767 2974 816 eorum,
3006 769 3159 821 quem
3195 769 3313 807 cum
3351 755 3428 808 eis
3453 771 3586 823 quos

2022 833 2314 890 damnastis
2354 841 2666 908 recepistis;
2699 851 2753 895 et
2801 845 3084 912 responde,
3118 845 3163 898 si
3211 854 3378 915 potes,
3407 856 3584 901 utrum

2023 923 2262 980 habeatis
2290 929 2482 998 aliquid
2513 932 2648 986 unde
2674 933 2918 1002 injiciatis
2947 935 3164 990 nebulas
3192 937 3467 1006 imperitis,
3491 955 3587 992 cur

2023 1017 2089 1069 ah
2125 1019 2254 1073 orbe
2300 1030 2557 1077 terrarum
2599 1024 2752 1094 longe
2799 1026 3000 1095 majore
3041 1029 3241 1083 scelere
3287 1030 3585 1083 schismatis

2024 1108 2369 1174 separemini,
2397 1127 2552 1179 quam
2578 1113 2716 1182 quod
2740 1114 2790 1166 in
2807 1115 3199 1171 Maximianistis
3222 1134 3314 1172 vos
3335 1118 3586 1172 damnas-

2024 1206 2083 1246 se
2131 1195 2454 1263 gloriamini.
2527 1201 2636 1255 Pax
2678 1202 2872 1258 Christi
2919 1206 3096 1260 vincat
3141 1207 3193 1261 in
3255 1209 3416 1262 corde
3471 1220 3582 1262 tuo.

2022 1289 2316 1338 ΕΥΤΥΧΩΣ
2335 1287 2375 1340 ί.

2512 1402 2839 1458 EPISTOLA
2880 1405 2966 1458 ιιι
2989 1411 3006 1429 ο
3041 1404 3136 1478 (ιι).

2024 1509 2333 1579 Augustinus
2360 1511 2596 1567 Seuerino
2621 1518 2986 1586 consanguineo
3007 1535 3095 1570 suo
3116 1518 3397 1583 dortatislaz,
3420 1528 3470 1570 ul
3492 1518 3584 1570 de-

2286 1613 2416 1656 serat
2442 1605 2656 1658 schismn
2683 1608 2942 1660 scelestum
2970 1619 3014 1662 et
3056 1611 3334 1678 impudens.

2025 1711 2248 1768 Domino
2273 1716 2494 1771 multum
2525 1718 2856 1774 desiderabili
2881 1731 2934 1774 et
2971 1724 3122 1778 valde
3147 1725 3454 1783 charissimo
3484 1733 3588 1785 tra-

2427 1809 2490 1860 tri
2529 1808 2813 1871 Savmua'o,
2843 1812 3190 1870 Aucusruvus.

2096 1897 2145 1949 l.
2205 1897 2436 1952 Litteras
2478 1899 2845 1954 Fratei‘nitatis
2876 1914 2974 1956 tua:
3000 1906 3096 1958 etsi
3132 1907 3278 1960 valde
3321 1925 3460 1972 sero,
3487 1911 3587 1966 etsi

2025 1996 2214 2051 praeter
2239 1986 2379 2054 quod
2407 2003 2763 2054 speraveram,
2790 2000 2962 2045 tamen
2995 1994 3142 2048 [rtus
3172 1999 3369 2065 accepi,
3416 1995 3587 2052 maxi-

2025 2088 2212 2142 meque
2241 2075 2480 2142 ampliori
2505 2078 2698 2144 gaudio
2730 2078 2966 2146 perfusus
2997 2099 3129 2142 sunt,
3166 2101 3281 2136 rtnn
3310 2089 3587 2155 cognovis-

2024 2178 2135 2216 sem
2183 2163 2449 2218 hominem
2496 2177 2726 2220 vestrum
2776 2172 2874 2222 hac
2919 2171 3027 2238 ipsa
3054 2173 3163 2225 sola
3191 2189 3346 2228 causa
3381 2177 3591 2233 venisse

2026 2254 2336 2322 Hipponem,
2357 2267 2411 2309 ut
2431 2256 2495 2309 ad
2517 2273 2601 2310 me
2623 2258 2827 2313 litteras
2849 2271 2949 2313 tua:
2973 2261 3337 2317 Fraternitatis
3356 2266 3587 2320 all'erret.

2023 2343 2255 2411 Cogitavi
2300 2346 2441 2398 enim
2483 2362 2587 2400 non
2631 2349 2744 2400 sine
2781 2365 2939 2403 causa
2990 2352 3088 2404 hoc
3108 2365 3350 2407 exortum
3389 2357 3589 2412 essein

2024 2436 2203 2488 animo
2231 2422 2328 2488 tuo.
2369 2445 2424 2489 nt
2466 2437 2732 2491 recelercs
2769 2443 3278 2509 consanguinitatem
3323 2455 3588 2512 nostram;

2026 2528 2122 2579 nisi
2147 2528 2263 2594 quia
2284 2527 2503 2581 fortasse
2522 2530 2795 2596 perSpicis,
2817 2531 2952 2584 sicut
2974 2532 3092 2584 novi
3117 2549 3219 2586 non
3248 2535 3362 2587 leve
3390 2536 3592 2603 pondus

2025 2617 2316 2687 prudentie
2345 2626 2466 2683 tum,
2495 2634 2649 2687 quam
2675 2621 2745 2672 sit
2771 2620 3075 2688 dolendum,
3102 2632 3158 2676 ut
3179 2625 3265 2691 qui
3295 2626 3589 2681 secundum

2025 2722 2236 2761 carnem
2291 2707 2481 2762 fratres
2531 2724 2732 2774 smnus,
2757 2710 2811 2764 in
2858 2711 3051 2765 Christi
3101 2727 3323 2782 corpore
3351 2730 3457 2768 non
3490 2731 3589 2769 uni

2025 2800 2275 2852 societate
2302 2799 2557 2862 vivamus,
2579 2801 2869 2867 praesertim
2884 2801 3009 2870 quia
3035 2801 3185 2856 facile
3207 2804 3296 2858 tibi
3314 2813 3394 2857 est
3419 2815 3589 2858 atten-

2026 2888 2154 2942 dere
2180 2898 2235 2943 et
2261 2889 2442 2944 videre
2470 2889 2736 2944 civitatem
2781 2906 2942 2959 super
2973 2901 3203 2946 montem
3230 2899 3588 2955 constitutam,

2026 2979 2093 3032 de
2105 2995 2204 3048 qua
2221 2981 2468 3033 Dominus
2481 2980 2554 3033 ait
2571 2980 2621 3034 in
2640 2980 2921 3048 Evangelia
2939 2982 3075 3050 quod
3085 2983 3335 3035 abscoodi
3352 3000 3453 3036 non
3474 3001 3594 3052 pos-

2025 3070 2127 3140 sit(
2152 3069 2335 3122 Manli.
2365 3071 2416 3133 5,
2448 3071 2514 3123 M
2536 3073 2574 3138 ).
2603 3069 2716 3139 Ipsa
2761 3072 2992 3124 estenim
3027 3071 3259 3125 Ecclesia
3293 3073 3546 3126 catholica
3574 3090 3588 3131 ;

2026 3161 2163 3214 unde
2190 3169 2412 3221 καθολικὴ
2432 3176 2603 3230 εινωοθ
2625 3161 2937 3229 appellatur,
2955 3161 3094 3231 quod
3115 3178 3206 3230 per
3226 3172 3389 3216 totum
3407 3164 3590 3218 orbem

2026 3261 2279 3306 terrarum
2294 3252 2616 3308 diffunditur.
2635 3253 2779 3307 llanc
2792 3253 3033 3321 ignorare
3048 3253 3176 3306 nulli
3196 3254 3318 3308 licet
3332 3271 3346 3318 ;
3372 3255 3490 3308 ideo
3506 3270 3596 3310 se-

2025 3345 2252 3398 cundum
2280 3343 2496 3397 verbum
2523 3343 2732 3397 Domini
2763 3345 2926 3397 nostri
2950 3344 3077 3398 Jesu
3121 3345 3339 3411 Christi,
3364 3345 3592 3399 abscon-

2023 3437 2074 3490 di
2099 3454 2200 3490 non
2230 3443 2419 3504 potest.

2094 3526 2146 3580 2.
2179 3527 2308 3580 Pars
2333 3536 2507 3581 autem
2528 3525 2718 3580 Donati
2748 3526 2799 3579 in
2820 3525 2945 3580 solis
2972 3524 3109 3578 Afris
3135 3526 3482 3580 calumniatur
3501 3540 3592 3580 or-

2027 3617 2074 3670 bi
2106 3626 2382 3679 terrarum,
2411 3625 2464 3669 et
2483 3631 2587 3669 non
2617 3615 2917 3669 considerat
2939 3631 3000 3669 ea
3027 3616 3322 3682 sterilitate,
3353 3632 3453 3686 qua
3478 3616 3592 3670 fru-

2024 3720 2139 3765 ctus
2183 3714 2326 3781 pacis
2371 3721 2424 3766 et
2459 3711 2728 3765 charitatis
2779 3710 2944 3764 noluit
2976 3710 3180 3773 all’erre,
3213 3711 3278 3762 ab
3305 3711 3390 3764 illa
3420 3710 3593 3763 radice

2025 3802 2369 3856 Orientalium
2418 3802 2770 3856 Ecclesiarum
2820 3817 2876 3854 se
2927 3789 3066 3854 esse‘
3095 3800 3390 3870 praecisam,
3455 3801 3593 3853 unde

2028 3891 2367 3961 Evangelium
2400 3892 2450 3945 in
2472 3891 2699 3946 Africam
2728 3891 2870 3944 venit
2898 3909 2910 3944 :
2941 3891 3077 3944 unde
3109 3900 3248 3944 terra
3287 3892 3330 3944 si
3360 3892 3438 3944 eis
3457 3890 3588 3944 all'e-

2026 3993 2190 4044 ratnr,
2216 3984 2470 4048 adorant;
2501 3983 2671 4037 ﬁdelis
2690 3992 2864 4036 autem
2886 3982 2928 4035 si
2949 3981 3070 4035 inde
3092 3981 3285 4042 veniat,
3313 3981 3593 4034 exsuﬂlant

2027 4075 2184 4126 etiam
2219 4081 2272 4127 et
2299 4073 2641 4141 rebaptizant.
2674 4073 2782 4124 lloe
2810 4071 2949 4123 enim
2978 4071 3134 4124 etiam
3164 4070 3404 4138 praedixit
3429 4070 3591 4122 Filius

2031 4163 2152 4227 Dei,
2193 4164 2277 4232 qui
2309 4167 2500 4217 veritas
2529 4171 2629 4223 est,
2663 4177 2721 4216 se
2747 4176 2864 4215 esse
2895 4163 3074 4226 vitem,
3101 4175 3224 4213 suos
3257 4169 3431 4212 autem
3459 4159 3594 4212 titius

2028 4267 2147 4305 esse
2177 4263 2458 4314 sarmenta,
2490 4260 2543 4305 et
2575 4252 2780 4304 l’atrcm
2809 4266 2960 4303 suum
2999 4250 3280 4318 agricolam
3309 4266 3322 4300 :
3353 4249 3597 4301 Sarmen-

2029 4351 2154 4402 tum,
2189 4341 2372 4409 inquit,
2403 4341 2536 4410 quod
2558 4342 2609 4393 in
2653 4357 2729 4392 me
2775 4356 2872 4392 non
2899 4339 2982 4390 dat
3013 4341 3248 4407 fructum,
3282 4337 3434 4391 Pater
3457 4356 3595 4394 metu

2029 4432 2167 4484 tollet
2197 4431 2324 4483 illud
2353 4448 2366 4494 ;
2399 4441 2700 4484 sarmentum
2721 4440 2884 4482 autem
2911 4429 3043 4496 quod
3070 4429 3121 4481 in
3147 4444 3224 4479 me
3251 4429 3335 4480 diu
3353 4431 3591 4498 fructum,

2029 4534 2209 4594 purgat
2236 4523 2384 4587 illud,
2407 4533 2459 4576 ut
2487 4524 2723 4592 majorem
2751 4523 2968 4594 fructum
2996 4519 3173 4586 a/ferat
3197 4521 3215 4591 (
3235 4519 3388 4573 Joan.
3424 4536 3516 4583 xv,
3548 4526 3593 4584 Ι,

2027 4615 2061 4666 2
2081 4614 2120 4682 ).
2163 4613 2277 4667 Non
2308 4628 2433 4682 ergo
2455 4615 2643 4666 mirum
2667 4621 2768 4675 est,
2795 4611 2838 4664 si
2868 4611 2934 4664 de
2957 4611 3046 4664 illa
3077 4611 3179 4664 vite
3204 4625 3321 4680 qua:
3349 4612 3519 4665 crevit
3543 4623 3597 4667 et

2030 4721 2215 4759 omnes
2244 4713 2414 4759 terras
2444 4704 2698 4773 implevit,
2755 4703 2956 4772 praecisi
2987 4709 3110 4755 sunt
3151 4701 3224 4754 illi
3247 4702 3334 4772 qui
3362 4700 3589 4756 fructum

2029 4797 2297 4851 charitatis
2317 4796 2504 4850 allerre
2525 4795 2824 4848 noluerunt.

2101 4892 2154 4944 ’5.
2182 4889 2279 4956 Qui
2301 4888 2344 4940 si
2371 4901 2492 4942 vera
2519 4886 2737 4940 crimina
2765 4885 3080 4955 obiecissent
3099 4885 3312 4954 collegis
3332 4885 3460 4950 suis,
3487 4901 3599 4938 ma-

2026 4979 2172 5050 jores
2217 4995 2398 5033 eorum
2438 4978 2649 5048 quando
2679 4978 2906 5033 schisma
2936 4977 3190 5038 fecerunt,
3223 4978 3316 5047 ipsi
3345 4978 3600 5032 obtinuis-

2031 5082 2150 5125 sent
2194 5084 2404 5123 causam
2457 5055 2605 5122 suam
2650 5068 2787 5137 apud
2841 5069 3130 5122 Eeelesiam
3172 5066 3593 5130 transmarinam,

2033 5163 2173 5216 unde
2196 5162 2259 5214 ad
2291 5163 2415 5214 istas
2440 5170 2611 5229 partes
2635 5160 2934 5214 christiana:
2962 5160 3080 5214 lidei
3111 5161 3340 5213 manavit
3365 5163 3596 5214 auctori-

2035 5264 2134 5318 tas,
2169 5261 2224 5305 ut
2252 5251 2322 5304 illi
2349 5261 2525 5304 essent
2553 5251 2678 5304 toris
2703 5250 2893 5319 quibus
2929 5249 3113 5304 eadem
3141 5249 3358 5303 crimina
3383 5249 3598 5317 objicie-

2096 5430 2112 5463 ί
2138 5437 2185 5478 ιιι
2211 5425 2425 5490 epistola:
2447 5426 2542 5476 ne
2563 5427 2871 5489 apposuimus
2891 5439 2954 5475 ex
2976 5431 3081 5475 Mss.
3097 5421 3318 5474 euttwhds
3335 5461 3349 5484 ,
3374 5436 3482 5486 qua:
3505 5425 3598 5473 vox

2031 5492 2176 5542 deest
2200 5489 2254 5538 in,
2270 5489 2378 5536 ωδ.

2095 5555 2110 5572 “
2133 5551 2307 5601 uitiata
2328 5562 2435 5599 cum
2470 5561 2517 5597 a.
2538 5548 2621 5612 bg.
2658 5548 2726 5597 bl.
2753 5547 2817 5597 ιτ.-
2840 5563 2890 5612 g.
2928 5561 3009 5611 gv.
3034 5561 3085 5596 ιι.
3106 5561 3145 5596 r.
3176 5559 3216 5595 s.
3242 5552 3278 5594 t.
3310 5559 3381 5596 vc.
3406 5545 3598 5596 duobus

2034 5623 2071 5665 t.
2093 5584 2621 5665 aoﬁ'iiiiIi-‘Wiiiuf'isitl.’
2636 5584 2836 5659 66213;.

2120 5666 2168 5734 'a)
2189 5675 2311 5722 Alias
2328 5673 2417 5722 170
2435 5687 2446 5721 :
2467 5684 2576 5734 quae
2593 5678 2756 5721 autem
2777 5672 2840 5730 δὲ
2866 5676 2989 5728 erat,
3011 5682 3137 5720 nunc
3157 5670 3262 5719 155.
3283 5668 3458 5732 Scrin
3475 5666 3599 5717 forte

2038 5737 2120 5784 (ιιι-ι
2135 5749 2160 5783 a
2180 5737 2303 5783 idem
2325 5744 2531 5796 tempus.
