4032 6334
581 353 680 411 I95

580 472 724 526 bant.
751 467 902 524 Nunc
924 473 1101 521 autem
1129 475 1251 518 cum
1279 457 1352 513 illi
1379 453 1712 512 inveniantur
1735 449 1877 504 intus
1907 458 2151 501 commu-

581 563 758 616 nicare
783 557 1037 612 Ecclesiis
1061 549 1386 624 apostolicis,
1413 558 1634 615 quarum
1656 540 1870 594 nomina
1897 537 1949 590 in
1978 533 2150 588 Libris

579 650 774 706 sanctis
795 647 987 703 habent
1011 653 1065 700 et
1091 643 1336 704 recitant,
1363 638 1446 692 isti
1463 643 1636 689 autem
1668 630 1794 686 loris
1817 626 1972 698 positi
1993 635 2046 680 et
2087 624 2154 678 ab

580 739 666 794 illa
693 737 1063 793 communione
1093 730 1319 802 separati
1347 727 1477 789 sint,
1507 723 1625 794 quis
1652 736 1757 776 non
1779 719 2034 786 intelligat
2061 729 2154 769 eos

582 830 828 884 habuisse
863 841 1076 884 causam
1110 823 1324 882 bonam,
1361 817 1452 886 qui
1480 830 1596 869 eam
1624 811 1761 882 apud
1787 808 1989 865 medios
2010 806 2153 876 judi-

581 933 672 974 ces
695 919 935 974 obtinere
961 908 1281 985 potuerunt?
1333 909 1440 962 Aut
1462 906 1504 959 si
1531 918 1742 958 causam
1767 901 1960 955 bonam
1989 897 2151 950 babe-

582 1009 746 1073 bant,
767 1015 823 1062 et
851 1022 966 1062 eam
997 998 1358 1058 transmarinis
1398 993 1653 1051 Ecclesiis
1679 991 1902 1062 probare
1930 1003 2035 1042 non
2062 1001 2155 1056 po-

581 1107 817 1161 tuerunt,
844 1095 967 1166 quid
1009 1093 1128 1148 illos
1158 1089 1292 1144 laesit
1317 1087 1461 1142 orbis
1487 1097 1767 1146 terrarum,
1808 1079 1895 1136 ubi
1921 1076 2152 1148 episcopi

580 1194 812 1263 collegas
836 1203 980 1254 suos,
1012 1186 1101 1257 qui
1125 1183 1263 1253 apud
1283 1196 1376 1237 eos
1389 1178 1611 1248 objectis
1637 1173 1944 1231 criminibus
1967 1168 2150 1223 convi-

580 1287 649 1342 cti
680 1260 783 1339 non
811 1290 982 1344 erant,
1025 1288 1227 1333 temere
1264 1273 1517 1328 damnare
1555 1284 1658 1323 non
1695 1261 1946 1336 possent?
1973 1260 2153 1330 Itaque

582 1379 892 1432 innocentes
922 1368 1337 1439 rebaptizantur.
1360 1372 1414 1416 et
1437 1361 1680 1418 Christus
1701 1357 1754 1411 in
1787 1353 2152 1410 innocentibus

579 1470 910 1526 exsulﬂatnr.
936 1467 990 1522 Si
1015 1475 1188 1518 autem
1221 1461 1378 1514 iidem
1409 1455 1693 1512 Donatista:
1713 1451 1959 1506 Afrorum
1984 1445 2152 1501 colle-

579 1575 763 1629 garum
793 1572 1007 1611 suorum
1034 1568 1158 1608 vera
1181 1550 1402 1605 crimina
1427 1552 1704 1607 noverant,
1731 1549 1784 1595 et
1806 1539 2152 1608 neglexerunt

577 1626 640 1704 ea
689 1649 1056 1703 demonstrare
1104 1650 1158 1695 et
1205 1639 1429 1710 probare
1486 1630 1852 1689 transmarinis
1877 1626 2149 1692 Ecclesiis,

579 1741 678 1808 ipsi
705 1755 762 1793 se
782 1739 851 1791 ab
860 1737 1058 1791 unitate
1074 1731 1271 1788 Christi
1289 1725 1698 1784 sceleratissimo
1713 1721 1998 1777 schismate
2018 1734 2156 1789 prte-

577 1831 839 1893 cidcrnnt,
871 1843 975 1879 non
1003 1825 1197 1878 habent
1230 1819 1372 1890 quod
1416 1824 1691 1879 excusent,
1717 1823 1772 1868 et
1813 1827 1910 1866 vos
1939 1810 2142 1874 nostis;

577 1920 804 1973 maxime
849 1918 968 1986 quia
1011 1924 1117 1968 tam
1165 1910 1314 1966 multi
1353 1906 1595 1965 scelerati
1621 1903 1759 1975 apud
1785 1917 1877 1958 eos
1905 1915 2143 1956 emerse-

577 2017 721 2068 runt,
756 2016 808 2061 ct
835 2008 1192 2061 toleraverunt
1235 2001 1354 2054 illos
1378 2015 1478 2068 per
1511 2006 1590 2051 tot
1637 2009 1827 2057 annos,
1857 2009 1925 2047 ne
1952 1999 2151 2061 partem

581 2099 768 2152 Donati
813 2095 1240 2156 conscinderent,
1267 2099 1321 2145 et
1363 2105 1469 2142 non
1497 2087 1868 2141 dubitaverunt
1897 2083 1987 2137 illo
2015 2091 2152 2135 tem-

584 2204 713 2256 pore
762 2186 920 2240 falsas
941 2184 1269 2252 suspiciones
1293 2194 1420 2235 suas
1439 2178 1774 2247 objicientes.
1798 2189 1982 2244 pacem
2007 2173 2156 2227 Chri-

579 2277 648 2330 sti
680 2276 1038 2342 unitatemque
1057 2272 1407 2339 disrumpere,
1437 2278 1491 2322 et
1516 2282 1611 2321 vos
1637 2265 1845 2320 videtis.

645 2364 704 2418 ι.
730 2363 833 2417 Sed
872 2361 1052 2416 nescio
1079 2375 1197 2428 qua:
1242 2358 1469 2412 carnalis
1501 2354 1844 2428 consuetudo,
1873 2349 2157 2406 fraterSe-

577 2454 781 2516 verine,
813 2451 883 2505 ibi
909 2465 1004 2504 vos
1044 2457 1221 2513 tenet;
1249 2457 1304 2502 et
1326 2446 1454 2501 olim
1479 2445 1656 2510 doleo,
1687 2443 1816 2498 olim
1841 2455 2014 2511 gemo.
2039 2455 2155 2492 ma-

579 2542 725 2597 xime
767 2541 1102 2611 prudentiam
1153 2548 1296 2592 tuam
1333 2535 1594 2606 cogitans,
1639 2542 1695 2588 et
1739 2532 1866 2586 olim
1897 2540 1948 2584 te
1975 2529 2156 2583 videre

575 2634 842 2698 desidero,
890 2640 950 2686 ut
986 2629 1176 2686 deihac
1220 2645 1281 2684 re
1333 2638 1506 2682 tecum
1542 2627 1804 2695 loquerer.
1832 2623 1964 2690 Quid
2013 2622 2154 2676 enim

576 2727 795 2798 prodest
838 2726 922 2780 vel
974 2723 1120 2778 salus
1163 2723 1243 2776 vel
1287 2719 1716 2788 consanguinitas
1745 2713 2070 2784 temporalis,
2111 2712 2156 2766 si

575 2827 828 2872 aeternam
863 2813 1062 2870 Christi
1104 2811 1468 2866 [nereditatem
1494 2809 1820 2876 salutemque
1846 2811 2154 2875 perpetuam

577 2909 632 2962 in
674 2916 855 2962 nostra
883 2903 1196 2973 cognatione
1219 2896 1647 2955 contemnimus?
1677 2896 1801 2950 Haec
1827 2911 1912 2948 me
1939 2893 2150 2947 interim

575 2999 854 3068 scripsisse
878 2996 1165 3057 sull‘ecerit,
1197 3008 1318 3062 qua:
1369 2990 1516 3046 duris
1532 2988 1787 3043 cordibus
1811 2987 1964 3039 valde
1993 2999 2156 3054 pauca

574 3099 700 3143 sunt
722 3099 778 3143 et
803 3102 966 3155 prope
995 3085 1137 3140 nulla
1165 3101 1182 3148 ;
1208 3084 1388 3136 animo
1407 3092 1585 3134 autem
1607 3087 1874 3145 tuoqnem
1900 3075 2032 3128 bene
2060 3088 2159 3127 no-

573 3183 647 3245 vi,
679 3179 830 3233 valde
856 3177 1022 3232 multa
1049 3183 1174 3229 sunt
1219 3182 1274 3227 et
1316 3172 1472 3226 valde
1498 3184 1705 3236 magna.
1734 3166 1847 3221 Non
1868 3164 2008 3218 enim
2040 3178 2156 3217 mea

580 3277 726 3333 sunt,
754 3268 843 3337 qui
867 3266 997 3320 nihil
1020 3280 1161 3326 sum,
1191 3263 1291 3316 nisi
1318 3260 1458 3332 quod
1475 3267 1723 3327 exspecto
1740 3254 2154 3310 misericordiam

579 3359 708 3422 Dei;
741 3356 833 3411 scd
865 3355 1028 3423 ipsius
1073 3355 1164 3407 Dei
1192 3350 1590 3420 omnipotentis,
1631 3362 1787 3417 quem
1838 3344 2084 3414 quisquis.
2105 3343 2155 3396 in

578 3449 677 3500 hoc
706 3449 884 3501 seculo
927 3443 1332 3512 comtcmpserit
1375 3452 1600 3512 patrem,
1629 3438 1860 3493 inveniet
1885 3437 1937 3490 in
1981 3435 2158 3490 futuro

573 3538 826 3608 judicent.

1037 3644 1362 3701 EPISTOLA
1402 3644 1550 3698 Llll'
1583 3643 1680 3713 (α).

577 3740 881 3811 Confulatur
924 3739 1135 3808 epistola
1175 3737 1450 3806 presbyteri
1494 3735 1757 3803 cujusdam
1786 3731 2051 3786 donatista:
2073 3727 2157 3798 qui

651 3832 959 3886 Generosum
987 3829 1294 3883 catholicum
1315 3826 1772 3881 Constantinensem
1790 3825 2023 3877 seducere
2050 3836 2158 3871 mo-

653 3923 884 3984 liebatur,
914 3920 1160 3974 simulans
1189 3919 1250 3972 ab
1278 3918 1455 3988 angelo
1482 3933 1536 3970 se
1563 3915 1803 3968 monitum
1830 3920 1884 3965 ut
1902 3911 2068 3980 ipsum
2091 3909 2158 3962 ad

645 4012 1035 4065 Donatistarum
1067 4019 1232 4079 partes
1259 4007 1549 4060 adduceret.

577 4119 930 4176 Dilectissimo
956 4128 1010 4174 et
1037 4116 1330 4172 honorabili
1361 4115 1512 4170 fratri
1547 4113 1849 4180 Ceneaoso,
1877 4117 2157 4172 Fonruxa-

645 4228 763 4273 rus,
794 4213 1021 4264 Aurith
1049 4217 1104 4264 et
1141 4210 1494 4273 Aucusrmus,
1527 4206 1579 4261 in
1608 4207 1830 4260 Domino
1857 4207 2100 4261 salutem.

575 4325 659 4377 CA
671 4323 799 4378 PU'l‘
831 4322 1112 4378 PRIMUM.
1126 4323 1262 4376 —-l.
1281 4321 1539 4388 Quoniam
1565 4322 1713 4377 nobis
1733 4332 1910 4378 notam
1931 4337 2047 4376 esse
2074 4338 2158 4374 vo-

577 4411 719 4464 luisti
740 4412 1014 4479 epistolam
1048 4426 1206 4478 quam
1223 4410 1288 4464 ad
1309 4420 1358 4464 te
1382 4411 1766 4465 Donatistarum
1783 4413 2056 4482 presbyter
2071 4413 2158 4467 dc-

575 4500 671 4563 dit,
686 4515 983 4568 quanquam
1003 4514 1118 4553 eam
1139 4509 1190 4554 tu
1206 4515 1414 4569 quoque
1427 4500 1684 4554 catholico
1695 4503 1873 4556 animo
1884 4502 2152 4556 deriscris:

577 4599 752 4642 tamen
784 4599 838 4641 ut
865 4589 912 4642 ei
946 4590 1120 4658 potius
1146 4590 1190 4642 si
1219 4605 1323 4643 non
1348 4589 1627 4658 desperate
1649 4589 1860 4659 desipit,
1885 4593 2152 4651 consulas.

577 4679 692 4731 lnrc
717 4675 782 4730 ad
809 4692 931 4732 eum
955 4679 1207 4748 rescripta
1231 4678 1455 4746 petimus
1498 4677 1752 4746 perferas.
1778 4679 1874 4734 Ille
1902 4680 2042 4734 enim
2069 4695 2155 4732 or-

577 4765 752 4820 dinem
778 4765 1188 4822 Christianitatis
1221 4767 1446 4822 civitatis
1488 4778 1678 4823 vestra:
1707 4768 1803 4826 tibi
1832 4777 1887 4822 ut
1915 4770 2152 4824 insinua-

579 4867 680 4920 ret,
721 4857 946 4926 jussisse
992 4859 1090 4912 sibi
1143 4859 1388 4927 angelum
1436 4858 1668 4929 scripsit,
1723 4875 1842 4915 cum
1887 4871 1940 4915 ιιι
1972 4871 2153 4916 teneas

577 4949 1045 5014 Christianitatem,
1065 4963 1171 5008 non
1201 4949 1427 5003 civitatis
1451 4958 1551 5013 tua:
1571 4958 1794 5017 tantum,
1826 4967 1925 5006 nec
1951 4963 2151 5006 tantum

577 5041 768 5095 Africae
813 5039 893 5094 vel
937 5037 1214 5106 Afrorum,
1266 5039 1361 5094 sed
1419 5041 1578 5094 totius
1620 5042 1764 5096 orbis
1807 5051 1982 5106 terrae,
2034 5058 2152 5112 qua:

578 5131 884 5198 annuntiata
909 5137 992 5183 est
1018 5136 1074 5184 et
1105 5131 1448 5184 annuntiatur
1474 5131 1720 5184 omnibus
1747 5133 2012 5201 gentibus.
2036 5131 2149 5187 Un-

576 5221 644 5276 de
673 5221 774 5276 illis
801 5235 982 5290 parutn
995 5220 1257 5290 est,.quod
1287 5221 1532 5290 pnecisos
1557 5236 1674 5275 esse
1703 5238 1808 5276 non
1838 5223 2022 5291 pudet,
2047 5237 2146 5277 nec

571 5311 672 5366 sibi
700 5311 1036 5372 subveniunt,
1060 5321 1116 5365 ut
1133 5328 1254 5366 cum
1285 5321 1520 5382 possunt,
1548 5314 1765 5367 redeant
1791 5314 1860 5367 ad
1891 5315 2144 5376 radicem,

571 5403 672 5457 nisi
692 5403 850 5489 etiam
876 5418 1058 5458 secum
1081 5404 1212 5458 alios
1233 5404 1542 5472 praecidere,
1567 5415 1622 5457 et
1650 5407 1788 5458 sicut
1818 5406 1952 5473 ligna
1998 5405 2146 5458 arida

633 5531 652 5548 ⁰
675 5530 852 5582 mima
871 5546 981 5584 cum
1001 5547 1049 5583 a.
1067 5534 1160 5597 bg.
1183 5533 1252 5583 bl.
1277 5547 1320 5583 c.
1347 5547 1416 5582 oc.
1437 5533 1487 5582 ll‘.
1507 5547 1557 5596 g.
1575 5548 1655 5597 gv.
1679 5548 1731 5584 n.
1763 5548 1806 5584 r.
1835 5547 1877 5583 s.
1913 5535 1988 5584 sb.
2012 5541 2049 5584 t.
2069 5549 2145 5585 vc.

576 5598 783 5652 quatuor
812 5607 860 5642 ν.
887 5604 987 5643 Am.
1009 5595 1209 5644 Baditlr.
1234 5602 1344 5642 Lov.

568 5651 861 5760 “(agnas
885 5657 974 5706 165
993 5667 1006 5707 :
1025 5670 1134 5718 qua:
1151 5666 1314 5704 autem
1336 5655 1397 5705 εἴ)
1419 5663 1542 5717 erat,
1561 5669 1688 5704 nunc
1709 5655 1808 5706 iiii.
1829 5665 2008 5721 Scripta
2023 5658 2148 5708 circa

1801 332 1858 388 S.
1899 324 2262 384 AUGUSTINI
2301 323 2600 384 EPISCOPI

2231 5538 2520 5645 protectum
2549 5531 2694 5582 etiam
2726 5547 2901 5583 nomen
2939 5531 3333 5594 calamitatum,
3360 5532 3488 5592 quad

2275 5598 2432 5645 exitur
2456 5597 2503 5644 in
2520 5593 2763 5645 rimisque
2785 5603 2883 5642 uss.
2905 5600 2958 5640 Λι
2981 5593 3029 5640 in
3048 5595 3190 5642 editis
3204 5594 3393 5642 sublato
3409 5600 3442 5645 t.
3464 5603 3484 5640 ι

3721 327 3814 384 mli

2263 441 2315 494 in
2344 441 2518 511 ignem
2544 442 2813 498 destinare
2849 447 3125 496 conentur.
3179 439 3506 509 Quapropter
3533 439 3578 494 si
3602 439 3691 494 tibi
3725 442 3815 508 ipsi

2259 533 2475 601 angelus
2499 533 2773 597 astitisset,
2804 547 2958 603 quem
2988 530 3087 586 sibi
3132 531 3218 585 ille
3242 537 3464 598 propter
3495 539 3545 583 te
3572 530 3812 594 astitisse,

2258 632 2509 691 quantum
2571 622 2907 687 arbitramur,
2961 628 3132 673 astuta
3185 620 3416 674 vanitate
3457 618 3726 688 contingit,
3761 629 3812 674 et

2259 709 2372 765 haec
2393 711 2501 779 ipsa
2527 711 2616 764 tibi
2647 711 2889 774 dixisset,
2939 725 3057 778 quae
3087 709 3183 761 istc
3209 707 3458 762 mandato
3487 707 3625 760 illius
3646 708 3732 760 tibi
3759 723 3813 764 se

2258 799 2522 854 insinuare
2551 799 2698 866 dicit,
2717 808 2976 869 oporteret
3008 807 3057 852 te
3083 797 3384 866 apostolica:
3403 796 3675 850 sententia:
3713 812 3816 851 me-

2257 905 2458 944 morem
2490 890 2629 954 lieri,
2659 889 2748 958 qui
2774 890 2848 942 ait
2873 906 2887 942 :
2917 887 3059 941 Licet
3087 887 3130 940 si
3156 903 3274 950 nos,
3299 895 3387 938 aut
3409 885 3616 956 angelus
3644 885 3703 938 de
3728 902 3818 940 cm-

2257 981 2306 1035 lo
2329 983 2464 1036 vobis
2486 981 2912 1052 euangelizaverit,
2942 987 3123 1049 prieter
3143 977 3195 1030 id
3217 975 3352 1046 quod
3383 976 3816 1046 euangelizavintus

2256 1073 2409 1136 vobis,
2458 1072 2725 1134 anathema
2775 1066 3008 1138 sit(Gal.
3038 1083 3076 1131 ι,
3107 1067 3201 1138 8).
3270 1065 3699 1135 Evangelizatum
3737 1075 3818 1120 est

2255 1164 2396 1218 enim
2425 1163 2516 1217 tibi
2546 1177 2640 1232 per
2667 1176 2850 1215 vocem
2878 1160 3044 1229 ipsius
3064 1157 3268 1212 Domini
3291 1157 3415 1212 Jesu
3436 1155 3658 1220 Christi,
3683 1155 3815 1224 quod

2255 1255 2499 1309 omnibus
2536 1253 2781 1324 gentibus
2805 1249 3199 1305 annuntiabitur
3236 1247 3574 1318 Evangelium
3612 1247 3742 1324 ejus,
3769 1255 3819 1301 et

2256 1355 2381 1400 tunc
2429 1321 2560 1400 linis—
2576 1343 2714 1412 erit(
2735 1342 2917 1396 Matth.
2947 1357 3092 1406 xxiv,
3123 1340 3188 1395 ιι
3205 1340 3246 1409 ).
3274 1321 3712 1409 Ενειιιεειίιυιυηι·
3731 1336 3817 1391 tibi

2256 1449 2340 1495 est
2363 1455 2455 1509 per
2481 1439 2814 1509 propheticas
2834 1445 2888 1493 et
2902 1436 3214 1506 apostolicus
3231 1434 3477 1494 Litteras,
3498 1431 3638 1502 quod
3661 1431 3818 1485 Abra-

2257 1531 2339 1586 hze
2367 1531 2519 1586 dictae
2567 1538 2693 1584 sunt
2721 1527 3100 1600 promissiones
3145 1537 3198 1580 ct
3226 1524 3420 1588 semini
3443 1524 3562 1592 ejus
3588 1521 3724 1592 quod
3747 1529 3822 1575 est

2255 1619 2660 1693 Christus(Gal.
2683 1635 2758 1681 ut,
2788 1617 2912 1688 lli),
2943 1632 3062 1672 cum
3092 1616 3140 1670 ei
3169 1615 3372 1670 diceret
3407 1614 3546 1668 Deus
3565 1630 3577 1664 :
3597 1611 3660 1665 1η
3682 1609 3821 1664 semi-

2256 1726 2318 1763 ne
2349 1718 2434 1762 tuo
2469 1709 2816 1763 benedicentur
2854 1722 3023 1760 omnes
3060 1713 3226 1775 gentes
3265 1701 3429 1775 (Gen.
3476 1717 3574 1766 xu,
3597 1697 3689 1772 3).
3724 1698 3821 1753 Has

2257 1814 2385 1868 ergo
2403 1799 2776 1867 promissiones
2793 1796 3015 1859 tenenti,
3032 1794 3078 1847 si
3099 1793 3188 1846 tibi
3211 1791 3429 1861 angelus
3449 1789 3515 1844 de
3536 1791 3670 1844 caelo
3692 1787 3824 1841 dice-

2257 1903 2360 1952 ret,
2395 1891 2605 1944 Dimitte
2631 1888 3080 1944 Christianitatem
3107 1885 3252 1940 orbis
3291 1893 3467 1948 terrae,
3500 1892 3556 1937 et
3579 1893 3696 1936 tene
3717 1895 3824 1950 par-

2258 1982 2326 2036 tis
2349 1983 2365 2014 ι
2384 1982 2594 2047 Donati,
2626 1980 2778 2049 cujus
2800 1978 2932 2034 ordo
2951 1977 3042 2032 tibi
3071 1977 3354 2045 exponitur
3384 1975 3434 2028 in
3465 1974 3694 2043 epistola
3716 1972 3821 2041 epi-

2256 2073 2404 2142 scopi
2429 2081 2531 2126 tua:
2556 2071 2805 2135 civitatis,
2851 2068 3131 2123 anathema
3161 2082 3280 2120 esse
3304 2064 3560 2130 deberet;
3585 2065 3702 2134 quia
3724 2072 3772 2117 te
3793 2078 3820 2116 a

2259 2171 2370 2216 toto
2400 2161 2715 2231 przecidere,
2757 2169 2810 2214 et
2839 2159 2890 2212 in
2943 2166 3146 2227 partem
3190 2155 3510 2210 contrudere
3534 2163 3818 2218 conaretur,

2257 2247 2567 2308 ct‘alienare
2595 2267 2623 2304 a
2649 2249 2922 2320 promissis
2947 2248 3057 2302 Dei.

2327 2345 2384 2397 2.
2410 2344 2466 2400 Si
2509 2343 2652 2399 enim
2696 2341 2827 2395 ordo
2867 2340 3231 2410 episc0porum
3284 2337 3383 2392 sibi
3437 2334 3819 2392 succedentium

2265 2433 2686 2490 considerandus
2710 2441 2811 2496 est,
2839 2439 3037 2500 quanto
3060 2430 3260 2484 certius
3289 2437 3342 2482 et
3383 2442 3509 2480 vere
3557 2425 3822 2479 salubriter

2257 2527 2326 2581 ab
2351 2526 2465 2595 ipso
2509 2525 2666 2578 Petro
2701 2535 3059 2581 numeramus.
3097 2521 3180 2574 cui
3215 2517 3374 2572 totius
3412 2517 3667 2571 Ecclesia:
3708 2514 3825 2582 ligu-

2260 2632 2372 2670 ram
2399 2615 2600 2684 gerenti
2627 2612 2879 2667 Dominus
2903 2611 2978 2664 ait
3011 2627 3024 2663 :
3057 2607 3224 2676 Super
3250 2607 3397 2664 hanc
3429 2615 3626 2676 petram
3671 2605 3823 2672 atrii/i-

2259 2705 2380 2758 cabo
2413 2703 2690 2757 Ecclesium
2718 2717 2899 2762 meam,
2931 2707 2978 2752 ct
3024 2707 3182 2768 porta:
3205 2698 3487 2767 inferorum
3523 2712 3624 2748 non
3649 2695 3824 2748 vincent

2259 2810 2368 2848 eam
2393 2792 2618 2865 (Matth.
2670 2807 2778 2853 xvi,
2840 2789 2966 2860 18).
3005 2789 3159 2842 l’ctro
3189 2787 3330 2843 enim
3360 2787 3617 2840 successit
3646 2785 3822 2847 Linus;

2260 2882 2414 2946 Lino,
2432 2883 2678 2936 Clemens
2697 2883 2750 2945 ¹;
2773 2879 3056 2944 Clementi,
3075 2877 3359 2936 Anacletus
3379 2892 3395 2942 ;
3417 2877 3686 2940 Anacleto,
3705 2874 3826 2926 Eva-

2261 2978 2456 3038 rlstus;
2481 2971 2737 3034 Evaristo,
2762 2969 3083 3032 Alexander;
3109 2968 3432 3033 Alexandro,
3447 2965 3648 3028 Sixtus;
3669 2965 3822 3029 Sixto,

2262 3062 2653 3130 Telesphorus;
2689 3058 3038 3128 Teiesphoro,
3078 3057 3289 3127 Iginus;
3327 3057 3470 3124 Igiuo
3493 3097 3509 3120 ,
3556 3056 3819 3116 Anicetus;

2259 3155 2502 3218 Aniceto,
2523 3153 2673 3216 Pius;
2690 3153 2802 3215 Pio,
2815 3153 2989 3213 Soter;
3005 3150 3199 3212 Soteri,
3215 3149 3588 3212 Eleutherius;
3607 3145 3828 3206 Eleuthe-

2261 3244 2364 3308 rio,
2392 3244 2602 3306 Victor;
2622 3241 2840 3306 Victori,
2864 3240 3210 3309 Zephirinus;
3237 3238 3544 3307 Zephiriuo,
3569 3238 3816 3292 Culmus:

2261 3335 2488 3400 Calixto,
2521 3333 2768 3389 Urbanus
2793 3350 2806 3396 ;
2832 3331 3068 3396 Urbano,
3092 3331 3407 3394 Pontianus;
3431 3329 3708 3391 POntiano,
3732 3328 3825 3386 An,

2262 3425 2478 3489 therus;
2501 3424 2760 3488 Anthero,
2781 3424 3076 3486 Fabianus;
3116 3420 3367 3483 Fabiano,
3383 3421 3686 3483 Cornelius;
3706 3420 3823 3472 Cor—

2261 3518 2422 3580 nelio,
2449 3515 2675 3580 Lucius;
2703 3515 2890 3579 Lucio,
2910 3515 3256 3584 Stephanus;
3281 3511 3576 3579 Stephano,
3601 3511 3820 3581 Xystus;

2261 3608 2452 3678 Xysto,
2488 3607 2795 3678 Dionysius;
2827 3607 3092 3676 Dionysio,
3120 3605 3304 3668 Felix;
3334 3604 3522 3668 Felici,
3555 3602 3822 3674 Eutychia—

2262 3714 2394 3762 nus;
2426 3699 2770 3769 Eutychiano,
2799 3697 2994 3764 Gaius;
3022 3697 3172 3758 Caio.
3201 3697 3562 3762 Marcellznus;
3587 3693 3825 3750 Marcelli—

2263 3805 2352 3851 no.
2382 3784 2697 3851 Marcellus;
2731 3789 3000 3852 Marcello,
3034 3788 3292 3843 Eusebius
3318 3803 3336 3852 ;
3367 3787 3622 3853 Eusebio,
3653 3783 3825 3839 Miltia-

2262 3881 2386 3947 des;
2413 3881 2647 3954 Miltiadi,
2692 3880 2996 3952 Sylvestcr;
3029 3877 3331 3949 Sylvestro,
3367 3877 3609 3940 Marcus;
3640 3875 3820 3935 Mart-0.

2261 3972 2468 4037 Julius;
2500 3971 2655 4033 iulio,
2702 3971 2972 4033 Liberius;
3001 3969 3233 4030 Laberio,
3274 3967 3558 4031 Damasus;
3592 3967 3818 4025 Damaso,

2262 4063 2522 4125 Siricius;
2565 4061 2786 4125 Siricio,
2825 4061 3152 4114 Anastasius.
3186 4060 3240 4112 In
3284 4057 3382 4112 hoc
3409 4058 3598 4113 ordine
3624 4067 3822 4110 succes-

2262 4152 2429 4206 sionis
2458 4152 2629 4206 nullus
2669 4150 2930 4204 donatista
2973 4149 3254 4218 episc0pns
3303 4149 3589 4202 invenitur.
3641 4144 3738 4200 Sed
3764 4157 3820 4196 ex

2264 4254 2567 4298 transverso
2607 4259 2675 4296 ex
2701 4242 2878 4297 Africa
2909 4241 3206 4294 ordinatum
3239 4239 3514 4299 miserunt,
3547 4237 3634 4307 qui
3657 4235 3822 4306 pain-is

2213 4388 2225 4392 _
2261 4334 2552 4404 prmsidens
2579 4332 2722 4387 Afris
2750 4333 2799 4384 in
2825 4331 2953 4386 urbe
2978 4331 3141 4384 Bonna
3166 4330 3515 4384 Hennensium
3541 4331 3620 4403 vel
3643 4328 3820 4382 Cutza-

2261 4428 2484 4496 pilarum
2507 4422 2816 4477 vocabulum
2845 4423 3150 4491 propagavit
3178 4420 3272 4491 (ιι).

2322 4559 2340 4589 ί
2362 4559 2693 4628 μιγηυρτινιεδ.
2719 4553 2805 4602 Alii
2829 4552 2962 4612 Edd.,
2985 4558 3188 4615 partem.
3211 4559 3269 4602 At
3293 4557 3422 4612 Itss.,
3442 4548 3613 4616 partis.
3636 4547 3819 4611 Supple,

2257 4615 2678 4678 Christicotitatem.
2715 4676 2726 4682 _
2842 4674 2887 4682 __
3008 4671 3020 4682 .

2320 4683 2339 4711 ³
2364 4686 2411 4727 ιιι
2447 4691 2543 4728 uno
2569 4675 2605 4726 e'
2630 4676 2772 4724 \‘atic.
2795 4674 2927 4734 cdd,
2969 4671 3080 4724 Iino
3100 4673 3275 4734 (lctus,
3320 4672 3448 4734 (le.
3485 4670 3709 4728 Clemens,
3750 4668 3820 4734 cui

2255 4741 2421 4790 czeteri
2447 4747 2548 4787 MSS.
2567 4736 2884 4799 refragantur.
2904 4732 3043 4784 t‘aulo
3063 4742 3170 4799 post
3182 4732 3270 4799 pro
3281 4733 3541 4799 anacletus,
3566 4734 3763 4783 habetur
3777 4732 3820 4799 in

2259 4749 2421 4790 caeteri
2447 4749 2548 4787 mss.
2567 4749 2884 4799 retragantur.
2904 4749 3043 4784 t‘auto
3063 4749 3170 4798 ροει
3213 4749 3541 4794 nomacmus,
3567 4749 3763 4783 nanetur
3777 4749 3820 4778 ιιι

2259 4801 2506 4871 plerisque
2555 4807 2667 4871 Mss.
2701 4796 2994 4871 enen-olet“.
3275 4795 3564 4871 aiataitch
3598 4808 3692 4871 non

2257 4855 2539 4922 Locris-inin,
2566 4870 2633 4928 ut
2658 4861 2705 4908 in
2740 4855 2849 4907 Edd.
2877 4858 3080 4928 etaiud.
3115 4859 3354 4928 ()ptat.in
3387 4855 3566 4928 lia-2;
3604 4856 3688 4904 sed
3724 4857 3818 4928 post

2257 4929 2479 4981 eotercm,
2505 4915 2697 4972 sublato
2713 4933 2907 4982 prorsus
2929 4915 3186 4969 latent/aerii
3206 4919 3398 4982 nomine
3415 4953 3430 4977 ,
3453 4919 3523 4966 sic
3543 4915 3818 4982 recensctur

2256 4987 2305 5035 in
2347 4985 2603 5034 duodecim
2625 4981 2730 5030 Mss.
2770 4982 2818 5042 in
2851 4983 3030 5042 quibus
3049 4988 3164 5029 sunt
3181 4988 3208 5042 rt
3220 4981 3664 5042 aticanirquatuor,‘
3679 4981 3816 5042 soleis

2255 5043 2545 5104 Alexmtder,
2574 5041 2843 5104 .-;lc;rwtd_ro
2869 5035 3046 5091 Victor.
3072 5041 3288 5104 Denique
3311 5042 3360 5090 in
3384 5035 3556 5089 iisdem
3699 5035 3818 5086 disi-

2254 5079 3046 5157 Séﬁi'iiidirs'm‘r'cZ-iiiidﬁm
3072 5079 3288 5104 ””“““¹“”
3311 5079 3360 5090 ’⁵⁸
3384 5079 3556 5089 “”“““’
3577 5079 3582 5106 ⁵

2317 5169 2388 5277 (ora
2427 5175 2554 5216 Hanc
2585 5162 2956 5227 appellationem
2995 5163 3150 5214 sortiti
3188 5169 3300 5213 sunt
3335 5162 3617 5220 Donatistae,
3659 5173 3722 5209 ex
3750 5169 3815 5206 eo

2317 5245 2321 5277 ι
2416 5227 2670 5276 ecclesiam
2689 5233 2840 5273 nomen
2869 5225 3066 5277 primam
3085 5225 3135 5272 in
3165 5233 3330 5275 monte
3347 5225 3532 5273 habere
3554 5221 3782 5277 euenerint
3797 5251 3812 5276 ,

2255 5221 2382 5293 quod
2416 5221 2670 5293 ecclesiam
2689 5225 3066 5293 Itomaeprimam
3085 5225 3135 5272 in
3165 5233 3330 5293 monte
3347 5221 3782 5293 haberecuzperint
3797 5251 3812 5276 ,

2255 5280 2389 5354 jintta
2406 5291 2743 5354 Hieronymum
2759 5288 2806 5354 i_n
2822 5280 2991 5335 Chron.
3012 5287 3069 5335 ad
3095 5299 3174 5354 an.
3192 5286 3301 5345 560,
3319 5287 3448 5354 sive,
3465 5283 3540 5354 uti
3564 5280 3814 5354 upiatuslin

2249 5305 2387 5399 {una
2407 5305 2743 5354 Hieronymum
2759 5305 2806 5335 Ill
2822 5305 2991 5335 LIII'UH.
3012 5305 3069 5335 au
3095 5305 3174 5334 an.
3192 5305 3301 5345 ουν,
3319 5305 3448 5344 Slve,
3466 5305 3534 5334 uu
3564 5305 3754 5346 Upuuua
3770 5305 3814 5327 lu

2253 5357 2338 5420 _ib.
2365 5351 2395 5401 2
2411 5354 2580 5408 reteri,
2615 5364 2642 5420 ιι
2674 5348 2921 5420 spelunca,
2939 5362 3082 5420 quam
3107 5348 3204 5420 illic
3235 5357 3376 5398 exua
3391 5349 3632 5420 civitatem
3662 5341 3814 5420 gradi:

2251 5415 2346 5462 bus
2381 5419 2661 5472 sepserant,
2704 5409 2798 5459 iuni
2845 5409 3158 5472 celebrabant
3208 5409 3540 5458 conventicula
3577 5414 3814 5472 suazqure

2253 5474 2378 5522 haud
2401 5470 2549 5522 dubie
2569 5472 2799 5533 Spelunca
2838 5473 2886 5520 in
2912 5472 3115 5520 editiore
3133 5471 3247 5533 loco
3263 5472 3527 5533 adjacebat.
3555 5470 3665 5533 Hinc
3698 5472 3812 5533 torte

3565 5531 3638 5578 uid
3644 5541 3736 5586 em,
3748 5525 3813 5572 sic

2275 5547 2520 5584 traiectum
2549 5547 2694 5582 etiam
2726 5547 2901 5583 nomen
2939 5547 3317 5594 Lutthmarum,
3360 5547 3488 5592 qucu
3529 5547 3736 5595 qutuem,
3748 5547 3809 5572 su.-

2275 5598 2432 5658 egitur
2456 5597 2503 5644 in
2520 5593 2763 5658 plerisque
2785 5603 2883 5642 uss.
2905 5600 2958 5640 At
2981 5593 3029 5640 in
3048 5595 3190 5642 editis
3204 5594 3393 5658 sublato
3409 5600 3442 5652 t,
3464 5587 3809 5658 ('uzupitarttm,

2253 5651 2331 5707 etv
2341 5660 2390 5706 in
2415 5651 2834 5718 duobus_\‘a'tican.
2868 5661 2972 5702 Mss.
2991 5653 3400 5718 Cutrwtpitarum.
3432 5651 3503 5718 ait
3519 5651 3634 5718 vero
3651 5651 3812 5718 legen-

2255 5724 2368 5769 dum
2401 5719 2479 5768 hic
2498 5716 2800 5783 nupitarum,
2827 5729 2916 5766 seu
2938 5713 3286 5777 nupitauorum,
3315 5723 3367 5763 ut
3386 5716 3434 5764 in
3453 5714 3536 5763 lib.
3555 5715 3616 5761 de
3635 5713 3808 5760 Unitatv
