4032 6334
231 318 324 376 l9?

296 429 347 483 3.
378 426 431 481 ln
459 426 609 479 illum
636 433 817 479 autem
840 421 1077 478 ordinem
1102 419 1467 489 episcoporum
1485 416 1575 487 qui
1597 415 1810 470 ducitur

233 522 296 577 ab
337 521 451 589 ipso
493 518 655 571 Petro
684 529 853 584 usque
883 513 947 567 ad
976 511 1341 573 Anastasium,
1371 509 1461 579 qui
1488 522 1631 561 nunc
1656 521 1807 561 eam-

232 611 346 665 dem
375 607 685 663 cathedram
713 605 895 668 sedet,
925 603 1129 658 etiamsi
1170 602 1443 670 quisquam
1473 598 1690 652 traditur
1716 612 1809 664 per

232 702 314 754 illa
335 710 571 768 tempora
594 676 975 765 subrepsisset'.
1008 693 1137 746 nihil
1156 690 1529 762 przejudicaret
1556 685 1806 741 Ecclesize

230 800 282 844 et
329 788 702 843 innocentibus
740 784 1072 850 christianis,
1100 782 1290 852 quibus
1331 781 1583 835 Dominus
1625 778 1804 847 provi-

230 879 377 942 dens,
401 878 477 931 ait
493 876 561 930 de
582 876 882 946 praepositis
902 874 1055 927 malis
1078 890 1091 926 :
1121 872 1245 938 Qum
1263 871 1455 935 dicunt,
1487 870 1668 941 facile;
1693 882 1805 938 qua:

230 979 392 1022 autem
417 968 614 1035 faciunt
633 1008 649 1030 ,
674 966 837 1034 facere
862 965 1011 1018 nolite
1030 980 1050 1018 :
1073 963 1245 1016 dicunt
1270 962 1412 1016 enim
1432 1001 1447 1024 ,
1490 969 1537 1013 et
1575 975 1675 1012 non
1718 958 1802 1027 fa-

229 1055 589 1128 ciuntﬂlatth.
610 1070 771 1117 nm,
803 1052 964 1125 3).Ut
990 1063 1136 1108 certa
1166 1052 1235 1106 sit
1262 1065 1383 1119 spes
1411 1048 1583 1104 ﬁdelis
1612 1049 1653 1114 ί,
1683 1062 1801 1116 qua:

220 1162 329 1202 non
360 1148 414 1202 in
447 1147 681 1206 homine,
703 1145 801 1200 sed
847 1145 900 1198 in
949 1143 1171 1197 Domino
1213 1141 1492 1205 collocata,
1536 1154 1801 1208 nunquam

220 1244 541 1306 tempestate
584 1235 829 1303 sacrilegi
855 1232 1154 1288 schismatis
1181 1231 1499 1300 dissipetur;
1540 1230 1675 1283 sicut
1715 1226 1802 1282 isti

226 1324 469 1395 disSipati
512 1333 657 1390 sunt,
687 1324 776 1394 qui
810 1324 993 1393 legunt
1019 1323 1071 1376 in
1102 1320 1371 1376 codicibus
1398 1318 1596 1374 sanctis
1617 1317 1802 1372 Eccle-

225 1416 326 1471 sias
354 1415 552 1485 quibus
578 1414 818 1485 Apostoli
845 1414 1194 1483 scripserunt,
1219 1420 1273 1467 et
1293 1410 1494 1466 nullum
1521 1410 1576 1464 in
1602 1409 1680 1465 eis
1710 1408 1803 1463 ha-

220 1505 350 1560 bent
378 1505 719 1573 episcOpum.
759 1503 893 1570 Quid
920 1510 1095 1557 autem
1123 1501 1422 1571 perversius
1447 1508 1501 1554 et
1525 1499 1760 1554 insanius
1783 1543 1799 1568 ,

216 1611 375 1665 quam
422 1594 713 1649 lectoribus
739 1594 949 1649 easdem
993 1593 1254 1663 Epistolas
1281 1592 1573 1663 legentibus
1598 1590 1799 1651 dicere,

222 1683 329 1738 Pax
369 1693 549 1738 tecum
570 1724 585 1747 ,
615 1683 763 1737 etab
789 1698 972 1738 earum
999 1683 1353 1738 Ecclesiarum
1378 1697 1507 1753 pace
1531 1680 1762 1751 separari
1780 1720 1799 1748 ,

224 1774 419 1845 quibus
450 1775 583 1843 ipsa:
610 1774 861 1844 Epistula:
888 1775 1100 1845 scripta:
1122 1775 1281 1829 sunt?

292 1863 524 1919 CAPUT
545 1863 610 1918 ll.
630 1866 765 1919 -4.
787 1866 986 1919 Tamen
1019 1882 1087 1918 ne
1112 1864 1212 1918 sibi
1231 1865 1387 1918 etiam
1409 1864 1476 1919 de
1494 1862 1801 1919 Constanti-

220 1956 392 2017 censi,
410 1954 514 2007 hoc
528 1963 611 2008 est
629 1954 857 2009 civitatis
872 1962 1063 2009 vestra:
1078 1955 1442 2024 episcoporum
1459 1954 1643 2009 ordine
1658 1954 1802 2007 blan-

219 2046 412 2109 dintur,
430 2046 597 2100 recita
624 2046 697 2099 illi
716 2045 872 2100 Gesta
888 2045 1023 2115 apud
1042 2045 1321 2098 Munatium
1348 2045 1580 2100 Felicem
1607 2044 1800 2100 Flami-

224 2150 343 2190 uem
384 2146 704 2204 perpetuum
734 2145 1033 2190 curatorem
1058 2138 1079 2167 '
1109 2143 1234 2189 tunc
1282 2135 1521 2204 ejusdem
1566 2136 1801 2191 civitatis

226 2232 437 2287 vestrm,
468 2224 796 2279 Diocletiano
818 2233 1080 2289 octavum,
1103 2232 1156 2279 et
1180 2225 1494 2281 Maximiano
1516 2227 1796 2296 septimum

216 2316 551 2381 consulibus,
585 2315 866 2370 undecimo
886 2316 1137 2370 calendas
1158 2317 1353 2384 junias,
1382 2318 1571 2387 quibus
1597 2319 1796 2385 liquido

218 2406 461 2459 constitit
487 2406 560 2458 ita
595 2405 813 2459 Paulum
855 2408 1160 2474 episcopum
1187 2406 1495 2470 tradidisse,
1527 2417 1578 2461 ut
1607 2407 1795 2478 Sylva-

225 2510 319 2549 ηε
345 2505 473 2549 tunc
498 2495 617 2565 ejus
644 2496 996 2550 subdiaconus
1022 2497 1198 2561 fuerit,
1228 2505 1424 2552 etcum
1447 2498 1538 2552 illo
1566 2499 1796 2555 tradide-

220 2588 285 2641 rit
304 2587 586 2656 prol’erens
616 2588 967 2642 instrumenta
992 2587 1275 2651 dominica,
1303 2590 1461 2643 etiam
1507 2605 1625 2659 qua:
1672 2591 1793 2645 dili—

220 2687 400 2747 genter
432 2677 644 2731 fuerant
667 2680 929 2733 occultata
952 2720 968 2744 ,
995 2679 1331 2747 eapitulatam
1376 2690 1674 2749 argenteam
1696 2723 1708 2745 ,
1741 2693 1795 2736 et

223 2770 488 2824 lucernam
538 2779 873 2839 argenteam,
904 2770 971 2823 ita
1019 2778 1079 2823 ut
1115 2770 1163 2823 ei
1209 2770 1409 2824 diceret
1456 2770 1635 2827 Victor
1674 2773 1794 2841 qni-

217 2861 337 2915 dam
366 2877 380 2913 :
408 2860 651 2915 Mortuus
676 2861 872 2924 fueras,
912 2861 958 2914 si
1005 2876 1108 2913 non
1151 2861 1267 2915 illas
1306 2861 1616 2917 invenisses.
1644 2863 1795 2918 Hunc

223 2952 320 3007 iste
346 2951 665 3023 Sylvanum,
696 2952 1182 3005 manifestissimum
1212 2953 1536 3017 traditorem,
1567 2968 1663 3022 pro
1683 2970 1794 3008 ma-

217 3063 323 3117 gno
365 3056 759 3102 commemorat
806 3045 858 3099 in
905 3046 1121 3115 epistola
1170 3060 1327 3114 quam
1369 3046 1459 3099 tibi
1487 3047 1732 3112 scribit’,
1762 3063 1791 3101 a

221 3140 462 3194 Secundo
510 3138 804 3207 Tigisitano
835 3137 1020 3204 primm
1048 3136 1189 3191 sedis
1216 3137 1463 3205 episcopo
1486 3138 1791 3205 episcopum

224 3240 341 3285 tunc
366 3230 693 3283 ordinatum.
722 3227 968 3294 Qnicscat
991 3241 1118 3296 ergo
1138 3228 1359 3295 Superba
1385 3242 1566 3281 eorum
1593 3228 1789 3296 lingua,

216 3330 271 3375 et
295 3332 583 3389 cognoscat
608 3318 827 3371 crimina
850 3332 961 3381 sua,
987 3333 1051 3370 ne
1074 3316 1303 3370 delirans
1331 3317 1575 3385 loquatur
1601 3317 1790 3369 aliena.

223 3411 401 3465 Recita
428 3410 505 3463 illi
530 3408 710 3471 etiam,
741 3409 784 3461 si
816 3408 1055 3471 voluerit,
1085 3408 1241 3461 Gesta
1266 3407 1621 3461 ecclesiastica
1650 3407 1792 3476 ejus-

215 3502 338 3557 dem
379 3500 616 3556 Secundi
641 3498 917 3566 Tigisitani
940 3498 995 3551 in
1025 3497 1187 3550 domo
1216 3496 1409 3551 Urbani
1439 3497 1623 3552 Donati
1650 3498 1670 3529 ⁸
1701 3498 1794 3551 lia-

218 3595 349 3661 bita,
374 3594 465 3647 ubi
493 3591 768 3647 confessos
797 3590 1077 3644 traditores
1109 3588 1269 3655 judici
1306 3589 1413 3641 Deo
1438 3588 1655 3654 dimisit,
1688 3590 1794 3642 Do-

221 3693 397 3737 natum
424 3681 827 3735 Masculitanum
849 3720 864 3743 ,
891 3679 1143 3732 Marinum
1182 3678 1249 3730 ab
1286 3679 1450 3747 Aquis
1477 3677 1791 3741 Tibilitanis,

222 3774 478 3828 Donatum
522 3770 918 3833 Calamensem,
944 3785 1062 3822 cum
1101 3769 1291 3837 quibus
1332 3769 1588 3822 confessis
1630 3770 1794 3822 tradi-

224 3865 419 3918 toribus
450 3869 801 3916 memoratum
825 3860 1127 3913 traditorem
1150 3859 1418 3913 Silvanum
1439 3860 1517 3914 eis
1532 3859 1795 3914 ordinavit

217 3956 550 4024 episcopum.
588 3952 764 4004 Recita
791 3951 867 4003 illi
889 3949 1044 4004 Gesta
1073 3950 1576 4020 apud'Zenophilum
1600 3966 1795 4007 consu-

226 4044 419 4108 larem,
463 4040 554 4094 ubi
602 4039 955 4094 Nundinarius
976 4039 1188 4109 quidam
1218 4040 1469 4095 diaconus
1498 4042 1659 4096 iratus
1687 4040 1795 4096 Sil-

222 4147 372 4197 vano,
403 4129 551 4199 quod
580 4130 649 4182 ab
675 4145 739 4181 eo
764 4127 921 4181 fuerit
943 4128 1449 4192 cxcommunicatus,
1482 4130 1594 4184 hmo
1618 4131 1794 4185 omnia

221 4221 426 4290 iudieiis
444 4219 695 4288 prodidit,
710 4233 826 4287 quae
846 4218 1003 4271 certis
1021 4218 1350 4271 documentis
1369 4228 1423 4272 et
1442 4220 1797 4288 responsioni-

226 4311 317 4365 bus
344 4310 561 4365 testium
588 4347 604 4373 ,
650 4316 707 4362 et
748 4308 1052 4362 recitatione
1097 4307 1377 4362 Gestorum
1418 4318 1474 4363 et
1514 4311 1793 4364 multarum

225 4401 595 4472 epistularum,
616 4399 732 4452 luce
756 4398 948 4451 clarius
974 4400 1341 4452 constiterunt.

289 4538 306 4567 ί
323 4536 397 4583 sic
420 4532 535 4581 Bad.
554 4540 656 4580 Am.
678 4537 753 4578 Er.
779 4536 832 4594 et
854 4537 957 4579 Mss.
983 4535 1038 4578 At
1058 4536 1170 4579 Lov.
1200 4528 1367 4594 habet,
1388 4528 1628 4594 ﬁdelibus.

280 4597 303 4627 '
322 4598 398 4644 Sic
418 4594 726 4644 reaituimus
746 4592 803 4641 ad
832 4598 1083 4639 Gestorum
1107 4591 1615 4652 exemplum’relatum
1639 4595 1687 4642 in
1708 4591 1795 4641 lib.

218 4658 253 4705 3
272 4664 397 4725 capt.
420 4664 672 4725 (resinam,
694 4653 839 4725 c._29.
878 4660 1058 4714 Nempe
1093 4652 1239 4725 bicio
1262 4653 1371 4701 ωδ.
1399 4654 1674 4725 legebatur,
1700 4664 1796 4704 Μι-

223 4716 427 4767 merium
452 4712 667 4779 Felicem
686 4712 918 4779 fluvium
958 4712 1313 4779 procuratorem
1327 4727 1358 4779 ;Δ
1383 4722 1434 4779 et
1450 4712 1515 4766 'in
1551 4712 1797 4779 plerisque

225 4788 325 4828 ass.
350 4777 633 4836 ﬂuvialium,
654 4774 1061 4842 sivcjnmmutium
1079 4774 1279 4842 felicem
1301 4774 1515 4826 Narium
1529 4774 1614 4842 per
1631 4774 1799 4842 procu-

223 4848 435 4889 ratorem
463 4852 482 4889 :
507 4851 645 4888 error
669 4836 909 4900 profectus
926 4849 991 4884 ex
1015 4837 1142 4886 notis
1172 4846 1228 4886 ι’.
1254 4846 1349 4886 PP.
1393 4836 1539 4889 Gesta
1566 4836 1647 4890 illa
1688 4852 1799 4889 eon-

219 4900 345 4951 fecta
378 4900 581 4950 fuerunt
600 4899 724 4948 anno
744 4899 851 4949 δοες.

282 4965 304 4993 ³
325 4963 439 5024 ωδ.
467 4974 482 5010 :
508 4970 655 5020 Quem
674 4958 765 5009 iste
787 4957 1131 5024 silvarum...th
1149 4957 1346 5021 epistola
1379 4972 1474 5022 qua
1495 4960 1676 5024 scribit,
1702 4971 1796 5013 etc.

218 5023 571 5085 Qstigavimus
604 5035 697 5083 ope
720 5029 826 5070 uss.
871 5033 936 5085 ex
971 5022 1150 5085 quibus
1186 5024 1339 5085 liquet
1362 5022 1797 5085 pronomen,'iste,

223 5082 397 5133 referri
419 5085 483 5133 ad
506 5082 843 5146 presbyterum
864 5083 1000 5146 cujus
1035 5083 1111 5146 hic
1134 5082 1335 5144 epistola
1355 5085 1623 5146 refutatur.

285 5146 463 5208 ‘iltpud
487 5143 776 5208 Optatumiu
795 5143 878 5208 lib.
907 5143 951 5199 l,
984 5143 1190 5208 habetur
1212 5158 1224 5192 :
1256 5153 1307 5191 In
1332 5143 1484 5208 domo
1514 5146 1694 5197 Urbani
1712 5156 1802 5198 Ca-

227 5207 333 5267 risi,
362 5203 495 5269 quia,
521 5203 579 5256 ut
600 5208 685 5265 ait,
708 5203 917 5255 basilicis
935 5205 1140 5255 necdum
1161 5204 1352 5267 fueram
1372 5207 1617 5258 restitute.

230 5307 403 5369 mele,
430 5324 474 5360 c.
492 5311 539 5369 5,
572 5323 634 5360 an
662 5307 1068 5372 Scolotopitarum,
1099 5307 1305 5357 deducta
1336 5321 1455 5358 voce
1487 5322 1515 5358 a
1549 5317 1714 5366 statos,
1735 5316 1803 5372 te-

225 5374 403 5436 κθτςεν
432 5380 486 5420 οι
500 5380 648 5436 ωροεν
670 5369 822 5436 ωσυῆ
838 5369 935 5436 duo
952 5378 1086 5436 θείοις)
1110 5378 1227 5436 ":9-
1246 5377 1604 5436 JPaImesBaet-
1622 5369 1805 5436 Cotele-

228 5435 327 5481 rius
344 5433 441 5496 legi
461 5432 558 5483 vult
578 5434 707 5494 apud
736 5433 897 5496 Isidor.
924 5432 973 5496 in
989 5432 1139 5496 (κήδη
1160 5432 1243 5479 lib.
1261 5432 1293 5496 β
1308 5466 1321 5490 ,
1346 5435 1429 5493 qui
1454 5434 1503 5481 in
1523 5432 1666 5496 editis
1687 5435 1805 5483 etin

230 5491 578 5545 veteri'axlice
933 5491 1086 5540 habet
1116 5491 1379 5551 cotopitas;
1397 5501 1449 5542 et
1481 5498 1527 5543 in
1551 5493 1646 5544 alio
1666 5498 1802 5544 Corh.

230 5559 308 5603 Its.
325 5554 632 5621 (’mtapiws?
667 5563 737 5602 An
772 5554 985 5621 denique
1007 5552 1315 5621 tastigaodus
1332 5556 1409 5621 hic
1438 5555 1572 5605 locus
1599 5569 1663 5621 ex
1699 5558 1807 5607 Hie-

234 5627 418 5681 fwymo
432 5615 675 5669 diversus
696 5615 1001 5681 [sicilia-iant,
1020 5615 1101 5681 u_l_.i
1122 5615 1236 5681 editi
1255 5615 1423 5677 aliqui,
1443 5617 1698 5680 (murinus,
1727 5620 1805 5668 alii

228 5674 393 5733 ’κιτιῗιοι
428 5688 709 5745 Campam,
734 5675 862 5724 haud
880 5675 1016 5723 l'acile
1032 5674 1315 5725 dixerimus.

1389 296 1864 360 EPISTOl.ARUH
1901 298 2172 361 CLASSIS
2198 305 2255 362 ll.

1984 415 2037 468 5.
2078 416 2236 471 Multa
2267 427 2391 473 sunt
2423 420 2525 475 alia
2552 437 2670 492 quae
2697 423 2768 477 illi
2803 425 3025 493 recites,
3050 428 3095 483 si
3126 445 3229 484 non
3254 444 3478 488 con'en-

1915 505 2047 559 tiose
2074 520 2246 575 agere,
2267 509 2359 562 sed
2384 510 2673 578 prudenter
2692 514 2873 568 audire
2893 516 3117 571 voluerit
3140 536 3153 572 :
3179 535 3361 588 preces
3384 524 3483 577 Do;

1912 597 2222 650 natistarum
2267 599 2333 652 ad
2369 598 2766 656 Constantinum
2786 644 2802 669 ,
2831 614 2887 657 ut
2920 617 3131 675 propter
3155 610 3319 678 ipsam
3348 626 3476 667 cau-

1909 701 2021 740 sam
2073 688 2211 742 inter
2256 689 2412 745 Afros
2461 693 2738 763 episcopos
2777 696 3121 752 dirimendam
3166 700 3372 768 judices
3409 720 3473 757 ex

1907 775 2077 832 'Gallia
2136 779 2413 849 episcopos
2459 783 2709 837 mitteret.
2766 786 2988 841 Litteras
3034 790 3189 843 etiam
3236 792 3470 859 ejusdem

1900 864 2270 934 imperatoris,
2314 870 2399 925 ubi
2427 873 2703 942 episcopos
2729 875 2872 929 misit
2912 878 2976 931 ad
3016 879 3199 933 urbem
3229 881 3450 937 Romam

1898 955 2064 1011 ’Gesta
2110 975 2319 1029 quoque
2348 961 2398 1014 in
2438 963 2568 1017 urbe
2597 964 2762 1019 Roma
2785 1005 2799 1026 ,
2830 966 2916 1020 ubi
2945 968 3014 1021 ab
3041 970 3300 1039 episcopis
3342 987 3473 1041 quos

1906 1045 1997 1101 ille
2021 1048 2267 1113 miserat,
2292 1064 2452 1105 causa
2478 1055 2685 1122 cognita
2715 1065 2872 1124 atque
2908 1057 3144 1112 discussa
3182 1069 3281 1114 est.
3313 1059 3472 1115 Item-

1894 1149 2009 1204 que
2032 1138 2158 1191 alias
2185 1138 2409 1205 litteras,
2440 1142 2524 1195 ubi
2548 1144 2781 1199 declarat
2823 1157 3142 1202 memoratus
3186 1150 3474 1220 imperator

1905 1239 1999 1281 eos
2021 1228 2159 1296 apud
2181 1244 2241 1283 se
2262 1231 2329 1284 de
2354 1232 2675 1302 collegarum
2703 1250 2917 1291 suorum
2935 1238 3153 1307 judicio,
3176 1239 3227 1293 id
3256 1251 3339 1296 est
3362 1245 3475 1311 epi-

1904 1332 2183 1387 scoporum
2214 1336 2348 1389 quos
2367 1322 2432 1376 ad
2454 1323 2635 1378 urbem
2662 1326 2883 1380 Romam
2904 1330 3139 1396 miserat,
3167 1332 3325 1388 fuisse
3342 1348 3473 1388 con-

1903 1417 2146 1476 questos;
2175 1410 2263 1464 ubi
2301 1412 2459 1466 etiam
2490 1414 2618 1468 alios
2642 1418 2921 1485 episcopos
2957 1420 3123 1474 voluit
3157 1422 3295 1490 apud
3337 1424 3471 1477 Are-

1904 1494 2065 1550 latum
2104 1498 2372 1567 judicare;
2421 1503 2506 1557 ιιὺί
2546 1504 2629 1558 isti
2674 1514 2732 1560 et
2777 1507 2843 1560 ab
2884 1508 3115 1575 ipsorum
3150 1509 3348 1579 judicio
3402 1514 3467 1567 ad

1903 1587 2147 1643 eumdem
2192 1588 2568 1660 Imperatorem
2597 1595 3019 1664 appellaverunt;
3067 1599 3152 1652 ubi
3202 1610 3469 1669 postremo

1902 1690 2115 1732 causam
2139 1680 2273 1733 inter
2288 1689 2461 1751 partes
2478 1682 2591 1752 ipse
2609 1686 2880 1752 cognovit;
2901 1686 2986 1740 ubi
3007 1702 3100 1742 eos
3115 1689 3467 1743 vehementis-

1902 1767 2037 1821 sime
2060 1768 2353 1825 detestatur
2379 1772 2674 1827 innocentia
2693 1775 2958 1829 Ca-cilinni
2989 1776 3148 1831 fuisse
3173 1789 3466 1848 superatos.

1901 1856 2031 1923 Quae
2052 1860 2095 1912 si
2121 1860 2366 1927 voluerit,
2389 1862 2585 1929 audiet,
2613 1872 2667 1918 et
2687 1866 2879 1919 tacebit
2899 1906 2913 1931 ,
2934 1874 2989 1921 et
3007 1867 3214 1923 desinet
3236 1869 3468 1925 insidiari

1902 1949 2131 2002 veritati.

1972 2040 2193 2096 CAPUT
2209 2040 2295 2095 lll.
2313 2042 2445 2097 —6.
2459 2043 2766 2113 Quanquam
2786 2061 2880 2099 nos
2899 2062 3001 2102 non
3027 2055 3129 2102 tam
3147 2049 3213 2103 de
3234 2049 3349 2103 istis
3366 2049 3466 2105 do-

1900 2140 2109 2184 cument
2120 2132 2164 2185 is
2180 2148 2578 2201 praesumamus,
2597 2136 2832 2204 quamde
2847 2137 3129 2207 Scripturis
3144 2141 3359 2207 sanctis,
3377 2141 3466 2196 ubi

1902 2219 2183 2276 ltzcreditas
2208 2223 2400 2279 Christi
2429 2241 2594 2295 usque
2627 2227 2692 2281 ad
2724 2231 2975 2285 terminos
3015 2240 3167 2286 teme
3209 2234 3464 2301 promissa

1898 2322 1984 2367 est
2018 2315 2069 2367 in
2108 2316 2351 2369 omnibus
2377 2318 2619 2385 gentibus
2645 2334 2659 2371 :
2684 2319 2822 2372 unde
2847 2321 2929 2374 isti
2960 2322 3162 2377 nefario
3187 2324 3468 2379 schismate

1897 2406 2147 2473 separati,
2171 2407 2372 2471 jactant
2395 2408 2616 2462 crimina
2646 2413 2696 2462 in
2726 2410 2924 2477 paleam
2948 2413 3137 2470 messis
3154 2414 3464 2479 dominiczc;

1872 2510 2015 2563 aqua:
2056 2511 2273 2550 necesse
2297 2505 2381 2551 est
2405 2513 2571 2567 usque
2613 2498 2679 2552 ad
2724 2500 2881 2554 linem
2911 2503 3164 2569 permixta
3194 2504 3465 2569 toleretur,

1897 2584 2069 2640 donec
2097 2586 2279 2640 ultimo
2294 2586 2494 2655 judicio
2524 2596 2629 2642 tota
2654 2604 2776 2643 area
2806 2590 3101 2644 ventilelur.
3128 2592 3278 2647 Unde
3294 2595 3466 2648 mani—

1898 2674 2089 2728 festum
2119 2685 2201 2729 est
2220 2675 2322 2729 ista
2352 2677 2574 2731 crimina
2599 2694 2691 2732 seu
2718 2694 2840 2733 vera
2879 2695 2973 2734 seu
3009 2680 3136 2735 falsa
3165 2698 3273 2736 non
3302 2686 3467 2753 perti-

1898 2779 2024 2819 nere
2047 2764 2111 2818 ad
2140 2764 2397 2821 frumenta
2425 2767 2709 2835 dominica,
2729 2785 2848 2837 quas
2876 2785 2969 2839 per
2991 2779 3155 2826 totum
3183 2789 3385 2843 agrum,
3414 2775 3467 2829 id

1894 2864 1977 2909 est
2004 2856 2161 2911 istum
2192 2857 2443 2911 mundum
2471 2873 2636 2928 usque
2664 2859 2716 2913 in
2749 2860 2905 2913 liuent
2931 2864 3090 2917 seculi
3120 2874 3328 2932 oportet
3351 2881 3469 2921 cre-

1896 2958 2071 3010 scere,
2104 2946 2240 2999 sicut
2283 2962 2385 3000 non
2425 2947 2587 3001 falsus
2611 2949 2826 3017 angelus
2854 2950 2904 3002 in
2934 2950 3086 3019 hujus
3116 2969 3296 3009 errore
3316 2992 3345 3016 ,.
3369 2956 3464 3009 sed

1897 3032 2211 3087 Dominusin
2228 3034 2968 3104 Evangelioloquitur(Matth.
2986 3055 3098 3103 xm,
3114 3021 3223 3110 50).
3244 3042 3466 3112 Ideoque

1874 3125 1949 3178 ’in
1976 3126 2288 3179 christianos
2317 3126 2644 3192 innocentes,
2676 3128 2763 3196 qui
2789 3143 2884 3196 per
2905 3136 3070 3182 totum
3101 3132 3280 3185 orbem
3311 3133 3465 3186 malis

1895 3214 2193 3268 christianis
2220 3223 2466 3283 tanquam
2500 3216 2665 3284 palea:
2693 3232 2801 3270 suae
2838 3218 2919 3271 vel
2965 3220 3177 3274 zizaniis
3223 3223 3465 3289 permixti

1897 3312 2017 3356 sunt
2036 3343 2050 3367 ,
2080 3304 2240 3356 multa
2272 3305 2397 3357 falsa
2427 3305 2652 3358 crimina
2682 3314 2735 3359 et
2761 3323 2891 3359 vana
2917 3308 3233 3375 iactantibus
3258 3312 3338 3365 his
3363 3314 3466 3367 mi-

1897 3393 2028 3446 seris
2056 3394 2341 3447 Donatistis
2366 3394 2556 3447 merito
2579 3395 2715 3449 Deus
2745 3396 3008 3460 reddidit,
3047 3407 3103 3451 ut
3145 3399 3468 3455 Maximiani-

1898 3492 2006 3536 stas
2052 3484 2188 3551 apud
2224 3483 2593 3554 Carthaginem
2635 3484 3000 3542 schismaticos
3045 3504 3171 3543 suos
3218 3489 3467 3545 Primiani

1900 3572 2257 3634 damnatores,
2283 3583 2431 3627 extra
2458 3574 2778 3628 l’rimianum
2806 3576 3171 3645 baptizatores,
3204 3588 3323 3648 post
3351 3581 3467 3635 Pri-

1900 3664 2130 3716 mianum
2155 3662 2565 3732 rebaptizatores
2585 3665 2867 3719 universali
2893 3670 3115 3722 concilio
3136 3685 3232 3721 suo
3251 3670 3468 3723 damna-

1900 3764 2017 3806 rent
2043 3768 2055 3804 :
2084 3762 2141 3806 ut
2168 3767 2231 3806 ex
2263 3768 2444 3806 eorum
2471 3768 2692 3807 numero
2726 3764 2844 3823 post
2877 3771 2979 3810 non
3018 3773 3233 3824 parvum
3262 3768 3468 3827 tempus

1897 3842 2148 3911 quosdam
2170 3843 2219 3894 in
2244 3841 2530 3897 honoribus
2546 3844 2878 3911 ερὶερομοιυε
2899 3846 2998 3909 sui,
3026 3845 3343 3902 Fcliciauum
3361 3849 3471 3902 Mu-
3568 3850 3576 3858 ’

1901 3933 2147 3984 stltanum
2179 3940 2233 3985 et
2260 3932 2628 3985 Prmtextatum
2646 3934 3012 3988 Assuritanum
3040 3947 3261 4005 cogente
3280 3941 3469 4008 Optato

1878 4021 2214 4076 ‘Gildoniano
2236 4019 2309 4093 (a)
2326 4023 2670 4092 sustiperent,
2686 4038 2803 4076 cum
2824 4025 3065 4078 omnibus
3092 4042 3221 4095 quos
3238 4029 3468 4083 damnati

1900 4124 2047 4168 extra
2083 4114 2491 4181 baptizavcrant.
2516 4112 2665 4179 Quod
2694 4114 2737 4166 si
2764 4114 2831 4166 ab
2857 4114 2932 4165 eis
2951 4156 2965 4177 ,
2990 4131 3120 4181 quos
3149 4131 3239 4169 ore
3257 4120 3469 4185 proprio

1900 4210 2148 4271 tanquam
2168 4203 2453 4255 sceleratos
2470 4201 2818 4269 etsacrilcgos
2840 4201 3236 4265 damnaverunt,
3261 4213 3316 4258 et
3337 4222 3469 4272 quos

1901 4293 2005 4347 illis
2024 4292 2203 4361 primis
2224 4291 2593 4355 scltismaticis,
2613 4305 2744 4359 quos
2765 4290 2910 4344 vivos
2931 4301 3065 4344 terra
3084 4293 3257 4347 obruit
3279 4293 3467 4364 (Nunt.

1901 4399 2016 4446 xw,
2048 4383 2257 4449 31-55),
2294 4388 2699 4449 compararunt,
2734 4397 2836 4434 non
2869 4382 3213 4449 maculantur,
3244 4400 3361 4438 cum
3392 4386 3470 4440 eis

1906 4490 2090 4529 rursus
2134 4474 2186 4527 in
2226 4473 2425 4527 honore
2453 4488 2549 4527 suo
2590 4472 2817 4542 receptis
2853 4475 3271 4539 communicant;
3303 4478 3469 4546 evigi-

1905 4568 2015 4623 lent
2039 4566 2342 4637 aliquando,
2359 4566 2589 4635 cogitent
2605 4574 2795 4634 quanta
2813 4566 3047 4620 cmcitate
3062 4577 3109 4621 et
3127 4579 3319 4636 quanta
3334 4569 3473 4623 insa-

1903 4660 1988 4714 nia
2014 4659 2191 4713 dicant
2208 4659 2389 4711 orbem
2412 4667 2668 4711 terrarum
2694 4657 2887 4726 ignotis
2902 4656 3145 4711 Afrorum
3165 4659 3470 4714 criminibus

1903 4764 2020 4805 esse
2047 4748 2397 4811 maculatum,
2436 4757 2489 4799 et
2531 4745 2886 4799 hzcreditatem
2926 4744 3154 4810 Christi,
3195 4764 3311 4818 quae
3353 4764 3465 4817 pro-

1904 4842 2062 4896 missa
2084 4841 2314 4896 exhibita
2336 4847 2417 4891 est
2436 4839 2486 4891 in
2515 4837 2760 4891 omnibus
2778 4838 3042 4906 gentibus,
3072 4839 3299 4907 peccatis
3319 4839 3475 4892 Afro-

1905 4947 2023 4986 rum
2052 4946 2145 5000 pcr
2172 4927 2539 4999 contagionem
2583 4928 3072 4982 communicationis
3118 4929 3281 4983 fuisse
3326 4929 3470 4982 dele-

1968 5129 2288 5193 ((1)0ptatus,
2308 5125 2384 5174 cui
2416 5123 2688 5193 Gildoniano
2718 5136 2984 5193 cognomen
2999 5158 3013 5181 ,
3046 5136 3110 5171 ex
3135 5135 3196 5193 eo
3220 5121 3345 5192 quod
3364 5134 3472 5171 cum

1905 5184 2111 5253 cildone'
2123 5188 2298 5253 comite
2316 5185 2613 5253 tyrannidem
2636 5185 2685 5232 in
2717 5184 2865 5253 Africa
2899 5191 3190 5253 exerceret.
3221 5184 3473 5253 θιλίεςρριιξ

1903 5252 1997 5302 fuit
2010 5250 2243 5300 donatista
2263 5243 2512 5297 (madentii
2540 5246 2944 5305 'I'bamugadeusis
2976 5245 3298 5305 decessore!
3333 5243 3417 5305 lib.
3440 5245 3467 5305 il

1907 5323 2034 5364 cont.
2060 5312 2310 5367 Gaudent.,
2328 5322 2373 5357 c.
2396 5309 2474 5365 58,
2494 5320 2542 5354 n.
2561 5307 2638 5363 52,
2656 5303 2785 5367 unde
2810 5308 3096 5367 Augustinus
3134 5306 3182 5352 in
3207 5304 3290 5351 lib.
3327 5303 3357 5367 2
3391 5304 3474 5352 ad-

1908 5387 2080 5426 versus
2106 5365 2522 5435 epist._t_5arr_nen.,
2556 5382 2599 5435 ρ.
2644 5366 2691 5425 2,
2718 5382 2772 5435 n._
2800 5366 2847 5423 4,
2881 5365 3141 5435 Donatistis
3175 5365 3431 5435 exprobrat
3459 5378 3472 5412 :

1916 5454 1940 5482 ι
1960 5428 2177 5486 Optatum
2201 5431 2524 5479 Gildonianum
2540 5428 2856 5478 decennalem
2876 5429 3019 5477 totius
3037 5432 3203 5486 Atrtcae
3240 5428 3473 5486 gemitum

1874 5518 1881 5523 ν
1913 5483 2116 5558 (scilicet
2132 5496 2192 5542 ab
2216 5506 2295 5542 an.
2317 5491 2410 5540 388
2437 5494 2493 5558 ait
2519 5490 2628 5549 598,
2647 5504 2742 5558 quo
2757 5490 2820 5538 de
2845 5487 3071 5558 satellitio
3102 5483 3475 5558 ciltloriis_ac_‘c_tt-

1911 5545 2043 5608 satus
2060 5591 2075 5615 ,
2101 5558 2147 5605 in
2167 5567 2363 5603 carcere
2396 5545 2635 5601 extinctus
2658 5545 2750 5615 est,
2789 5562 2853 5597 ex
2877 5548 2958 5596 lib.
2984 5548 3014 5595 2
3033 5553 3163 5615 con_t_.
3186 5546 3279 5597 litt.
3314 5545 3471 5615 [δειλίη

1911 5607 2073 5677 (λθὶζ
2092 5632 2140 5665 ιι.
2175 5616 2287 5675 €509)
2321 5622 2541 5677 tanquam
2564 5610 2862 5661 sacerdotem
2880 5616 3024 5671 atque
3056 5607 3292 5672 collegam
3325 5607 3467 5656 hono-

1914 5676 2096 5730 rantes.
2122 5680 2167 5726 in
2186 5676 2517 5725 conmittuioue
2558 5678 2871 5721 tenuerunt..-
