4032 6334
542 283 648 340 139

547 410 688 461 tam,
718 390 927 462 quando
958 403 1016 444 se
1047 387 1228 440 nolunt
1272 383 1475 436 deletos
1503 386 1558 433 et
1586 377 1873 432 maculatos
1918 371 2119 434 videri,

545 489 674 542 dum
700 461 777 538 eis
796 479 1226 540 communicant,
1254 489 1474 544 quorum
1502 470 1721 524 crimina
1752 465 1958 535 cognita
1981 461 2122 532 judi-

548 583 756 629 earum.

618 665 670 719 7.
711 663 1042 729 Quapropter
1076 671 1196 708 ctnn
1219 652 1410 707 Paulus
1438 648 1709 718 apostolus
1753 646 1940 698 iterum
1984 643 2125 697 dicat

551 757 671 826 quia
701 756 813 826 ipse
842 761 1052 806 satanas
1099 745 1430 812 transﬁgurat
1473 756 1531 792 se
1578 740 1628 792 in
1673 738 1914 806 angelum
1956 735 2122 798 lueis,

551 850 690 904 unde
716 827 819 902 non
851 859 969 900 esse
997 842 1183 896 mirtnn
1207 837 1250 890 si
1273 833 1498 890 ministri
1528 832 1644 898 ejus
1671 828 2042 896 transﬁgurant
2068 840 2127 879 se

550 943 686 996 sicut
730 938 997 992 ministros
1030 928 1248 1000 jnstitia:
1279 926 1343 993 (ll
1371 923 1488 977 Cor.
1515 939 1600 986 ιι,
1647 919 1864 988 15ο1ῑλ);
1913 918 1958 972 si
2003 931 2126 970 vere

553 1032 652 1086 iste
676 1030 900 1097 aliquem
927 1022 1168 1092 angelum
1192 1018 1321 1072 vidit
1340 1013 1538 1070 erroris
1565 1013 1827 1075 nuntium,
1852 1019 1905 1064 et
1923 1009 1990 1063 de
2012 1007 2126 1061 uni-

553 1131 662 1176 tate
705 1117 960 1172 catholica
991 1109 1316 1166 Christianos
1355 1119 1606 1174 separare
1651 1102 1981 1170 cupientem,
2015 1099 2127 1166 ipse

552 1227 742 1283 passus
773 1218 853 1264 est
880 1204 1121 1274 angelum
1158 1211 1358 1256 satana:
1402 1195 1857 1264 transﬁgurantem
1897 1206 1955 1244 se
1985 1190 2128 1242 velut

552 1281 796 1372 angelum
826 1297 976 1350 lucis.
1008 1295 1063 1348 Si
1094 1300 1269 1346 autem
1308 1289 1579 1352 mentitur,
1608 1295 1663 1340 et
1690 1285 1819 1339 nihil
1848 1283 1950 1337 tale
1975 1281 2123 1343 vidit,

555 1398 668 1467 ipse
696 1401 781 1448 est
807 1391 1046 1446 minister
1072 1395 1289 1446 satanzn,
1321 1383 1698 1451 transﬁgurans
1724 1394 1782 1433 se
1805 1380 1945 1432 velut
1967 1379 2127 1432 mini-

553 1497 720 1542 strum
757 1481 995 1551 iustitiae.
1033 1479 1097 1532 Et
1139 1485 1313 1530 tamen
1342 1474 1439 1527 ista
1470 1472 1644 1526 omnia
1671 1469 2042 1532 considerans,
2085 1468 2128 1522 si

557 1579 776 1634 nimium
817 1586 1098 1644 perversns
1131 1579 1186 1623 et
1223 1568 1463 1638 pertinax
1491 1579 1610 1619 esse
1648 1562 1904 1625 noluerit,
1940 1561 2132 1629 poterit

555 1669 622 1722 ab
650 1666 793 1720 omni
833 1663 914 1717 vel
960 1662 1128 1715 aliena
1163 1657 1246 1712 vel
1285 1671 1380 1712 sua
1417 1653 1726 1709 seductione
1761 1652 1994 1706 liberari.
2024 1651 2131 1704 Nos

556 1759 698 1813 enim
732 1773 823 1826 per
850 1755 1184 1809 occasionem
1217 1759 1357 1804 tuam
1385 1748 1499 1800 sine
1525 1746 1701 1814 aliquo
1730 1746 1853 1801 odio
1876 1745 2130 1800 conveni-

557 1863 677 1904 mus
698 1890 712 1911 ,
739 1846 839 1901 hoc
863 1847 1001 1899 eirea
1029 1859 1148 1898 eum
1177 1849 1454 1896 servantes
1483 1839 1620 1908 quod
1651 1837 1936 1906 Apostolus
1969 1835 2126 1890 dicit:

565 1940 779 1995 Servum
803 1947 966 1990 autent
998 1935 1200 1988 Domini
1226 1934 1422 2003 litigare
1458 1948 1557 1984 non
1595 1939 1816 2000 oportet,
1853 1928 1938 1982 sed
1967 1929 2132 1981 mitem

559 2046 665 2084 esse
691 2028 757 2082 ad
787 2044 976 2090 omnes,
1001 2023 1283 2089 docibilem,
1307 2023 1594 2093 patientem,
1626 2024 1678 2073 in
1708 2020 1946 2073 modestia
1970 2022 2132 2071 corri-

561 2124 774 2192 pientem
801 2121 996 2173 diversa
1015 2118 1312 2180 sentientes;
1341 2131 1405 2168 ne
1431 2117 1555 2184 forte
1584 2113 1664 2166 det
1689 2113 1790 2166 illis
1815 2111 1952 2165 Deus
1973 2110 2133 2182 paeni-

561 2214 766 2266 tentiam
811 2211 878 2263 ad
917 2207 1312 2280 cognoscendam
1340 2207 1622 2266 veritatem,
1662 2215 1709 2258 et
1742 2205 2036 2273 resipiscam
2071 2201 2134 2254 de

562 2302 749 2355 diaboli
783 2300 992 2368 laqueis,
1020 2298 1254 2368 captivati
1299 2295 1360 2348 ab
1399 2296 1507 2365 ipso
1546 2296 1597 2348 in
1635 2295 1792 2364 ipsius
1833 2293 2133 2347 voluntatem

561 2391 637 2462 (ll
676 2389 807 2445 Tim.
844 2406 910 2453 n,
948 2388 1107 2442 24-26
1132 2388 1169 2458 ).
1205 2387 1257 2441 Si
1285 2401 1411 2456 ergo
1436 2384 1630 2454 aliquid
1655 2401 1842 2453 aspere
1869 2384 2130 2450 diximus,

561 2497 667 2536 non
693 2480 758 2536 ad
782 2480 1186 2534 amaritudinem
1217 2477 1577 2541 dissensionis,
1611 2476 1706 2531 sed
1745 2475 1810 2530 ad
1849 2477 2130 2530 correctio-

562 2589 683 2627 nem
711 2571 1006 2626 dilectionis
1031 2571 1208 2624 valere
1233 2579 1536 2640 cognoscat.
1581 2567 1868 2623 Incolumis
1894 2568 2038 2621 vivas
2080 2567 2133 2622 in

463 2665 480 2678 ”
561 2664 793 2728 Christo,
817 2662 1160 2717 dilectissime
1183 2672 1236 2716 et
1266 2661 1592 2715 honorabilis
1616 2659 1797 2714 frater.

563 2773 650 2829 DE
672 2772 940 2829 DUABUS
958 2772 1300 2828 EPISTOLIS
1320 2771 1620 2826 PROXIME
1642 2769 2130 2838 SEQUENTIBUS.

911 2891 936 2906 -
980 2865 1103 2936 (LIB.
1134 2881 1168 2919 ιι
1197 2879 1456 2918 ιιετιιιιετ.
1485 2879 1602 2918 (ιλιι.
1630 2864 1747 2934 xx.)

630 2977 772 3031 Libri
804 2978 904 3031 duo
941 2977 1152 3049 quorum
1195 2987 1268 3030 est
1308 2977 1478 3030 titulus
1509 2996 1529 3028 ι
1559 2977 1636 3030 Ad
1673 2977 2014 3049 inquisitiones
2040 2976 2136 3031 Ja-

563 3071 766 3136 nuarii,
801 3089 819 3122 ι
865 3071 1022 3123 multa
1060 3070 1122 3122 de
1162 3068 1499 3122 Sacramentis
1544 3069 1794 3122 continent
1845 3069 2130 3137 disputata,

561 3163 664 3216 sive
703 3177 815 3231 qute
857 3160 1217 3222 universaliter,
1242 3161 1342 3213 sive
1368 3175 1480 3228 qua:
1519 3161 1785 3228 partiliter,
1832 3160 1884 3212 id
1923 3169 1996 3213 est
2034 3176 2134 3212 non

562 3267 791 3321 perteque
812 3251 864 3303 in
899 3251 1125 3303 omnibus
1154 3250 1273 3302 locis
1298 3247 1518 3302 observat
1548 3247 1822 3312 Ecclesia,
1845 3265 1933 3301 nec
1971 3258 2136 3301 tamen

562 3341 942 3396 commemorari
965 3342 1133 3394 omnia
1167 3349 1464 3409 potuerunt,
1507 3339 1594 3392 sed
1631 3340 1752 3393 satis
1789 3339 1857 3391 ad
1901 3339 2135 3408 inquisita

562 3449 857 3501 responsum
903 3442 975 3486 est
999 3448 1249 3499 :quorum
1294 3431 1532 3484 librorum
1575 3432 1733 3500 prior,
1775 3432 1986 3500 epistola
2023 3440 2132 3498 est,

564 3521 710 3575 habet
751 3523 933 3592 quippe
975 3523 1028 3574 in
1070 3522 1232 3590 capite
1255 3522 1364 3589 quis
1393 3521 1459 3573 ad
1486 3538 1629 3589 quem
1667 3523 1883 3584 scribat;
1909 3521 1996 3574 sed
2024 3522 2136 3574 ideo

563 3614 693 3666 inter
716 3613 866 3667 libros
895 3623 1251 3666 annumeratur
1277 3613 1373 3665 hoc
1401 3630 1546 3679 opus,
1573 3615 1806 3680 quoniam
1825 3630 2030 3682 sequens
2052 3614 2137 3680 qui

564 3702 768 3755 nomina
797 3711 966 3755 nostra
991 3719 1090 3754 non
1118 3702 1296 3766 habet,
1326 3701 1482 3755 multo
1509 3711 1580 3755 est
1610 3702 1871 3770 prolixior,
1913 3712 1958 3756 ct
1992 3705 2045 3756 in
2078 3720 2136 3757 eo

568 3792 725 3851 multo
749 3791 892 3860 plura
924 3801 1224 3844 tractantur.
1257 3791 1323 3845 In
1349 3793 1508 3862 primo
1528 3793 1681 3863 igitur
1706 3792 1838 3862 quod
1864 3794 1925 3845 de
1951 3809 2136 3846 manna

566 3882 703 3946 dixi,
739 3901 755 3932 ι
781 3883 896 3949 quia
936 3883 1199 3952 unicuique
1236 3883 1504 3936 secundum
1550 3883 1806 3953 propriam
1834 3883 2138 3936 voluntatem

564 3970 614 4022 in
645 3987 728 4024 ore
754 3972 994 4039 sapiebat,
1023 3991 1040 4023 ι
1071 3989 1171 4025 non
1200 3973 1319 4026 mihi
1345 3974 1554 4026 occurrit
1580 3972 1712 4025 unde
1730 3974 1884 4044 possit
1915 3973 2134 4040 probari,

564 4059 662 4112 nisi
685 4076 749 4114 ex
774 4060 899 4113 libro
923 4062 1202 4132 Sapientia:
1227 4061 1379 4134 (Sap.
1404 4078 1514 4124 xvt,
1543 4061 1657 4135 21),
1686 4080 1831 4135 quem
1851 4063 2022 4117 Judazi
2040 4082 2140 4118 non

487 4152 498 4165 ‘
563 4153 808 4220 recipiunt
837 4153 889 4206 in
917 4155 1261 4207 auctoritatem
1299 4155 1626 4216 canonicam;
1655 4155 1789 4224 quod
1817 4164 1979 4208 tamen
2008 4154 2133 4224 [ide-

565 4244 692 4297 libus
719 4246 875 4312 potuit
903 4246 1182 4314 provenire,
1210 4262 1309 4298 non
1333 4244 1436 4298 illis
1460 4245 1697 4299 adversus
1723 4244 1886 4299 Deum
1912 4263 2138 4300 murum-

565 4334 840 4398 ratoribus,
867 4334 952 4400 qui
992 4339 1212 4404 profecto
1252 4335 1378 4388 alios
1404 4351 1539 4388 escas
1567 4353 1665 4388 non
1702 4336 2066 4410 desiderarent,
2098 4337 2141 4389 si

568 4422 661 4473 hoc
687 4423 756 4474 eis
781 4435 976 4488 saperet
1001 4440 1186 4476 utanna
1211 4425 1344 4494 quod
1373 4425 1529 4478 vellcn
1601 4424 1710 4479 Hoc
1749 4443 1874 4496 opus
1903 4428 1975 4480 sic
2011 4427 2140 4480 inci—

572 4511 678 4580 pit:
706 4529 724 4562 ι
751 4509 830 4563 Ad
848 4529 908 4566 ea
934 4529 1046 4582 qua:
1070 4530 1147 4566 me
1165 4514 1499 4584 interrogasti.
1520 4532 1540 4565 ι

881 4699 970 4750 AD
1007 4697 1498 4766 INQUISITIONES
1533 4699 1844 4756 JANUAllll

1172 4785 1323 4823 Lmen
1361 4784 1549 4824 ratuus
1565 4809 1579 4833 ,

1316 4854 1412 4894 SEU

1042 4926 1368 4984 EPISTOLA
1407 4928 1519 4983 LIV
1549 4932 1568 4952 ο
1594 4926 1690 5000 (a).

579 5046 879 5116 Augustinus
906 5042 1154 5096 Januario
1181 5041 1478 5112 respondet,
1519 5040 1701 5094 docens
1740 5040 1862 5111 quid
1901 5041 2147 5111 agendum

645 5140 709 5192 sit
737 5139 789 5191 in
812 5137 874 5191 iis
899 5138 951 5190 in
978 5135 1156 5205 quibus
1182 5135 1441 5204 regionum
1469 5144 1554 5188 aut
1579 5133 1918 5192 Ecclesiarum
1943 5152 2148 5190 consue-

647 5231 843 5285 tudines
886 5229 1112 5292 variant,
1153 5236 1199 5280 et
1232 5228 1286 5280 in
1324 5227 1501 5296 quibus
1542 5229 1890 5290 consentiunt;
1930 5239 2050 5297 puta
2087 5227 2150 5281 de

650 5318 990 5376 Sacramentis
1009 5359 1023 5383 ,
1053 5317 1192 5388 [estis
1215 5317 1387 5371 diebus
1405 5359 1420 5383 ,
1443 5317 1640 5388 jejunio
1667 5326 1716 5371 et
1739 5316 2078 5372 Eucltaristia.

643 5456 658 5472 '
685 5455 764 5503 llis
786 5451 1101 5502 emendandis
1131 5451 1328 5501 adhibiti
1351 5457 1462 5500 sunt
1483 5450 1551 5499 bl.
1573 5451 1656 5514 b_n.
1673 5464 1744 5500 ee.
1780 5449 1843 5499 cl.
1878 5449 1913 5498 f.
1938 5451 1978 5514 j.
2001 5464 2044 5501 r.
2069 5465 2148 5502 vv.

577 5513 676 5563 duo
691 5515 766 5562 sb.
792 5515 891 5563 duo
915 5521 951 5562 t.
977 5521 1081 5562 tres
1101 5525 1176 5563 ve.
1204 5521 1307 5562 tres
1328 5527 1376 5562 v.
1399 5521 1498 5562 Am.
1523 5511 1632 5560 Bad.
1654 5518 1726 5559 Er.
1755 5518 1866 5560 Iov.

576 5573 715 5684 alia
739 5574 876 5684 Αὶὸἷῆ
903 5573 1016 5636 118;
1039 5588 1151 5638 qua:
1173 5582 1336 5625 autem
1356 5571 1419 5624 54
1443 5579 1567 5632 erat,
1585 5585 1712 5621 nunc
1735 5572 1839 5622 155.
1863 5572 2043 5636 Scripta
2063 5573 2152 5624 άιι.

1764 262 1823 316 S.
1865 257 2225 316 AL'GUS'Hl‘il
2267 255 2572 312 EPISCOPI

3701 250 3810 311 ιω

2234 370 2584 425 Dilectissimo
2613 367 2721 423 tilio
2749 366 3006 422 ιῐιιιιιιιιιο
3034 369 3075 435 ¹,
3115 367 3475 436 Aecus'nrtus,
3506 367 3559 423 in
3587 368 3814 424 Domino

2896 460 3145 512 salutem.

2299 547 2522 604 CAPUT
2559 546 2987 603 PRIMUM—1.
3007 547 3085 601 Ad
3108 563 3168 602 ea
3194 563 3312 617 qua‘.
3339 563 3426 602 me
3454 547 3812 617 interrogasti,

2232 639 2444 692 mallem
2465 638 2608 706 prius
2627 652 2780 691 nosse
2795 636 2920 706 quid
2937 637 3287 705 interrogatus
3303 637 3414 706 ipse
3430 637 3784 705 responderes
3798 655 3812 688 τ

2232 730 2302 783 ita
2327 729 2466 783 enim
2491 729 2572 783 vel
2597 727 2939 798 approbando
2969 726 3049 781 vel
3078 727 3410 782 emendando
3439 728 3814 796 responsiones

2232 830 2348 871 tuas
2378 818 2540 871 multo
2569 817 2778 871 brevius
2804 832 3013 887 possem
3045 816 3383 885 respondere,
3415 825 3468 870 et
3493 826 3542 870 te
3565 817 3816 872 facillime

2228 919 2321 962 aut
2349 907 2684 970 conﬁrmare,
2715 917 2807 960 aut
2828 907 3095 976 corrigere
3117 908 3158 958 ².
3193 906 3302 959 lloc
3329 905 3572 974 quidem,
3601 915 3658 959 ut
3682 905 3815 971 dixi,

2232 999 2462 1052 mallem.
2494 997 2598 1053 Sed
2627 1007 2800 1051 tamen
2832 1005 2887 1050 ut
2908 1012 3056 1066 nunc
3086 995 3482 1064 reSponderem,
3511 996 3672 1050 malui
3699 997 3817 1050 lon-

2229 1090 2430 1158 giorem
2476 1088 2650 1142 facere
2693 1100 3025 1151 sermonem,
3071 1101 3226 1155 quam
3255 1084 3594 1139 dilationem.
3637 1084 3819 1138 Primo

2233 1179 2409 1250 itaque
2441 1190 2619 1234 tenere
2660 1189 2710 1232 te
2756 1179 2910 1244 volo,
2959 1177 3099 1246 quod
3145 1186 3226 1230 est
3263 1176 3417 1244 hujus
3445 1176 3820 1245 disputationis

2230 1283 2408 1341 eaput,
2443 1271 2719 1324 Dominum
2749 1279 2984 1323 nostrum
3014 1268 3194 1322 Jesum
3221 1267 3512 1332 Christum,
3542 1267 3679 1322 sicut
3702 1267 3818 1335 ipse

2238 1364 2290 1419 in
2323 1363 2608 1431 Evangelio
2635 1361 2899 1430 loquitur,
2932 1359 3036 1414 leni
3069 1358 3197 1428 jugo
3243 1372 3338 1412 suo
3383 1373 3479 1411 nos
3515 1357 3820 1412 subdidisse

2232 1465 2286 1508 et
2330 1455 2550 1508 sarcinte
2595 1453 2695 1507 levi
2741 1450 2954 1519 (Matth.
2985 1465 3075 1512 st,
3106 1447 3195 1519 30)
3239 1466 3252 1501 :
3295 1453 3434 1501 unde
3462 1446 3818 1501 Sacramentis

2233 1561 2454 1601 n-nncro
2486 1544 2850 1614 paucissimis,
2889 1541 3261 1596 observatione
3293 1538 3585 1602 facillimis,
3617 1536 3819 1606 signiti-

2232 1638 2439 1692 catione
2467 1635 2944 1704 prmslantissimis,
2971 1631 3279 1685 soeic:atem
3307 1629 3424 1682 novi
3456 1628 3633 1698 populi
3663 1629 3819 1682 colli-

2233 1731 2402 1799 gavit,
2446 1729 2598 1782 sicuti
2637 1737 2720 1780 est
2748 1726 3044 1792 Baptismus
3074 1721 3347 1777 Trinitatis
3373 1720 3586 1774 nomine
3621 1734 3817 1776 conse-

2232 1829 2441 1885 cratus,
2475 1817 2882 1874 communicatio
2907 1815 3144 1884 corporis
3171 1824 3222 1867 et
3252 1812 3520 1883 sanguinis
3549 1813 3736 1881 ipsius,
3765 1821 3821 1867 et

2235 1913 2281 1966 si
2323 1911 2446 1980 quid
2488 1909 2626 1964 aliud
2672 1910 2722 1961 in
2762 1907 3048 1977 Scripturis
3092 1905 3360 1959 canonicis
3394 1903 3815 1970 commendatur,

2234 2002 2467 2070 exceptis
2513 1999 2578 2054 iis
2621 2015 2738 2067 qua:
2784 1997 3089 2050 servitutem
3129 1995 3303 2064 populi
3341 1994 3533 2047 veteris
3564 2009 3658 2063 pro
3684 2009 3820 2048 con-

2233 2092 2477 2162 grncntia
2506 2089 2680 2142 cordis
2714 2089 2920 2142 illorum
2952 2096 3004 2140 et
3032 2086 3319 2154 prophetici
3345 2084 3595 2152 temporis
3622 2099 3822 2138 onera-

2235 2183 2394 2247 bant,
2425 2197 2542 2250 qua:
2569 2189 2623 2234 et
2660 2181 2709 2232 in
2749 2180 2981 2248 quinque
3022 2178 3169 2231 libris
3207 2175 3371 2244 Moysi
3417 2174 3681 2243 leguntur.
3725 2173 3821 2227 llla

2235 2283 2407 2328 autem
2435 2290 2551 2343 qua:
2583 2289 2690 2326 non
2718 2272 2910 2339 scripta
2933 2311 2947 2333 ,
2981 2269 3070 2324 sed
3104 2267 3291 2322 tradita
3320 2267 3666 2331 custodimus,
3700 2283 3823 2336 qua:

2237 2365 2452 2434 quidem
2484 2373 2596 2417 toto
2623 2372 2881 2417 terrarum
2911 2361 3040 2414 orbe
3069 2369 3375 2425 servantur,
3407 2359 3560 2413 datur
3600 2360 3820 2429 intelligi

2237 2457 2320 2510 vel
2345 2456 2411 2510 ab
2440 2456 2566 2524 ipsis
2589 2454 2859 2523 Apostolis
2878 2494 2893 2518 ,
2924 2452 3007 2505 vel
3038 2451 3283 2520 plenariis
3309 2451 3565 2515 conciliis,
3593 2466 3820 2518 quorum

2235 2556 2320 2602 est
2354 2547 2404 2600 in
2443 2545 2679 2600 Ecclesia
2719 2543 3063 2598 saluberrima
3100 2541 3416 2603 auctoritas,
3450 2539 3820 2592 commendata

2235 2650 2392 2711 atque
2428 2649 2618 2694 statuta
2651 2636 2904 2701 retineri,
2936 2634 3088 2688 sicuti
3127 2632 3265 2702 quod
3312 2631 3516 2685 Domini
3558 2631 3732 2699 passio
3762 2641 3822 2685 et

2235 2732 2556 2787 resurrectio
2581 2739 2634 2784 et
2659 2728 2898 2783 ascensio
2925 2727 2974 2780 in
3003 2726 3217 2786 coelum,
3241 2734 3289 2777 et
3317 2721 3571 2776 adventus
3595 2723 3661 2775 de
3680 2722 3824 2775 etelo

2237 2820 2463 2890 Spiritus
2491 2819 2686 2879 sancti,
2716 2817 3075 2870 anniversaria
3103 2813 3434 2868 solemnitate
3459 2811 3823 2876 celebrantur,

2236 2918 2290 2963 et
2317 2911 2359 2962 si
2399 2909 2520 2979 quid
2560 2907 2702 2960 aliud
2746 2908 2848 2961 tale
2889 2904 3120 2958 occurrit
3164 2903 3303 2972 quod
3334 2913 3575 2956 servatur
3600 2901 3669 2954 ab
3697 2900 3826 2956 uni-

2237 3014 2412 3064 versa,
2440 3013 2769 3066 quacumque
2798 3012 2856 3050 se
2882 2995 3152 3057 dilTnntlit,
3183 2993 3436 3047 Ecclesia.

2307 3089 2531 3145 CAPUT
2561 3088 2624 3142 ll.
2657 3117 2721 3128 —-
2752 3088 2806 3140 2.
2837 3088 2950 3141 Alia
2987 3103 3115 3140 vero
3145 3102 3262 3155 qum
3300 3099 3391 3153 per
3416 3084 3528 3137 loca
3558 3091 3824 3137 terrarum

2236 3181 2586 3250 regionesque
2627 3179 2926 3242 variantur,
2975 3177 3127 3231 sicuti
3167 3186 3249 3230 est
3285 3174 3425 3244 quod
3463 3175 3549 3226 alii
3576 3174 3829 3241 jt-junant

2237 3273 2476 3338 sabbato,
2504 3273 2590 3325 alii
2620 3287 2757 3335 non;
2785 3271 2870 3323 alii
2909 3269 3144 3339 quotidie
3177 3268 3564 3322 communicant
3605 3268 3828 3336 corpori

2238 3374 2292 3419 et
2318 3365 2557 3434 sanguini
2589 3364 2790 3417 Domini
2815 3405 2829 3426 ,
2858 3363 2944 3416 alii
2971 3363 3131 3417 certis
3158 3362 3342 3416 diebus
3366 3362 3661 3430 accipiunt;
3691 3362 3786 3414 alii
3809 3363 3828 3417 i

2238 3455 2413 3508 nullus
2446 3455 2559 3508 dies
2587 3455 3042 3522 praetermittitur,
3083 3467 3188 3522 quo
3226 3468 3329 3506 non
3364 3451 3648 3510 olleratur.
3693 3453 3830 3508 aliti

2240 3545 2460 3599 sabbato
2490 3554 2689 3598 tantum
2721 3553 2775 3599 et
2803 3544 3071 3599 dominico
3090 3586 3103 3608 ,
3133 3544 3254 3599 alibi
3283 3553 3480 3598 tantum
3516 3544 3827 3600 dominico:

2239 3643 2292 3687 et
2321 3635 2364 3687 si
2391 3634 2512 3702 quid
2540 3633 2678 3687 aliud
2710 3633 3004 3701 lntjnsntodi
3036 3633 3382 3687 animadverti
3412 3642 3615 3702 potest,
3648 3641 3826 3686 totum

2240 3722 2342 3778 hoc
2372 3738 2537 3789 genus
2584 3739 2758 3775 rerum
2811 3723 3002 3777 liberas
3046 3723 3204 3776 habet
3248 3723 3678 3787 observationes;
3721 3739 3832 3779 nec

2239 3813 2511 3882 disciplina
2559 3813 2658 3866 ulla
2705 3823 2785 3867 est
2832 3813 2883 3866 in
2925 3813 3007 3866 his
3054 3813 3243 3868 melior
3283 3813 3427 3883 gravi
3471 3813 3831 3883 prudentique

2240 3903 2526 3958 christiano
2545 3944 2560 3967 ,
2591 3917 2746 3971 quam
2773 3911 2832 3956 ut
2855 3917 2920 3955 eo
2945 3903 3104 3956 modo
3132 3911 3254 3971 agat
3291 3917 3396 3972 quo
3435 3918 3591 3972 agere
3628 3903 3832 3958 viderit

2243 3994 2526 4047 Eet-lesiam
2553 3992 2619 4046 ad
2641 4007 2796 4062 quam
2825 3991 2958 4047 forte
2981 3991 3273 4046 devenerit.
3301 3993 3453 4057 Quod
3479 3993 3620 4046 enim
3648 4008 3833 4063 neque

2241 4092 2424 4136 contra
2453 4082 2641 4145 ﬁdem,
2685 4097 2857 4152 neque
2895 4091 3079 4136 contra
3121 4083 3288 4135 bonos
3325 4097 3500 4138 mores
3537 4097 3656 4136 esse
3687 4099 3794 4137 con
3816 4115 3830 4124 -

2242 4174 2466 4228 vincitur
2498 4173 2552 4238 ³,
2599 4173 2960 4228 iudiﬂ'erenter
3002 4183 3085 4228 est
3131 4173 3464 4237 habendum,
3510 4183 3563 4227 et
3606 4183 3835 4243 propter

2241 4279 2424 4320 eorum
2453 4265 2590 4319 inter
2613 4279 2746 4333 quos
2773 4265 2964 4318 vivitur
2987 4265 3296 4318 societatem
3322 4265 3637 4320 servandum
3668 4277 3776 4319 est.

2314 4355 2366 4408 5.
2406 4353 2576 4408 Credo
2607 4362 2657 4408 te
2682 4353 2961 4422 aliquando
2998 4369 3060 4407 ex
3101 4369 3186 4408 me
3226 4353 3466 4419 audisse,
3511 4354 3605 4408 sed
3645 4364 3833 4410 tamen

2244 4446 2403 4500 etiam
2429 4460 2568 4499 nunc
2593 4459 2972 4500 commemoro.
3012 4445 3179 4501 Mater
3214 4461 3331 4500 mea
3365 4447 3709 4501 Mediolanum
3737 4465 3838 4504 me

2245 4544 2560 4599 consecuta,
2595 4535 2796 4589 invenit
2839 4535 3130 4590 Ecclesiam
3174 4538 3395 4592 sabbato
3436 4553 3538 4590 non
3579 4538 3837 4607 jejunan-

2246 4636 2388 4691 tem;
2433 4638 2667 4696 coeperat
2709 4628 3004 4698 perturbari
3048 4637 3102 4684 et
3141 4628 3397 4684 ﬂuctuare
3442 4629 3565 4699 quid
3611 4643 3838 4700 ageret:

2245 4732 2366 4772 cum
2396 4733 2494 4788 ego
2521 4718 2642 4772 talia
2674 4734 2776 4772 non
2803 4719 3085 4785 curabant,
3116 4719 3208 4774 sed
3247 4729 3460 4789 propter
3497 4720 3661 4789 ipsam
3699 4736 3842 4774 ωηο

2246 4811 2383 4864 sului
2407 4809 2474 4864 de
2500 4810 2598 4864 hac
2626 4825 2683 4863 re
2724 4810 3038 4863 beatissima:
3078 4810 3349 4864 memoria:
3387 4811 3553 4864 virum
3596 4811 3840 4864 Ambro-

2247 4901 2418 4966 sium;
2454 4899 2728 4972 respondit
2762 4899 2892 4954 mihi
2921 4899 3051 4954 nihil
3080 4914 3138 4955 se
3167 4900 3357 4954 docere
3387 4915 3474 4956 me
3505 4915 3695 4970 posse.
3729 4899 3840 4957 nisi

2248 4993 2388 5064 quod
2433 4994 2546 5063 ipse
2589 4992 2817 5056 faceret,
2847 4993 2966 5062 quia
3011 4992 3056 5045 si
3097 4993 3286 5048 melius
3324 5000 3504 5047 nosset
3528 5032 3541 5053 ,
3574 4991 3626 5046 id
3656 4995 3843 5062 potius

2248 5087 2577 5141 observaret.
2604 5085 2844 5153 Cumque
2877 5099 2976 5153 ego
3005 5093 3268 5154 putassem
3289 5127 3303 5151 ,
3343 5086 3484 5140 nulla
3513 5085 3718 5140 reddita
3748 5103 3846 5141 ra-

2252 5178 2393 5232 tione
2411 5219 2427 5243 ,
2456 5175 2767 5230 auctoritate
2797 5177 2910 5231 sola
2935 5190 3029 5230 sua
3060 5192 3157 5232 nos
3185 5178 3415 5233 voluisse
3447 5177 3737 5233 admonere
3766 5196 3844 5236 ne

2317 5333 2332 5364 ¹
2362 5338 2411 5380 ιιι
2431 5337 2515 5380 Ms.
2535 5329 2820 5380 Floriacensi
2844 5331 3139 5390 inscribitur,
3175 5329 3242 5381 ad
3262 5327 3547 5381 Ianuarium
3569 5331 3842 5382 natat-im.

2253 5393 2334 5440 Cui
2352 5392 2643 5455 suifragatur
2665 5405 2792 5441 unus
2813 5405 2844 5441 e
2881 5393 3151 5455 sorbouicis
3173 5401 3277 5455 ita,

2316 5457 2335 5522 ξ
2366 5448 2556 5522 aliquot
2576 5461 2705 5513 Mss.,
2733 5451 3080 5518 responderis;
3102 5461 3154 5504 et
3173 5451 3318 5517 paulo
3337 5459 3467 5515 post,
3495 5448 3844 5516 corr/innare»:

2251 5519 2336 5563 aut
2370 5519 2676 5578 corrigerem.

2458 5584 2562 5626 Mss.
2593 5575 2836 5640 plerique.
2862 5582 2918 5626 At
2949 5575 3085 5637 Edd.,
3122 5581 3289 5628 contra
3309 5573 3452 5628 borios
3485 5587 3641 5627 mores
3670 5571 3839 5638 iisin»-

2341 5651 2403 5685 IT.
