4032 6334
241 315 326 372 2M
1463 326 1937 386 El‘lSTOL.\RUM
1976 333 2246 394 CLASSlS
2283 337 2344 392 11.

252 432 456 488 sublatus
495 433 909 504 jejuuaremus,
955 429 1265 485 subsecutus
1309 443 1423 496 est.
1465 447 1517 490 et
1559 439 1630 492 ait
1669 441 1833 497 mihi:

254 526 372 581 Cum
399 525 635 580 Romam
667 526 863 592 venio,
888 526 1071 596 jejuno
1107 526 1360 592 sabbato;
1407 543 1526 581 eum
1573 529 1656 583 hic
1693 546 1834 596 sum,

253 636 344 674 non
368 619 578 689 jejuno.
621 619 717 674 Sic
753 621 914 675 etiam
950 628 1037 686 tu,
1076 618 1140 673 ad
1183 634 1340 687 quam
1376 619 1509 674 forte
1541 621 1833 676 Eeclesiam

253 709 449 762 verteris
467 747 485 774 ,
512 709 634 778 ejus
664 725 869 764 morem
897 723 1082 775 serva,
1114 708 1159 763 si
1188 709 1432 779 cuiquam
1473 726 1578 765 non
1614 713 1693 766 vis
1716 728 1836 768 esse

249 799 515 865 seandalo,
549 815 650 855 nec
681 816 1000 870 quemquam
1032 801 1145 855 tibi.
1177 801 1288 856 Hoc
1312 817 1432 856 cum
1461 804 1613 858 matri
1641 819 1838 859 renun-

250 890 478 956 tiassem,
515 889 750 945 libenter
775 891 1014 958 amplexa
1040 899 1141 946 est.
1175 891 1288 962 Ego
1319 908 1445 946 vero
1473 893 1540 948 de
1577 893 1677 950 bac
1709 910 1834 950 sen-

248 977 399 1030 tentia
427 977 593 1032 etiam
621 987 782 1048 atque
808 979 966 1034 etiam
990 980 1228 1050 cogitans
1246 1021 1261 1047 ,
1302 981 1371 1035 ita
1411 996 1625 1052 semper
1652 984 1831 1052 habui,

247 1079 492 1138 tanquam
526 1084 650 1124 eam
685 1071 893 1126 cmlesti
929 1072 1143 1127 oraculo
1170 1075 1482 1142 acceperim.
1513 1076 1663 1130 Sensi
1691 1076 1833 1132 enim

244 1175 380 1230 tia-pe
408 1160 604 1215 dolens
631 1169 687 1216 et
713 1176 934 1231 gemens
962 1161 1156 1216 inultas
1185 1162 1512 1217 infirmorum
1554 1166 1832 1234 perturba-

244 1252 412 1305 tiooes
456 1252 607 1317 fieri,
656 1266 753 1322 per
789 1251 1136 1322 quorumdam
1186 1252 1405 1306 fratrum
1449 1255 1832 1310 contentiosam

246 1343 658 1397 obstinationem
679 1384 696 1408 ,
723 1343 807 1396 vel
831 1343 1248 1412 superstitiosam
1275 1344 1602 1400 timiditatem
1621 1387 1635 1411 ,
1664 1347 1752 1416 qui
1779 1347 1831 1402 in

243 1431 394 1486 rebus
420 1431 733 1501 hujusmodi
749 1472 764 1497 ,
794 1448 911 1502 qua:
933 1449 1102 1502 neque
1122 1432 1408 1502 Scriptura:
1434 1445 1628 1489 sancta:
1650 1447 1832 1492 aucto-

241 1523 422 1586 ritate,
458 1538 640 1592 neque
678 1523 993 1578 universalis
1031 1524 1280 1579 Ecclesia:
1319 1524 1631 1594 traditione,
1659 1542 1832 1597 neque

242 1614 356 1666 vita:
375 1612 716 1684 corrigendae
738 1614 981 1680 utilitate,
999 1613 1064 1668 ad
1084 1624 1284 1668 certum
1309 1625 1525 1683 possunt
1546 1617 1828 1672 terminum

242 1705 517 1772 pen‘enire
559 1705 788 1776 (tantum
834 1705 957 1774 quia
999 1706 1181 1760 subest
1226 1705 1623 1777 qualiscumque
1665 1708 1829 1763 ratio-

238 1784 427 1849 cinatio
456 1797 764 1866 cogitantis,
792 1805 882 1850 ant
909 1796 1031 1866 quia
1065 1797 1115 1851 in
1143 1812 1235 1851 sua
1265 1799 1428 1868 patria
1460 1798 1536 1853 sic
1563 1800 1675 1870 ipse
1697 1815 1826 1856 con-

237 1888 438 1953 suevit,
486 1897 579 1941 aut
622 1887 712 1957 qui
760 1887 885 1941 alibi
929 1889 1089 1954 vidit,
1137 1890 1562 1958 peregrinatione
1600 1905 1691 1946 sua
1723 1909 1828 1962 quo

237 1979 577 2032 remotiorem
608 1995 637 2033 a
663 1979 796 2043 suis,
825 1994 892 2034 eo
917 1979 1208 2036 doctiorem
1235 1997 1293 2036 se
1314 1981 1509 2036 factum
1541 1992 1733 2052 putans
1755 1985 1823 2056 ¹);

239 2079 340 2123 tam
381 2071 643 2141 litigiosus
676 2072 917 2126 excitant
953 2073 1311 2148 qumstiones,
1347 2084 1402 2128 ut
1430 2075 1529 2130 nisi
1557 2077 1696 2146 quod
1727 2078 1826 2148 ipsi

237 2157 468 2224 faciunt,
506 2160 636 2214 nibil
666 2171 870 2216 rectum
899 2162 1221 2218 existiment.

307 2252 532 2306 CAPUT
565 2252 794 2307 ιιι-4.
819 2253 1016 2309 Dixerit
1049 2255 1242 2326 aliquis
1273 2271 1378 2310 non
1409 2259 1644 2327 quotidie
1681 2263 1824 2316 acci-

238 2344 487 2410 piendum
531 2341 917 2400 Eueharistiam
953 2363 965 2399 :
999 2348 1274 2416 qua-sieris
1312 2365 1494 2418 quare.
1539 2351 1819 2419 Quoniam,

235 2435 428 2504 inquit,
478 2437 709 2506 eligendi
751 2445 877 2491 sunt
911 2438 1024 2493 dies
1051 2440 1242 2508 quibus
1273 2443 1452 2509 purius
1497 2441 1658 2498 homo
1699 2460 1826 2500 con-

236 2526 592 2596 tinentiusque
643 2527 849 2590 vivit',
903 2544 1008 2598 quo
1055 2529 1123 2584 ad
1174 2539 1375 2585 tantum
1423 2531 1822 2591 Sacramentum

233 2617 414 2686 dignus
441 2619 666 2673 accedat
697 2637 708 2672 :
743 2619 845 2684 Qui
875 2621 1009 2674 enim
1039 2622 1410 2679 manducauerit
1431 2624 1656 2697 indigne,
1679 2628 1823 2697 judi-

229 2711 354 2760 cium
404 2697 502 2762 sibi
551 2711 827 2764 ntanducat
871 2722 916 2765 et
960 2711 1080 2766 bibit
1129 2713 1181 2785 (l
1223 2715 1339 2769 Cor.
1377 2733 1462 2780 ιι,
1509 2717 1624 2790 9-9).
1673 2720 1823 2777 Alius

230 2811 405 2854 contra
436 2820 450 2856 :
482 2801 628 2866 lino,
659 2803 859 2872 inquit,
892 2804 933 2858 si
963 2813 1103 2858 tanta
1135 2813 1218 2860 est
1247 2807 1397 2877 plaga
1427 2810 1626 2876 peccati
1664 2821 1824 2880 atque

231 2891 453 2961 impetus
485 2892 680 2955 morbi,
713 2902 773 2946 ut
801 2894 1188 2949 medicamenta
1220 2897 1342 2950 talia
1371 2897 1663 2956 differenda
1691 2901 1818 2968 sint,

228 2985 540 3039 auctoritate
568 2985 823 3039 antistitis
858 2985 1016 3040 debet
1052 2987 1274 3057 quisque
1317 2988 1384 3041 ab
1423 2990 1610 3045 altario
1647 3007 1822 3046 remo-

229 3076 329 3129 veri
358 3077 423 3130 ad
453 3076 722 3146 agendam
757 3078 1151 3146 ptenilentiam,
1193 3087 1248 3134 et
1275 3080 1458 3135 eadem
1504 3085 1821 3142 auctoritate

229 3168 576 3222 reconciliari.
627 3167 738 3222 Hoc
781 3177 864 3222 est
906 3169 1047 3222 enim
1096 3167 1309 3240 indigne
1353 3172 1623 3242 accipere,
1671 3175 1714 3229 si
1753 3191 1818 3231 eo

227 3267 462 3327 tempore
491 3259 722 3328 accipiat
748 3275 854 3329 quo
883 3259 1040 3316 debet
1067 3276 1226 3332 agere
1267 3264 1664 3332 pmnitentiam;
1709 3282 1815 3322 non

228 3360 278 3400 ut
302 3350 526 3404 arbitrio
552 3364 671 3413 suo,
703 3365 824 3405 cum
851 3351 1000 3418 libet,
1029 3353 1113 3407 vel
1138 3353 1343 3409 auferat
1366 3370 1425 3410 se
1453 3358 1816 3415 communiOai

226 3443 302 3496 vel
332 3442 541 3496 reddat.
591 3442 854 3498 Castorum
902 3455 1114 3513 peccata
1153 3445 1197 3500 si
1238 3451 1380 3501 tanta
1419 3463 1524 3503 non
1565 3459 1718 3519 sunt,
1760 3463 1817 3508 ut

223 3532 769 3588 escommunicandus
797 3533 887 3604 qui
899 3550 1019 3604 sque
1047 3534 1068 3566 ³
1101 3535 1400 3604 iudicetur,
1441 3553 1546 3594 non
1572 3555 1632 3595 se
1657 3541 1814 3597 debet

221 3640 248 3676 a
284 3625 597 3694 quotidiana
647 3625 908 3682 medicina
956 3627 1211 3683 Dominici
1261 3631 1502 3700 corporis
1543 3647 1809 3703 separare.

223 3717 433 3772 Rectius
478 3717 624 3774 inter
671 3733 766 3773 eos
816 3718 1040 3774 fortasse
1082 3721 1342 3790 quiSpiam
1394 3721 1594 3779 dirimit
1641 3725 1808 3794 litem,

221 3806 304 3874 qui
331 3816 520 3862 monet
548 3817 607 3862 ut
638 3808 902 3878 praecipue
941 3809 991 3863 in
1021 3809 1215 3864 Christi
1260 3826 1388 3880 pace
1431 3826 1810 3882 permaneant:

219 3893 372 3950 faciat
399 3909 584 3951 autem
615 3898 973 3968 unusquiSqne
997 3899 1136 3970 quod
1163 3901 1451 3957 secundum
1477 3903 1633 3960 fidem
1658 3922 1808 3963 suam

218 3989 297 4056 pie
322 3989 500 4044 credit
523 4005 646 4045 esse
685 3989 999 4045 faciendum.
1030 3991 1230 4048 Neuter
1256 3995 1396 4049 enim
1425 4011 1610 4051 eorum
1644 3999 1810 4054 exho-

219 4089 369 4133 norat
396 4094 600 4149 corpus
626 4089 681 4135 et
701 4082 1009 4151 sanguinem
1035 4083 1261 4152 Domini,
1289 4086 1380 4140 sed
1402 4079 1807 4147 saluberrimum

215 4168 627 4226 Sacramentum
667 4173 908 4228 certatim
947 4173 1210 4230 honorare
1247 4179 1592 4234 contendunt.
1626 4180 1806 4252 Neque

213 4261 352 4315 enim
383 4262 728 4332 litigaverunt
767 4263 902 4317 inter
939 4278 1024 4330 se,
1071 4273 1162 4319 aut
1205 4267 1482 4337 quiSquaIn
1527 4285 1708 4325 eorum
1747 4287 1807 4329 se

212 4351 361 4406 alteri
396 4351 712 4422 prmposuit,
741 4351 994 4407 Zacha'ns
1024 4365 1077 4408 et
1107 4355 1196 4410 illc
1223 4355 1492 4424 Centurio,
1523 4374 1641 4414 cum
1671 4353 1806 4417 alter

210 4456 398 4497 eorum
427 4443 671 4514 gaudens
698 4443 749 4498 in
777 4443 993 4498 domum
1019 4460 1168 4500 suam
1202 4449 1495 4518 susceperit
1525 4450 1802 4507 Dominum

209 4533 360 4604 (Luc.
389 4551 509 4598 ιιι,
539 4533 618 4602 6),
650 4535 786 4590 alter
811 4535 1035 4600 dixerit,
1070 4535 1190 4590 Non
1219 4555 1330 4592 sum
1355 4537 1537 4610 dignus
1566 4539 1622 4595 ut
1648 4542 1802 4597 intres

205 4629 296 4682 sub
338 4639 527 4683 tectum
568 4641 734 4681 meum
764 4619 974 4700 (Matth.
1003 4644 1127 4696 vut,
1157 4629 1210 4700 8)
1248 4649 1262 4685 :
1292 4631 1450 4686 ambo
1475 4633 1800 4690 Salvatorem

205 4718 632 4774 honorificantes
653 4720 863 4774 diverso
889 4729 942 4775 et
962 4721 1112 4790 quasi
1134 4723 1400 4777 contrario
1424 4725 1614 4790 modo;
1643 4727 1801 4782 ambo

201 4812 441 4878 peccatis
468 4810 676 4876 miseri,
702 4809 858 4864 ambo
885 4811 1299 4866 misericordiam
1326 4816 1618 4870 consecuti.
1650 4814 1800 4872 Valet

200 4905 365 4957 etiam
398 4903 468 4957 ad
513 4902 655 4957 hanc
688 4902 1082 4957 similitudinem
1126 4905 1267 4973 quod
1310 4905 1362 4959 in
1408 4905 1577 4975 primo
1607 4910 1799 4978 populo

201 4997 501 5066 unicuique
543 5009 737 5048 manna
772 4995 1059 5050 secundum
1092 4997 1354 5066 propriam
1389 4999 1713 5055 voluntatem
1745 5003 1798 5056 in

202 5097 296 5141 ore
337 5083 588 5156 sapiebat
621 5083 694 5156 (a)
719 5126 733 5148 ,
781 5085 857 5138 sic
900 5086 1311 5156 ttniuscujusque
1355 5088 1406 5142 in
1451 5080 1610 5143 corde
1652 5091 1796 5145 chri-

202 5178 364 5231 stiani
395 5175 807 5232 Sacramentum
837 5174 961 5229 illud
983 5216 998 5242 ,
1029 5189 1134 5246 quo
1175 5177 1480 5247 subiugatus
1521 5180 1604 5234 est
1646 5199 1796 5237 nuut-

267 5329 285 5397 ξ
312 5328 390 5399 sic
410 5333 554 5375 recte
595 5337 664 5399 ex,
691 5325 873 5388 aliquot
894 5331 1003 5399 itm.
1029 5327 1130 5393 [aut
1154 5325 1267 5390 quia
1283 5326 1354 5399 ibi
1392 5327 1524 5399 t'idit,
1553 5331 1635 5399 ubi
1654 5347 1794 5399 pere-

203 5385 526 5450 grinationan
542 5398 688 5461 suam
708 5385 802 5449 σιὼ
835 5385 1135 5439 retractiorent
1156 5385 1189 5437 ἁ
1217 5389 1342 5449 suis,
1369 5404 1426 5441 ea
1447 5385 1706 5444 doctiorem
1727 5399 1798 5461 fa.-

204 5457 328 5497 τιωη
349 5456 540 5499 nutans.

661 5516 714 5557 et
747 5521 888 5574 mox,
911 5508 1126 5574 dignius
1153 5510 1366 5561 accedat.
1396 5523 1449 5564 At
1473 5523 1681 5566 nostram
1718 5518 1793 5569 le-

209 5574 420 5621 ctionem
446 5571 726 5634 [referunt
737 5571 1038 5634 antiquiores
1062 5573 1172 5634 lj‘tld.
1199 5581 1250 5622 et
1274 5581 1376 5622 Mss.

270 5634 289 5664 ³
311 5636 384 5702 sic
405 5631 544 5683 recte
568 5646 632 5702 εις
681 5631 904 5702 pluribus
931 5638 1038 5682 Mss.
1065 5633 1135 5694 [ut
1157 5635 1639 5689 exconmnmicandrs
1664 5639 1790 5702 iliis-

212 5695 496 5758 quamhomo
507 5692 812 5758 μώκου-,1

268 5757 336 5824 (α)
355 5759 452 5808 ιω.
473 5753 769 5812 u'netract.,
787 5765 832 5802 c.
857 5753 933 5803 20.

465 5863 712 5927 Sanus.
763 5857 1036 5918 Aecusr.
1082 5859 1162 5921 Ii.

3410 356 3515 412 Elii

1943 444 2041 500 dus
2074 447 2111 500 ¹.
2161 447 2291 502 Nam
2335 459 2388 504 et
2439 451 2529 507 ille
2577 453 2884 534 honorando
2931 476 3036 515 non
3087 464 3244 519 audet
3286 469 3520 536 quotidie

1941 550 2185 603 sumere,
2216 549 2270 593 et
2311 539 2399 597 ille
2437 532 2747 601 honorando
2789 563 2892 603 non
2932 552 3090 606 audet
3129 554 3234 609 ullo
3266 532 3350 610 die
3381 573 3489 627 prae

1943 625 2252 680 termittere.
2293 628 2668 702 Contemptum
2711 638 2882 692 solum
2924 655 3031 695 non
3071 644 3179 697 vult
3219 625 3516 714 cibusiste,

1941 714 2081 770 sicut
2119 732 2216 772 nec
2259 734 2450 774 manna
2495 721 2782 780 fastidium.
2820 728 2948 784 lnde
2977 731 3120 786 enim
3155 744 3208 788 et
3237 738 3515 804 Apostolus

1941 806 2155 877 indigne
2179 810 2305 864 dicit
2333 822 2607 882 acceptum
2635 815 2702 870 ab
2727 818 2805 872 eis
2823 860 2839 885 ,
2867 821 2956 890 qui
2989 821 3088 876 hoc
3116 839 3222 878 non
3251 825 3504 883 discerne-

1941 896 2065 951 bant
2093 914 2122 952 a
2151 903 2358 957 exs-teris
2385 903 2516 958 cibis
2556 909 2898 964 veneratione
2940 911 3279 980 singulariter
3305 915 3478 970 debita
3503 936 3516 971 :

1939 990 2187 1046 continuo
2225 993 2419 1063 quippe
2452 1008 2574 1050 cum
2601 995 2857 1066 dixisset,
2885 997 3144 1056 Iudicium
3182 1004 3276 1056 sibi
3303 1007 3520 1060 mandu-

1937 1093 2020 1134 cat
2056 1091 2104 1135 et
2132 1083 2285 1150 bibit,
2318 1085 2518 1141 addidit
2546 1094 2604 1142 ut
2626 1088 2856 1159 diceret,
2893 1109 2994 1147 non
3023 1095 3309 1166 dijudicans
3336 1115 3520 1171 corpus

1938 1169 2147 1226 Domini
2173 1174 2226 1244 (Ι
2253 1173 2370 1229 Cor.
2405 1191 2496 1242 ιι,
2525 1176 2655 1251 29);
2683 1182 2825 1250 quod
2863 1184 2991 1238 satis
3027 1194 3136 1240 toto
3167 1187 3283 1257 ipso
3308 1169 3433 1247 loco
3465 1194 3519 1248 in

1938 1261 2175 1332 Epistula
2202 1265 2268 1319 ad
2289 1265 2590 1324 Corinthios
2613 1269 2800 1339 prima,
2827 1272 2873 1327 si
2896 1273 3175 1344 diligenter
3191 1280 3503 1346 attendatur,

1936 1363 2171 1422 apparet.

2005 1465 2229 1523 CAPUT
2255 1468 2426 1525 lV.--
2445 1472 2500 1527 5.
2529 1472 2605 1529 Sit
2637 1473 2826 1544 aliquis
2862 1478 3172 1546 peregrinus
3201 1480 3251 1534 in
3281 1496 3345 1536 eo
3375 1481 3502 1539 forte

1934 1555 2083 1622 loco,
2125 1557 2214 1612 ubi
2259 1572 2660 1628 perseverantes
2691 1564 2741 1618 in
2769 1566 3136 1622 observatione
3161 1569 3506 1642 Quadragesi-

1933 1663 2054 1714 mar,
2083 1665 2182 1705 nec
2204 1653 2384 1721 quinta
2410 1655 2613 1711 sabbati
2642 1657 2875 1723 lavant’,
2901 1660 3201 1718 relaxantve
3220 1663 3508 1734 jejunium:

1932 1737 2046 1792 Non
2067 1783 2082 1806 ,
2124 1742 2321 1812 inquit,
2355 1745 2512 1800 hodie
2535 1745 2806 1817 jejunabo.
2853 1749 3118 1816 Qumritur
3152 1768 3309 1808 causa
3339 1772 3351 1807 :
3382 1755 3506 1822 Qui:

1933 1845 2036 1884 non
2069 1831 2157 1897 fit,
2189 1835 2390 1904 inquit,
2425 1837 2475 1890 in
2509 1839 2672 1906 patria
2700 1848 2839 1895 mea.
2886 1840 3024 1908 Quid
3066 1843 3208 1897 aliud
3248 1845 3365 1911 ille,
3413 1846 3516 1901 nisi

1931 1921 2368 1980 consuetudinem
2392 1941 2543 1981 suam
2569 1930 2938 1985 consuetudlni
2961 1932 3179 1988 alterius
3205 1949 3515 2004 prteponere

1930 2017 2191 2072 conatur?
2216 2018 2330 2073 Non
2356 2019 2496 2075 enim
2523 2023 2652 2077 mihi
2677 2023 2743 2078 de
2763 2023 2925 2081 Libro
2951 2026 3042 2080 Dei
3069 2026 3170 2081 hoc
3193 2029 3512 2084 recitaturus

1929 2117 2031 2172 est,
2058 2117 2149 2163 ant
2176 2110 2434 2166 universa:
2456 2122 2786 2184 quacumque
2810 2115 3057 2172 dilatatur
3077 2116 3331 2174 Ecclesia:
3355 2119 3513 2189 plena

1929 2216 2059 2255 voce
2079 2204 2322 2270 certabit,
2350 2215 2440 2260 aut
2465 2207 2711 2262 ostendet
2737 2209 2894 2262 istum
2920 2219 3105 2264 contra
3132 2209 3286 2264 [idem
3313 2211 3508 2278 facere,

1928 2305 1986 2346 se
2027 2302 2202 2349 autem
2244 2297 2534 2352 secundum
2573 2297 2766 2365 ﬁdem,
2799 2313 3081 2372 moresque
3123 2301 3246 2357 hinc
3280 2304 3512 2372 Optimos

1927 2394 2018 2438 aut
2047 2385 2191 2440 illum
2221 2388 2439 2451 violare,
2471 2399 2563 2444 aut
2590 2404 2648 2445 se
2675 2391 2945 2448 custodire
2969 2394 3265 2450 convincet.
3299 2394 3513 2451 Violant

1927 2489 2055 2529 sane
2081 2476 2312 2545 quietem
2343 2488 2396 2532 et
2425 2494 2604 2549 pacem
2637 2494 2786 2535 suam
2821 2481 2887 2537 de
2923 2483 3186 2554 superflua
3217 2487 3511 2555 quaestione

1927 2563 2172 2621 rixando.
2203 2567 2409 2623 Mallem
2439 2579 2614 2624 tamen
2644 2572 2696 2626 in
2724 2571 2880 2627 rebus
2910 2573 3229 2644 huiusmodi,
3259 2586 3316 2631 ut
3340 2587 3393 2632 et
3419 2578 3510 2634 illo

1927 2655 1979 2709 in
2011 2655 2200 2726 hujus,
2241 2668 2294 2714 et
2335 2659 2420 2714 hic
2457 2661 2506 2714 in
2539 2661 2678 2716 illius
2707 2664 2910 2733 patria,
2953 2665 3020 2720 ab
3057 2681 3123 2721 eo
3151 2667 3290 2736 quod
3328 2669 3506 2724 exeteri

1926 2747 2124 2804 faciunt
2149 2766 2251 2805 non
2283 2752 2615 2808 abhorreret.
2645 2754 2701 2809 Si
2726 2771 2854 2810 vero
2879 2757 3038 2811 etiam
3067 2758 3116 2811 in
3142 2758 3311 2814 aliena
3340 2759 3507 2830 patria

1925 2854 2045 2894 cum
2075 2843 2532 2912 peregrinaretur,
2566 2845 2651 2900 ubi
2691 2846 2859 2916 major
2887 2858 2941 2902 et
2970 2848 3293 2918 frequentior
3319 2859 3372 2904 et
3399 2850 3505 2906 fer-

1925 2933 2132 3001 ventior
2157 2943 2238 2987 est
2261 2935 2486 3004 populus
2509 2935 2622 3002 Dei,
2651 2936 2798 3003 vidit,
2827 2937 2972 2992 verbi
2999 2940 3188 3008 gratia,
3218 2939 3299 2994 bis
3323 2941 3504 2997 offerri

1923 3024 2102 3092 quinta
2130 3025 2334 3080 sabbati
2365 3025 2709 3081 hebdomadte
2740 3028 2936 3082 ultima:
2961 3029 3406 3101 Quadragesimte,
3449 3043 3504 3089 et

1923 3130 2076 3170 mane
2105 3125 2158 3169 et
2186 3115 2252 3169 ad
2283 3131 2585 3187 vesperam,
2627 3119 2950 3190 veniensque
2988 3121 3039 3174 in
3079 3123 3298 3191 patriam
3326 3137 3495 3192 Suam,

1923 3204 2008 3258 ubi
2031 3205 2082 3258 in
2107 3206 2210 3260 line
2236 3206 2338 3260 diei
2365 3221 2482 3262 mos
2507 3217 2591 3263 est
2613 3207 2787 3263 oﬂ‘erri
2805 3251 2819 3273 ,
2843 3211 2980 3266 male
3003 3222 3159 3283 atque
3184 3213 3361 3269 illicite
3386 3214 3500 3270 fieri

1912 3289 2232 3361 'eontendat,
2270 3298 2516 3366 quoniam
2555 3298 2679 3354 alibi
2709 3299 2861 3354 aliter
2886 3301 2999 3370 ipse
3026 3301 3242 3372 viderit,
3282 3307 3500 3376 puerilis

1918 3396 1999 3441 est
2043 3388 2138 3442 iste
2184 3403 2405 3456 sensus,
2453 3390 2722 3447 cavendus
2764 3393 2816 3446 in
2866 3394 3052 3460 nobis,
3099 3395 3402 3454 tolerandos
3443 3401 3497 3456 lu

1917 3479 2034 3534 aliis
2058 3479 2098 3547 ³,
2129 3481 2469 3552 corrigendus
2501 3483 2550 3538 in
2582 3483 2794 3539 nostris.

1983 3585 2212 3648 CAPUT
2239 3593 2426 3649 V.—6.
2454 3595 2626 3650 Prima
2655 3612 2781 3668 ergo
2808 3598 3076 3670 inquisitio
3104 3610 3188 3658 tua
3211 3646 3224 3671 ,
3257 3621 3412 3677 quam
3442 3608 3495 3663 in

1914 3684 2320 3740 eonunonitorio
2354 3688 2606 3755 posuisti,
2634 3706 2698 3743 ex
2726 3707 2831 3760 quo
2871 3693 3025 3747 trium
3071 3695 3289 3750 istorum
3329 3716 3494 3768 gene-

1915 3794 2030 3832 rum
2057 3778 2145 3840 sit.
2175 3781 2408 3836 attende.
2443 3782 2646 3850 Qumris
2685 3785 2825 3839 enim
2863 3787 2943 3840 his
2979 3788 3152 3843 verbis
3186 3808 3197 3842 :
3240 3790 3373 3857 Quid
3406 3811 3494 3861 per

1912 3868 2133 3936 quintam
2165 3871 2342 3940 feriam
2373 3871 2563 3926 ultimm
2588 3871 2912 3928 hebdomadis
2949 3877 3356 3950 Quadragcsima:
3381 3884 3494 3951 ﬁcri

1912 3959 2121 4015 debeat?
2147 3979 2212 4015 an
2240 3961 2551 4028 o/ferendum
2580 3965 2644 4018 sit
2669 3983 2843 4032 ntane,
2874 3976 2917 4021 et
2942 3984 3116 4023 rursus
3144 3981 3254 4041 post
3277 3981 3487 4041 cwnatlt,

1911 4059 2114 4120 propter
2141 4052 2269 4104 illud
2293 4053 2427 4122 quod
2449 4055 2636 4107 dictant
2663 4065 2755 4122 est,
2787 4075 2804 4108 ι
2832 4057 3076 4112 Similiter
3101 4071 3362 4131 postquam
3387 4074 3489 4118 ra:-

1911 4153 2083 4196 natum
2113 4145 2224 4199 est?
2250 4165 2268 4197 ι
2316 4144 2467 4216 (Luc.
2503 4156 2618 4200 xm
2638 4189 2650 4209 .
2681 4148 2797 4218 20.)
2825 4165 2889 4201 an
2904 4150 3240 4220 jejunandum
3262 4196 3275 4219 ,
3307 4164 3351 4207 et
3376 4167 3489 4224 post

1909 4245 2100 4285 ctcnam
2121 4235 2466 4288 tantummodo
2491 4234 2802 4302 offerendum
2819 4239 2845 4293 .’
2867 4255 2931 4291 an
2959 4241 3106 4293 etiam
3121 4242 3483 4312 jejunandum,

1908 4332 1953 4376 et
1979 4334 2090 4394 post
2118 4325 2451 4393 oblationem,
2484 4327 2610 4381 sicut
2653 4333 2816 4399 facere
2857 4331 3104 4401 solemus,
3151 4337 3488 4393 recitandum?

1907 4413 1987 4468 Ad
2009 4414 2120 4470 haec
2143 4415 2314 4486 itaque
2342 4419 2411 4470 ita
2435 4419 2752 4488 respondeo,
2774 4430 2829 4476 ut
2849 4422 2972 4492 quid
3000 4423 3186 4479 horum
3207 4427 3269 4480 sit
3290 4427 3488 4484 facien-

1906 4505 2029 4558 dum
2050 4549 2064 4570 ,
2109 4508 2152 4562 si
2183 4507 2372 4563 dit-inse
2397 4506 2688 4580 Scriptura:
2717 4514 3007 4582 praescribit
3039 4519 3344 4583 auctoritas,
3381 4539 3483 4577 non

1905 4600 1973 4653 sit
2016 4599 2360 4655 dubitandum
2382 4603 2505 4672 quin
2536 4604 2605 4657 ita
2640 4605 2812 4660 facere
2838 4606 3124 4663 debeamus
3154 4619 3209 4664 ut
3239 4611 3480 4680 legimus,

1905 4702 1958 4742 ιιι
1981 4690 2091 4758 jam
2115 4709 2216 4745 non
2246 4693 2512 4762 quomodo
2539 4693 2854 4760 faciendum,
2881 4696 2977 4752 sed
3005 4701 3270 4768 quomodo
3298 4702 3336 4758 S
3369 4722 3482 4759 cra-

1904 4793 2137 4836 Illellltllll
2165 4779 2558 4853 intelligendum
2577 4787 2666 4852 sit,
2685 4786 3031 4855 disputemus.
3052 4791 3306 4847 Similiter
3321 4795 3480 4848 etiam

1902 4879 1944 4927 si
1981 4873 2104 4944 quid
2146 4876 2330 4929 horum
2363 4885 2472 4931 tota
2511 4891 2604 4945 per
2643 4878 2826 4932 orbem
2871 4879 3168 4950 frequentat
3205 4885 3475 4942 Ecclesia-

1902 4983 2021 5019 nam
2059 4974 2112 5020 et
2147 4965 2268 5019 hinc
2306 4968 2430 5035 quin
2463 4969 2530 5021 ita
2563 4967 2862 5024 faciendum
2889 4971 2995 5038 sit,
3039 4973 3308 5044 disputare
3339 4979 3454 5034 iuso

1902 5055 2209 5108 lentiSsinia:
2251 5057 2468 5111 insania:
2508 5064 2610 5113 est.
2647 5058 2752 5114 Sed
2784 5077 2955 5131 neque
2988 5062 3120 5130 hoc,
3151 5077 3322 5136 neqUe
3351 5069 3473 5125 illud

1963 5214 1977 5244 ι
2005 5211 2076 5280 sic
2097 5217 2204 5284 Mss.
2229 5220 2453 5273 quatuor.
2489 5218 2545 5284 at
2587 5217 2775 5275 etcu‘si,
2811 5215 2881 5267 sic
2902 5216 2952 5268 in
2975 5232 3059 5284 ore
3078 5221 3307 5284 cujusque
3341 5222 3476 5276 Phri-

1895 5270 2041 5324 uimi
2058 5285 2075 5330 ;
2116 5281 2188 5336 ct‘
2212 5270 2584 5336 prosequuntur,
2617 5270 2966 5330 sacrantentum
3003 5270 3476 5336 illud'audmodosu-

1898 5329 2065 5410 mqtur
2084 5329 2452 5410 (euitnagdunt;
2477 5329 2698 5410 esceptis
2850 5349 2902 5390 et
2923 5329 3130 5410 tmgﬁ
3380 5329 3475 5410 diu

1897 5373 2639 5459 Izl‘bfiigqitis'witz‘ﬁiandugfulsi
2673 5373 2723 5447 in
2737 5373 3130 5451 Ἦέεῗοῖιῗόἶιῖἲέ
3149 5373 3474 5459 mata???

1897 5455 2056 5520 Gallic".
2083 5455 2283 5520 legitur,
2305 5469 2398 5520 quo
2410 5457 2690 5520 subrogatus
2706 5466 2776 5510 est
2792 5462 2999 5513 numdus
3025 5476 3044 5513 :
3066 5464 3188 5514 hanc
3210 5455 3472 5520 lectionem

1897 5510 2290 5580 coullrmai'beda
2309 5510 2531 5580 {ulgatus
2551 5510 2574 5568 Υ
2591 5530 2699 5568 (or.
2722 5523 2793 5570 ll.

1960 5584 1980 5647 ξ
2002 5577 2308 5647 Lov.,itevant
2323 5590 2343 5640 ;
2377 5577 2464 5629 sed
2501 5580 2674 5630 melius
2695 5583 2800 5647 pud.
2828 5592 2925 5647 am.
2969 5590 3043 5631 Er.
3069 5590 3116 5647 et
3141 5590 3268 5647 Mss.,
3292 5587 3470 5644 Levant.

1962 5642 1987 5704 ξ
2007 5651 2104 5687 Am.
2122 5646 2194 5704 t‘._r.
2216 5647 2268 5687 et
2285 5648 2386 5689 Mss.
2400 5649 2622 5704 quatuor,
2641 5641 2854 5693 tolmmd
2861 5658 2912 5692 us
2930 5652 2974 5693 et
2988 5641 3300 5704 carrigmdus
3319 5648 3367 5700 in
3391 5641 3471 5703 nos

1895 5700 2026 5766 stris.
2071 5701 2180 5749 Bad.
2221 5707 2273 5750 et
2301 5700 2433 5752 unus
2449 5717 2478 5753 ο
2501 5705 2658 5766 Regiis
2689 5704 2800 5753 Cdd.
2828 5705 3023 5763 habent,
3051 5700 3284 5764 tollendus
3303 5720 3350 5764 et
3367 5700 3472 5765 cars

1888 5765 2106 5828 rigindus
2127 5767 2175 5818 in
2197 5767 2383 5819 nostris.
2572 5765 2586 5766 ί
2645 5782 2673 5792 -

2937 5866 3188 5951 (Sept-1
