4032 6334
558 337 664 393 205

563 447 698 497 inest
743 442 792 494 in
839 455 903 493 eo
945 437 1084 508 quod
1114 446 1165 490 tu
1197 435 1409 505 quaeris.
1444 435 1624 486 Restat
1663 431 1818 500 igitur
1854 440 1910 484 ut
1941 431 2008 486 de
2046 431 2135 484 illo

563 532 719 587 tertio
745 544 939 601 genere
960 529 1048 590 sit,
1077 525 1215 596 quod
1257 540 1350 594 per
1372 524 1481 577 loca
1506 522 1852 592 regionesque
1879 523 2132 578 variatur.

573 622 748 676 Faciat
777 635 903 689 ergo
931 619 1150 688 quisque
1179 615 1319 684 quod
1360 616 1410 668 iu
1438 629 1499 669 ea
1531 613 1761 668 Ecclesia
1785 615 1835 668 in
1862 629 2016 683 quam
2043 629 2137 669 ve-

570 713 680 777 nit,
734 710 1012 766 invenerit.
1058 707 1171 761 Non
1213 706 1352 760 enim
1392 703 1678 774 quidquam
1722 718 1904 757 eorum
1956 712 2138 758 contra

568 804 726 859 ﬁdem
755 803 846 866 ﬁt,
874 809 966 854 aut
1004 806 1187 853 contra
1214 811 1407 860 mores,
1451 795 1574 848 hinc
1598 794 1678 848 vcl
1709 794 1830 848 inde
1870 795 2138 849 meliores.

569 896 662 949 llis
682 895 823 948 enim
849 891 1023 946 causis
1042 930 1058 952 ,
1086 887 1137 942 id
1163 897 1242 940 est
1262 897 1350 940 aut
1377 896 1586 955 propter
1613 885 1790 948 ﬁdem,
1821 893 1910 938 aut
1931 895 2143 954 prOptcr

573 999 782 1048 mores,
808 984 889 1038 vel
919 980 1184 1037 emendari
1227 987 1435 1048 oportet
1471 977 1608 1047 quod
1646 993 1918 1047 perperam
1961 977 2140 1044 ﬁebat,

574 1075 653 1129 vel
679 1073 875 1128 institui
906 1071 1046 1142 quod
1069 1086 1174 1124 non
1199 1069 1372 1123 ﬁebat.
1403 1067 1516 1136 Ipsa
1545 1069 1737 1138 quippe
1763 1068 1982 1122 mutatio
2015 1084 2145 1122 con—

572 1163 889 1227 suetudinis,
914 1162 1070 1217 etiam
1093 1176 1212 1230 qua:
1238 1160 1448 1228 adjuvat
1477 1160 1718 1222 utilitate,
1751 1158 1982 1212 novitate
2023 1173 2145 1228 per-

561 1259 773 1326 .turbat.
801 1257 1131 1326 Quaprppter
1153 1269 1270 1322 qum
1301 1252 1442 1312 utilis
1475 1266 1576 1304 non
1607 1258 1723 1316 est,
1754 1251 2147 1319 perturbatione

577 1347 898 1404 infructuosa
929 1351 1316 1412 consequenter
1354 1341 1508 1394 noxia
1545 1349 1643 1393 est.
1892 1392 1894 1395 .

647 1443 700 1495 7.
740 1442 847 1496 Nec
877 1439 995 1496 ideo
1024 1439 1189 1508 putari
1217 1437 1376 1492 debet
1395 1437 1687 1490 institutum
1716 1449 1834 1500 esse
1859 1435 2040 1488 multis
2064 1434 2146 1487 lo-

575 1534 672 1598 cis,
702 1540 760 1586 ut
787 1532 877 1586 illo
903 1509 988 1585 die
1011 1540 1130 1600 post
1159 1510 1498 1583 refectionem
1530 1526 1802 1592 oﬁ‘eratur,
1848 1526 1967 1594 quia
2012 1525 2148 1579 scri-

577 1635 722 1693 ptum
746 1633 854 1678 est:
881 1621 1162 1675 Idemidem
1184 1629 1227 1673 et
1250 1619 1452 1673 calicem
1477 1628 1586 1687 post
1616 1634 1803 1671 caenam
1826 1617 2011 1680 dicens,
2043 1626 2145 1670 etc.

578 1717 746 1784 Ipsam
774 1713 913 1767 enim
946 1713 1112 1781 potuit
1145 1711 1409 1779 appellare
1435 1723 1662 1772 ccenam,
1693 1723 1793 1776 qua
1815 1705 1923 1776 jam
1952 1720 2150 1775 corpus

577 1813 912 1875 acceperant,
954 1810 1011 1857 ut
1047 1801 1236 1855 deinde
1271 1800 1486 1854 calicem
1515 1799 1833 1868 acciperent.
1867 1796 2150 1868 Apostolus

577 1911 805 1964 namque
829 1893 953 1947 alibi
980 1892 1124 1958 dicit,
1153 1889 1563 1946 Couvenientibtts
1584 1906 1698 1959 ergo
1728 1888 1860 1941 vobis
1890 1888 1940 1940 in
1971 1903 2146 1949 unum,

580 2005 676 2040 non
707 1996 775 2042 est
805 1984 1104 2038 dominicam
1133 1999 1322 2037 caenam
1360 1983 1663 2034 manducare
1694 1979 1743 2050 (1
1780 1978 1896 2034 Cor.
1928 1994 2002 2042 ιι,
2036 1977 2149 2046 20),

581 2077 714 2132 hanc
740 2077 904 2144 ipsam
939 2076 1297 2144 acceptionem
1329 2071 1671 2126 Eucharistizn
1697 2070 2011 2125 dominicam
2037 2083 2150 2122 coc-

582 2183 702 2221 nam
724 2181 939 2220 νοοίης.

650 2297 880 2353 CAPUT
922 2295 1216 2350 \’l.——lllnd
1244 2294 1410 2364 magis
1441 2307 1654 2347 movere
1691 2291 1860 2361 potuit
1888 2290 2150 2356 homines,

582 2398 754 2443 utrum
779 2389 889 2458 jam
921 2388 1103 2443 refecti
1133 2389 1217 2441 die
1247 2387 1330 2440 illa
1360 2387 1442 2440 vel
1473 2384 1724 2438 oﬁ'crrcnt
1763 2384 1846 2437 vel
1887 2391 2156 2438 sumerent

583 2465 987 2544 Eucharistiam,
1015 2479 1151 2549 quod
1183 2479 1232 2532 in
1264 2477 1542 2546 Evangelia
1571 2475 1783 2539 dicitur,
1824 2475 1949 2528 Cum
1988 2484 2154 2527 autem

579 2571 657 2626 illi
685 2571 1062 2637 manducarent,
1084 2571 1270 2640 accepit
1294 2567 1444 2622 Jesus
1472 2583 1650 2638 panem
1669 2576 1716 2618 et
1735 2564 2015 2629 benedixit;
2034 2580 2152 2619 cum

581 2663 738 2716 etiam
769 2662 1008 2730 superius
1037 2660 1285 2714 dixiSsct:
1318 2657 1443 2713 Cant
1467 2673 1575 2711 sero
1598 2666 1764 2708 autem
1788 2660 1976 2726 factum
2005 2663 2153 2720 esset,

582 2751 892 2805 recumbebat
920 2767 1030 2803 cum
1060 2750 1339 2808 duodecim,
1387 2759 1430 2801 et
1461 2745 1874 2800 manducantibus
1907 2743 1977 2797 eis
2003 2743 2151 2810 dixit,

583 2842 832 2907 Quoniam
874 2859 1003 2895 unus
1045 2859 1106 2894 ex
1144 2841 1278 2894 vobis
1319 2839 1480 2891 tradet
1524 2855 1603 2892 me
1632 2835 1840 2910 (Matth.
1874 2851 2032 2900 xxvr,
2059 2836 2151 2899 23,

580 2928 670 2993 20,
693 2925 804 2998 21).
830 2927 1015 2980 Postea
1038 2927 1176 2980 enim
1202 2923 1413 2977 tradidit
1433 2919 1852 2978 Sam-amentum.
1877 2920 1944 2973 Et
1961 2919 2155 2996 liquido

581 3030 818 3090 apparet,
851 3019 1060 3090 quando
1089 3018 1317 3088 primum
1343 3024 1657 3086 acceperunt
1689 3015 1928 3084 discipuli
1963 3029 2155 3084 corpus

581 3123 634 3168 et
666 3113 974 3182 sanguinem
1007 3109 1234 3176 Domini,
1259 3125 1362 3164 non
1383 3123 1477 3163 eos
1502 3109 1772 3176 accepisse
1791 3106 2022 3176 jejunos.

650 3204 703 3259 8.
744 3203 1006 3272 Numquid
1053 3211 1226 3257 tamen
1282 3209 1559 3270 propterea
1605 3195 2029 3252 calumniandum
2075 3203 2156 3250 est

581 3295 839 3350 universae
866 3294 1120 3349 Ecclesia:
1149 3292 1288 3363 quod
1319 3307 1346 3343 a
1371 3291 1568 3360 jejunis
1608 3303 1818 3357 semper
1858 3287 2155 3357 accipitur?

583 3386 662 3440 Ex
690 3386 790 3440 hoc
817 3385 957 3438 enim
988 3383 1181 3454 placuit
1211 3383 1426 3454 Spiritui
1455 3389 1637 3434 sancto
1656 3421 1671 3446 ,
1717 3389 1774 3433 ut
1820 3381 1871 3432 in
1899 3378 2153 3432 honorem

581 3475 715 3528 tanti
745 3474 1071 3528 Sacramenti
1117 3473 1168 3526 in
1217 3486 1277 3526 os
1323 3470 1605 3525 Christiani
1655 3468 1798 3538 prius
1827 3467 2153 3520 Dominicum

584 3580 774 3633 corpus
805 3565 1044 3628 intraret,
1061 3579 1216 3632 quam
1238 3562 1448 3616 cmtcri‘
1475 3561 1574 3613 cibi
1597 3577 1608 3611 :
1634 3573 1752 3612 nam
1782 3558 1897 3611 ideo
1924 3573 2017 3626 per
2043 3557 2158 3610 uni-

584 3669 793 3706 versum
834 3652 1015 3705 orbem
1057 3667 1169 3703 mos
1211 3651 1308 3704 iste
1345 3657 1605 3703 servatur.
1649 3648 1829 3715 Neque
1866 3650 2003 3700 enim
2035 3647 2155 3716 quia

585 3749 704 3811 post
747 3741 893 3794 cibos
938 3740 1078 3793 dedit
1111 3739 1380 3797 Dominus,
1414 3744 1689 3806 propterea
1720 3736 1894 3804 pransi
1927 3744 2017 3788 aut
2042 3750 2154 3789 caa-

584 3834 691 3889 nati
730 3833 916 3886 fratres
944 3832 1008 3884 ad
1039 3830 1166 3884 illud
1197 3830 1593 3883 Sacramentum
1624 3827 1984 3896 accipiendum
2028 3843 2157 3881 con-

587 3928 764 3982 venire
790 3927 1003 3992 debent,
1031 3936 1122 3979 aut
1145 3927 1279 3980 sicut
1305 3924 1565 3980 faciebant
1591 3938 1722 3993 quos
1746 3924 2027 3991 Apostolus
2066 3939 2154 3977 ar-

587 4020 695 4090 guit
711 4027 764 4074 et
783 4019 1046 4084 emendat,
1066 4017 1262 4072 mensis
1283 4017 1390 4072 suis
1414 4015 1513 4070 ista
1531 4016 1773 4070 miscere.
1790 4014 2025 4084 Namque
2045 4015 2158 4070 Sal-

585 4119 734 4165 vator
760 4124 864 4180 quo
892 4109 1258 4164 vehementius
1299 4106 1694 4162 commendaret
1737 4105 1972 4176 mysterii
2019 4106 2156 4159 illius

586 4199 936 4264 altitudinem,
970 4199 1209 4253 ultimum
1241 4197 1341 4252 hoc
1370 4195 1535 4251 voluit
1560 4195 1717 4249 altius
1746 4194 1965 4265 inﬁgere
1985 4195 2158 4249 cordi-

579 4291 682 4344 bus
711 4299 764 4345 et
784 4291 1050 4357 memoriae.
1071 4288 1470 4357 discipulorum,
1498 4302 1527 4340 a
1555 4286 1742 4356 quibus
1767 4286 1832 4340 ad
1855 4287 2154 4354 passionem

585 4379 917 4447 digressurus
956 4387 1088 4432 erat.
1115 4378 1180 4432 Et
1202 4378 1322 4432 ideo
1359 4391 1464 4430 non
1496 4377 1746 4446 praecepit
1773 4391 1876 4445 quo
1903 4377 2154 4444 deinceps

586 4469 774 4523 ordine
801 4477 1120 4534 sumeretur,
1164 4477 1220 4521 ut
1257 4468 1540 4535 Apostolis,
1587 4482 1681 4535 per
1722 4483 1855 4537 quos
1887 4469 2153 4522 Ecclesias

589 4557 936 4625 dispositurus
975 4565 1109 4621 erat,
1157 4565 1392 4610 servaret
1420 4555 1559 4609 hunc
1586 4555 1777 4609 locum.
1822 4555 1952 4610 Nam
1980 4557 2022 4609 si
2055 4555 2155 4610 hoc

589 4645 680 4701 ille
699 4646 1008 4709 monuisset,
1034 4653 1090 4698 ut
1111 4653 1228 4713 post
1251 4644 1397 4700 cibos
1422 4644 1553 4697 alios
1577 4659 1786 4712 semper
1806 4645 2149 4713 acciperetur,

589 4737 750 4791 credo
793 4735 930 4806 quod
955 4751 1076 4790 eum
1106 4750 1308 4789 morem
1356 4748 1514 4789 nemo
1552 4735 1823 4790 variasset.
1867 4734 1998 4790 Cum
2028 4751 2154 4790 vero

591 4827 665 4880 ait
711 4827 993 4896 Apostolus
1035 4827 1102 4882 de
1148 4827 1249 4898 hoc
1289 4825 1631 4883 Sacramento
1660 4827 1900 4898 loquens,
1939 4827 2156 4900 Propter

586 4915 740 4987 quod,
763 4919 960 4987 fratres,
989 4932 1104 4969 cum
1129 4917 1395 4970 convenitis
1419 4916 1485 4968 ad
1507 4917 1926 4983 manducandum,
1949 4918 2154 4972 invicem

587 5017 888 5077 exspectate.
920 5006 981 5062 Si
1009 5009 1118 5078 quis
1139 5009 1312 5075 esurit,
1340 5009 1475 5062 domi
1500 5010 1780 5073 manducet,
1807 5020 1971 5064 utnon
1991 5011 2159 5082 adju—

588 5100 779 5153 dicium
823 5100 1156 5166 conveniatis;
1194 5100 1369 5154 statim
1411 5101 1719 5155 subtexuit:
1764 5102 1954 5156 Cretera
1991 5112 2155 5156 autem

590 5205 706 5243 cum
729 5205 924 5255 venero,
947 5190 1245 5260 ordinabo(l
1268 5190 1383 5244 Cor.
1404 5206 1480 5254 ιι,
1508 5191 1597 5256 20,
1627 5190 1735 5262 54).
1766 5191 1917 5247 Unde
1938 5191 2154 5263 intelligi

589 5278 748 5332 datur
775 5278 917 5349 (quia
943 5280 1161 5334 multum
1187 5287 1319 5344 erat,
1352 5289 1407 5334 ut
1437 5281 1488 5334 in
1519 5281 1750 5349 Epistola
1794 5289 1959 5335 totum
2007 5281 2152 5334 illum

591 5369 779 5438 agendi
806 5369 1044 5424 ordinem
1072 5369 1382 5432 insinuaret,
1405 5386 1558 5440 quem
1586 5372 1827 5428 universa
1854 5387 1948 5441 per
1969 5371 2153 5426 orbem

591 5467 768 5513 servat
795 5459 1055 5530 Ecclesia)
1085 5459 1151 5514 ab
1180 5460 1294 5528 ipso
1331 5460 1629 5515 ordinatum
1670 5475 1791 5516 esse
1827 5459 1967 5531 quod
2013 5461 2153 5516 nulla

592 5563 800 5604 morum
818 5549 1122 5605 diversitate
1147 5550 1400 5604 variatur;

653 5699 669 5730 ⁸
696 5704 763 5748 ιιι
783 5705 892 5748 ων.
917 5706 970 5750 et
990 5707 1095 5751 Mss.
1122 5708 1176 5750 At
1196 5699 1302 5750 ωδ.
1325 5707 1424 5748 Am.
1446 5706 1540 5757 rr.,
1567 5711 1707 5759 quam
1732 5696 1886 5749 ra‘teri
1903 5696 2012 5748 (εἰνὶ.

1781 321 1836 375 S.
1880 318 2243 376 AUGUSTI)”
2285 318 2582 374 El‘lSCOPl

3694 329 3801 386 20-5

2312 429 2534 484 CAPUT
2559 429 2742 484 Vll.—
2756 430 2806 486 9.
2827 431 2928 487 Sed
2961 435 3239 492 nonnullos
3262 438 3547 507 probabilis
3567 445 3804 512 quadam

2242 522 2375 575 ratio
2391 522 2689 590 delectavit,
2709 533 2765 578 ut
2779 539 2882 578 uno
2896 536 3046 582 certo
3067 527 3152 582 die
3172 543 3268 598 per
3279 547 3494 599 annum,
3513 549 3619 604 quo
3640 536 3805 605 ipsam

2242 625 2449 665 omnem
2481 612 2730 668 Dominus
2751 614 2913 679 dedit,
2943 625 3189 687 tanquam
3216 620 3282 675 ad
3308 623 3644 694 insigniorem
3663 643 3808 684 com-

2245 702 2676 756 memorationem
2707 714 2822 772 post
2850 705 2997 760 cibos
3023 708 3199 763 offerri
3223 721 3275 764 et
3303 715 3466 782 accipi
3506 715 3659 770 liceat
3684 733 3807 774 eor-

2245 805 2342 859 pus
2359 800 2412 845 ct
2437 793 2740 862 sanguinem
2767 795 2989 850 Domini.
3013 799 3295 856 Honestius
3315 815 3488 858 autem
3507 808 3734 863 arbitror
3748 825 3810 865 ea

2247 881 2374 935 hora
2403 882 2536 948 ﬁeri,
2563 886 2724 954 utqui
2747 887 2902 940 etiam
2926 888 3258 958 jejunavcrit,
3291 895 3439 961 post‘
3469 896 3809 954 refectionem

2246 989 2362 1040 qua:
2407 974 2533 1028 hora
2578 992 2712 1030 nona
2761 978 2835 1040 ﬁt,
2873 979 2939 1033 ad
2983 982 3301 1038 oblationem
3326 987 3487 1054 possit
3507 1003 3810 1046 occurrere.

2246 1064 2576 1134 QuaprOptcr
2607 1068 2868 1123 nemiuem
2895 1071 3133 1140 cogimus
3160 1082 3283 1129 ante
3325 1075 3642 1132 dominicam
3672 1081 3812 1136 illam

2247 1168 2452 1208 caenam
2495 1157 2752 1226 prandere
2767 1161 2808 1225 ⁹,
2859 1161 2948 1215 sed
2989 1163 3117 1217 nulli
3145 1165 3302 1219 etiam
3331 1169 3694 1224 contradicere
3722 1187 3814 1226 au-

2247 1246 2453 1301 demus.
2487 1248 2596 1303 lloc
2623 1258 2793 1305 tamen
2830 1269 2933 1307 non
2961 1255 3190 1310 arbitror
3216 1258 3524 1326 institutum,
3561 1263 3658 1316 nisi
3695 1265 3814 1332 quia

2249 1339 2429 1407 plures
2447 1349 2500 1395 et
2519 1356 2681 1411 prepe
2704 1359 2891 1400 omnes
2916 1347 2966 1400 iu
3000 1348 3264 1417 plerisque
3292 1351 3420 1406 locis
3440 1367 3504 1406 eo
3523 1354 3609 1408 die
3641 1355 3818 1411 lavare

2249 1443 2656 1488 consueverunt.
2691 1436 2751 1489 Et
2777 1437 2895 1505 quia
2925 1440 3154 1493 nonnulli
3181 1442 3336 1494 etiam
3355 1442 3611 1512 jejunium
3639 1455 3819 1500 custo-

2249 1523 2418 1588 diunt,
2449 1541 2602 1580 mane
2631 1526 2849 1582 oﬁ'erlur
2875 1539 3086 1600 propter
3108 1533 3442 1600 prandentcs,
3475 1537 3592 1605 quia
3612 1538 3817 1606 jejunia

2250 1615 2404 1668 simul
2431 1627 2483 1670 et
2513 1617 2712 1672 lavacra
2740 1620 2967 1675 tolerare
3009 1637 3112 1676 non
3146 1635 3393 1693 possunt;
3434 1627 3500 1680 ad
3537 1643 3818 1698 vesperam

2251 1722 2378 1762 vero
2407 1718 2620 1777 propter
2641 1710 2959 1779 jejunantes.

2324 1800 2407 1853 lO.
2450 1800 2506 1854 Si
2532 1811 2706 1855 autem
2735 1805 2946 1872 quarris,
2979 1820 3073 1858 cur
3100 1806 3256 1861 etiam
3281 1809 3487 1863 lavandi
3530 1827 3644 1865 mos
3673 1823 3819 1870 ortus

2252 1888 2354 1942 sit:
2378 1890 2507 1943 nihil
2533 1891 2660 1944 milii
2681 1891 2746 1948 de
2768 1893 2865 1948 hac
2885 1910 2942 1949 re
2961 1898 3204 1965 cegilanti
3223 1899 3544 1967 probabilius
3565 1906 3818 1967 occurrit,

2254 1981 2351 2034 nisi
2392 1983 2510 2051 quia
2550 1983 2976 2052 baptizandorum
3026 2003 3249 2057 corpora
3278 2005 3371 2059 per
3395 1992 3819 2050 observationem

2254 2073 2675 2144 Quadragcsimte
2715 2079 2998 2142 sordidata,
3048 2095 3165 2134 cum
3211 2082 3498 2138 oll‘ensione
3526 2101 3720 2140 sensus
3756 2087 3820 2142 ad

2255 2165 2449 2219 fontem
2479 2177 2845 2233 tractarentur,
2871 2170 2968 2225 nisi
2993 2171 3163 2241 aliqua
3200 2173 3285 2228 die
3311 2175 3630 2230 lavarentur.
3661 2177 3820 2232 Istum

2255 2266 2432 2310 autem
2471 2257 2609 2311 diem
2649 2262 2824 2328 potius
2845 2261 2909 2314 ad
2937 2262 3036 2316 hoc
3063 2264 3308 2328 electum,
3340 2281 3445 2334 quo
3470 2281 3618 2321 omna
3648 2269 3822 2323 domi-

2257 2347 2372 2400 nica
2399 2350 2756 2405 anniversarie
2784 2353 3100 2409 celebratur.
3137 2356 3202 2409 Et
3237 2357 3354 2426 quia
3385 2373 3703 2415 concessqu
3746 2371 3825 2418 est

2257 2436 2358 2491 hoc
2385 2437 2706 2507 Baptismum
2736 2444 3048 2512 acceptoris,
3081 2446 3227 2499 multi
3255 2462 3372 2500 cum
3414 2447 3497 2502 his
3522 2449 3703 2505 lavare
3731 2468 3823 2506 vo-

2257 2529 2485 2592 luerunt,
2506 2531 2872 2603 jejuniumque
2897 2537 3153 2591 relaxare.
3175 2538 3265 2591 llis
3283 2548 3338 2592 ut
3362 2541 3502 2608 potui
3519 2541 3822 2610 disputatis,

2256 2634 2467 2686 moneo,
2513 2631 2570 2676 ut
2610 2637 2669 2676 ea
2713 2639 2831 2693 qua:
2875 2626 3198 2693 praelocutus
3223 2645 3337 2682 sum
3364 2643 3542 2684 serves
3569 2642 3824 2701 quantum

2258 2719 2426 2776 potes,
2455 2719 2512 2764 ut
2539 2711 2689 2767 decet
2736 2715 2982 2770 Ecclesia:
3025 2719 3335 2786 prudentem
3371 2735 3433 2773 ac
3463 2721 3741 2789 paciﬁcum
3770 2723 3825 2775 ﬁ-

2257 2799 2402 2852 lium.
2435 2801 2547 2855 Alia
2577 2817 2693 2870 qtne
2721 2802 3074 2876 interrogasti,
3101 2807 3144 2860 si
3171 2808 3420 2863 Dominus
3449 2809 3696 2874 voluerit,
3724 2811 3826 2866 alio

2258 2897 2493 2957 tempore
2517 2891 2809 2960 expediam.

2271 3021 3822 3050 ___..____________—__

2559 3144 2652 3201 AD
2687 3144 3173 3214 [NQUISITIONES
3207 3148 3518 3207 JANUARII

2743 3287 2897 3327 LIBER
2933 3288 3214 3342 SECUNDUS,
3257 3289 3352 3330 SEU

2745 3401 3070 3458 EPISTOLA
3111 3405 3197 3460 LV
3243 3405 3338 3477 (a).

2261 3533 2336 3586 De
2365 3535 2540 3587 ritibus
2563 3534 2819 3602 Ecclesia,
2845 3539 2918 3590 vel
2943 3539 3003 3592 iis
3028 3555 3150 3608 quos
3175 3540 3360 3610 negligi
3387 3545 3527 3612 nefas
3552 3553 3640 3608 est,
3675 3547 3828 3601 vetns

2328 3625 2414 3692 qui
2443 3626 2646 3677 tollendi
2675 3636 2820 3689 sunt,
2853 3629 2896 3680 si
2920 3630 3043 3681 citra
3070 3631 3232 3699 majus
3259 3633 3628 3686 incommodum
3659 3636 3824 3690 liceat.

2330 3714 2538 3768 Sabbati
2585 3717 2909 3785 mysterium,
2957 3729 3050 3772 etc.
3105 3721 3512 3792 Quadragcsima:
3547 3726 3826 3793 jejunium.

2335 3805 2478 3859 Lotio
2509 3809 2706 3874 pedum.
2741 3807 2816 3861 De
2845 3811 2994 3862 variis
3020 3812 3475 3866 consuetudinibus.
3505 3814 3698 3869 Cantus
3729 3816 3830 3870 Ee-

2327 3898 2509 3962 clesiw,
2542 3907 2633 3951 etc.

2331 4029 2556 4086 CAPUT
2599 4031 2949 4089 PRIMUM.—
2970 4035 3019 4089 1.
3063 4035 3233 4090 Lectis
3263 4037 3452 4092 litteris
3482 4041 3603 4106 tuis,
3633 4039 3726 4096 ubi
3747 4056 3832 4098 me

2259 4122 2628 4176 commonuisti
2649 4131 2704 4177 ut
2723 4110 2956 4179 debitum
2975 4124 3246 4180 redderem
3269 4127 3336 4182 de
3357 4129 3577 4183 residuis
3593 4132 3832 4187 enodan-

2262 4212 2343 4267 dis
2361 4215 2758 4283 qumstionibus,
2807 4233 2937 4287 quas
2969 4218 3077 4287 jam
3116 4218 3273 4288 longe
3319 4229 3440 4274 ante
3481 4223 3829 4290 quaesiveras,

2261 4305 2618 4372 gratissimum
2640 4307 2766 4360 mihi
2783 4316 2939 4377 atque
2951 4307 3318 4364 charissimum
3336 4310 3653 4366 desiderium
3669 4316 3832 4370 studii

2260 4397 2332 4449 tui
2354 4398 2577 4465 amplius
2603 4399 2824 4466 diﬁerri,
2852 4400 3214 4455 tolerarenon
3242 4404 3413 4472 potui;
3437 4408 3754 4474 etquamvis
3779 4409 3832 4461 in

2259 4489 2446 4544 mediis
2474 4491 2673 4544 acervis
2699 4494 3094 4560 occupationum
3123 4509 3378 4560 mearum,
3408 4495 3543 4551 hanc
3567 4497 3663 4552 l'cci
3697 4515 3833 4568 pra:-

2257 4580 2486 4648 cipuam,
2517 4588 2573 4634 ut
2599 4582 2662 4635 ad
2691 4597 2752 4636 ea
2795 4599 2911 4653 quae
2950 4586 3279 4654 interrogasti
3307 4587 3679 4656 responderem
3716 4591 3829 4646 tibi.

2259 4670 2464 4725 Diutius
2491 4681 2668 4728 autem
2694 4673 2758 4728 de
2789 4683 2872 4727 tua
2902 4675 3120 4743 epistola
3146 4676 3413 4745 disputare
3439 4679 3582 4744 nolo,
3614 4695 3684 4734 ne
3733 4681 3834 4736 hoc

2261 4760 2430 4829 ipsum
2461 4776 2546 4815 me
2576 4761 2825 4831 impediat
2844 4763 2951 4833 jam
2981 4764 3189 4819 tandem
3215 4766 3435 4822 reddere
3455 4769 3595 4836 quod
3632 4768 3831 4825 debeo.

2329 4852 2382 4904 2.
2424 4851 2626 4918 Quarris
2651 4869 2766 4922 qua:
2809 4869 2963 4908 causa
2991 4854 3079 4917 sit,
3108 4872 3199 4908 cur
3224 4859 3590 4911 anniversarias
3615 4859 3729 4914 dies
3756 4877 3835 4914 ce-

2262 4941 2513 4995 lebrandw
2541 4943 2804 4997 dominicte
2833 4946 3097 5014 passionis,
3143 4963 3243 5001 non
3288 4949 3356 5001 ad
3393 4949 3617 5003 eumdem
3657 4952 3836 5005 redeat

2259 5035 2379 5085 anni
2421 5034 2550 5087 diem
2574 5075 2589 5100 ,
2628 5035 2754 5086 sicut
2793 5036 2898 5089 dies
2935 5053 3034 5104 qua
3065 5039 3282 5092 traditur
3315 5049 3461 5094 natus
3503 5056 3521 5094 :
3557 5051 3610 5095 et
3635 5041 3834 5098 deinde

2258 5125 2550 5194 subjungis,
2585 5126 2630 5178 si
2653 5127 2746 5178 hoc
2795 5128 2852 5194 fit
2895 5138 3096 5200 propter
3119 5131 3373 5186 sabbatum
3402 5144 3447 5186 et
3477 5133 3665 5199 lunam,
3711 5138 3834 5207 quid

2257 5215 2349 5268 sibi
2376 5216 2487 5268 velit
2513 5216 2565 5268 in
2593 5216 2685 5268 hac
2713 5232 2768 5270 re
2791 5217 3064 5273 observatio
3089 5223 3280 5275 sabbati
3306 5231 3351 5276 et
3379 5224 3532 5278 (ante.
3579 5226 3672 5280 llic
3721 5229 3834 5295 pri-

2322 5373 2338 5436 ξ
2363 5378 2468 5420 uss.
2486 5380 2693 5436 septem,
2717 5379 2842 5422 ante.
2857 5373 2964 5436 Alii,
2995 5381 3114 5436 post.

2319 5435 2340 5465 ²
2513 5434 2971 5503 θιίίιυοιηηεηιίηριῃ
2993 5434 3117 5500 cogit
3137 5436 3374 5503 dominica
3415 5439 3507 5503 illa
3680 5453 3834 5503 pran-

2259 5494 2517 5604 derehBad.
2535 5494 2633 5544 Ani.
2653 5502 2704 5545 et
2725 5502 2818 5556 Er.,
2839 5494 3074 5547 nemuten't
3095 5496 3305 5562 cogimus
3327 5499 3566 5552 dominica
3586 5494 3835 5552 ilta'cwna

2259 5569 2378 5605 uran
2413 5569 2512 5605 ere.

2257 5569 2512 5618 prandere.

2324 5638 2394 5698 (α)
2421 5637 2544 5686 Alias
2569 5637 2685 5687 H9:
2707 5652 2816 5710 qua:
2850 5648 3013 5688 autem
3048 5641 3109 5692 55
3134 5649 3256 5704 erat,
3278 5655 3404 5693 nunc
3425 5643 3526 5693 H7.
3547 5645 3725 5708 Scripta
3748 5644 3835 5694 ali-

2295 5707 2440 5749 uanto
2465 5709 2572 5750 cost
2590 5713 2910 5763 superiorem.
3499 5758 3506 5762 _

2262 5714 2440 5762 quanto
2465 5714 2572 5750 UOSl
2590 5714 2910 5762 superiorem.
