4090 6356
309 299 425 355 205

309 427 466 466 mum
505 415 712 479 oportet
751 403 958 479 noveris
997 402 1136 456 diem
1175 401 1411 456 Natalem
1457 402 1658 455 Domini
1703 418 1806 455 non
1839 403 1889 455 in

307 508 651 557 sacramento
677 491 952 558 celebrari,
978 491 1071 547 sed
1099 500 1295 545 tantum
1324 492 1373 543 in
1402 492 1709 544 memoriam
1741 507 1893 545 revo-

304 592 424 644 cari
471 587 611 659 quod
640 594 792 640 nauis
830 584 923 647 sit,
954 597 1015 637 ac
1041 596 1134 651 per
1171 581 1271 635 hoc
1298 580 1424 633 nihil
1466 594 1601 648 opus
1626 589 1758 644 erat,
1792 578 1892 635 nisi

310 681 618 736 revolutum
647 676 770 731 anni
798 675 959 739 diem,
990 687 1093 742 quo
1120 672 1231 740 ipsa
1262 685 1347 724 res
1371 679 1485 723 acta
1511 678 1613 734 est,
1642 668 1776 723 festa
1798 669 1891 724 de-

308 778 534 829 votione
562 771 777 843 signari.
799 769 1195 825 Sacramentum
1225 773 1305 819 est
1332 772 1505 818 autem
1532 763 1584 816 in
1606 762 1779 830 aliqua
1800 776 1891 814 ce-

312 867 634 930 lebratione,
659 878 778 918 cum
806 861 880 915 rei
902 867 1063 931 gestae.
1083 854 1515 911 commemoratio
1530 854 1600 908 ita
1618 854 1694 920 iit,
1721 862 1779 907 ιιι
1797 853 1893 907 ali-

310 957 443 1026 quid
486 955 645 1009 etiam
673 948 956 1021 significari
998 946 1336 1016 intelligatur,
1377 942 1515 1014 quod
1545 951 1726 998 sancte
1753 941 1892 996 acci-

314 1045 571 1115 piendum
598 1052 696 1097 est.
724 1042 804 1096 Eo
829 1042 1003 1109 itaque
1031 1036 1190 1091 modo
1220 1036 1422 1107 agimus
1449 1034 1670 1099 Pascha,
1700 1040 1759 1087 ut
1785 1048 1891 1088 non

314 1138 495 1191 solum
536 1135 586 1188 in
614 1131 924 1187 memoriam
953 1127 1092 1199 quod
1120 1136 1322 1197 gestum
1364 1132 1445 1179 est
1469 1138 1796 1187 revocemus,
1838 1121 1889 1177 id

312 1235 400 1278 est
425 1224 566 1294 quod
590 1230 826 1276 mortuus
846 1230 927 1274 est
941 1218 1181 1273 Christus
1206 1224 1260 1271 et
1286 1214 1594 1280 resurrexit,
1612 1212 1707 1267 sed
1731 1211 1891 1266 etiam

314 1326 512 1369 cetera
542 1330 657 1383 qua:
681 1312 819 1366 circa
849 1325 909 1364 ea
935 1315 1266 1373 attestantur,
1293 1305 1359 1359 ad
1384 1303 1698 1359 sacramenti
1727 1303 1891 1372 signi-

319 1408 622 1462 ﬁcationem
667 1419 773 1457 non
816 1399 1179 1455 omittamus‘.
1219 1396 1351 1463 Quia
1405 1394 1568 1460 enim,
1608 1392 1745 1449 sicut
1766 1391 1893 1447 dicit

318 1495 632 1565 Apostolus,
664 1491 901 1545 Mortuus
922 1497 991 1543 est
1011 1496 1211 1561 prapter
1235 1485 1416 1539 delicta
1436 1493 1627 1551 nostra,
1657 1492 1704 1537 et
1726 1498 1892 1537 resur-

318 1587 451 1639 rexit
495 1593 694 1653 prepter
712 1580 1125 1651 justiﬁcationem
1153 1586 1373 1631 nostram
1413 1573 1604 1647 (Rom.
1645 1588 1716 1640 iv,
1759 1572 1889 1643 25);

318 1670 579 1731 transitus
606 1672 817 1742 quidam
846 1670 912 1725 de
939 1676 1109 1723 morte
1132 1666 1198 1721 ad
1227 1666 1384 1719 vitam
1425 1664 1477 1718 in
1520 1663 1607 1717 illa
1648 1662 1894 1733 passione

322 1766 534 1823 Domini
559 1773 613 1819 et
634 1760 1023 1817 resurrectione
1049 1764 1284 1813 sacratus
1310 1763 1409 1810 est.
1443 1752 1575 1808 Nam
1603 1754 1761 1808 etiam
1796 1766 1893 1807 vo-

316 1858 570 1913 cabulum
589 1856 757 1923 ipsum
778 1851 915 1923 quod
938 1848 1137 1903 Pascha
1160 1847 1369 1912 dicitur,
1392 1858 1497 1899 non
1517 1858 1765 1914 grmcum,
1786 1843 1892 1896 sic-

320 1957 385 2004 ut
428 1947 587 2016 vulgo
625 1944 796 1999 videri
843 1943 977 1997 solet
1018 1938 1114 2011 (a),
1160 1937 1253 1993 sed
1278 1936 1545 1991 hebrteum
1571 1948 1690 1988 esse
1713 1932 1895 1987 dicunt

320 2040 410 2109 qui
444 2038 678 2107 linguam
708 2042 983 2102 utramque
1007 2035 1284 2084 noverunt.
1313 2025 1496 2094 Neque
1537 2024 1677 2079 enim
1717 2037 1745 2075 a
1775 2036 1894 2090 pas-

321 2131 500 2191 sione,
525 2126 772 2196 quoniam
813 2136 983 2192 graece
1021 2127 1216 2188 πάσχειν
1243 2116 1438 2171 dicitur
1465 2113 1591 2184 pati,
1616 2113 1711 2168 sed
1736 2112 1802 2167 ab
1830 2127 1895 2166 eo

318 2220 465 2289 quod
495 2217 763 2277 transitur,
792 2222 851 2267 ut
876 2212 1005 2275 dixi,
1051 2209 1118 2264 de
1146 2214 1316 2263 morte
1342 2206 1408 2260 ad
1452 2204 1634 2268 vitam,
1685 2203 1896 2257 hebrmo

322 2309 492 2364 verbo
518 2322 603 2362 res
627 2304 883 2374 appellata
900 2308 1012 2356 est:
1040 2300 1095 2353 in
1115 2313 1221 2369 quo
1250 2295 1457 2366 eloquio
1484 2294 1686 2348 Pascha
1714 2301 1891 2347 trans-

322 2392 428 2453 itus
453 2397 666 2462 dicitur,
691 2396 827 2448 sicut
861 2389 1140 2461 perhibent
1173 2387 1261 2458 qui
1288 2386 1388 2440 hoc
1413 2386 1605 2440 sciunt.
1632 2382 1782 2449 Quod
1804 2396 1898 2437 vo—

320 2492 421 2546 luit
445 2499 501 2544 et
530 2488 641 2557 ipse
666 2484 918 2539 Dominus
946 2489 1161 2550 tangere
1201 2492 1319 2532 cum
1353 2476 1511 2531 dicit:
1542 2474 1640 2540 Qui
1667 2473 1819 2527 credit
1844 2475 1897 2525 in

322 2596 422 2642 me,
456 2577 697 2631 transiet”
740 2574 804 2627 de
843 2582 1000 2625 morte
1040 2570 1107 2623 ad
1144 2569 1295 2622 vitam
1326 2565 1515 2639 (Joan.
1565 2579 1621 2631 ν,
1674 2564 1786 2633 94).
1829 2564 1897 2618 Ει

322 2672 560 2725 maxime
589 2667 729 2722 idem
755 2662 1071 2732 evangelista
1102 2660 1204 2713 hoc
1225 2657 1519 2729 exprimere
1546 2654 1778 2708 voluisse
1810 2653 1896 2706 in-

322 2760 597 2830 telligitur,
620 2772 741 2811 cum
762 2755 827 2809 de
850 2752 1177 2808 celebraturo
1200 2749 1424 2803 Domino
1448 2745 1646 2800 Pascha
1674 2758 1792 2797 cum
1819 2743 1897 2797 di-

323 2849 545 2920 seipulis
573 2848 700 2911 suis,
732 2843 818 2899 ubi
850 2856 1056 2898 coenam
1079 2840 1158 2894 eis
1182 2837 1455 2909 mysticam
1483 2834 1646 2897 dedit,
1675 2832 1800 2886 Cum
1834 2833 1899 2885 vi-

320 2944 500 3005 disset,
533 2938 723 3007 inquit,
752 2935 899 2987 Jesus
927 2932 1045 3003 quia
1069 2930 1198 2984 venit
1226 2929 1335 2997 ejus
1360 2926 1483 2979 hora
1509 2933 1560 2977 ut
1591 2923 1821 2977 transiret
1837 2924 1898 2977 de

325 3032 516 3085 mundo
545 3031 611 3082 ad
642 3027 841 3080 Patrem
868 3022 975 3092 (1d.
1009 3035 1124 3084 xm,
1158 3020 1230 3088 1).
1264 3017 1537 3071 Transitus
1564 3028 1689 3083 ergo
1712 3013 1780 3067 de
1802 3013 1897 3067 hac

324 3125 429 3176 vita
460 3118 671 3174 mortali
694 3118 745 3170 in
769 3116 924 3168 aliam
952 3113 1111 3166 vitam
1134 3108 1502 3172 immortalem,
1524 3106 1627 3160 hoc
1648 3112 1727 3159 est
1757 3104 1896 3158 enim

324 3212 391 3266 de
415 3219 591 3263 morte
611 3207 676 3261 ad
698 3207 876 3266 vitam,
896 3202 948 3256 in
972 3199 1215 3271 passione
1240 3204 1294 3253 et
1322 3196 1372 3250 in
1400 3194 1787 3250 resurrectione
1804 3194 1899 3247 Do-

326 3301 459 3355 mini
487 3296 905 3354 commendatur.

394 3431 624 3487 CAPUT
657 3429 717 3483 ll.
742 3458 811 3467 —
832 3428 882 3482 5.
908 3426 1000 3479 llic
1028 3422 1277 3477 transitus
1296 3434 1324 3473 ιι
1354 3419 1507 3473 nobis
1542 3418 1699 3472 modo
1728 3418 1898 3488 agitur

324 3540 423 3597 per
450 3522 630 3584 ﬁdem,
657 3534 775 3589 qua:
791 3516 942 3583 nobis
969 3523 1050 3569 est
1075 3514 1126 3566 in
1154 3508 1516 3565 remissionem
1543 3519 1891 3575 peccatorum,

327 3618 378 3671 in
397 3628 548 3683 spem
573 3613 691 3665 vitm.
715 3618 949 3673 mternm,
974 3602 1311 3674 diligentibus
1330 3601 1491 3654 Deum
1509 3608 1561 3652 et
1578 3598 1893 3667 proximum;

321 3709 447 3778 quia
470 3706 595 3773 ﬁdes
616 3719 703 3774 per
722 3700 1035 3757 dilectionem
1060 3704 1293 3766 operatur
1317 3689 1457 3765 (Gal.
1480 3706 1533 3756 v,
1558 3690 1635 3759 6),
1662 3698 1715 3743 et
1725 3691 1897 3760 justus

320 3814 384 3852 ea:
405 3797 509 3865 ﬁde
532 3795 646 3847 vivit
670 3791 887 3865 (Habac.
912 3806 967 3855 ιι,
996 3787 1070 3860 4).
1103 3788 1231 3856 Spes
1250 3794 1413 3837 autem
1432 3798 1544 3850 qute
1564 3780 1773 3844 videtur,
1798 3796 1898 3833 non

321 3897 394 3941 cst
438 3902 552 3955 spes
571 3900 589 3937 :
610 3882 743 3955 quod
767 3883 899 3935 enim
933 3878 1062 3932 videt
1090 3877 1222 3946 quis,
1260 3872 1380 3944 quid
1421 3871 1625 3941 sperat?
1651 3869 1711 3925 Si
1734 3880 1897 3923 autem

320 3978 461 4050 quod
486 3992 586 4028 non
623 3974 844 4027 videmus
881 3982 1157 4039 speramus,
1198 3981 1285 4035 per
1325 3962 1614 4033 patientiam
1639 3970 1896 4030 exspecta-

322 4085 439 4122 mus
472 4066 644 4137 (Rom.
675 4079 786 4128 vm,
811 4061 932 4131 24):
963 4056 1247 4113 secundum
1274 4055 1410 4108 hanc
1438 4052 1615 4117 tidem,
1643 4059 1695 4105 et
1724 4066 1893 4120 spem,

321 4168 379 4217 et
407 4156 765 4219 dilectionem,
803 4166 904 4222 qua
944 4148 1201 4216 coepimus
1248 4159 1367 4200 esse
1412 4143 1510 4197 sub
1554 4141 1741 4211 gratia,
1786 4139 1897 4208 jam

321 4244 645 4307 commortui
664 4258 844 4298 sumus
870 4256 988 4295 cum
1013 4238 1243 4299 Christo,
1290 4244 1344 4288 et
1380 4232 1672 4299 conscpulti
1705 4231 1777 4283 illi
1805 4245 1899 4298 per

322 4338 645 4408 baptismum
671 4337 722 4389 in
750 4343 971 4389 mortem
1000 4330 1215 4404 (Coloss.
1246 4324 1344 4397 ιιι),
1368 4326 1501 4379 sicut
1520 4325 1646 4378 dicit
1674 4326 1900 4391 Aposto-

323 4429 447 4483 lus:
478 4426 607 4492 Quia
633 4435 680 4479 et
702 4434 839 4477 vetus
863 4424 1007 4476 homo
1030 4428 1194 4473 noster
1222 4414 1370 4469 simul
1394 4413 1661 4481 cruciﬁxus
1689 4420 1757 4465 est
1786 4427 1898 4463 cum

324 4519 451 4581 illo;
476 4525 524 4570 et
552 4514 910 4569 resurreximus
938 4527 1047 4564 cum
1074 4509 1162 4562 illo
1194 4505 1365 4576 (Rom.
1389 4518 1461 4568 Vl,
1491 4501 1543 4573 6)
1569 4519 1583 4555 :
1611 4501 1727 4569 quia
1748 4499 1899 4554 simul

324 4626 418 4663 nos
445 4608 693 4671 excitauit,
736 4614 782 4659 et
810 4602 961 4658 simul
989 4602 1157 4655 sedere
1182 4599 1296 4669 fecit
1338 4596 1390 4649 in
1418 4594 1714 4649 malestibus.
1751 4593 1897 4648 Unde

324 4707 411 4754 est
434 4706 488 4751 et
514 4697 601 4750 illa
622 4693 951 4750 exhortatio:
982 4690 1043 4746 Si
1066 4698 1228 4742 autem
1251 4685 1585 4740 resurrexistis
1610 4702 1722 4738 cum
1755 4682 1899 4739 Chri-

323 4798 425 4852 sto,
453 4802 564 4856 qua:
589 4801 788 4840 sursum
811 4792 924 4837 sunt
947 4780 1168 4852 quierite,
1194 4777 1276 4831 ubi
1300 4774 1527 4831 Christus
1550 4784 1620 4827 est
1647 4775 1712 4826 ad
1732 4774 1899 4826 dexte-

324 4896 442 4933 ram
472 4877 564 4930 Dei
591 4877 799 4939 sedens;
820 4889 930 4944 qua:
947 4887 1143 4926 sursum
1163 4878 1274 4923 sunt
1295 4867 1473 4937 sapite,
1500 4882 1597 4918 non
1618 4880 1728 4934 qua:
1752 4880 1901 4933 super

325 4982 535 5024 terram.
567 4967 670 5023 Sed
697 4966 839 5037 quod
865 4963 1098 5033 sequitur
1124 4969 1178 5015 et
1201 4960 1346 5021 dicit,
1388 4958 1574 5011 Μονιαί
1605 4958 1734 5010 enim
1764 4959 1896 5021 estis,

323 5070 372 5114 et
410 5061 513 5113 uita
548 5068 709 5112 uestra
736 5053 1021 5109 abscondita
1049 5061 1119 5105 est
1147 5066 1259 5102 cum
1288 5048 1484 5103 Christo
1521 5048 1574 5101 in
1616 5047 1744 5101 Deo.
1777 5047 1902 5100 Cum

328 5150 560 5206 Christus
598 5146 889 5219 apparuerit
917 5144 1017 5197 vita
1044 5151 1224 5208 vestra,
1259 5149 1376 5194 tunc
1404 5149 1449 5194 et
1478 5155 1562 5194 vos
1599 5139 1902 5209 apparebitis

393 5309 413 5340 ι
438 5302 752 5356 Ploriacensis
790 5300 964 5359 codex,
997 5296 1060 5348 ad
1104 5300 1342 5349 sacratam
1798 5306 1905 5343 con-

327 5362 934 5426 uerterenonomittamus.
1034 5419 1061 5426 _‘
1124 5419 1135 5426 _
1200 5424 1207 5426 ξ
1411 5419 1423 5426 Δ
1683 5416 1713 5426 Α,

342 5414 589 5476 Γ’ῆιίιιιε
616 5414 849 5480 ιτιοτὶιια,
894 5419 1099 5479 trtmsit;
1122 5419 1384 5480 fortepro,
1407 5414 1610 5476 transiit,
1646 5416 1716 5464 uti
1754 5414 1905 5465 habet

328 5488 531 5552 Vulgata
550 5494 601 5537 et
619 5497 775 5549 graeca
809 5476 986 5541 versio,
1008 5476 1357 5530 metabébéken.

389 5570 465 5629 (ιι)
504 5573 568 5615 tta
606 5567 762 5615 visum
782 5571 1079 5629 esttrenaeo,
1108 5559 1192 5629 lib.
1220 5560 1333 5629 4,_c_.
1448 5555 1900 5629 ;_Tertulliano,_lib.

328 5617 461 5681 eam:
482 5628 689 5685 Judaeos,
711 5639 755 5675 c.
779 5625 859 5681 1ος
879 5617 1134 5680 tactantio,
1146 5621 1229 5670 lib.
1255 5621 1285 5669 4
1301 5620 1525 5679 tnstitut.,
1541 5631 1584 5667 c.
1604 5617 1690 5678 ‘26;
1716 5620 1905 5664 Ambro-

329 5693 419 5749 sio,
441 5691 507 5740 de
529 5684 724 5752 mystico
754 5686 943 5745 Pascha,
962 5697 1065 5747 cap.
1090 5684 1133 5733 1.

1507 289 1975 344 EPISTOLARUM
2014 291 2282 351 CLASSIS
2317 293 2380 348 Il.

3458 308 3561 364 286

1997 422 2109 458 cum
2138 406 2224 459 illo
2253 407 2304 458 in
2331 406 2491 476 gloria
2516 404 2726 476 (Coloss.
2768 424 2844 477 ιιι,
2876 411 3015 482 1-4);
3050 415 3178 469 satis
3218 417 3410 472 indicat
3436 421 3559 489 quid

1997 496 2121 549 velit
2148 497 2382 567 intelligi,
2405 497 2523 569 quia
2558 514 2697 553 nunc
2720 500 2971 556 transitus
3000 514 3181 560 noster
3203 504 3272 561 'de
3296 518 3466 564 morte
3494 510 3559 564 ad

1998 587 2178 650 vitam,
2220 589 2306 657 qui
2340 588 2398 641 lit
2423 605 2516 658 per
2544 589 2716 655 iidem,
2748 605 2840 660 spe
2868 595 3134 664 peragitur
3160 596 3347 652 futura:
3377 599 3426 652 in
3457 600 3560 655 (ine

1997 679 2400 732 resurrectionis
2427 689 2480 733 et
2504 680 2705 749 glorim,
2735 696 2852 736 cum
2879 686 3220 754 corruptibile
3246 688 3366 753 hoc,
3398 689 3448 744 id
3482 701 3565 745 est

1997 780 2121 820 caro
2147 768 2243 820 ista
2271 767 2321 820 in
2356 784 2457 837 qua
2484 770 2744 838 gemimus
2772 773 2948 840 modo,
2991 774 3174 829 induet
3210 778 3563 848 incorruptio-

1996 870 2138 921 nem,
2181 865 2234 911 et
2272 859 2490 914 mortale
2530 859 2631 915 hoc
2660 861 2841 917 induet
2883 864 3326 921 immortalitatem
3360 868 3414 939 (l
3445 869 3560 923 Cor.

1998 960 2091 1012 xv,
2136 946 2250 1018 53).
2290 947 2441 1003 Nunc
2477 949 2614 1003 enim
2645 951 2855 1018 quidem
2882 952 2990 1021 jam
3020 954 3274 1010 habemus
3320 958 3565 1027 primitias

1994 1036 2199 1104 spiritus
2225 1052 2318 1106 per
2344 1037 2525 1106 ﬁdem,
2549 1039 2643 1093 sed
2667 1039 2839 1095 adhuc
2880 1043 2932 1096 in
2971 1045 3110 1098 nobis
3136 1046 3259 1115 ipsis
3285 1048 3566 1117 ingemisci-

1996 1140 2124 1191 mus,
2160 1128 2478 1196 adoptionem
2518 1139 2872 1200 exspectantes,
2916 1134 3300 1204 redemptionem
3341 1140 3565 1207 corporis

1996 1216 2153 1269 nostri
2170 1232 2291 1285 :spe
2318 1218 2449 1270 enim
2476 1219 2599 1273 salvi
2624 1222 2744 1291 facti
2769 1239 2960 1276 sumus.
2984 1222 3038 1277 In
3068 1226 3165 1280 hac
3204 1242 3297 1295 spe
3322 1242 3443 1281 cum
3473 1243 3567 1281 su-

1995 1320 2132 1371 mus,
2156 1323 2337 1371 corpus
2360 1310 2557 1377 quidem
2577 1318 2825 1364 mortuum
2851 1322 2921 1365 est
2943 1325 3144 1383 prapter
3169 1326 3443 1384 peccatum,
3463 1318 3570 1386 spi-

1994 1397 2120 1450 ritus
2144 1406 2307 1451 autein
2332 1399 2429 1452 vita
2454 1409 2524 1453 est
2544 1409 2746 1471 propter
2760 1403 3032 1472 justitiam.
3059 1405 3160 1460 Sed
3190 1406 3307 1463 vide
3336 1407 3459 1477 quid
3481 1422 3567 1463 se-

1996 1488 2204 1555 quitur:
2238 1486 2299 1542 Si
2325 1480 2490 1541 autem
2518 1488 2742 1559 Spiritus
2784 1493 2909 1562 ejus,
2954 1493 3137 1563 inquit,
3184 1497 3268 1565 qui
3313 1499 3569 1551 suscitavit
3629 1534 3637 1541 -

1995 1576 2170 1632 Iesum
2185 1594 2215 1631 a
2232 1580 2440 1633 mortuis
2462 1579 2647 1634 habitat
2672 1582 2725 1635 in
2749 1582 2915 1649 vobis;
2937 1585 3021 1652 qui
3044 1587 3289 1639 suscitavit
3313 1586 3569 1642 Christum

1996 1682 2029 1720 a
2051 1668 2278 1734 mortuis,
2308 1669 2575 1738 viviﬁcabit
2599 1680 2645 1725 et
2674 1673 2907 1725 mortalia
2931 1689 3141 1742 corpora
3169 1684 3330 1729 t‘eslra
3363 1694 3451 1742 per
3482 1678 3564 1731 in-
3642 1730 3645 1731 ν

1997 1756 2298 1812 habitantem
2343 1758 2592 1830 Spiritum
2620 1762 2728 1831 ejus
2756 1761 2808 1815 in
2836 1762 2970 1816 vobis
3009 1762 3179 1835 (Rom.
3213 1781 3323 1831 vui,
3354 1767 3444 1834 25,
3474 1768 3566 1833 24,
3628 1744 3636 1759 ”

1999 1848 2086 1915 10,
2123 1849 2228 1920 11).
2253 1850 2363 1904 ΙνΙοο
2390 1851 2548 1919 igitur
2565 1852 2808 1905 universa
2834 1852 3091 1920 Ecclesia,
3116 1871 3232 1924 qua:
3256 1856 3305 1909 in
3330 1858 3567 1927 peregri-

1997 1938 2209 1993 natione
2238 1940 2571 1994 mortalitatis
2600 1940 2811 1994 invcnta
2839 1950 2939 2008 est,
2969 1952 3239 2011 exspectat
3267 1945 3318 1998 in
3343 1946 3447 2000 line
3471 1960 3571 2000 saa-

1997 2028 2097 2083 culi
2127 2029 2265 2098 quod
2293 2030 2345 2083 in
2376 2030 2583 2085 Domini
2614 2032 2779 2085 nostri
2803 2030 2927 2086 Jcsu
2956 2030 3150 2088 Christi
3181 2049 3402 2105 corpore
3426 2051 3568 2104 prie-

1998 2126 2343 2172 moastratum
2366 2129 2466 2185 est,
2494 2122 2582 2190 qui
2607 2130 2688 2175 est
2710 2136 2771 2175 ex
2794 2122 3014 2176 mortuis
3032 2122 3425 2193 primogenitus,
3446 2126 3568 2195 quia

1999 2216 2051 2261 et
2070 2224 2262 2277 corpus
2286 2209 2400 2278 ejus
2425 2211 2508 2264 cui
2542 2220 2699 2281 caput
2720 2219 2802 2266 est
2823 2212 2955 2280 ipse,
2982 2212 3208 2267 nonnisi
3232 2215 3460 2269 Ecclesia
3488 2222 3571 2270 est

2004 2298 2214 2369 (Coloss.
2247 2315 2285 2367 ι,
2320 2300 2430 2372 18).

2069 2449 2294 2505 CAPUT
2321 2449 2477 2504 lll.—-
2498 2452 2552 2506 4.
2583 2451 2830 2506 Nonnulli
2871 2452 3009 2507 enim
3050 2452 3381 2509 attendentes
3408 2454 3569 2509 verba

2000 2556 2117 2608 quze
2143 2541 2352 2596 assidue
2379 2540 2509 2596 dicit
2559 2543 2861 2611 Apostolus,
2908 2543 3028 2613 quia
3056 2551 3110 2597 et
3153 2545 3345 2598 mortui
3390 2559 3571 2600 sumus

2000 2644 2120 2684 cum
2142 2630 2373 2695 Christo,
2402 2642 2454 2685 ct
2474 2632 2859 2687 resurreximus
2878 2648 2997 2687 cum
3034 2649 3118 2698 eo,
3144 2649 3243 2689 nec
3272 2636 3571 2706 intelligen-

2002 2729 2080 2773 tes
2101 2727 2357 2789 quatenus
2379 2720 2640 2790 dicantur,
2667 2723 2905 2777 arbitrati
2944 2734 3066 2779 sunt
3086 2726 3195 2795 jam
3229 2726 3416 2781 factam
3452 2743 3572 2783 esse

2002 2814 2464 2880 resurrectionem,
2494 2830 2591 2869 nec
2622 2815 2779 2869 ullam
2802 2816 3024 2871 ulterius
3049 2818 3099 2872 in
3132 2819 3235 2874 line
3276 2829 3573 2889 temporum

2000 2915 2120 2955 esse
2144 2903 2462 2971 sperandam
2496 2922 2509 2957 :
2546 2904 2629 2958 Ea:
2652 2908 2833 2977 quibus
2857 2918 2949 2975 est,
2982 2909 3167 2978 inquit,
3202 2910 3503 2981 Hymenaeus
3525 2922 3576 2966 et

2004 2990 2255 3057 Philetus,
2286 2994 2371 3062 qui
2397 2996 2532 3047 circa
2558 2997 2814 3049 veritatem
2848 2997 3220 3064 aberraverunt,
3255 3002 3471 3056 dicentes
3491 3020 3572 3056 re-

2001 3084 2355 3136 surrectionem
2375 3086 2487 3155 jam
2507 3089 2692 3154 factam
2720 3101 2848 3153 esse,
2872 3095 2917 3140 et
2928 3087 3080 3156 ﬁdem
3104 3092 3432 3156 quorumdam
3456 3093 3575 3146 sub-

2001 3182 2249 3227 verterunt
2274 3173 2337 3243 (ll
2366 3174 2497 3228 Tim.
2520 3192 2577 3239 ιι,
2625 3178 2735 3247 17).
2766 3178 2910 3231 Idem
2931 3182 3201 3247 apostolus
3225 3195 3319 3237 eos
3343 3197 3570 3253 arguens

2000 3265 2310 3329 detestatur,
2341 3268 2429 3337 qui
2448 3276 2619 3321 tamen
2638 3268 2763 3323 dicit
2786 3284 2883 3325 nos
2900 3272 3254 3327 resurrexisse
3278 3287 3399 3327 cum
3423 3274 3575 3329 Chri-

2002 3362 2104 3407 sto.
2144 3354 2309 3419 Unde,
2346 3358 2445 3411 nisi
2475 3358 2597 3425 quia
2625 3357 2727 3412 hoc
2757 3374 2850 3427 per
2876 3360 3055 3427 tidem,
3093 3371 3145 3416 et
3163 3376 3333 3432 spem,
3356 3373 3411 3418 et
3435 3365 3572 3420 dile-

2001 3446 2228 3499 ctionem
2260 3446 2451 3501 factum
2482 3462 2599 3502 esse
2628 3448 2754 3503 dicit
2780 3450 2831 3503 in
2871 3450 3044 3516 nobis,
3076 3453 3363 3508 secundum
3391 3457 3569 3524 primi-

2004 3536 2101 3591 tias
2121 3535 2383 3605 Spiritus?
2411 3538 2514 3592 Sed
2530 3540 2649 3608 quia
2672 3554 2795 3608 spes
2820 3556 2942 3610 qute
2963 3541 3170 3595 videtur
3186 3559 3291 3597 non
3318 3554 3399 3599 est
3424 3559 3567 3614 spes,

2001 3635 2057 3681 et
2076 3627 2193 3682 ideo
2210 3628 2252 3681 si
2273 3628 2409 3697 quod
2438 3644 2542 3682 non
2573 3628 2810 3683 videmus
2836 3645 3128 3700 speramus,
3154 3647 3247 3700 per
3267 3634 3571 3701 patientiam

2003 3727 2397 3785 exspectamus;
2417 3728 2578 3773 restat
2598 3719 2780 3788 utique
2804 3720 3097 3789 redemptio
3115 3723 3355 3791 corporis
3382 3727 3570 3791 nostri,

2005 3824 2159 3877 quam
2186 3818 2552 3877 exspectantes
2608 3810 2660 3862 in
2707 3810 3103 3880 nobismetipsis
3158 3814 3569 3883 ingemiscimus.

2006 3899 2159 3954 Unde
2187 3907 2269 3954 est
2308 3910 2360 3953 et
2389 3900 2515 3953 illud
2553 3916 2565 3953 :
2594 3900 2699 3970 Spe
2724 3902 3019 3971 gaudentes,
3050 3903 3103 3956 in
3133 3904 3450 3961 tribulatione
3477 3923 3573 3978 pa-

2008 3990 2181 4043 tientes
2211 3988 2383 4061 (Rom.
2414 4004 2509 4057 xu,
2542 3990 2652 4060 12).

2076 4101 2131 4155 5.
2172 4101 2296 4155 Ηωο
2339 4100 2497 4171 igitur
2525 4101 2792 4157 innovatio
2837 4102 2959 4157 vitae
3005 4113 3202 4160 nostrm
3250 4114 3333 4161 est
3360 4108 3573 4177 quidam

2007 4191 2260 4245 transitus
2287 4189 2353 4243 de
2379 4199 2547 4244 morte
2572 4190 2639 4244 ad
2668 4191 2846 4254 vitam,
2869 4191 2958 4260 qui
2986 4193 3157 4260 primo
3187 4193 3245 4247 lit
3270 4210 3365 4263 per
3390 4197 3569 4264 ﬁdem,

2005 4290 2063 4334 nt
2088 4281 2139 4333 in
2170 4295 2263 4348 spe
2299 4279 2637 4348 gaudeamus,
2663 4288 2716 4334 et
2757 4282 2808 4334 in
2839 4281 3175 4337 tribulatione
3215 4285 3473 4353 patientes
3502 4289 3576 4343 si-

2008 4387 2144 4435 mus,
2173 4370 2296 4424 dum
2326 4369 2496 4424 adhuc
2528 4370 2760 4425 exterior
2784 4379 2967 4426 noster
3009 4372 3169 4427 homo
3197 4377 3572 4446 corrumpitur,

2005 4462 2099 4517 sed
2129 4461 2348 4517 interior
2367 4471 2651 4517 renovatur
2668 4462 2735 4517 de
2771 4463 2857 4517 die
2880 4464 2931 4517 in
2953 4463 3091 4518 diem
3125 4463 3189 4536 (ll
3220 4466 3338 4520 Cor.
3360 4483 3433 4535 iv,
3459 4468 3573 4540 16).

2004 4553 2226 4621 Propter
2251 4552 2421 4620 ipsum
2443 4552 2646 4606 initium
2674 4567 2823 4607 nova)
2844 4554 2985 4620 vitm,
3017 4564 3232 4625 propter
3255 4572 3450 4612 novum
3481 4560 3577 4617 ho-

2005 4645 2202 4699 minem
2249 4659 2405 4714 quem
2431 4643 2678 4712 iubemur
2701 4642 2920 4698 induere
2947 4646 2987 4709 ί,
3028 4653 3081 4699 et
3106 4662 3300 4702 exuere
3339 4658 3573 4705 veterem

2009 4734 2220 4806 (Coloss.
2241 4750 2317 4799 ιιι,
2340 4734 2393 4800 9,
2422 4733 2544 4803 1Ο);
2585 4744 2935 4803 expurgantes
2966 4744 3117 4790 vetus
3147 4736 3487 4809 fermentum,
3520 4753 3579 4797 ιιι

2006 4828 2172 4882 simus
2199 4841 2333 4880 nova
2361 4824 2690 4893 conspersio,
2719 4825 2967 4894 quoniam
2981 4826 3184 4883 Pascha
3214 4840 3452 4886 nostrum
3476 4834 3577 4887 im-

2007 4919 2233 4972 molatus
2260 4925 2341 4971 cst
2359 4914 2597 4971 Christus
2622 4915 2663 4987 (Ι
2685 4915 2800 4969 Cor.
2826 4930 2878 4981 v,
2911 4915 2964 4989 7)
2996 4934 3009 4969 :
3039 4928 3254 4989 prepter
3282 4921 3419 4977 hanc
3444 4938 3572 4992 ergo

2007 5010 2130 5064 vitm
2157 5009 2464 5073 novitatem,
2496 5007 2695 5076 primus
2722 5007 2919 5062 mensis
2953 5009 3006 5062 in
3035 5011 3158 5064 anni
3185 5012 3454 5067 mensibus
3482 5028 3574 5067 ce-

2008 5096 2286 5152 lebrationi
2308 5096 2430 5151 huic
2453 5097 2732 5152 attributus
2757 5106 2855 5151 est.
2882 5098 3013 5153 Nam
3036 5109 3089 5155 et
3114 5101 3227 5170 ipse
3243 5103 3433 5158 dicitur
3445 5120 3577 5157 men-

2008 5190 2076 5242 sis
2101 5203 2341 5240 novorum
2376 5185 2567 5259 (Exod.
2591 5203 2738 5253 xxni,
2763 5187 2889 5260 15).
2925 5188 3056 5255 Quia
3082 5205 3211 5246 vero
3229 5192 3281 5246 in
3313 5201 3419 5246 toto
3443 5200 3575 5248 tem-

2010 5295 2136 5350 pore
2153 5278 2331 5334 smculi
2358 5294 2499 5333 nunc
2517 5280 2729 5334 tertium
2746 5288 2950 5349 tempus
2970 5283 3231 5351 apparuit,
3254 5283 3372 5337 ideo
3392 5298 3574 5338 resuro

2010 5372 2173 5427 rectio
2196 5371 2402 5426 Domini
2438 5370 2679 5424 triduana
2708 5382 2807 5430 est.
2840 5372 3070 5426 Primum
3092 5373 3231 5428 enim
3260 5382 3464 5443 tempus
3492 5384 3570 5431 est

2074 5551 2091 5581 ί
2238 5554 2385 5617 .tres:
2414 5552 2614 5619 Propter
2638 5546 2724 5596 hoc
2746 5544 2901 5619 ipsum
2923 5545 3134 5619 initimn‘,
3169 5554 3264 5619 etp.
3287 5547 3371 5616 Alii
3395 5563 3534 5619 seqq.
3557 5566 3570 5601 :

2013 5617 2207 5720 ξτὲονιεν
2230 5608 2386 5671 ipsum
2405 5608 2593 5658 initium
2616 5620 2745 5658 rwvw
2761 5608 2882 5667 vitae,
2910 5620 3079 5658 novum
3098 5608 3335 5661 hominem
3346 5608 3574 5673 jubeiriur

2004 5686 2054 5725 ιη
2094 5684 2219 5721 uere.
