4090 6356
503 333 603 398 907

503 462 626 506 ante
653 450 868 520 Legem,
919 447 1204 503 secundum
1235 446 1333 501 sub
1349 445 1520 525 .Lege,
1557 442 1766 497 tertium
1807 441 1905 496 sub
1933 443 2066 498 Gra-

509 545 599 608 tia,
629 542 714 597 ubi
734 542 843 612 jam
876 538 1229 594 manifestatio
1263 544 1346 590 est
1372 531 1685 597 sacramenti
1714 533 1858 601 prius
1878 531 2068 588 occulti

506 649 560 686 in
593 630 901 702 prophetico
917 629 1216 698 aenigmate.
1245 626 1357 680 Hoc
1375 638 1500 692 ergo
1520 629 1574 677 et
1605 621 1657 676 in
1683 622 1855 676 lunari
1880 637 2068 676 nume-

505 740 565 781 ro
585 723 943 794 significatur;
971 721 1092 791 quia
1117 718 1256 773 enim
1292 713 1618 784 septenarius
1655 729 1906 768 numerus
1934 713 2071 767 solet

505 818 558 870 in
588 813 874 884 Scripturis
894 811 960 864 ad
983 807 1262 880 quamdam
1280 803 1654 874 perfectionem
1693 803 1948 871 mysticus
1973 816 2067 870 ap-

505 923 713 978 parere,
744 905 896 960 tertia
918 898 1244 957 hebdomada
1271 897 1405 950 luna:
1423 894 1621 950 Pascha
1647 894 1962 958 celebratur,
1982 895 2069 963 qui

507 977 622 1055 dies
646 992 874 1052 occurrit
895 1010 924 1047 a
951 1000 1132 1062 quarta
1154 988 1357 1043 decima
1402 985 1454 1039 in
1484 980 1788 1039 vicesimam
1823 977 2064 1052 primam.

577 1086 803 1143 CAPUT
826 1079 1175 1138 lV.—6.Est
1222 1076 1328 1132 illic
1360 1083 1414 1130 et
1457 1074 1600 1128 aliud
1642 1073 2066 1139 Sacramentum,

510 1179 648 1252 quod
680 1178 723 1232 si
754 1172 843 1230 tibi
873 1173 1156 1227 obscurum
1199 1168 1374 1233 fuerit,
1398 1165 1520 1237 quia
1549 1165 1601 1220 in
1632 1164 1820 1219 talibus
1847 1162 2068 1233 inquisi-

504 1270 736 1327 tionibus
761 1267 934 1321 minus
961 1261 1198 1318 eruditus
1218 1276 1296 1326 es,
1329 1273 1431 1313 non
1452 1255 1809 1321 contristeris;
1841 1269 1937 1308 nec
1952 1253 2070 1309 ideo

502 1376 588 1416 me
618 1367 768 1429 putes
793 1352 1224 1423 meliorem,quia
1247 1350 1360 1405 haec
1376 1349 1426 1404 in
1458 1347 1644 1404 studiis
1673 1344 1958 1417 puerilibus
1987 1345 2070 1400 di-

502 1451 607 1506 dici
632 1468 644 1502 :
680 1449 779 1514 Qui
806 1447 946 1502 enim
975 1438 1240 1517 gloriatur,
1275 1442 1328 1496 in
1356 1457 1413 1495 eo
1430 1434 1690 1513 glorietur,
1728 1438 1916 1508 inquit,
1947 1437 2071 1491 scire

501 1549 548 1596 et
571 1538 846 1609 intelligere
869 1531 1104 1607 quoniam
1146 1543 1235 1605 ego
1278 1548 1390 1586 sum
1416 1522 1664 1585 Dominus
1685 1519 1814 1600 (Jer.
1852 1527 2067 1598 tx,24).

500 1625 752 1688 Nonnulli
773 1644 898 1700 ergo
913 1626 1136 1683 studiosi
1155 1623 1332 1680 talium
1350 1637 1524 1678 rerum
1542 1619 1894 1691 quasiverunt
1910 1618 2070 1673 multa

498 1723 566 1777 de
594 1722 831 1776 numeris
856 1720 873 1750 ί
901 1726 955 1773 et
979 1716 1210 1772 motibus
1233 1712 1482 1769 siderum.
1507 1712 1574 1765 Et
1593 1710 1682 1780 qui
1708 1709 1950 1765 subtilius
1971 1709 2071 1764 ista

501 1811 720 1866 scrutati
758 1817 900 1874 sunt,
929 1808 1252 1862 incrementa
1298 1812 1352 1858 et
1378 1802 1717 1857 decrementa
1760 1801 1962 1855 lunaria
2005 1816 2069 1856 ex

457 1958 469 1975 ι
504 1901 852 1957 conversione
875 1897 1013 1968 globi
1041 1895 1157 1964 ejus
1185 1893 1544 1962 conjecerunt,
1574 1905 1677 1945 non
1699 1890 1840 1961 quod
1876 1889 2071 1960 aliquid

504 1989 810 2048 substantizn
839 1987 920 2042 vel
963 1985 1180 2041 accedat
1202 1983 1252 2040 ei
1287 1997 1407 2038 cum
1448 1989 1689 2052 augetur,
1728 1980 1810 2036 vel
1851 1979 2074 2035 decedat

504 2095 626 2134 cum
658 2072 927 2142 minuitur,
965 2073 1107 2146 quod
1129 2073 1292 2129 delira
1337 2071 1598 2142 imperitia
1619 2072 1640 2102 ¹
1661 2069 1933 2125 Manichtei
1959 2069 2073 2139 opi-

505 2178 718 2232 nantes,
741 2165 936 2238 repleri
961 2176 1077 2221 eam
1105 2165 1370 2229 dixerunt,
1402 2163 1534 2218 sicut
1556 2161 1789 2232 repletur
1812 2162 1981 2229 navis,
2005 2177 2071 2216 ex

505 2260 718 2332 fugitiva
745 2259 837 2314 Dei
861 2265 1029 2328 parte.
1053 2264 1210 2326 quam
1260 2253 1599 2310 commixtam
1644 2252 1966 2322 principibus
1996 2261 2073 2306 te-

511 2351 798 2406 nebrarum
824 2355 878 2404 et
900 2361 1084 2402 eorum
1109 2342 1351 2399 sordibus
1369 2342 1712 2412 inquinatam,
1729 2340 1889 2397 corde
1916 2351 2073 2411 atque

507 2455 602 2496 ore
626 2439 882 2509 sacrilege
909 2445 963 2494 et
1001 2434 1222 2492 credere
1262 2443 1313 2490 et
1339 2433 1482 2503 loqui
1514 2447 1618 2487 non
1654 2431 1913 2487 dubitant.
1941 2432 2074 2486 Hinc

505 2547 632 2604 ergo
657 2529 866 2601 impleri
887 2529 1064 2584 lunam
1085 2526 1284 2590 dicunt,
1314 2540 1434 2580 cum
1467 2523 1650 2579 eadem
1692 2538 1814 2593 pars
1843 2523 1934 2578 Dei
1963 2537 2075 2578 ma-

506 2623 642 2692 griis;
654 2621 922 2678 laboribus
939 2619 1005 2674 ab
1035 2617 1432 2686 inquinamento
1451 2622 1687 2684 purgata,
1705 2613 1770 2668 de
1795 2622 1905 2668 toto
1922 2629 2074 2666 ιιιιιιι-

505 2715 574 2769 do
615 2723 770 2782 atque
799 2709 1042 2765 omnibus
1071 2706 1264 2762 cloacis
1310 2704 1532 2776 fugiens,
1572 2703 1810 2758 redditur
1851 2703 1960 2758 Deo
1991 2703 2073 2758 Iu-

504 2803 651 2873 genti
701 2801 826 2857 dum
878 2798 1093 2861 redeat;
1137 2794 1332 2865 repleri
1363 2808 1488 2849 vero
1514 2808 1611 2864 per
1637 2801 1870 2848 mensem
1917 2792 2074 2846 dimi-

504 2895 738 2959 dium,et
769 2891 872 2944 alio
898 2887 1117 2944 dimidio
1147 2886 1200 2940 in
1223 2885 1389 2940 solem
1416 2883 1645 2950 refundi,
1670 2883 1814 2938 velut
1841 2883 1892 2937 in
1914 2883 2073 2940 aliam

507 2997 714 3037 navem.
756 2977 865 3034 Nec
895 2989 1066 3032 tamen
1099 2977 1237 3030 inter
1261 2974 1388 3028 istas
1417 2972 1934 3028 anathematizandas
1964 2974 2075 3028 bla-

504 3070 772 3142 Sphemias
799 3067 995 3138 aliquid
1025 3078 1251 3135 unquam
1283 3063 1478 3132 ﬁngere
1503 3071 1806 3132 potuerunt,
1848 3077 1944 3117 cur
1987 3063 2073 3119 vel

505 3163 760 3233 incipiens
789 3160 966 3216 lucere
991 3157 1070 3212 vel
1101 3155 1368 3217 desinens,
1393 3153 1716 3210 corniculato
1756 3154 1954 3209 lumine
1975 3154 2076 3208 ful-

505 3263 644 3323 geat,
673 3261 763 3307 aut
786 3267 880 3306 cur
907 3265 938 3304 a
975 3246 1197 3303 dimidio
1226 3261 1409 3300 mense
1438 3245 1652 3314 incipiat
1678 3245 1865 3313 minui,
1890 3254 2074 3301 etnon

506 3344 572 3400 ad
602 3342 982 3399 refundendum
1007 3341 1027 3371 ³
1055 3341 1200 3409 plena
1225 3337 1513 3409 perveniat.

579 3437 632 3489 7.
673 3433 751 3489 llli
783 3441 956 3487 autem
1001 3431 1089 3502 qui
1116 3430 1232 3485 hace
1259 3428 1419 3484 certis
1466 3428 1699 3484 numeris
1746 3428 2072 3502 indagarunt,

510 3529 582 3582 ita
600 3534 658 3580 ut
682 3535 734 3579 et
755 3523 993 3580 defectus
1020 3521 1148 3577 solis
1174 3529 1226 3575 et
1257 3520 1395 3573 lunae
1417 3533 1522 3572 non
1559 3519 1727 3574 solum
1753 3534 1848 3574 cur
1867 3521 2072 3587 tierent,

510 3615 604 3673 sed
632 3615 789 3671 etiam
832 3611 1041 3682 quando
1082 3611 1238 3664 futuri
1282 3618 1460 3663 essent
1490 3609 1646 3678 longe
1675 3617 1797 3664 ante
1822 3609 2075 3678 praedice-

514 3714 665 3772 rent,
705 3714 760 3760 et
802 3718 895 3758 eos
933 3699 1296 3757 determinatis
1330 3698 1616 3753 intervallis
1649 3707 1944 3768 temporum
1981 3714 2074 3753 ca-

513 3796 699 3851 nonica
740 3793 1108 3864 supputatione
1147 3791 1495 3860 praetigcrent,
1525 3789 1821 3857 litterisque
1853 3787 2073 3842 manda-

511 3895 650 3951 rent,
689 3899 820 3957 quas
843 3883 1001 3939 modo
1017 3883 1102 3952 qui
1131 3882 1311 3952 legunt
1347 3890 1506 3951 atque
1538 3880 1854 3950 intelligunt,
1878 3879 2074 3934 nihilo.

511 3979 685 4033 minus
710 3990 803 4032 eos
837 3973 1157 4044 prmdicnnt,
1205 3986 1305 4026 nec
1329 3971 1483 4026 aliter
1523 3978 1612 4024 aut
1657 3969 1785 4024 alias
1832 3969 2076 4024 accidunt

510 4085 666 4140 quam
714 4066 1024 4138 praedicunt.
1060 4064 1216 4119 Tales
1251 4079 1376 4133 ergo
1404 4063 1613 4134 (quibus
1643 4077 1747 4116 non
1798 4070 1882 4117 est
1924 4062 2073 4132 igne-

509 4159 782 4224 scendum,
815 4158 952 4212 sicut
975 4163 1154 4210 sancta
1189 4153 1456 4223 Scriptura
1487 4150 1646 4216 dicit;
1672 4152 1791 4221 quia
1818 4168 1933 4205 cum
1959 4160 2074 4205 tan-

511 4262 614 4304 tum
648 4249 865 4304 ualerent
894 4255 948 4300 ut
978 4252 1177 4316 possent
1219 4243 1468 4298 aestimare
1513 4241 1774 4304 saeculum,
1807 4240 2076 4295 Dominum

509 4342 637 4409 ejus,
677 4353 833 4408 quem
858 4335 1078 4405 supplici
1103 4333 1297 4404 pietate
1323 4339 1556 4402 possent,
1589 4346 1689 4385 non
1715 4331 1914 4402 facilius
1942 4332 2076 4386 inve-

512 4439 689 4484 uerunt
706 4428 857 4501 [ευρ.
878 4443 992 4492 χιιι,
1010 4426 1088 4498 9])
1100 4467 1112 4491 ,
1131 4441 1196 4480 ex
1214 4425 1341 4494 ipsis
1356 4424 1602 4480 cornibus
1622 4422 1759 4478 lunae
1782 4439 1900 4493 quae
1918 4439 1947 4477 a
1963 4424 2076 4479 sole

510 4536 696 4578 mersa
722 4528 866 4585 sunt,
905 4519 1017 4574 sive
1047 4516 1336 4572 crescentis
1359 4515 1470 4571 sive
1495 4513 1870 4580 decrescentis,
1898 4513 2077 4582 conje-

512 4619 701 4668 ccrunt
727 4625 843 4666 eam
869 4608 953 4664 vel
990 4624 1021 4663 a
1046 4608 1156 4662 sole
1186 4606 1460 4671 illustrari,
1514 4614 1563 4660 et
1585 4611 1780 4674 quanto
1805 4603 1972 4674 magis
2009 4603 2077 4658 ab

511 4720 576 4760 eo
623 4701 912 4766 recederet,
941 4709 1084 4755 tanto
1107 4699 1274 4770 magis
1299 4698 1365 4753 ab
1390 4713 1450 4752 ca
1480 4705 1627 4767 parte
1650 4711 1766 4766 quae
1794 4696 1948 4750 terris
1978 4710 2075 4764 ap-

511 4802 681 4865 paret,
725 4792 900 4847 radios
937 4791 1052 4860 ejus
1082 4790 1364 4859 excipere;
1401 4796 1600 4858 quanto
1643 4795 1818 4840 autem
1845 4784 1910 4838 ad
1955 4799 2076 4839 eum

512 4886 677 4955 magis
696 4891 815 4956 post
837 4883 1109 4937 dimidium
1133 4895 1368 4936 mensem
1392 4894 1456 4934 ex
1475 4879 1576 4931 alio
1597 4875 1931 4930 semicirculo
1950 4890 2074 4945 pro-

511 4979 806 5049 pinquaret,
837 4982 984 5028 tanto
1012 4973 1178 5042 magis
1215 4987 1246 5026 a
1276 4968 1531 5040 superiori
1574 4976 1720 5036 parte
1747 4966 2075 5031 illustratam,

512 5070 580 5124 ab
598 5084 660 5125 ea
689 5075 834 5139 parte
855 5081 1009 5137 quam
1031 5064 1187 5120 terris
1215 5063 1512 5117 adverteret
1538 5073 1641 5112 non
1661 5072 1816 5127 posse
1837 5059 2080 5128 excipere

513 5161 708 5225 radios,
739 5167 792 5214 et
815 5167 1093 5228 propterea
1117 5153 1279 5209 videri
1299 5152 1641 5207 decrescere:
1669 5148 1752 5202 vel
1789 5148 1834 5201 si
1864 5147 2082 5202 haberet

516 5266 669 5306 suum
689 5251 887 5314 lumen,
918 5248 970 5302 id
997 5246 1189 5301 habere
1218 5258 1283 5299 ex
1305 5255 1408 5296 una
1434 5249 1581 5310 parte
1608 5240 1659 5294 in
1688 5238 2077 5309 hemiSphmrio,

577 5403 595 5435 ι
636 5403 710 5463 sic
741 5409 850 5450 Mss.
895 5397 1353 5463 prtestantiores._ftt
1378 5399 1508 5463 ωιτη
1529 5390 1686 5442 studio
1723 5389 1890 5442 talium
1921 5403 2084 5440 rerum

515 5462 832 5526 flutzsit‘erwu
854 5453 1088 5526 ηίμιςα,ςίε
1110 5453 1400 5526 munem-W4"
1426 5461 1530 5526 θῳῖ-
1558 5522 1592 5526 --
1666 5511 1677 5523 ·
1712 5512 1723 5526 '
1770 5511 1800 5526 γ’

579 5512 608 5556 ί
748 5558 764 5585 ,
940 5518 1304 5587 delirmntunt
1322 5513 1530 5587 imperiti
1551 5512 1816 5587 .tlgnirhmi.
1829 5519 1945 5587 latas.
1969 5523 2081 5582 qua—

517 5571 979 5656 tuar,.quo'dilelirat
999 5576 1244 5644 imperitia
1265 5571 1530 5628 Manicliwi.
1553 5572 1636 5624 Alii
1659 5575 1773 5633 duo,
1807 5571 1962 5623 delira
1986 5571 2084 5623 ’ἱιιι-

513 5668 516 5672 ’
535 5662 546 5691 )
562 5689 564 5691 .
578 5661 597 5692 Γ
693 5685 702 5694 .

513 5654 741 5760 “aurigis.
767 5715 984 5771 septem,
1010 5705 1073 5756 ad
1096 5703 1358 5770 ﬁniendum
1394 5701 1532 5766 ιειιήιι
1555 5693 1808 5762 Ρσνυθηίίῖί·

1208 5923 1257 5933 ιο-
1493 5913 1562 5932 ὀ

1119 5933 1196 5958 at"

1721 331 1776 386 S.
1819 329 2174 387 AUCUSTIN‘I
2217 332 2516 389 EPISCOPI

3633 344 3736 402 208

2175 457 2330 512 quam
2353 450 2551 512 partem
2573 459 2691 498 cum
2720 446 2971 501 recedens
2997 462 3029 501 a
3049 448 3160 502 sole
3190 448 3437 518 paulatim
3459 451 3616 510 terris
3643 469 3734 509 os-

2177 530 2475 598 tenderet‘,
2519 533 2690 588 donce
2715 543 2876 589 totam
2905 538 3225 604 ostenderet,
3271 543 3419 609 quasi
3455 555 3737 612 augmenta

2175 630 2489 688 monstrare,
2512 621 2636 676 dum
2663 637 2766 676 non
2791 623 3011 678 addatur
3033 626 3170 694 quod
3195 627 3400 695 deerat,
3419 631 3511 684 sed
3545 633 3739 701 proda-

2178 719 2264 763 tur
2287 711 2427 780 quod
2465 710 2663 777 inerat;
2681 727 2742 766 ac
2772 729 2951 768 rursus
2979 716 3225 783 paulatim
3251 717 3574 775 abscondere
3599 723 3741 791 quod

2177 801 2424 870 patebat,
2479 812 2534 858 et
2567 803 2684 857 ideo
2734 803 2898 858 videri
2944 805 3270 862 decrescere.
3322 809 3426 864 Sed
3471 813 3740 880 quodlibet

2177 891 2367 946 horum
2409 894 2477 946 sit
2523 894 2766 958 duorum,
2801 895 2927 950 illud
2980 907 3122 952 certe
3173 901 3506 955 manifestum
3539 915 3639 970 est,
3684 915 3738 960 et

2178 985 2345 1038 cuivis
2387 985 2679 1042 advertenti
2726 987 2875 1044 facile
2911 991 3210 1060 cognitum,
3272 993 3413 1062 quod
3459 994 3580 1048 luna
3635 1013 3740 1051 non

2173 1085 2422 1144 augeatur
2441 1076 2506 1130 ad
2523 1078 2704 1133 oculos
2717 1087 2947 1146 nostros,
2961 1081 3101 1135 nisia
3117 1084 3227 1137 sole
3239 1084 3555 1152 recedendo,
3571 1103 3741 1156 neque

2174 1166 2461 1232 minuatur,
2497 1167 2600 1222 nisi
2636 1169 2704 1223 ad
2740 1171 2905 1224 solem
2931 1187 2996 1226 ex
3023 1181 3172 1240 parte
3187 1173 3288 1226 alia
3317 1175 3736 1244 propinquando.

2241 1259 2468 1314 CAPUT
2507 1260 2712 1316 V.—-8.
2736 1262 2960 1318 Attende
2999 1279 3135 1319 nunc
3163 1265 3302 1334 quod
3345 1266 3396 1319 in
3441 1267 3740 1324 Proverbiis

2174 1351 2366 1423 legitur
2389 1371 2400 1406 :
2426 1352 2642 1423 Sapiens
2669 1354 2903 1424 sicutsol
2933 1367 3221 1425 permanet;
3244 1358 3425 1412 stultus
3452 1368 3617 1412 autem
3637 1361 3737 1413 sic-

2174 1455 2229 1498 ut
2249 1445 2371 1499 luna
2391 1453 2612 1498 mutatur
2635 1443 2818 1517 (Eccli.
2844 1460 3020 1511 xxvtt,
3049 1445 3160 1518 12).
3188 1447 3254 1501 Et
3283 1449 3400 1518 quis
3423 1457 3505 1502 est
3530 1449 3739 1519 sapicns

2174 1535 2263 1605 qui
2283 1543 2575 1604 permanet,
2599 1535 2697 1589 nisi
2727 1535 2808 1590 sol
2823 1536 2912 1591 ille
2934 1529 3152 1606 justitim
3177 1536 3244 1592 de
3272 1552 3376 1607 quo
3403 1537 3614 1604 dicitur,
3642 1537 3737 1592 0r-

2175 1637 2254 1681 tus
2281 1636 2352 1682 est
2376 1628 2498 1682 milii
2521 1628 2597 1682 sol
2613 1629 2847 1698 justitic,
2865 1637 2920 1683 et
2945 1643 3104 1698 quem
3132 1629 3230 1684 sibi
3260 1645 3364 1683 non
3387 1627 3550 1685 fuisse
3565 1639 3738 1686 ortum

2173 1717 2230 1772 in
2248 1717 2335 1772 die
2362 1718 2641 1773 novissima
2667 1718 2974 1788 plangentes
2994 1717 3141 1788 impii
3168 1718 3358 1774 dicturi
3383 1728 3506 1774 sunt
3529 1739 3541 1774 :
3563 1719 3631 1774 Et
3649 1722 3738 1790 ju.

2173 1808 2322 1862 stitia?
2339 1807 2506 1862 lumen
2531 1823 2631 1861 non
2647 1806 2774 1860 luxit
2794 1807 2950 1872 nobis,
2971 1817 3015 1861 et
3041 1808 3117 1862 sol
3135 1806 3157 1839 ²
3179 1824 3278 1862 non
3301 1818 3437 1863 ortus
3464 1819 3534 1863 est
3563 1811 3700 1864 nobis
3714 1811 3740 1864 ?

2177 1898 2330 1971 (Sap.
2363 1915 2416 1966 v,
2444 1898 2522 1972 6.)
2562 1897 2694 1952 Nam
2719 1897 2876 1954 istum
2892 1899 3065 1953 carnis
3084 1898 3253 1952 oculis
3283 1898 3538 1954 visibilem
3571 1901 3741 1955 solem

2173 1991 2302 2047 oriri
2323 1991 2444 2046 facit
2469 2006 2630 2061 super
2656 1991 2823 2045 bonos
2847 1998 2902 2045 et
2925 1989 3093 2044 malos
3119 1989 3281 2056 Deus,
3317 1991 3404 2060 qui
3424 1989 3579 2044 etiam
3609 1992 3741 2060 pluit

2175 2100 2336 2156 super
2348 2085 2521 2155 justos
2539 2093 2593 2139 et
2629 2082 2853 2153 injustos
2885 2081 3096 2154 (Matth.
3118 2097 3174 2145 v,
3223 2079 3336 2150 45).
3367 2081 3632 2135 Ducuntur
3646 2098 3742 2136 au~

2176 2189 2282 2236 tem
2303 2193 2446 2248 stupe
2469 2194 2535 2234 ex
2555 2177 2716 2233 rebus
2742 2177 3036 2232 visibilibus
3069 2176 3134 2231 ad
3177 2176 3456 2231 invisibilia
3494 2191 3741 2245 congrua:

2175 2269 2569 2326 similitudines.
2586 2268 2718 2336 Quis
2744 2277 2827 2323 est
2853 2282 2980 2338 ergo
3026 2268 3112 2322 ille
3139 2267 3349 2334 stultus,
3377 2267 3466 2338 qui
3495 2276 3741 2337 tanquam

2175 2359 2298 2414 luna
2317 2365 2567 2424 mutatur,
2595 2358 2698 2412 nisi
2731 2356 2900 2412 Adam
2934 2357 2986 2411 in
3016 2370 3120 2426 quo
3149 2371 3333 2410 omnes
3353 2357 3742 2426 peccaverunt?

2175 2450 2364 2505 Anima
2393 2448 2586 2519 quippe
2601 2446 2828 2502 humana
2849 2445 3106 2501 recedens
3125 2461 3156 2500 a
3179 2446 3291 2500 sole
3307 2445 3545 2515 justitiac,
3567 2446 3632 2499 ab
3653 2445 3744 2500 illa

2176 2542 2382 2597 scilicet
2410 2540 2615 2595 interna
2649 2537 3094 2608 contemplatione
3135 2535 3576 2590 incommutabilis
3601 2536 3741 2590 veri-

2179 2632 2320 2697 tatis,
2349 2644 2535 2686 omnes
2558 2631 2696 2684 vires
2718 2643 2842 2683 suas
2861 2628 2913 2682 in
2936 2636 3154 2682 externa
3180 2627 3459 2692 convertit,
3473 2635 3525 2681 et
3540 2641 3602 2680 eo
3629 2640 3742 2678 ma-

2177 2724 2254 2793 gis
2281 2722 2552 2791 magisque
2589 2720 2902 2774 obscuratur
2925 2718 2977 2772 in
3006 2716 3343 2771 interioribus
3367 2731 3426 2770 ac
3455 2714 3741 2786 superiori-

2178 2811 2278 2866 bus
2303 2811 2414 2865 suis
2443 2827 2456 2865 :
2488 2809 2582 2865 sed
2598 2824 2719 2864 cum
2747 2807 2923 2862 redire
2947 2807 3168 2876 coeperit
3189 2807 3256 2861 ad
3279 2807 3419 2860 illam
3452 2807 3742 2860 incommu-

2179 2901 2390 2956 tabilem
2418 2900 2750 2970 sapientiam.
2779 2907 2976 2968 quanto
3000 2898 3161 2966 magis
3187 2897 3235 2949 ci
3264 2895 3643 2966 appropinquat
3665 2895 3743 2949 af-

2182 2991 2320 3047 fectu
2339 2990 2567 3060 pietatis,
2583 2998 2727 3043 tanto
2752 2988 2919 3058 magis
2938 2987 3172 3041 exterior
3193 2987 3349 3041 homo
3364 2986 3739 3054 corrumpitur,

2179 3083 2271 3138 sed
2301 3081 2518 3136 interior
2545 3088 2830 3136 renovatur
2849 3079 2914 3133 de
2951 3078 3036 3132 die
3064 3079 3116 3133 in
3150 3061 3310 3143 diem,
3356 3077 3630 3147 omnisque
3655 3077 3744 3131 lux

2179 3173 2266 3228 illa
2304 3172 2519 3242 ingenii,
2546 3187 2663 3242 qum
2697 3170 2763 3224 ad
2794 3169 3043 3226 inferiora
3069 3169 3339 3239 vergebat,
3377 3168 3446 3222 ad
3471 3167 3746 3236 superiora

2178 3263 2524 3327 convertitur,
2565 3270 2619 3317 ct
2643 3277 2673 3316 a
2713 3261 2936 3316 terrenis
2969 3259 3358 3330 quodammodo
3386 3257 3642 3326 aufertur,
3686 3269 3747 3314 ut

2181 3355 2348 3426 magis
2371 3353 2638 3423 magisque
2655 3351 2776 3406 huic
2789 3352 2984 3405 smculo
3001 3351 3271 3416 moriatur,
3293 3358 3348 3405 et
3366 3350 3469 3403 vita
3498 3349 3610 3419 ejus
3625 3350 3747 3404 abs-

2179 3447 2437 3504 condatur
2464 3461 2583 3500 cum
2613 3443 2820 3500 Christo
2847 3445 2896 3498 in
2930 3444 3056 3497 Deo.

2247 3537 2301 3594 9.
2342 3537 2570 3592 Mutatur
2593 3550 2719 3604 ergo
2748 3535 2803 3588 in
2845 3532 3078 3588 deterius
3107 3531 3173 3587 ad
3224 3532 3482 3586 exteriora
3531 3543 3748 3602 progre-o

2177 3628 2352 3694 diens,
2383 3635 2434 3680 ct
2459 3625 2511 3679 in
2533 3625 2633 3678 vita
2660 3638 2750 3678 sua
2779 3619 3064 3693 projiciens
3084 3622 3265 3676 intima
3293 3636 3417 3685 sua;
3441 3631 3493 3676 ct
3521 3621 3619 3676 hoc
3639 3631 3746 3677 ter-

2177 3735 2273 3785 rm,
2303 3716 2355 3772 id
2369 3724 2450 3772 est
2464 3715 2541 3769 eis
2567 3715 2655 3785 qui
2683 3723 2889 3768 terrena
2908 3713 3138 3782 sapiunt,
3169 3712 3355 3766 melius
3374 3711 3599 3777 videtur,
3621 3725 3740 3765 cum

2177 3809 2419 3865 laudatur
2437 3815 2681 3877 peccator
2708 3805 2760 3859 in
2788 3803 3064 3859 desideriis
3081 3803 3270 3856 anima:
3297 3817 3428 3869 sum,
3453 3809 3506 3856 et
3525 3801 3609 3872 qui
3641 3801 3744 3855 ini-

2180 3915 2284 3970 qua
2311 3899 2467 3970 gerit,
2506 3896 2834 3952 benedicitur
2865 3893 3031 3967 (Psal.
3084 3909 3157 3958 ix,
3186 3891 3263 3964 3).
3311 3891 3538 3946 Mutatur
3563 3901 3744 3946 autem

2181 3994 2233 4047 in
2263 3991 2473 4057 melius,
2503 4005 2622 4044 cum
2653 3987 2994 4043 intentionem
3017 3999 3165 4039 suam
3193 3994 3247 4038 et
3270 3983 3487 4053 gloriam
3516 3997 3545 4035 a
3574 3989 3744 4036 terre-

2179 4084 2283 4147 nis,
2305 4098 2422 4153 quae
2450 4082 2502 4136 in
2529 4080 2630 4134 hoc
2659 4078 2852 4134 smculo
2870 4085 3143 4148 apparent,
3178 4075 3422 4146 paulatim
3449 4073 3659 4138 avertit,
3690 4079 3746 4127 et

2180 4174 2246 4229 ad
2273 4173 2546 4242 superiora
2570 4179 2724 4241 atque
2753 4169 2999 4224 interiora
3029 4167 3050 4198 ⁸
3068 4165 3356 4230 convertit;
3385 4174 3438 4219 et
3465 4154 3562 4218 hoc
3589 4171 3744 4217 terra:

2179 4264 2231 4319 id
2261 4273 2341 4318 est
2368 4263 2444 4317 eis
2473 4261 2561 4332 qui
2592 4269 2800 4316 terrena
2829 4258 3057 4328 sapiunt,
3088 4255 3321 4310 deterius
3348 4253 3572 4308 videtur.
3598 4251 3746 4307 Unde

2178 4357 2250 4412 illi
2298 4355 2442 4425 impii
2482 4361 2750 4424 postremo
2803 4349 3176 4404 infructuosam
3227 4355 3441 4416 agentes
3487 4344 3745 4414 paenitens

2184 4451 2343 4515 tiam,
2384 4448 2541 4501 etiam
2573 4446 2674 4499 hoc
2715 4445 2852 4498 inter
2899 4443 3062 4496 multa
3093 4440 3282 4495 dicturi
3316 4448 3436 4493 sunt
3477 4455 3490 4492 :
3538 4434 3588 4490 Ii
3630 4444 3747 4490 sunt

2178 4559 2303 4612 quos
2323 4539 2592 4610 aliquando
2620 4535 2884 4589 habuimus
2909 4535 2962 4587 in
2987 4534 3203 4586 derisum
3227 4532 3344 4586 etin
3372 4527 3746 4585 similitudinem

2178 4631 2470 4702 improperii
2505 4645 2523 4682 :
2548 4645 2637 4682 nos
2678 4625 2916 4680 insensati
2947 4625 3097 4677 vitam
3137 4622 3338 4676 illorum
3382 4617 3748 4674 mstintabamus

2180 4723 2426 4776 insaniam
2447 4719 2598 4791 (Sap.
2625 4733 2678 4781 v,
2711 4717 2764 4781 3,
2803 4715 2881 4784 4).
2915 4716 2989 4768 Ac
3017 4728 3110 4783 per
3137 4713 3235 4766 hoc
3268 4711 3494 4780 Spiritus
3535 4715 3748 4762 sanctus

2180 4813 2248 4868 de
2268 4808 2558 4866 visibilibus
2583 4807 2649 4863 ad
2675 4805 3046 4868 invisibilia,et
3072 4803 3136 4856 de
3165 4801 3524 4870 corporalibus
3545 4799 3612 4853 ad
3637 4798 3748 4866 spi-

2181 4902 2386 4958 ritualia
2428 4905 2759 4956 sacramenta
2787 4892 3181 4950 similitudinem
3219 4893 3439 4956 ducens,
3472 4890 3748 4945 transitum

2184 4995 2326 5050 illum
2354 4992 2420 5048 de
2446 4993 2545 5045 alia
2575 4991 2679 5044 vita
2702 4990 2754 5042 in
2793 4989 2944 5041 aliam
2968 4986 3150 5046 vitam,
3181 4984 3319 5054 quod
3360 4980 3556 5038 Pascha
3579 4983 3751 5038 nomi-

2183 5099 2360 5154 natur,
2377 5104 2413 5151 _a
2442 5096 2629 5158 quarta
2657 5085 2861 5139 decima
2890 5081 3011 5136 luna
3039 5081 3202 5135 voluit
3228 5077 3521 5142 observari,
3549 5084 3606 5131 ut
3643 5092 3750 5131 non

2247 5203 2264 5234 ι
2289 5207 2395 5249 Mss.
2429 5204 2622 5259 septem
2643 5229 2657 5255 ,
2679 5207 2822 5259 quam
2854 5197 3036 5257 partem
3077 5203 3188 5240 cum
3225 5188 3469 5240 recederet
3502 5202 3534 5239 a
3574 5185 3752 5240 sole....

2183 5269 2325 5315 totam
2360 5256 2531 5309 ostend.
2542 5263 2641 5306 Iret.

2249 5325 2270 5356 ί
2294 5329 2422 5378 Lov.,
2436 5326 2480 5369 et
2499 5316 2778 5379 soljustitt'a?
2796 5327 2887 5379 non
2909 5319 3038 5379 ortus
3054 5318 3138 5379 est,
3167 5318 3262 5361 etc.
3287 5310 3433 5361 Abest
3453 5317 3616 5360 autem
3637 5320 3754 5370 vos,
3805 5348 3813 5379 ξ

2179 5351 2395 5448 ,ἱιιςειιὶιυῖξιξι
2411 5351 3029 5448 ἐἷεῗιῆἷείίιίοι-ἱιιίιδ¹
3044 5351 3178 5430 ἐδάη
3201 5386 3390 5448 necnon
3646 5351 3754 5448 Συνῖ

2186 5422 2462 5500 EiB’iB'Zix',
2481 5422 3328 5500 quamsequuntur—lttnbros.,'scrm.
3349 5435 3382 5500 β
3405 5422 3554 5500 etv-16,
3573 5439 3624 5500 et
3639 5438 3755 5500 βιρ-

2188 5455 2322 5496 sione
2348 5457 2462 5500 LXX,
2481 5456 2496 5488 (
2515 5455 2623 5489 nam
2646 5455 2912 5500 sequuntur
2935 5455 3168 5492 AIIIDI‘US.,
3181 5455 3328 5482 surtu.
3351 5455 3382 5481 ι)
3405 5455 3455 5482 ει
3481 5455 3554 5490 ll),
3573 5455 3624 5480 υι
3645 5455 3755 5478 υιέυ-
3806 5455 3831 5480 ι·

2188 5521 2311 5567 gora,
2341 5505 2425 5552 lib.
2450 5455 2512 5551 Si
2532 5502 2710 5562 Moral.,
2735 5514 2778 5550 c.
2803 5500 2851 5560 6,
2877 5504 2971 5547 etc.
2997 5503 3052 5546 At
3072 5496 3268 5558 vulgata
3287 5496 3460 5554 habet,
3479 5493 3547 5543 sol
3578 5490 3757 5543 intelli-
3814 5471 3834 5504 ⁸³

2187 5567 2374 5676 ﬂgiti:
2402 5632 2509 5675 Mss.
2546 5624 2604 5673 ad
2633 5636 2754 5686 quos
2790 5618 3228 5686 acceduntnadzct
3251 5625 3348 5666 Am.
3384 5624 3568 5686 Atiliov.
3600 5622 3651 5662 et
3674 5617 3748 5660 Fr.

2192 5691 2391 5750 habent,
2416 5697 2460 5739 et
2501 5688 2563 5737 ad
2587 5677 2834 5749 superiora
2855 5681 2915 5732 ub
2951 5679 3254 5742 inferioribus
3277 5677 3502 5727 convertit
