4090 6356
302 393 412 450 209

304 503 482 559 solum
511 505 725 571 propter
756 504 967 566 tempus
994 492 1230 560 tertium,
1271 490 1411 563 quod
1450 507 1609 561 supra
1654 506 1884 544 commc-

302 590 531 657 moravi,
555 590 676 659 quia
694 581 1363 655 indeincipithcbdomada
1394 582 1580 642 tertia;
1612 580 1703 633 sed
1726 580 1881 633 e'iam

302 691 525 753 propter
554 681 722 749 ipsam
761 675 1161 731 conversionem
1190 673 1255 727 ab
1282 671 1630 726 exterioribus
1657 670 1719 723 ad
1749 670 1884 723 inte-

302 775 469 835 riora,
503 770 570 826 de
600 770 720 823 luna
748 766 1041 822 similitudo
1085 773 1447 820 assumeretur
1478 782 1488 815 :
1523 777 1688 831 usque
1718 760 1782 815 ad
1810 760 1885 814 vi.

300 864 561 918 cesimam
592 876 719 914 vero
762 867 815 912 et
871 858 1115 927 primam,
1148 864 1361 928 propter
1403 854 1572 923 ipsum
1608 868 1881 905 numerum

300 952 690 1023 septenarium,
728 966 832 1020 quo
860 948 1217 1003 universitatis
1243 942 1551 1016 sigﬁlicatio
1581 960 1721 1013 smpe
1752 943 1881 1013 ﬁgu-

296 1054 473 1109 ratur,
495 1041 584 1112 qui
612 1042 771 1096 etiam
799 1041 896 1110 ipsi
920 1040 1167 1095 Ecclesia.-
1190 1038 1451 1103 tribuitur,
1477 1046 1689 1107 pr0ptcr
1719 1036 1884 1095 instar

296 1134 683 1188 uuiversitatis.

374 1225 605 1281 CAPUT
638 1223 887 1278 VL—lO.
915 1221 1038 1277 Ideo
1057 1221 1287 1275 Joannes
1313 1218 1581 1289 apostolus
1602 1217 1653 1271 in
1677 1219 1881 1287 Apoca-

296 1318 469 1388 ζει)ςίι
492 1317 563 1379 ad
589 1330 790 1387 septem
822 1316 1008 1372 scribit.
1049 1314 1330 1371 Ecclesias.
1373 1312 1607 1367 Ecclesia
1636 1326 1763 1365 vero
1789 1310 1882 1364 ad-

297 1409 404 1464 huc
434 1410 489 1464 in
518 1410 617 1465 ista
647 1408 966 1467 mortalitate
1011 1407 1189 1462 carnis
1215 1406 1522 1471 constituta,
1556 1412 1771 1474 propter
1806 1403 1883 1472 ip-

295 1516 413 1557 sam
452 1500 875 1564 mutabilitatem,
906 1499 1043 1553 luna:
1073 1496 1287 1551 nomine
1325 1496 1377 1549 in
1401 1494 1685 1563 Scripturis
1710 1494 1884 1563 signa-

295 1600 403 1646 tur.
436 1591 591 1647 Unde
633 1600 714 1645 est
744 1591 870 1644 illud
902 1607 916 1642 :
951 1588 1264 1642 Paraverunt
1290 1587 1496 1655 sagittas
1521 1602 1640 1639 suas
1668 1584 1719 1637 in
1756 1584 1883 1653 pha-

296 1692 466 1745 retra,
510 1690 564 1734 ut
591 1682 824 1751 sagittent
853 1681 905 1733 in
938 1678 1143 1733 obscura
1170 1677 1290 1730 lima
1333 1683 1491 1730 rectos
1529 1675 1679 1728 corde
1711 1673 1879 1745 (Psal.

300 1787 359 1838 ι,
387 1775 442 1837 5,
473 1772 744 1826 secundum
761 1768 945 1842 LXX).
964 1769 1115 1825 Prius
1141 1769 1281 1823 enim
1311 1782 1467 1837 quam
1484 1765 1572 1819 ﬁat
1597 1765 1721 1820 illud
1742 1764 1881 1834 quod

296 1865 427 1921 dicit
469 1866 775 1934 Apostolus,
807 1862 933 1919 Cum
962 1862 1187 1917 Christus
1216 1860 1507 1931 apparuerit
1546 1858 1646 1911 vita
1685 1867 1876 1922 vestra,

297 1967 416 2009 tunc
439 1967 487 2008 et
506 1973 592 2009 vos
611 1954 915 2025 apparebitis
935 1970 1047 2007 cum
1072 1954 1181 2024 ipso
1201 1952 1251 2005 in
1276 1950 1438 2021 gloria
1467 1948 1679 2021 (Coloss.
1700 1964 1777 2013 Ill,
1800 1946 1876 2019 4),

296 2049 523 2103 obseura
556 2048 760 2102 videtur
788 2046 1025 2101 Ecclesia
1073 2046 1126 2099 in
1178 2053 1416 2113 tempore
1442 2040 1889 2113 peregrinationis

296 2155 427 2205 suc,
451 2140 592 2194 inter
612 2139 805 2192 multas
834 2138 1133 2207 iniquitates
1155 2149 1403 2206 gemens;
1433 2143 1487 2188 ct
1512 2141 1637 2186 tunc
1660 2141 1783 2186 sunt
1814 2131 1878 2183 ti-

294 2228 507 2283 mendae
529 2227 733 2281 insidim
756 2227 1014 2287 fallaciam
1040 2226 1379 2281 seductorem
1407 2238 1537 2294 quas
1563 2223 1777 2283 nomine
1799 2236 1881 2277 sa-

294 2322 552 2390 gittarum
583 2320 801 2390 intelligi
831 2319 1016 2379 voluit.
1048 2317 1200 2374 Unde
1227 2318 1330 2371 alio
1359 2317 1475 2371 loco
1505 2324 1720 2384 propter
1750 2331 1883 2368 nun-

295 2411 400 2465 tios
428 2410 766 2465 ﬁdelissimos
794 2409 1050 2475 veritatis,
1079 2423 1211 2478 quos
1241 2407 1433 2477 ubique
1461 2406 1597 2474 parit
1625 2405 1879 2471 Ecclesia,

294 2502 493 2555 dicitur
523 2520 537 2557 :
570 2501 715 2555 Luna
762 2501 899 2555 testis
936 2501 989 2553 in
1022 2497 1147 2553 cazlo
1172 2498 1336 2567 ﬁdelis
1388 2496 1559 2561 (Psal.
1607 2512 1902 2567 Lxxxvtuh

294 2590 408 2663 '58).
444 2593 513 2646 Et
554 2607 673 2646 cum
718 2591 786 2647 de
834 2605 998 2662 regno
1028 2578 1234 2645 Domini
1290 2588 1567 2644 Psalmista
1618 2597 1876 2652 Caularet,

299 2682 529 2750 Oriaur,
566 2682 749 2752 inquit,
765 2683 817 2735 in
838 2681 1012 2735 diebus
1036 2685 1145 2750 ejus
1158 2680 1361 2750 justitia
1389 2689 1433 2732 et
1459 2678 1767 2732 abundantia
1784 2695 1879 2749 pa—

296 2776 389 2841 a’s,
420 2776 581 2828 donec
602 2774 933 2842 interﬁciatur
962 2777 1084 2827 luna
1105 2771 1269 2841 (Psal.
1302 2771 1520 2840 LXXI,7)
1542 2789 1555 2825 :
1580 2770 1630 2825 id
1654 2779 1766 2835 cst,
1790 2770 1882 2824 ab-

295 2868 552 2921 undantia
573 2867 715 2936 pacis
743 2867 795 2919 in
814 2874 1013 2920 tantum
1042 2863 1449 2930 crcscet,donec
1474 2879 1682 2918 omnem
1715 2874 1883 2917 muta-

295 2958 561 3013 bilitatem
580 2958 916 3012 mortalitatis
928 2957 1190 3012 absumat.
1209 2957 1249 3010 Τ
1256 2972 1356 3012 unc
1374 2957 1657 3011 novissima
1671 2957 1881 3009 inimica

300 3050 610 3105 destruetur
638 3065 801 3115 mors,
832 3059 885 3106 et
913 3049 1164 3120 quidquid
1185 3050 1335 3104 nobis
1352 3051 1549 3104 resistit
1575 3065 1639 3103 ex
1670 3050 1885 3103 inﬁrmi-

300 3150 411 3197 tate
440 3144 635 3207 carnis,
662 3143 802 3197 unde
818 3142 971 3199 nobis
985 3142 1215 3212 perlecta
1238 3158 1337 3211 pax
1360 3142 1593 3197 nondum
1620 3151 1720 3208 est,
1749 3142 1878 3195 cori-

301 3241 548 3288 sumetur
562 3234 799 3299 omnino,
828 3248 948 3287 cum
964 3233 1308 3302 corruptibile
1332 3232 1434 3287 hoc
1463 3232 1690 3287 induerit
1711 3232 1885 3286 incor-

300 3325 603 3392 ruptionem
630 3363 647 3387 ,
675 3333 730 3378 et
769 3323 995 3379 mortale
1040 3323 1142 3377 hoc
1182 3322 1409 3377 induerit
1436 3322 1882 3376 immortalitatem

302 3411 589 3484 (ἰδοντων,
606 3414 696 3476 ‘26,
722 3414 810 3479 53,
826 3413 935 3485 54).
955 3412 1105 3469 Unde
1117 3413 1324 3469 etillius
1337 3412 1563 3468 civitatis
1582 3415 1739 3481 muri,
1767 3431 1885 3484 qua:

302 3502 521 3558 Iericho
543 3504 855 3574 appellatur,
878 3520 997 3575 qua:
1019 3504 1070 3558 in
1106 3504 1318 3559 hebraeo
1332 3504 1543 3575 eloquio
1556 3505 1701 3561 Luna
1725 3509 1885 3561 inter-

304 3598 507 3667 pretari
552 3597 763 3663 dicitur,
795 3598 1026 3667 septimo
1054 3597 1279 3652 circuitu
1329 3598 1648 3653 circumacta
1697 3598 1885 3653 Testa-

303 3691 473 3744 menti
490 3705 611 3745 arca
628 3696 944 3745 corruerunt
967 3689 1146 3761 (Iosue
1168 3706 1241 3754 vt,
1271 3689 1385 3761 20).
1418 3689 1553 3757 Quid
1582 3691 1724 3745 enim
1748 3707 1887 3747 nunc

304 3779 452 3834 aliud
478 3780 587 3848 agit
612 3779 942 3834 annuntiatio
971 3780 1115 3850 regni
1143 3780 1397 3835 caalorum
1417 3822 1430 3843 ,
1460 3796 1618 3849 quam
1660 3780 1889 3836 circum-

304 3872 447 3927 actio
472 3887 609 3926 arca!
625 3870 957 3941 signiﬁcavit,
981 3871 1079 3925 nisi
1106 3881 1164 3924 ut
1191 3872 1365 3925 omnia
1385 3872 1710 3926 munimenta
1741 3886 1886 3926 mor-

303 3966 429 4019 talis
449 3965 592 4031 vitm,
624 3965 672 4017 id
702 3973 803 4029 est,
834 3964 1008 4019 omnis
1033 3978 1157 4033 spes
1195 3964 1350 4034 hujus
1378 3964 1576 4029 smculi,
1609 3980 1727 4034 qurc
1754 3965 1887 4020 resi-

305 4057 398 4111 stit
437 4056 551 4125 spei
592 4054 751 4109 futuri
776 4056 974 4117 saeculi,
1028 4055 1079 4109 in
1129 4055 1273 4110 dono
1315 4058 1616 4126 septenario
1661 4057 1890 4126 Spiritus

305 4149 475 4202 sancti
495 4163 588 4217 per
616 4147 837 4202 liberum
863 4147 1138 4201 arbitrium
1162 4147 1499 4202 destruatur?
1520 4146 1599 4202 0b
1620 4147 1720 4201 hoc
1747 4149 1887 4202 enim

302 4239 673 4293 circumeuntc
697 4252 959 4302 arca,non
988 4237 1216 4305 impulsu
1232 4237 1464 4290 violento
1490 4237 1565 4290 illi
1586 4236 1722 4290 muri
1752 4237 1890 4291 ccci-

304 4330 519 4394 derunt,
547 4329 642 4384 sed
667 4339 875 4399 sponte.
902 4329 1037 4384 Sunt
1056 4339 1109 4383 et
1135 4329 1236 4383 alia
1267 4327 1566 4383 testimonia
1593 4327 1891 4397 Scriptura-

302 4438 446 4489 rum,
476 4437 596 4491 quae
623 4422 774 4476 nobis
790 4421 1033 4491 ingerunt
1054 4435 1148 4491 per
1159 4418 1721 4475 commemorationem
1746 4418 1889 4474 lunae

302 4512 563 4568 Ecclesia:
590 4511 1058 4581 signiﬁcationem,
1091 4526 1210 4580 qua:
1252 4510 1302 4564 in
1335 4510 1433 4564 ista
1460 4509 1779 4564 mortalitate
1822 4510 1891 4565 ab

305 4605 399 4658 illa
420 4603 736 4669 Jerusalem,
756 4602 906 4673 cujus
925 4603 1069 4657 cives
1088 4601 1255 4656 sancti
1276 4600 1466 4671 Angeli
1508 4609 1651 4668 sunt,
1683 4601 1734 4655 in
1751 4616 1887 4656 teru-

303 4696 448 4749 mnis
475 4704 531 4749 et
549 4694 821 4749 laboribus
848 4694 1234 4764 peregrinatur.

379 4788 471 4841 H.
497 4786 613 4841 Non
641 4786 761 4841 ideo
787 4793 963 4840 tamen
992 4793 1178 4855 putare
1198 4784 1393 4839 debent
1412 4784 1573 4850 stulti,
1596 4785 1682 4854 qui
1704 4784 1893 4841 nolunt

302 4881 356 4934 in
385 4880 580 4934 melius
606 4877 944 4941 commutari,
971 4876 1237 4933 adoranda
1279 4891 1400 4932 esse
1451 4876 1539 4931 illa
1583 4876 1890 4945 luminaria,

302 4973 426 5042 quia
454 4971 667 5026 ducitur
688 4985 752 5024 ex
773 4971 850 5024 eis
870 4969 1151 5039 aliquando
1176 4967 1466 5022 similitudo
1490 4967 1557 5022 ad
1580 4967 1759 5023 divina
1782 4985 1888 5040 my-

302 5063 465 5119 steria
490 5061 761 5132 ﬁguranda
783 5078 797 5127 ;
822 5075 887 5116 ex
916 5060 1060 5115 omni
1088 5059 1229 5114 enim
1259 5068 1503 5114 creatura
1528 5059 1760 5119 ducitur.
1784 5058 1892 5115 Nec

304 5155 425 5209 ideo
448 5154 707 5209 debemus
728 5153 778 5207 in
798 5153 1114 5207 sententiam
1140 5151 1494 5206 damnationis
1522 5151 1745 5217 irruere,
1771 5167 1889 5221 quae

302 5262 397 5302 ore
420 5247 716 5316 apostolico
738 5246 804 5301 de
824 5244 1135 5315 quibusdam
1154 5243 1440 5314 profertur,
1468 5242 1557 5313 qui
1586 5243 1888 5311 coluerunt,

300 5349 354 5394 et
386 5340 688 5393 servierunt
733 5346 988 5393 creatura:
1022 5337 1194 5406 potius
1220 5351 1375 5406 quam
1402 5335 1661 5403 Creatori,
1694 5337 1783 5406 qui
1809 5347 1892 5405 est

300 5428 616 5485 benedictus
652 5429 704 5483 in
725 5428 915 5483 scccula
941 5426 1113 5500 (Rom.
1137 5443 1175 5492 ι,
1197 5426 1310 5497 9.5).
1333 5427 1481 5481 Sicut
1515 5428 1656 5482 enim
1679 5443 1784 5482 non
1806 5427 1893 5483 ad-

302 5535 521 5574 oramus
549 5536 760 5590 pecora,
788 5520 1027 5591 quamvis
1060 5519 1234 5574 dictus
1259 5519 1326 5573 sit
1366 5518 1609 5576 Christus
1646 5531 1699 5576 et
1724 5536 1891 5592 agnus

302 5609 488 5680 (Joan.
520 5627 559 5678 ι,
587 5610 679 5683 29)
706 5623 759 5666 et
794 5612 987 5667 vitulus
1016 5609 1230 5681 (Ezeclt.
1257 5626 1403 5678 mu,
1438 5611 1549 5682 19);
1578 5628 1678 5667 nec
1700 5612 1888 5679 feram,

301 5701 425 5770 quia
454 5700 631 5756 dictus
652 5710 733 5756 est
762 5702 845 5757 leo
875 5701 941 5757 dc
970 5701 1108 5757 tribu
1136 5701 1267 5756 .luda
1303 5700 1483 5773 (Apoc.
1513 5717 1567 5769 v,
1594 5703 1673 5771 5);
1703 5718 1799 5757 nec
1818 5703 1894 5758 la-

300 5793 505 5869 pidem,
549 5794 672 5865 quia
721 5803 865 5865 petra
904 5803 1020 5853 erat
1054 5795 1292 5855 Christus
1321 5793 1372 5867 (Ι
1401 5792 1518 5849 Cor.
1557 5810 1625 5860 x,
1658 5794 1758 5865 4);
1792 5811 1889 5852 nec

1489 374 1960 432 EPISTOLARU.“
1998 375 2269 433 CLASSIS
2305 378 2367 432 Il.

3459 384 3563 440 210

1988 502 2221 545 montem
2250 491 2395 556 Sion,
2430 492 2552 561 quia
2577 493 2628 546 in
2655 493 2770 563 ipso
2797 493 3052 564 ﬁguratur
3076 497 3312 552 Ecclesia
3338 498 3387 567 (1
3417 498 3557 553 Petr.

1987 598 2044 647 ιι,
2074 582 2160 653 4);
2193 583 2268 636 sic
2297 599 2394 637 nec
2414 585 2579 639 solem
2604 601 2702 640 nec
2731 587 2934 654 lunam,
2957 589 3197 657 quamvis
3227 604 3292 642 ex
3320 605 3379 643 ea
3409 591 3560 645 caele-

1988 676 2054 729 sti
2076 685 2335 741 creatura,
2360 678 2495 731 sicut
2520 693 2582 732 cx
2613 678 2791 733 multis
2813 680 3173 746 terrestribus,
3206 692 3563 737 sacramento.

1988 782 2103 820 rum
2134 768 2310 838 ﬁgurae
2335 768 2400 823 ad
2429 768 2830 825 informationes
2857 772 3106 841 mysticas
3132 781 3485 825 assumantur.

2057 857 2208 913 CAP.
2236 859 2342 913 Vl].
2366 888 2434 898 --
2456 861 2539 917 12.
2570 860 2899 930 Quapropter
2936 860 3426 916 mathematicorum
3466 861 3559 915 de-

1988 951 2264 1005 liramenta
2284 967 2401 1006 cum
2420 951 3047 1007 detestationeirridenda
3068 961 3218 1017 sunt;
3234 952 3421 1022 quibus
3441 967 3559 1005 eum

1987 1043 2336 1114 objecerimus
2362 1060 2493 1098 vana
2521 1054 2850 1112 commenta,
2879 1045 3017 1100 unde
3047 1044 3290 1099 homines
3329 1045 3379 1099 in
3414 1061 3561 1099 erro-

1982 1128 2097 1187 rem
2135 1135 2483 1203 prmcipitant,
2514 1150 2618 1204 quo
2660 1135 2805 1204 prius
2845 1136 3154 1205 praecipitati
3197 1145 3338 1200 sunt,
3364 1136 3560 1206 garruli

1986 1224 2085 1278 sibi
2116 1225 2377 1291 videntur,
2416 1241 2535 1281 cum
2584 1226 2768 1281 dicunt
2800 1226 2953 1284 nobis
2978 1246 2989 1281 :
3014 1226 3119 1282 Cur
3145 1236 3198 1282 et
3223 1243 3317 1282 vos
3340 1227 3405 1281 ad
3436 1227 3561 1283 solis

1986 1326 2040 1371 et
2065 1316 2201 1370 luna:
2227 1316 2674 1387 computationem
2715 1316 2915 1372 Pascha
2942 1318 3257 1373 celebratis?
3284 1310 3435 1389 quasi
3464 1334 3563 1372 nos

1986 1406 2200 1462 ordines
2230 1406 2482 1474 siderum,
2502 1416 2595 1462 aut
2621 1407 3006 1472 vicissitudines
3035 1417 3330 1479 temporum
3356 1424 3386 1463 a
3420 1425 3564 1464 sum-

1985 1514 2074 1552 mo
2100 1507 2259 1569 atque
2285 1498 2486 1568 optimo
2518 1499 2627 1554 Deo
2654 1498 2891 1554 conditas
2921 1514 3225 1569 arguamus,
3255 1510 3309 1555 et
3334 1515 3439 1555 non
3465 1515 3560 1555 eo-

1987 1606 2106 1645 rum
2148 1592 2570 1661 perversitatem,
2598 1608 2716 1664 quae
2742 1591 2900 1646 rebus
2927 1592 3312 1661 sapientissime
3337 1592 3562 1647 conditis

1986 1682 2053 1736 ad
2082 1682 2420 1737 stultissimas
2444 1670 2721 1752 opiniones
2742 1682 2757 1712 ¹
2776 1682 3027 1737 abutitur.
3047 1683 3175 1736 Nam
3204 1683 3248 1736 si
3273 1684 3563 1743 mathema-

1987 1770 2121 1825 ticus
2150 1771 2307 1826 nobis
2331 1772 2752 1827 contradicturus
2782 1780 2863 1828 est
2888 1773 2952 1826 de
2978 1772 3240 1831 sideribus
3262 1783 3315 1827 et
3341 1773 3563 1833 lumina.-

1987 1859 2135 1922 ribus
2171 1860 2293 1917 εωιί
2319 1860 2383 1915 ad
2418 1870 2748 1919 sacramenta
2777 1864 2997 1933 mystice
3023 1863 3292 1932 tiguranda
3318 1863 3563 1921 similitu-

1985 1950 2136 2006 dines
2187 1952 2403 2018 duccrc,
2457 1954 2820 2008 contradicunt
2871 1964 2924 2009 ct
2974 1970 3200 2024 augures
3242 1971 3309 2010 ne
3357 1956 3563 2010 dicatur

1985 2042 2157 2109 nobis,
2197 2042 2371 2098 Estotc
2412 2046 2662 2115 simplices
2704 2055 2758 2098 ut
2794 2045 3035 2100 coluntst
3060 2063 3077 2099 :
3101 2047 3465 2101 contradicant
3509 2058 3565 2103 et

1986 2133 2160 2197 Marsi,
2193 2150 2258 2188 ne
2284 2135 2489 2189 dicatur
2516 2136 2688 2203 nobis,
2723 2137 2883 2190 Astuti
2911 2139 3037 2190 sicut
3074 2149 3325 2207 serpentes
3349 2138 3559 2208 (Matth.

1986 2242 2040 2294 ι,
2066 2226 2573 2297 16):contradicant
2603 2227 2908 2293 histriones,
2944 2244 3012 2283 ne
3051 2229 3102 2282 in
3144 2228 3366 2283 Psalmis
3404 2230 3565 2283 citha-

1985 2332 2098 2371 ram
2131 2318 2482 2373 nominemus.
2508 2319 2613 2373 Aut
2649 2320 2770 2390 quia
2805 2334 2868 2375 ex
2901 2318 2982 2373 his
3008 2318 3170 2374 rebus
3208 2319 3271 2373 ad
3313 2320 3562 2390 mysteria

1985 2410 2163 2463 verbi’
2184 2409 2299 2473 Dei,
2326 2409 2727 2463 similitudinum
2767 2411 2914 2479 signa
2958 2419 3260 2477 sumuntur,
3295 2411 3492 2476 dicant,
3521 2413 3565 2466 si

1988 2500 2178 2568 placet,
2204 2498 2286 2553 vel
2315 2499 2547 2568 auspicia
2576 2512 2674 2554 nos
2695 2510 2924 2570 captare,
2946 2501 3031 2554 vel
3054 2516 3255 2555 venena
3277 2503 3561 2566 conﬁcere,

1985 2592 2069 2646 vel
2096 2591 2380 2646 theatrieas
2406 2590 2651 2649 aﬁectarc
2673 2592 2927 2660 luxurias,
2950 2594 3088 2665 quod
3105 2594 3561 2652 dementissimum

1986 2690 2068 2737 est
2090 2682 2285 2737 dicere.
2558 2745 2562 2749 η

2061 2774 2143 2829 15.
2178 2772 2292 2827 Non
2320 2774 2480 2844 ’gitur
2516 2790 2613 2830 nos
2660 2775 2728 2831 de
2770 2776 2884 2832 sole
2925 2784 2979 2832 et
3028 2777 3171 2843 luna,
3198 2779 3386 2832 annuis
3424 2794 3567 2833 men-

1985 2866 2213 2921 struisvc
2241 2867 2563 2935 temporibus
2596 2868 2864 2923 actionum
2898 2880 3197 2924 nostrarum
3224 2880 3409 2925 eventa
3437 2886 3564 2925 con-

1982 2956 2213 3025 jicimus,
2241 2974 2307 3013 ne
2351 2958 2401 3013 in
2442 2958 2561 3012 vita:
2592 2958 2837 3015 humanm
2878 2962 3566 3031 periculosissimistcmpe-

1988 3050 2214 3104 statibus
2240 3058 2484 3121 tanquam
2525 3051 2575 3104 in
2609 3053 2855 3122 scapulos
2885 3055 3089 3109 misera:
3120 3057 3387 3111 servitutis
3416 3056 3560 3119 illisi.

1988 3154 2016 3192 a
2040 3139 2207 3194 libero
2226 3141 2444 3199 arbitrio
2468 3140 2838 3211 naufragemus
2873 3162 2885 3196 :
2916 3144 3009 3198 scd
3040 3144 3104 3199 ad
3128 3162 3239 3200 rem
3262 3156 3466 3202 sacrate
3488 3148 3561 3201 si—

1987 3232 2338 3301 gniﬁcandam
2369 3233 2742 3289 similitudines
2783 3244 2934 3307 aptas
2972 3236 3367 3307 religiosissima
3397 3238 3565 3293 dcvo-

1990 3324 2134 3380 tione
2160 3325 2495 3395 suscipimus,
2516 3327 2654 3381 sicut
2673 3327 2738 3382 de
2766 3337 2959 3382 caetera
2985 3337 3250 3396 creatura,
3279 3329 3345 3384 de
3368 3330 3561 3396 ventis,

1989 3415 2054 3472 de
2084 3417 2237 3484 mari,
2260 3417 2328 3473 de
2352 3428 2510 3482 terra,
2547 3418 2615 3474 de
2646 3418 2962 3486 volatilibus,
2991 3418 3059 3475 de
3086 3421 3338 3491 piscibus,
3378 3421 3446 3476 de
3474 3437 3566 3491 pc-

1990 3507 2224 3573 corihus,
2255 3507 2321 3563 de
2358 3508 2667 3573 arboribus,
2698 3508 2765 3564 de
2808 3508 3128 3574 hominibus,
3159 3510 3224 3564 ad
3263 3526 3563 3566 sermonem

1990 3599 2203 3669 quidem
2250 3600 2630 3669 multipliciter,
2671 3601 2738 3655 ad
2779 3601 3188 3656 celebrationem
3218 3617 3344 3656 vero
3373 3602 3566 3657 Sacra-

1990 3684 2292 3746 mentorum
2312 3691 2421 3760 jam
2459 3692 2747 3747 christiana
2783 3692 3026 3747 libertate
3070 3692 3407 3762 parcissime;
3436 3694 3577 3751 sicut

1992 3782 2059 3838 de
2083 3798 2241 3852 aqua,
2277 3782 2344 3837 de
2382 3781 2668 3847 frumento,
2700 3782 2768 3837 de
2796 3784 2938 3847 vino,
2966 3781 3033 3836 de
3060 3784 3199 3837 oleo.
3233 3781 3288 3836 In
3317 3783 3570 3850 servitute

1992 3883 2169 3929 autem
2197 3874 2395 3931 veteris
2424 3874 2602 3945 populi
2641 3874 2799 3929 etiam
2830 3875 2993 3927 multa
3027 3873 3285 3928 celebrari
3311 3873 3571 3943 imperata

1993 3973 2137 4031 sunt,
2169 3980 2287 4034 qua:
2315 3965 2467 4020 nobis
2494 3965 2860 4021 tantummodo
2904 3964 3241 4034 intelligenda
3274 3954 3567 4019 traduntur.

1993 4053 2109 4108 Non
2137 4054 2316 4124 itaque
2341 4053 2457 4109 dies
2484 4055 2827 4111 observamus
2867 4064 2921 4109 ct
2957 4069 3125 4108 annos
3170 4061 3224 4108 ct
3263 4070 3475 4119 menses
3518 4067 3573 4117 et

1995 4153 2263 4213 tempora,
2304 4160 2374 4201 ne
2421 4144 2696 4201 audiamus
2742 4144 2809 4205 ab
2848 4142 3103 4213 Apostolo
3136 4161 3147 4195 :
3182 4142 3355 4211 Timeo
3389 4161 3479 4208 vos,
3512 4162 3574 4198 ne

1994 4238 2123 4306 forte
2164 4237 2269 4291 sine
2309 4252 2462 4291 causa
2492 4236 2818 4289 laboraverim
2844 4236 2897 4289 in
2922 4252 3009 4297 vos
3021 4235 3038 4265 ³
3057 4234 3195 4306 (Gal.
3227 4252 3298 4303 tv,
3330 4236 3440 4306 il).
3465 4236 3573 4291 Eos

1995 4328 2139 4383 enim
2161 4327 2341 4397 culpat
2367 4328 2457 4397 qui
2484 4326 2667 4393 dicunt
2697 4344 2710 4380 :
2741 4326 2857 4385 Non
2905 4327 3213 4396 proﬁciscar
3238 4327 3416 4393 hodie,
3449 4329 3571 4397 quia

1995 4428 2239 4490 posterus
2266 4418 2383 4483 dies
2408 4427 2507 4484 est,
2536 4428 2627 4472 aut
2652 4418 2775 4489 quia
2802 4418 2924 4475 luna
2948 4418 3026 4473 sic
3057 4418 3256 4486 fertur;
3302 4419 3408 4485 vel,
3438 4407 3571 4474 Pro-

1996 4512 2203 4575 liciscar
2243 4520 2298 4567 ut
2341 4526 2597 4581 prospera
2623 4513 2832 4579 cedant,
2862 4512 2981 4583 quia
3011 4512 3081 4567 ita
3106 4527 3165 4567 se
3190 4512 3354 4579 habet
3384 4515 3574 4584 positio

1994 4603 2399 4671 siderumzNon
2440 4619 2595 4675 agam
2638 4603 2961 4671 hocmense
3002 4603 3404 4670 commercium,
3452 4606 3573 4675 quia

1994 4698 2084 4753 illa
2114 4698 2263 4753 stella
2291 4696 2419 4751 mihi
2442 4697 2550 4766 agit
2578 4711 2848 4762 mensem;
2879 4695 2984 4762 vel,
3012 4696 3199 4765 Agam,
3236 4696 3572 4765 quiasusce-

1995 4792 2071 4861 pit
2095 4805 2334 4851 mensem
2359 4808 2371 4843 :
2395 4788 2509 4845 Non
2532 4788 2765 4858 plantem
2789 4788 2888 4846 hoc
2916 4802 3055 4842 anno
3080 4786 3310 4854 vineam,
3336 4788 3458 4857 quia
3476 4788 3567 4841 bis-

1994 4892 2177 4938 sextus
2218 4889 2319 4936 est.
2347 4879 2465 4935 Non
2507 4888 2682 4933 autem
2724 4879 3002 4949 quisquam
3045 4878 3259 4947 sapiens
3293 4878 3569 4933 arbitretur

1993 4974 2366 5028 observatores
2396 4982 2691 5041 temporum
2732 4968 3220 5040 reprehendendos,
3253 4970 3339 5039 qui
3371 4969 3570 5033 dicunt,

1994 5066 2109 5122 Non
2138 5066 2443 5136 proﬁciscar
2467 5063 2645 5129 hodie,
2664 5064 2783 5134 quia
2814 5072 3103 5133 tempestas
3129 5072 3311 5118 exorta
3328 5069 3438 5125 est;
3461 5069 3568 5127 aut,

1994 5163 2108 5217 Non
2133 5163 2393 5233 navigem,
2412 5161 2532 5232 quia
2551 5160 2725 5216 adhuc
2753 5169 2877 5215 sunt
2905 5161 3143 5217 hibernat
3171 5160 3436 5230 reliquire;
3458 5168 3570 5220 aut.

1996 5257 2227 5327 Tempus
2261 5255 2555 5311 scminandi
2594 5264 2695 5321 est,
2739 5256 2861 5325 quia
2901 5252 3572 5310 imbribusautumnalibus

1996 5358 2137 5406 terra
2167 5350 2352 5405 satiata
2379 5359 2489 5414 est;
2517 5349 2599 5403 vel
2624 5348 2666 5403 si
2690 5348 2780 5418 qui
2809 5349 2945 5403 forte
2965 5346 3336 5405 aliinaturales
3358 5345 3575 5400 echctus

1996 5444 2136 5499 circa
2181 5450 2383 5497 motum
2412 5442 2551 5496 aeris
2591 5449 2647 5496 et
2684 5442 2935 5497 humores
2963 5441 3029 5495 ad
3060 5439 3336 5494 variandas
3367 5446 3574 5505 tempo-

2060 5558 2077 5588 ί
2102 5563 2208 5605 Mss.
2234 5552 2407 5602 decem
2431 5588 2445 5613 ,
2462 5554 2527 5602 ad
2546 5551 2759 5604 stultitia:
2777 5564 2880 5603 suae
2898 5549 3176 5614 vanissimas
3193 5540 3449 5614 opiniones.

2058 5615 2325 5689 ’,ιξλιςημά
2360 5611 2589 5679 mysteria
2633 5615 2885 5667 verborum
2924 5612 3030 5664 Dei.
3076 5620 3131 5663 At
3167 5611 3273 5662 Mss.
3297 5611 3547 5662 duodecim
3563 5644 3577 5671 ,

1997 5678 2321 5812 in
2354 5737 2559 5791 vobith
2592 5748 2695 5791 Mss.
2720 5738 2936 5798 habent,
2968 5735 3019 5787 in
3050 5748 3163 5798 vos;
3196 5736 3335 5799 juxta
3366 5746 3579 5799 gramm

1998 5814 2186 5859 textum
2202 5832 2221 5864 ,
2253 5814 2321 5855 eis
2344 5814 2494 5857 antas.
