4090 6356
422 433 424 435 ’
497 448 594 504 ειι

501 577 620 619 rum
647 558 923 630 qualitates
962 555 1015 608 in
1043 543 1273 609 siderum
1312 538 1697 600 ordinatissima
1723 530 2067 588 conversione

501 621 678 708 notati
711 655 856 713 sunt,
883 646 949 701 de
987 643 1176 714 quibus
1201 639 1395 694 dictum
1419 639 1500 686 est
1527 641 1648 683 cum
1674 621 2062 714 conderentur:

502 742 570 797 Et
587 742 687 796 sint
710 739 765 793 in
791 708 947 808 signis
969 708 1021 790 et
1039 730 1338 802 temporibus
1373 732 1418 778 et
1451 723 1504 775 in
1540 717 1713 773 diebus
1749 722 1796 768 et
1833 713 1887 766 in
1923 708 2068 763 annis

508 833 658 905 (Gen.
686 847 726 898 ι,
755 804 863 900 li):
888 829 944 884 Si
970 839 1086 897 quin
1111 829 1284 877 autem
1315 817 1494 886 ﬁgura:
1533 804 2068 905 similitudinummon

502 885 806 980 tantum'de
825 885 966 974 cmlo
987 885 1044 970 et
1082 913 1148 967 de
1181 885 1464 969 sideribus,
1493 899 1586 956 sed
1627 895 1784 952 etiam
1830 891 1896 945 de
1932 885 2068 942 infe-

501 999 633 1068 riori
660 1019 901 1066 creatura
921 1007 1180 1061 ducuntur
1208 997 1274 1052 ad
1301 989 1746 1064 dispensationem
1773 992 2071 1036 sacramen—

503 1113 702 1168 torum,
724 1097 1020 1170 eloquentia
1049 1090 1287 1165 quaidam
1305 1097 1386 1144 est
1399 1077 1652 1141 doctrinae
1665 1073 2068 1170 salutari-samo-

502 1194 679 1250 vendo
712 1160 922 1248 affectui
963 1184 1280 1242 discentium
1315 1173 1675 1234 accomodata,
1707 1184 1739 1223 a
1780 1160 2072 1220 visibilibus

505 1284 568 1338 ad
596 1281 894 1343 invisibilia,
921 1295 951 1332 a
977 1272 1338 1346 corporalibus
1374 1267 1440 1323 ad
1474 1259 1785 1336 spiritualia,
1813 1270 1845 1310 a
1869 1262 2074 1323 tempo-

505 1374 700 1430 ralibus
724 1372 790 1428 ad
817 1380 1038 1427 aeterna.
1583 1379 1594 1404 ι

575 1463 808 1521 CAPUT
825 1462 1034 1518 Vlll.—-
1050 1457 1135 1514 14.
1157 1456 1266 1511 Nec
1284 1452 1560 1524 quisquam
1587 1449 1822 1500 nostrum
1853 1433 2075 1524 attendit

505 1555 647 1626 quod
691 1569 757 1610 eo
803 1563 1060 1622 tempore,
1104 1561 1208 1618 quo
1252 1522 1453 1599 Pascha
1507 1535 1856 1595 celebramus,
1896 1522 2073 1626 sol-in

507 1614 672 1699 ariete
700 1652 800 1708 est,
831 1614 969 1696 sicut
1009 1637 1082 1693 illi
1121 1614 1386 1706 appellant
1425 1625 1704 1699 quemdam
1739 1619 1973 1674 siderum
1997 1614 2076 1708 lo:

508 1750 650 1800 cum,
681 1732 767 1788 tibi
798 1746 979 1787 revera
1005 1742 1189 1784 mense
1231 1735 1485 1778 novorum
1530 1715 1610 1770 sol
1657 1711 1954 1767 invenitur:
1979 1703 2076 1759 sed

510 1825 622 1879 sive
663 1823 736 1878 illi
779 1821 1022 1885 arietem,
1053 1816 1162 1871 sive
1193 1811 1388 1883 aliquid
1417 1805 1558 1864 aliud
1592 1801 1832 1860 eamdem
1873 1804 2075 1867 partem

511 1915 633 1970 cmli
654 1927 843 1968 vocare
863 1908 1142 1971 voluerint,
1163 1907 1180 1937 ¹
1199 1920 1295 1959 nos
1324 1902 1390 1958 de
1417 1895 1700 1968 Scripturis
1741 1889 1939 1946 sanctis
1977 1888 2077 1941 hoc

509 2006 807 2068 didicimus,
843 2000 982 2072 quod
1019 1997 1196 2054 omnia
1225 1995 1399 2050 sidera
1425 1993 1563 2046 Deus
1591 1983 1843 2048 condidit,
1872 1988 1925 2035 et
1949 1975 2077 2032 locis

510 2096 814 2152 caelestibus
853 2069 1042 2164 quibus
1081 2087 1273 2153 voluit,
1307 2080 1599 2145 ordinavit;
1627 2092 1744 2148 qua:
1786 2072 1952 2129 stellis
1972 2069 2079 2124 dis-

511 2188 672 2241 tincta
714 2193 768 2240 et
806 2162 1044 2238 ordinata
1081 2180 1132 2234 in
1167 2175 1429 2249 quaslibet
1465 2179 1640 2243 partes
1675 2166 1928 2228 dividant,
1959 2162 2077 2231 qui-

512 2277 742 2334 buslibet
767 2274 1035 2332 vocabulis
1061 2277 1262 2336 notent,
1291 2267 1608 2334 ubicumque
1632 2259 1713 2314 sol
1733 2263 1874 2313 esset
1898 2266 2079 2308 mense

512 2384 792 2434 novorum,
824 2367 929 2421 illic
954 2379 1072 2420 cum
1109 2354 1375 2432 reperiret
1400 2358 1514 2411 haec
1537 2349 1843 2414 celebratio,
1866 2352 2080 2417 propter

513 2459 910 2515 similitudinem
936 2447 1248 2510 sacramenti
1275 2445 1591 2504 renovandae
1611 2442 1750 2505 vitae,
1773 2438 1840 2494 de
1864 2451 1966 2506 qua
1992 2448 2080 2488 sa-

516 2555 583 2608 tis
606 2566 764 2622 supra
789 2548 1148 2604 disseruimus.
1177 2541 1328 2612 Quod
1371 2541 1416 2595 si
1460 2538 1616 2594 etiam
1651 2533 1797 2587 locus
1821 2529 1911 2583 ille
1938 2525 2079 2582 side-

514 2658 634 2696 rum
664 2620 800 2695 aries
827 2637 996 2693 vocari
1026 2641 1222 2705 posset,
1251 2638 1465 2702 propter
1492 2625 1718 2693 aliquam
1751 2620 1927 2689 ﬁgurae
1950 2629 2081 2670 con-

515 2731 832 2801 gruentiam,
861 2740 1029 2795 neque
1043 2725 1109 2779 de
1132 2717 1430 2791 hujusmodi
1453 2716 1660 2771 timeret
1679 2723 1854 2765 sermo
1874 2705 2084 2760 divinus

517 2822 746 2890 aliquam
788 2793 1103 2872 sacramenti
1145 2805 1536 2867 similitudinem
1588 2801 1800 2862 dueere,
1843 2797 1977 2850 sicut
2018 2793 2085 2848 de

517 2883 635 2965 aliis
677 2925 780 2964 non
817 2907 985 2962 solum
1033 2901 1376 2962 etelestibus,
1419 2894 1513 2950 sed
1554 2893 1712 2947 etiam
1749 2883 2085 2942 terrestribus

519 2999 803 3063 creaturis;
830 2998 963 3052 sicut
978 2994 1043 3050 de
1062 2992 1256 3048 Orione
1271 2997 1325 3045 et
1338 2984 1655 3046 Pleiadibus,
1675 2981 1811 3036 sicut
1825 2977 1891 3031 de
1907 2982 2085 3029 monte

519 3091 660 3164 Sina,
687 3087 740 3146 et
779 3088 845 3143 de
884 3094 1064 3142 monte
1091 3083 1242 3146 Sion,
1273 3081 1408 3135 sicut
1437 3076 1502 3131 de
1531 3070 1831 3129 fluminibus
1850 3081 1967 3136 qua:
1990 3079 2085 3117 vo-

519 3159 725 3246 cantur,
757 3166 946 3243 ceoi’i,‘
976 3177 1190 3241 Phison,
1234 3170 1425 3241 Tigris,
1475 3165 1790 3236 Euphrates,
1844 3159 1980 3214 sicut
2020 3155 2087 3211 de

522 3277 639 3344 ipso
669 3274 824 3327 toties
861 3271 913 3324 in
957 3267 1152 3322 sanctis
1176 3261 1439 3336 mysteriis
1468 3253 1766 3313 nominato”
1784 3249 1941 3305 fluvio
1967 3246 2085 3302 Jor-

523 3367 680 3432 dane,
702 3379 878 3419 rerum
919 3361 1137 3430 ﬁgurate
1166 3351 1595 3411 lnsinuandarum
1624 3343 1875 3416 mysticas
1899 3337 2087 3394 simili-

527 3455 734 3510 tudines
760 3451 993 3507 adduxit.
1172 3436 1174 3438 ’

598 3549 685 3602 15.
715 3544 820 3602 Sed
849 3549 1099 3613 quantum
1126 3537 1332 3592 intersit
1357 3534 1492 3589 inter
1517 3529 1745 3584 siderum
1767 3518 2092 3579 observatio-

527 3652 623 3692 ucs
659 3635 725 3691 ad
757 3635 926 3689 aerias
959 3629 1236 3701 qualitates
1279 3620 1665 3680 aecomodatas,
1693 3616 1825 3670 sicut
1851 3608 2091 3680 agricola:

525 3727 611 3782 vel
641 3733 814 3780 nauta:
839 3697 1149 3784 observant;
1181 3724 1271 3770 aut
1313 3713 1376 3768 ad
1415 3707 1672 3765 notandas
1707 3712 1884 3774 partes
1908 3697 2093 3755 mundi

528 3830 844 3885 cursumque
870 3813 1045 3882 aliquo
1087 3819 1141 3864 et
1183 3803 1423 3861 alicunde
1447 3796 1801 3869 dirigendum,
1827 3789 1964 3862 quod
1991 3803 2090 3858 gu-

529 3912 840 3965 bernatores
883 3903 1092 3960 navium
1133 3900 1352 3963 faciunt,
1381 3904 1434 3951 et
1479 3893 1514 3946 ii
1552 3891 1642 3970 qui
1669 3904 1760 3958 per
1783 3883 2093 3940 solitudines

530 4013 780 4056 arenosas
819 3999 871 4052 in
923 3995 1170 4051 interiora
1198 3989 1375 4045 Austri
1414 3984 1557 4039 nulla
1603 3979 1789 4036 semita
1829 3981 1975 4032 certa
2011 3972 2094 4027 vel

531 4101 673 4148 recta
701 4089 1038 4161 gradiuntur;
1071 4092 1157 4139 aut
1181 4097 1297 4138 cum
1328 4078 1394 4133 ad
1419 4072 1614 4145 aliquid
1639 4071 1691 4125 in
1717 4067 1951 4124 doctrina
1981 4061 2096 4118 utili

533 4156 754 4254 ﬁgurate
802 4176 1222 4250 signiﬁcandum,
1251 4173 1308 4225 ﬁt
1347 4165 1715 4224 nonnullorum
1745 4159 1975 4215 siderum
2001 4156 2097 4254 ali-

532 4243 635 4343 qua
663 4267 1124 4330 commemoratio;
1153 4269 1404 4333 quantum
1445 4269 1571 4324 ergo
1607 4249 1814 4306 intersit
1841 4247 1978 4300 inter
2001 4243 2098 4298 has

533 4333 808 4425 utilitates,
836 4368 888 4414 et
911 4357 1166 4412 vanitates
1198 4349 1464 4405 hominum
1490 4346 1558 4400 ob
1581 4343 1682 4395 hoc
1709 4333 2098 4393 observantium

539 4454 734 4517 sidera,
759 4460 814 4504 ut
836 4464 936 4503 nec
954 4447 1089 4500 aeris
1115 4443 1412 4515 qualitates,
1439 4450 1535 4490 nec
1557 4432 1828 4502 regionum
1848 4427 1980 4492 vias,
2001 4435 2102 4480 nec

537 4543 681 4598 solos
701 4514 995 4609 temporum
1019 4514 1289 4599 numeros,
1316 4545 1412 4585 nec
1436 4523 1783 4596 Spiritualium
1804 4514 2102 4573 similitudi-

537 4647 654 4700 nes,
686 4630 776 4686 sed
810 4607 956 4699 quasi
987 4625 1162 4682 fatalia
1202 4637 1378 4678 rerum
1417 4619 1525 4688 jam
1554 4622 1741 4671 eventa
1771 4607 2096 4680 perquirant,

537 4723 658 4793 quis
684 4734 787 4775 non
817 4716 1102 4788 intelligat?

613 4809 839 4867 CAPUT
865 4805 1151 4864 1Χ.--16.
1184 4801 1287 4860 Sed
1314 4801 1420 4870 jam
1447 4796 1696 4864 deinceps
1718 4789 1987 4846 videamus
2012 4801 2106 4842 cur

437 4914 451 4939 τ
541 4904 702 4962 etiam
729 4901 780 4956 id
808 4900 1133 4960 observetur,
1162 4908 1279 4949 cum
1311 4889 1510 4945 Pascha
1547 4884 1863 4943 celebratur,
1893 4887 1950 4933 ut
1986 4875 2107 4932 sab-

537 4996 722 5049 batum
748 4996 988 5046 occurrat
1013 5006 1024 5042 :
1049 4986 1152 5041 hoc
1185 4983 1324 5039 enim
1363 4978 1629 5051 proprium
1657 4972 1956 5030 christianae.
1979 4968 2108 5023 reli-

541 5084 716 5155 gionis
744 5089 841 5136 est.
876 5079 1005 5134 Nam
1031 5076 1195 5131 Judaei
1217 5086 1452 5128 mensem
1472 5081 1725 5123 novorum
1749 5059 2110 5119 tantummodo

475 5235 478 5238 ,
543 5150 601 5232 et
643 5175 816 5228 lunam
847 5170 1130 5225 observant
1175 5179 1205 5218 a
1251 5159 1644 5233 quartadecima
1689 5169 1855 5224 usque
1879 5151 1947 5206 ad
1971 5150 2113 5205 vice-

544 5266 732 5321 simam
763 5261 1004 5330 primam.
1031 5255 1137 5312 Sed
1158 5254 1278 5324 quia
1293 5250 1420 5307 illud
1441 5263 1625 5306 eorum
1646 5246 1846 5301 Pascha
1871 5255 1975 5311 quo
1995 5255 2115 5310 pas-

547 5370 639 5410 sus
664 5361 747 5408 est
773 5349 1044 5412 Dominus,
1069 5347 1140 5400 ita
1169 5343 1395 5400 occurrit
1425 5351 1480 5395 ut
1507 5340 1646 5394 inter
1673 5345 1898 5392 mortem
1927 5336 2042 5405 ejus
2063 5342 2115 5387 et

549 5442 993 5506 resurrectionem
1022 5435 1228 5492 medius
1256 5441 1397 5490 esset
1423 5429 1627 5488 sabbati
1651 5429 1785 5492 dies,
1815 5424 2112 5481 addendum

554 5547 731 5608 patres
755 5532 917 5589 nostri
943 5534 1277 5592 censuerunt,
1310 5533 1367 5578 ut
1391 5531 1447 5578 et
1475 5528 1652 5576 nostra
1680 5516 1937 5572 festivitas
1962 5530 1991 5569 a
2019 5512 2115 5569 Ju-

555 5603 790 5682 daeorum
823 5622 1103 5679 festivitate
1126 5618 1568 5686 distingueretur;
1595 5619 1650 5665 et
1689 5607 1830 5678 quod
1865 5620 1972 5661 non
2010 5603 2119 5659 fru-

616 5766 629 5794 ¹
658 5769 717 5809 ιιι
737 5765 787 5807 Β.
805 5764 883 5808 est
902 5757 980 5806 hic
1001 5751 1184 5820 vocula,
1208 5756 1388 5820 et,_q_t.ta
1409 5740 2034 5820 carentcaeiterieditnilwpt.

619 5825 639 5855 ³
802 5804 981 5870 et
1004 5804 1187 5880 plures,
1211 5804 1452 5864 nobilitata
1470 5846 1484 5870 ,
1511 5805 1590 5856 alii
1621 5811 1839 5867 septem,
1863 5804 2116 5852 nominato.

1705 422 1762 479 s.
1803 413 2163 476 AUGUSTINI
2202 407 2495 468 EPISCOPI
2565 371 2567 374 ’

3644 403 3748 460 21⁵2

2175 531 2283 577 stra
2310 520 2503 575 factum
2532 531 2653 574 esse
2682 513 3003 571 credendum
3049 519 3130 568 est
3171 512 3238 567 ab
3276 512 3365 568 illo
3402 513 3489 584 qui
3517 523 3599 569 est
3626 524 3750 571 ante

2173 622 2430 684 tempora,
2463 619 2516 666 et
2543 625 2638 680 per
2661 623 2815 678 quem
2856 606 2992 662 facta
3022 613 3146 660 sunt
3169 614 3426 675 tempora,
3458 614 3512 660 et
3537 605 3628 676 qui
3653 621 3747 662 ve-

2173 704 2251 758 nit
2278 704 2332 758 in
2360 700 2684 772 plenitudine
2709 708 3026 767 temporum,
3047 705 3100 750 et
3128 698 3212 766 qui
3245 703 3558 765 potestatem
3581 698 3740 751 habes

2173 794 2259 849 bat
2297 792 2527 863 ponendi
2555 791 2784 844 animam
2815 804 2961 843 suam
3002 796 3056 842 et
3094 787 3283 841 iterum
3314 787 3602 857 recipiendi
3629 803 3746 842 eam

2174 895 2228 941 et
2248 885 2367 941 ideo
2387 899 2490 939 non
2519 882 2753 964 fatalem
2782 880 2876 935 sed
2893 887 3242 948 opportunam
3265 888 3594 933 sacramento
3608 878 3747 947 quod

2175 972 2546 1028 commendare
2581 971 2900 1035 instituerat,
2929 968 3111 1022 horam
3142 967 3499 1036 exspectabat,
3525 982 3642 1021 cum
3669 966 3751 1021 di-

2174 1070 2340 1128 ceret,
2371 1061 2614 1116 Nondum
2638 1061 2768 1115 venit
2801 1062 2925 1112 Itora
2949 1074 3060 1111 mea
3090 1055 3264 1128 (Joan.
3291 1072 3349 1123 tt,
3381 1056 3458 1126 4),
3503 1057 3555 1110 in
3594 1056 3748 1110 anni-

2175 1152 2405 1207 versaria
2433 1150 2694 1222 passionis
2723 1151 2835 1220 ejus
2869 1146 3226 1204 celebratione
3255 1161 3286 1200 a
3316 1147 3542 1216 posteris
3569 1155 3749 1201 serita-

2175 1249 2326 1295 retur
2342 1242 2382 1293 ί.
3537 1253 3539 1255 ι
3680 1233 3684 1238 ‘

2247 1331 2336 1386 17.
2362 1329 2511 1398 Quod
2540 1329 2682 1386 enim
2723 1343 2878 1394 nunc,
2909 1337 2966 1382 ut
3002 1327 3244 1398 superius
3279 1325 3409 1392 dixi,
3442 1324 3544 1381 ﬁde
3567 1341 3630 1381 ac
3655 1341 3750 1395 spe

2177 1420 2430 1491 gerimus,
2460 1426 2620 1490 atque
2642 1426 2700 1472 ut
2726 1417 2795 1474 ad
2827 1415 2882 1473 id
2921 1415 3292 1486 perveniamus
3322 1415 3605 1469 dilectione
3643 1423 3753 1469 sat-

2177 1511 2400 1581 agimus,
2432 1510 2642 1579 requies
2669 1516 2750 1564 est
2773 1507 3013 1578 quaedam
3044 1507 3112 1560 ab
3139 1506 3284 1560 omni
3307 1505 3487 1560 labore
3513 1505 3755 1560 omnium

2177 1601 2534 1656 molestiarum
2560 1609 2740 1654 sancta
2767 1609 2922 1669 atque
2951 1607 3197 1667 perpetua
3221 1613 3235 1650 :
3265 1598 3316 1652 in
3349 1611 3466 1651 eam
3496 1596 3646 1650 nobis
3684 1611 3752 1650 ex.

2178 1689 2279 1746 hac
2315 1691 2421 1745 vita
2467 1691 2524 1745 ﬁt
2571 1689 2842 1757 transitus,
2885 1703 3041 1758 quem
3083 1687 3336 1742 Dominus
3381 1694 3561 1740 noster
3595 1685 3752 1740 Jesus

2178 1777 2418 1835 Christus
2441 1793 2532 1835 sua
2559 1780 2800 1850 passione
2825 1785 3231 1848 praamonstrare
3253 1789 3316 1830 ae
3337 1789 3647 1829 consecrare
3665 1773 3753 1827 di-

2179 1877 2368 1938 gnatus
2393 1877 2492 1923 est.
2523 1869 2663 1923 Inest
2690 1879 2866 1922 autem
2894 1867 2945 1921 in
2967 1866 3054 1920 illa
3068 1865 3248 1935 requie
3265 1880 3368 1918 non
3387 1863 3648 1918 desidiosa
3661 1877 3753 1918 se-

2178 1958 2358 2027 gnitia,
2393 1957 2486 2012 sed
2528 1955 3096 2027 qumdaminel‘fabilis
3136 1954 3486 2022 tranquillitas
3526 1952 3752 2007 actionis

2180 2050 2384 2104 otiosae.
2411 2049 2499 2104 Sic
2541 2049 2680 2103 enim
2717 2047 2784 2101 ab
2837 2047 2990 2118 hujus
3029 2045 3149 2100 vitre
3177 2046 3427 2115 Operibus
3454 2045 3504 2097 in
3535 2044 3637 2099 line
3665 2059 3753 2096 re-

2182 2140 2489 2210 quiescitur,
2520 2149 2577 2194 ut
2612 2140 2662 2192 in
2693 2139 2910 2193 alterius
2935 2138 3056 2191 vita:
3085 2137 3291 2190 actione
3319 2134 3625 2205 gaudeatur.
3647 2133 3754 2188 Sed

2181 2232 2303 2302 quia
2332 2233 2449 2286 talis
2473 2233 2610 2287 actio
2638 2232 2690 2286 in
2720 2231 2810 2286 Dei
2839 2229 2994 2284 laude
3018 2229 3207 2298 agitur,
3234 2227 3348 2281 sine
3377 2227 3554 2280 labore
3585 2241 3752 2279 mem-

2182 2323 2419 2387 brorum,
2449 2323 2564 2376 sine
2590 2336 2786 2392 angore
2809 2335 3086 2382 curarum;
3112 2333 3213 2372 non
3240 2317 3305 2370 ad
3331 2331 3446 2370 eam
3478 2317 3555 2368 sic
3581 2324 3753 2368 trans-

2183 2413 2289 2468 itur
2312 2428 2408 2482 per
2431 2413 2680 2482 quietem,
2702 2420 2759 2465 ut
2783 2411 2879 2480 ipsi
2911 2410 3060 2464 labor
3085 2407 3350 2470 succedat,
3376 2406 3426 2460 id
3451 2412 3533 2460 est
3558 2421 3662 2458 non
3678 2405 3766 2459 sic

2183 2518 2303 2558 esse
2341 2503 2480 2557 actio
2524 2502 2724 2571 incipit,
2757 2510 2954 2555 utesse
2979 2498 3389 2567 desinatquies:
3415 2511 3586 2565 neque
3613 2495 3758 2549 enim

2185 2593 2388 2649 reditur
2415 2593 2480 2647 ad
2509 2593 2718 2647 labores
2741 2599 2794 2646 et
2817 2605 3006 2654 curas;
3035 2589 3127 2644 sed
3163 2595 3433 2657 permanet
3474 2587 3523 2640 in
3550 2585 3758 2640 actione

2185 2684 2324 2754 quod
2352 2683 2419 2738 ad
2439 2683 2669 2752 quietem
2695 2681 2941 2751 pertinet,
2973 2695 3070 2735 nec
3097 2679 3147 2733 in
3178 2694 3339 2748 opere
3371 2677 3629 2741 laborare,
3657 2690 3758 2730 nec

2187 2774 2242 2828 in
2278 2774 2597 2844 cogitatione
2640 2773 2952 2827 lluet'uare’.
2982 2770 3114 2837 Quia
3142 2784 3267 2838 ergo
3306 2783 3400 2838 per
3428 2767 3661 2836 requiem
3690 2764 3762 2819 ad

2188 2864 2412 2935 primam
2445 2864 2607 2919 vitam
2655 2863 2874 2926 reditur,
2902 2861 3038 2916 unde
3065 2861 3240 2913 anima
3282 2859 3423 2927 lapsa
3451 2867 3533 2911 est
3557 2858 3610 2910 in
3639 2869 3766 2925 ρεαδ

2189 2967 2385 3021 catum,
2413 2964 2693 3026 propterea
2715 2955 2934 3009 sabbato
2956 2951 3162 3021 requies
3185 2949 3528 3020 signiﬁcatur.
3557 2947 3648 3001 Illa
3673 2963 3762 3001 au-

2190 3056 2298 3102 tem
2325 3048 2428 3101 vita
2456 3046 2649 3116 prima,
2680 3059 2799 3114 quae
2839 3044 2906 3098 de
2948 3041 3368 3112 peregrinatione
3394 3039 3758 3106 redeuntibus,

2191 3146 2244 3193 et
2291 3137 2512 3206 primam
2553 3135 2741 3189 stolam
2783 3131 3165 3202 accipientibus
3193 3130 3450 3194 redditur,
3478 3144 3574 3199 per
3602 3143 3762 3182 unam

2192 3229 2417 3295 sabbati,
2451 3242 2610 3297 quem
2653 3227 2794 3282 diem
2838 3223 3160 3280 dominicum
3209 3222 3454 3288 dicimus,
3488 3221 3760 3290 ﬁguratur.

2192 3320 2380 3385 Quinre
2408 3326 2609 3387 septem
2648 3317 2762 3370 dies
2805 3313 3051 3369 Genesim
3095 3312 3294 3381 legens,
3335 3309 3571 3364 invenies
3599 3307 3764 3376 septi-

2193 3427 2340 3465 mum
2367 3410 2480 3464 sine
2507 3423 2748 3477 vespera,
2777 3405 2897 3476 quia
2939 3404 3177 3473 requiem
3215 3401 3327 3456 sine
3357 3400 3458 3453 ﬁne
3483 3399 3764 3469 signiﬁcat.

2194 3500 2368 3555 Prima
2389 3514 2517 3568 ergo
2536 3497 2640 3552 vita
2666 3511 2769 3550 non
2796 3494 2896 3548 fuit
2913 3493 3230 3562 sempiterna
3255 3489 3490 3560 peccanti
3517 3505 3530 3540 :
3555 3488 3765 3557 requies

2196 3599 2371 3646 autem
2408 3590 2588 3644 ultima
2627 3587 2945 3656 sempiterna
2973 3593 3074 3646 est,
3103 3598 3167 3638 ac
3197 3597 3289 3652 per
3331 3583 3431 3636 hoc
3468 3588 3522 3635 et
3549 3590 3766 3634 octavus

2196 3682 2572 3752 sempiternam
2599 3677 2972 3752 beatitudinem
3002 3674 3234 3740 habebit,
3267 3674 3386 3741 quia
3417 3673 3627 3742 requies
3653 3670 3769 3734 illa,

2197 3789 2315 3843 qua:
2333 3772 2651 3840 sempiterna
2671 3776 2772 3834 est,
2799 3767 3060 3837 excipitur
3095 3764 3163 3818 ab
3207 3773 3417 3828 octavo,
3443 3777 3547 3816 non
3577 3759 3774 3816 exstin-

2197 3863 2401 3933 guitur;
2433 3875 2604 3930 neque
2630 3858 2768 3912 enim
2798 3866 2942 3912 esset
2982 3855 3136 3909 aliter
3171 3853 3512 3922 sempiterna.
3541 3849 3615 3904 ιω
3641 3863 3773 3919 ergo

2199 3952 2300 4006 erit
2337 3960 2558 4004 octavus
2600 3947 2688 4018 qui
2737 3947 2968 4017 primus,
2999 3955 3056 4000 ut
3081 3943 3246 4014 prima
3271 3943 3374 3996 vita
3403 3956 3505 3996 non
3534 3940 3774 4007 tollatur,

2200 4041 2293 4096 sed
2321 4037 2571 4094 reddatur
2600 4047 2817 4092 aetcma.

2270 4129 2494 4186 CAPUT
2529 4128 2684 4184 X.—
2705 4128 2790 4181 18.
2821 4124 3108 4181 Sabbatum
3139 4133 3315 4177 tamen
3343 4120 3772 4176 commendatum-

2203 4230 2286 4277 cst
2311 4220 2471 4290 priori
2511 4218 2702 4289 populo
2728 4219 2779 4271 in
2807 4217 2915 4270 otio
2942 4213 3289 4284 corporaliter
3317 4211 3688 4267 celebrandum
3715 4210 3770 4273 ⁸,

2205 4321 2262 4367 ιιι
2290 4313 2452 4382 ﬁgura
2481 4320 2625 4366 esset
2652 4306 3082 4365 sanctiﬁcationis
3110 4305 3162 4360 in
3187 4306 3370 4374 requie
3393 4304 3621 4374 Spiritus
3646 4319 3774 4358 san-

2205 4407 2296 4462 cti.
2317 4406 2583 4474 Nusquam
2605 4405 2744 4459 enim
2767 4402 2985 4471 legimus
3011 4401 3061 4455 in
3088 4399 3280 4455 Genesi
3307 4398 3781 4452 sanctiﬁcationem—

2208 4513 2303 4567 per
2337 4511 2523 4551 omnes
2559 4494 2762 4564 priores
2798 4493 2947 4557 dies;
2989 4490 3081 4546 sed
3105 4489 3172 4544 de
3197 4489 3312 4543 solo
3333 4488 3554 4542 sabbato
3578 4487 3779 4542 dictum-

2207 4598 2325 4645 est:
2359 4587 2424 4641 Et
2450 4585 2777 4655 sancti/icauit
2802 4583 2937 4638 Deus
2965 4581 3096 4635 diem
3119 4581 3383 4650 septimum
3417 4577 3564 4651 (Gen.
3593 4595 3662 4644 ιι,
3693 4579 3774 4645 5).

2211 4680 2403 4734 Amant
2430 4677 2569 4732 enim
2598 4676 2852 4745 requiem,
2881 4674 2992 4729 sive
3021 4673 3120 4742 pia:
3147 4671 3336 4724 animae
3357 4711 3374 4735 ,
3405 4669 3517 4725 sive
3542 4670 3776 4738 iniquze;

2211 4771 2305 4827 sed
2332 4786 2434 4840 qua
2461 4769 2771 4840 perveniant
2795 4766 2861 4820 ad
2888 4764 3016 4820 illud
3041 4763 3179 4833 quod
3205 4772 3403 4826 amant,
3429 4759 3664 4830 plurima;
3686 4773 3780 4813 ne-

2212 4863 2420 4918 sciunt:
2453 4873 2550 4913 nec
2571 4856 2776 4926 aliquid
2804 4863 3056 4924 appetunt
3085 4853 3246 4908 etiam
3275 4851 3384 4920 ipsa
3410 4864 3631 4918 corpora
3656 4863 3782 4919 pon-

2213 4951 2428 5008 deribus
2456 4949 2565 5007 suis
2583 4990 2600 5016 ,
2627 4947 2725 5001 nisi
2754 4944 2894 5016 quod
2921 4945 3112 4998 anima:
3137 4943 3405 4997 amoribus
3433 4940 3542 4994 suis
3563 4939 3584 4969 ‘
3602 4977 3617 4993 .
3647 4939 3780 4993 Nam

2280 5062 2298 5094 ι
2322 5059 2435 5109 Edd.
2458 5062 2543 5108 εει
2578 5053 2690 5119 quia
2719 5053 2947 5117 aliquam!

2216 5123 2346 5182 Quod
2367 5134 2458 5170 non
2478 5109 2872 5183 ﬁusirafacttim,
2902 5122 3018 5174 etc.,
3035 5119 3087 5164 ut
3109 5113 3160 5183 in
3180 5109 3522 5183 dimitteremur,
3538 5109 3636 5183 etc:
3657 5117 3781 5183 Prae-

2216 5169 2413 5234 tulimus
2431 5169 2509 5230 bi'c
2528 5187 2636 5228 Mss.
2655 5169 2935 5236 lectionem,
2952 5169 3049 5239 qua
3078 5174 3284 5239 planius,
3297 5174 3580 5239 exprimitur
3600 5169 3780 5232 duplex

2214 5231 2358 5301 ratio,
2376 5249 2571 5304 pr0pter
2584 5252 2729 5304 quam
2743 5239 2840 5304 ida
2857 5231 2998 5288 nobis
3014 5238 3068 5304 ln_
3080 5231 3316 5304 itaschatis
3331 5231 3780 5304 celebrationeser—

2219 5295 2453 5364 vatur-{ut
2465 5295 2656 5351 sabbati
2677 5301 2785 5350 dies
2800 5302 2928 5364 inter
2947 5299 3182 5364 passionis
3203 5302 3254 5345 et
3287 5295 3661 5364 resurrectionis
3696 5300 3786 5364 Do~

2220 5355 2406 5415 minicae
2429 5363 2782 5413 solemnitatem
2803 5355 2993 5410 mediiis
3013 5359 3178 5409 veniat
3199 5371 3211 5406 :
3233 5369 3330 5406 una
3351 5355 3564 5414 scilicet,
3600 5367 3696 5416 quo
3715 5355 3788 5416 sic

2221 5414 2384 5476 nostra
2405 5424 2640 5474 festivitas
2669 5435 2701 5472 a
2733 5424 3006 5472 Judaeorum
3045 5419 3307 5469 festivitate
3342 5414 3689 5479 distinguatur;
3712 5414 3786 5463 al-

2222 5495 2328 5537 tera
2349 5487 2476 5550 quod
2498 5499 2592 5534 non
2613 5484 2790 5550 frustra
2809 5484 2990 5550 factum;
3005 5483 3069 5532 sit
3088 5494 3116 5530 a
3138 5480 3350 5550 Domino,
3365 5486 3424 5550 ut_
3441 5479 3567 5550 inter
3582 5484 3788 5527 mortem

2225 5551 2332 5612 ejus
2354 5539 2406 5598 ét
2419 5547 2830 5597 resurrectionem
2863 5544 3054 5612 medius
3077 5547 3210 5612 esset
3229 5540 3337 5589 dies
3358 5539 3564 5612 sabbati.

2286 5594 2734 5658 i‘tta'omnes.
2762 5594 2826 5654 ’At
2846 5612 2954 5654 Iov.
2980 5605 3146 5664 habet,
3168 5613 3318 5662 neque
3339 5599 3466 5651 enim
3484 5599 3536 5651 in
3557 5609 3698 5664 opere
3721 5594 3791 5646 ia-

2229 5671 2435 5730 boratur,
2460 5681 2609 5732 neque
2641 5666 2693 5719 in
2715 5664 2992 5732 cogitatione
3025 5663 3298 5732 ﬂuctuatur.

2290 5719 2435 5780 3"lim:
2449 5719 2563 5780 Βέιά
2589 5736 2682 5789 Er.,
2707 5727 2756 5791 in
2772 5719 3130 5791 "quecui-parati
3151 5719 3470 5791 teniporaliger
3488 5719 3772 5776 celebrando

2291 5795 2313 5826 ἰ
2337 5801 2436 5843 Am.
2459 5791 2566 5842 Bad.
2583 5784 2679 5852 En,
2699 5787 2793 5841 nisi
2813 5784 3050 5851 quiescere
3065 5799 3095 5837 α
3114 5784 3312 5836 motibus
3332 5784 3448 5834 suis.

2949 5065 2978 5104 ο
3003 5051 3210 5111 Pascha,
3253 5057 3368 5112 etc.,
3392 5047 3782 5112 distingueretur.
