4090 6356
297 308 410 366 113

300 427 446 482 sicut
483 437 682 493 corpus
723 417 903 475 tandiu
947 416 1130 476 nititur
1168 413 1406 485 pondere
1426 454 1441 478 ,
1488 413 1600 466 sive
1639 410 1888 464 deorsum

300 530 518 582 versus,
541 515 653 570 sive
673 526 884 567 sursum
909 523 1114 571 versus,
1143 507 1313 561 donec
1341 503 1406 558 ad
1435 503 1606 558 locum
1636 515 1740 569 quo
1767 497 1888 552 niti-

303 617 396 662 tur
423 606 649 660 veniens
673 600 1051 671 conquiescat;
1081 595 1288 667 pondus
1330 593 1527 664 quippe
1567 589 1673 645 olei
1714 588 1762 643 si
1803 587 1890 656 di:

303 699 551 752 mittatur
577 697 627 749 iu
654 709 800 759 aere,
826 692 1107 756 deorsum;
1138 689 1184 743 si
1209 694 1386 740 autem
1417 683 1516 738 sub
1539 681 1690 752 aquis
1709 721 1726 748 ,
1766 693 1888 734 sur-

301 803 423 843 sum
456 786 677 842 nititur:
705 784 784 838 sic
808 782 998 843 animae
1028 779 1096 834 ad
1129 792 1192 833 ea
1233 791 1352 848 quae
1392 781 1573 828 amant
1610 777 1888 842 propterea

299 878 577 942 nituntur,
619 885 676 929 ut
717 869 1074 944 perveniendo
1100 868 1452 939 requiescant.
1485 864 1553 919 Et
1579 863 1746 917 multa
1768 859 1888 930 qui-

299 971 428 1024 dem
463 984 558 1036 per
581 981 772 1036 corpus
800 965 1098 1028 delectant,
1129 960 1223 1014 sed
1253 973 1357 1013 non
1399 964 1482 1012 cst
1508 956 1559 1010 in
1589 954 1665 1009 eis
1689 963 1889 1007 aeterna

295 1057 540 1128 requies,
573 1071 672 1111 nec
696 1054 882 1110 saltem
913 1052 1192 1115 diuturna;
1216 1057 1269 1104 et
1291 1056 1567 1119 propterea
1589 1043 1754 1113 magis
1776 1056 1891 1095 sor-

298 1148 490 1203 didant
516 1147 772 1211 animam,
799 1155 854 1199 et
881 1151 1166 1214 aggravant
1192 1141 1387 1210 potius,
1416 1147 1472 1192 ut
1488 1138 1753 1192 sincerum
1775 1134 1888 1203 ejus

298 1238 536 1308 pondus,
563 1252 670 1308 quo
700 1237 754 1290 in
774 1249 1005 1304 superna
1031 1231 1230 1298 fertur,
1261 1228 1570 1298 impediant.
1602 1227 1732 1282 Cum
1761 1239 1889 1293 ergo

296 1331 482 1385 anima
523 1331 700 1400 seipsa
748 1328 1072 1400 delectatur,
1116 1324 1352 1379 nondum
1384 1337 1444 1378 re
1472 1318 1891 1376 incommutabili

297 1420 628 1485 delectatur;
666 1428 721 1474 et
749 1419 869 1474 ideo
907 1416 1083 1472 adhuc
1115 1413 1339 1485 superba
1371 1420 1488 1478 est,
1533 1410 1654 1481 quia
1692 1423 1752 1465 se
1794 1423 1889 1477 pro

296 1524 516 1565 summo
545 1509 724 1576 habet,
755 1524 875 1564 cum
903 1508 1147 1578 superior
1172 1505 1242 1560 sit
1270 1505 1428 1560 Deus.
1451 1503 1560 1556 Nec
1579 1501 1634 1556 in
1660 1501 1751 1554 tali
1768 1513 1891 1569 pee-

297 1612 424 1658 cato
453 1603 711 1672 impunita
737 1601 1054 1672 relinquitur
1071 1641 1085 1664 ,
1117 1599 1240 1670 quia
1278 1596 1410 1651 Deus
1435 1593 1659 1666 superbis
1685 1591 1888 1658 resistit,

299 1691 581 1745 humilibus
597 1701 763 1746 autem
785 1691 873 1745 dat
897 1691 1113 1762 gratiam
1140 1687 1342 1761 (Jacobi
1361 1702 1432 1752 tv,
1456 1685 1532 1758 6).
1561 1686 1688 1739 Cum
1714 1691 1888 1738 autem

300 1784 417 1840 Deo
453 1784 766 1850 delectatur,
801 1783 872 1838 ibi
898 1798 1100 1848 veram,
1129 1789 1327 1837 certam
1352 1821 1365 1844 ,
1409 1787 1663 1834 aeternam
1694 1775 1893 1842 invenit

299 1878 583 1947 requiem,
623 1891 781 1946 quam
822 1876 874 1929 in
911 1875 1028 1930 aliis
1071 1872 1376 1944 quaerebat,
1426 1885 1527 1925 nec
1567 1866 1886 1922 inveniebat.

300 1966 536 2022 l’roinde
561 1966 882 2021 admonetur
909 1967 960 2019 in
988 1965 1201 2020 Psalmo
1227 1980 1241 2016 :
1272 1961 1531 2016 Delectare
1557 1961 1609 2013 in
1641 1959 1891 2028 Domino,

300 2065 347 2108 et
367 2056 508 2108 dabit
537 2055 626 2109 tibi
646 2057 906 2127 petitiones
925 2054 1093 2108 cordis
1122 2053 1194 2106 tui
1222 2051 1395 2124 (Psul.
1427 2065 1605 2114 xxxvr,
1635 2048 1710 2119 4).

376 2147 466 2202 l9.
509 2147 644 2212 Quia
685 2163 814 2217 ergo
861 2147 1083 2202 charitas
1126 2145 1220 2199 Dei
1261 2144 1448 2211 diffusa
1483 2153 1554 2196 est
1581 2144 1632 2195 in
1659 2140 1889 2195 cordibus

301 2238 488 2292 nostris
517 2253 610 2307 per
637 2238 890 2308 Spiritum
916 2244 1144 2292 sanctum
1168 2236 1254 2305 qui
1279 2235 1425 2288 datus
1451 2242 1520 2287 est
1544 2232 1684 2286 nobis
1715 2231 1886 2301 (Rom.

299 2347 354 2397 v,
389 2330 474 2401 5.),
507 2331 629 2386 ideo
650 2330 997 2386 sanctificatio
1026 2329 1077 2384 in
1103 2329 1331 2398 septimo
1360 2326 1445 2380 die
1474 2332 1888 2380 commemorata

298 2430 423 2487 est,
465 2421 559 2475 ubi
598 2422 807 2492 requies
834 2421 1255 2476 commendatur.
1301 2417 1435 2486 Quia
1478 2431 1602 2471 vero
1629 2429 1726 2470 nec
1755 2414 1892 2490 bene)

299 2512 515 2584 operari
555 2527 872 2582 possumus,
910 2511 1008 2567 nisi
1051 2509 1192 2565 dono
1220 2510 1332 2580 ejus
1366 2508 1560 2578 adjuti,
1602 2507 1738 2561 sicut
1764 2505 1890 2559 dicit

299 2605 620 2673 Apostolus,
653 2602 790 2658 Deus
819 2604 951 2656 enim
979 2612 1050 2656 est
1079 2602 1162 2674 qui
1192 2609 1427 2672 operatur
1454 2600 1508 2653 in
1533 2598 1669 2652 vobis
1693 2606 1740 2650 et
1763 2594 1889 2650 velle

300 2703 346 2747 et
371 2694 600 2762 operari,
623 2710 714 2764 pro
742 2695 870 2747 bona
897 2693 1150 2747 voluntate
1168 2691 1426 2762 (Philipp.
1453 2706 1511 2756 ιι,
1542 2691 1652 2760 15),
1685 2703 1782 2743 nec
1809 2702 1890 2742 rc-

301 2783 587 2853 quiescere
627 2784 918 2852 poterimus
959 2792 1079 2854 post
1119 2782 1299 2837 omnia
1337 2782 1472 2836 bona
1518 2796 1679 2851 Opera
1710 2789 1890 2833 nostra

301 2890 425 2943 qua:
453 2875 505 2927 in
537 2874 635 2929 hac
655 2874 762 2928 vita
792 2875 1049 2944 gerimus,
1082 2873 1184 2941 nisi
1213 2871 1328 2944 ejus
1358 2871 1499 2926 dono
1524 2870 1590 2924 ad
1618 2870 1889 2925 aeternita-

304 2971 414 3018 tem
441 2965 755 3018 sanetificati
799 2973 954 3033 atque
995 2961 1212 3033 perfecti
1247 2963 1300 3029 ‘;
1347 2970 1623 3032 propterea
1666 2961 1733 3014 de
1777 2961 1892 3028 ipso

302 3053 420 3108 Deo
447 3053 644 3108 dicitur
665 3038 787 3124 quia
811 3069 930 3109 cum
959 3053 1169 3110 fecisset
1200 3055 1368 3108 omnia
1389 3069 1541 3124 opera
1567 3051 1710 3106 valde
1740 3052 1888 3116 bona,

302 3144 519 3214 septimo
548 3144 630 3197 die
656 3145 891 3213 requievit
917 3143 978 3197 ab
1009 3142 1235 3197 omnibus
1260 3141 1492 3212 aperibus
1514 3141 1618 3195 suis
1638 3156 1749 3212 qua:
1775 3141 1892 3210 fecit

306 3234 463 3308 (Cen.
491 3250 532 3302 ι,
562 3237 650 3302 51,
669 3246 715 3290 et
742 3253 799 3303 ιι,
827 3235 908 3307 2).
935 3235 1186 3291 Futuram
1209 3235 1349 3291 enim
1379 3233 1614 3305 requiem
1630 3233 1893 3302 significa-

306 3328 419 3393 bat,
451 3344 611 3398 quam
640 3338 760 3399 post
789 3329 928 3384 bona
956 3345 1119 3401 opera
1148 3328 1367 3384 daturus
1396 3336 1510 3382 erat
1537 3325 1689 3381 nobis
1716 3324 1891 3379 homi-

304 3419 490 3474 nibus.
534 3419 680 3475 Sicut
715 3420 857 3476 enim
884 3434 1006 3476 cum
1049 3420 1184 3475 bene
1212 3433 1524 3489 operemur,
1563 3417 1678 3488 ipse
1703 3416 1894 3470 dicitur

303 3510 522 3580 operari
557 3510 610 3564 in
637 3492 1013 3580 nobis,.cujus
1041 3526 1261 3566 munere
1298 3511 1432 3566 bene
1471 3523 1787 3578 operamur:
1823 3507 1892 3560 ita

304 3615 430 3654 cum
462 3601 846 3672 requiescimus
865 3643 879 3666 ,
910 3603 1023 3673 ipse
1055 3603 1387 3672 requiescere
1415 3601 1639 3669 dicitur,
1665 3615 1770 3670 quo
1795 3600 1892 3654 do-

306 3699 472 3746 nante
501 3693 902 3762 requiescimus.

379 3779 614 3838 CAPUT
652 3781 920 3838 XL—20.
955 3783 1086 3838 llinc
1123 3791 1207 3840 est
1247 3783 1390 3854 quod
1427 3784 1586 3839 etiam
1630 3783 1682 3836 in
1728 3783 1892 3838 tribus

306 3870 499 3941 primis
548 3873 828 3944 praeceptis
875 3873 1122 3944 Decalogi
1165 3889 1282 3944 qua:
1327 3873 1395 3927 ad
1434 3873 1597 3928 Deum
1629 3873 1896 3942 pertinent

311 3961 534 4033 (ca‘tera
563 3963 705 4018 enim
731 3971 938 4034 septem
977 3963 1044 4019 ad
1087 3964 1385 4036 proximum
1414 3964 1700 4036 pertinent,
1733 3963 1782 4016 id
1814 3972 1895 4018 est

307 4051 380 4106 ad
407 4051 700 4117 hominem,
727 4054 849 4122 quia
879 4055 932 4108 in
965 4053 1173 4108 duobus
1203 4056 1480 4125 praeceptis
1512 4064 1618 4110 tota
1649 4056 1728 4109 lex
1756 4068 1892 4124 pen-

308 4141 403 4197 det
424 4141 775 4216 [lllattlnxnn
799 4143 933 4217 40]),
962 4146 1173 4200 tertimn
1204 4145 1272 4201 ibi
1294 4145 1360 4200 de
1378 4145 1746 4201 observatione
1770 4145 1893 4199 sab-

310 4233 423 4288 bati
451 4235 684 4305 positum
714 4245 832 4292 est:
861 4248 918 4290 ut
938 4237 990 4291 in
1012 4237 1182 4307 primo
1208 4246 1473 4306 prmcclito
1499 4237 1709 4291 Patrem
1737 4235 1896 4290 intel-

311 4325 560 4396 ligamus,
591 4328 677 4384 ubi
705 4329 1015 4400 prohibetur
1039 4329 1138 4384 coli
1160 4329 1334 4399 aliqua
1360 4328 1411 4383 in
1438 4327 1701 4400 figmentis
1728 4327 1897 4383 homi-

312 4416 441 4474 num
476 4421 566 4476 Dei
608 4422 930 4488 similitudo;
977 4437 1082 4476 non
1123 4422 1245 4493 quia
1278 4438 1383 4476 non
1420 4422 1579 4478 habet
1613 4422 1895 4492 imaginem

313 4512 474 4578 Deus,
505 4513 598 4570 sed
627 4514 748 4584 quia
780 4514 919 4569 nulla
959 4516 1133 4586 imago
1175 4515 1291 4584 ejus
1326 4515 1428 4570 coli
1458 4515 1649 4580 debet,
1685 4515 1781 4568 nisi
1810 4515 1896 4570 illa

313 4620 436 4674 qua:
467 4603 568 4659 hoc
597 4614 682 4660 est
717 4605 856 4675 quod
888 4606 1040 4675 ipse;
1083 4621 1180 4660 nec
1210 4605 1321 4674 ipsa
1348 4621 1442 4675 pro
1474 4605 1597 4672 illo,
1640 4605 1733 4660 sed
1777 4620 1897 4658 cum

314 4697 427 4751 illo.
458 4696 526 4751 Et
553 4697 675 4768 quia
701 4707 940 4753 creatura
965 4697 1230 4751 mutabilis
1254 4706 1354 4763 est,
1380 4712 1441 4752 ac
1468 4706 1742 4766 propterea
1768 4694 1896 4749 dici-

315 4797 403 4841 tur
445 4789 609 4843 omnis
647 4801 877 4842 creatura
915 4789 1121 4843 vanitati
1158 4789 1380 4859 subjecta
1414 4786 1586 4859 (Rom.
1614 4803 1707 4842 vm
1731 4828 1746 4853 ,
1778 4786 1895 4858 20),

314 4879 566 4947 quoniam
596 4888 780 4934 natura
821 4880 1051 4936 universi
1082 4879 1240 4934 etiam
1280 4880 1330 4932 in
1363 4887 1511 4948 parte
1538 4887 1895 4943 monstratur;

317 4985 386 5022 ne
410 4969 688 5039 quisquam
719 4971 907 5024 Filium
942 4971 1055 5037 Dei,
1089 4970 1319 5026 Verbum
1348 4987 1440 5040 per
1459 4970 1598 5041 quod
1625 4971 1755 5025 facta
1775 4980 1900 5024 sunt

316 5061 517 5123 omnia,
551 5070 759 5131 putaret
783 5077 902 5117 esse
931 5072 1248 5128 creaturam,
1281 5063 1519 5133 sequitur
1539 5062 1677 5115 aliud
1702 5077 1899 5130 prame-

317 5162 506 5220 ptum:
540 5151 660 5206 Non
688 5154 904 5222 accipies
933 5153 984 5206 in
1020 5169 1201 5206 vanum
1235 5171 1414 5208 nomen
1443 5153 1649 5207 Domini
1691 5151 1787 5205 Dei
1827 5153 1900 5206 tui

319 5239 514 5314 (Exod.
539 5257 633 5308 xx,
657 5243 718 5309 7;
750 5242 899 5296 Deut.
924 5259 975 5308 ν,
1003 5244 1114 5313 ll).
1138 5243 1362 5312 Spiritus
1382 5252 1556 5298 autem
1583 5253 1817 5309 sanctus,
1849 5243 1900 5297 in

320 5345 427 5400 quo
449 5331 602 5385 nobis
626 5331 714 5384 illa
735 5331 942 5400 requies
962 5332 1227 5396 tribuitur,
1251 5347 1406 5402 quam
1432 5333 1622 5403 ubique
1639 5348 1897 5400 amamus,

319 5422 416 5476 sed
454 5422 554 5476 nisi
596 5424 759 5478 Deum
787 5425 1012 5479 atnando
1038 5441 1146 5479 non
1171 5426 1486 5492 invenimus,
1517 5441 1636 5480 eum
1673 5427 1902 5481 charitas

321 5515 440 5584 ejus
472 5515 785 5572 diffunditur
809 5518 860 5572 in
886 5517 1138 5573 cordibus
1161 5517 1357 5572 nostris
1381 5532 1478 5588 per
1494 5518 1746 5589 Spiritmn
1778 5534 1900 5574 sau-

324 5627 632 5753 wirapricqg.
654 5637 762 5692 us,
783 5637 925 5694 atque
946 5627 1147 5694 perfecti
1167 5625 1353 5680 sabbati
1380 5627 1733 5694 pervazerbtw
1750 5667 1764 5691 ,
1797 5641 1906 5694 ι)το-

1472 293 1950 356 EPISTOLARUM
1977 293 2254 350 crassus
2287 293 2355 351 η.
2390 275 2393 279 ’

3467 295 3577 350 ΞΗ

1996 415 2135 460 ctum
2161 406 2248 476 qui
2278 405 2433 460 datus
2464 412 2546 460 est
2583 406 2735 461 nobis
2765 405 2943 478 (Rom.
2974 421 3026 472 v,
3060 405 3116 476 5)
3137 447 3151 472 ,
3183 405 3302 474 quia
3335 404 3568 463 [sancti-

1993 497 2170 554 ficavit
2199 498 2341 553 Deus
2377 497 2516 553 diem
2557 499 2844 568 septimum
2883 498 2935 552 in
2975 514 3079 568 quo
3109 498 3385 568 requievit,
3413 500 3569 552 tertio

1993 596 2258 657 praecepto
2293 587 2426 657 legis
2463 586 2759 643 insinuatur
2777 629 2792 654 ,
2823 587 2966 658 quod
2995 589 3249 658 scriptum
3275 597 3356 643 est
3380 588 3448 642 de
3473 588 3570 640 ob-

1992 677 2294 732 servatione
2331 677 2562 743 sabbati;
2592 694 2697 732 non
2739 687 2794 732 ut
2813 679 2925 748 jam
2951 679 3002 733 in
3038 681 3137 734 ista
3164 680 3267 733 vita
3293 693 3390 732 nos
3416 677 3567 748 quie-

1991 782 2144 826 scere
2165 770 2526 826 existimemus
2543 812 2556 835 ,
2580 771 2672 826 sed
2702 781 2760 826 ut
2783 773 2962 826 omnia
2985 787 3104 844 qua:
3129 773 3264 828 bene
3285 787 3568 842 operantur

1992 873 2099 915 non
2139 860 2366 916 habeant
2399 861 2781 927 intentionem,
2826 863 2928 918 nisi
2975 863 3028 917 in
3064 862 3289 917 futuram
3332 862 3568 932 requiem

1991 954 2390 1025 sempiternam.
2411 955 2830 1012 Mementoenim
2852 957 3100 1021 maxime,
3121 956 3258 1026 quod
3281 955 3389 1026 jam
3411 971 3570 1026 supra
3607 981 3616 987 -

1992 1047 2434 1112 commemoravi,
2452 1047 2574 1116 quia
2606 1063 2694 1117 spe
2727 1048 2852 1102 salvi
2883 1048 3002 1120 facti
3030 1064 3234 1112 sumus;
3262 1063 3376 1118 spes
3405 1058 3571 1101 autem

1991 1152 2104 1206 qua:
2131 1137 2346 1204 videtur,
2370 1153 2470 1192 non
2489 1147 2560 1192 est
2590 1154 2703 1209 spes
2728 1139 2900 1208 (Rom.
2921 1154 3034 1205 vut,
3059 1137 3173 1211 Q4).

2062 1227 2151 1281 21.
2193 1227 2273 1280 Ad
2308 1227 2479 1297 ipsum
2518 1237 2694 1283 autem
2723 1229 2897 1298 ignem
2925 1230 3122 1284 amoris
3151 1227 3487 1284 nutriendum
3517 1239 3573 1284 et

1992 1315 2280 1373 flatandum
2313 1321 2333 1350 ³
2364 1318 2773 1389 quodammodo,
2797 1335 2901 1390 quo
2924 1329 3169 1390 tanquam
3201 1321 3435 1390 pondere
3455 1334 3574 1374 sur-

1993 1424 2109 1466 sum
2136 1410 2218 1465 vel
2250 1412 2539 1467 introrsum
2571 1410 2863 1466 referamur
2886 1411 2954 1465 ad
2981 1414 3240 1482 requiem,
3274 1413 3370 1466 ista
3396 1412 3572 1466 omnia

1992 1503 2258 1571 pertinent
2283 1517 2400 1573 quae
2442 1502 2594 1558 nobis
2621 1503 2842 1573 figurate
2871 1502 3238 1569 insinuantur;
3286 1505 3401 1571 plus
3429 1503 3570 1557 enim

1994 1599 2212 1648 movent
2237 1602 2292 1648 et
2316 1593 2615 1650 accendunt
2638 1609 2896 1660 amorem,
2919 1609 3076 1664 quam
3107 1594 3150 1653 si
3185 1595 3322 1648 nuda
3347 1595 3460 1648 sine
3491 1595 3574 1647 ul-

1994 1682 2062 1737 lis
2087 1695 2537 1740 sacramentorum
2577 1685 3009 1740 similitudinibus
3041 1696 3380 1753 ponerentur.
3409 1685 3574 1755 Cujus

1994 1776 2070 1830 rei
2087 1790 2299 1830 causam
2321 1776 2534 1832 difficile
2555 1785 2635 1830 est
2654 1775 2850 1831 dicere.
2880 1776 2989 1832 Sed
3013 1786 3186 1830 tamen
3215 1777 3283 1830 ita
3309 1791 3367 1830 se
3392 1775 3573 1842 habet,

1993 1875 2052 1920 ut
2079 1867 2275 1937 aliquid
2305 1882 2401 1936 per
2431 1867 2768 1938 allegoricam
2801 1867 3239 1938 significationem
3277 1867 3575 1922 intimatum

1993 1957 2111 2027 plus
2140 1967 2370 2022 moveat,
2399 1958 2517 2028 plus
2545 1958 2789 2023 delectet,
2819 1960 2940 2027 plus
2976 1959 3296 2025 lionoretur,
3342 1974 3498 2028 quam
3530 1960 3577 2013 si

1991 2051 2167 2104 verbis
2197 2052 2422 2120 propriis
2444 2051 2708 2105 diceretur
2731 2066 2845 2118 ape:
2862 2051 3083 2105 tissime.
3108 2050 3279 2105 Credo
3299 2049 3440 2120 quod
3463 2050 3576 2119 ipse

1993 2142 2188 2196 anima:
2219 2152 2394 2198 motus
2423 2143 2652 2212 quandiu
2684 2144 2841 2198 rebus
2869 2143 3040 2197 adhuc
3073 2143 3294 2196 terrenis
3334 2142 3574 2211 implica-

1994 2240 2099 2300 tur,
2130 2234 2328 2303 pigrius
2354 2233 2711 2288 inflammatur
2736 2249 2749 2285 :
2771 2230 2826 2287 'si
2858 2248 2982 2287 vero
3008 2234 3208 2287 feratur
3234 2232 3299 2286 ad
3327 2231 3575 2285 similitu-

1993 2322 2146 2378 dines
2167 2325 2490 2392 corporales,
2519 2333 2573 2377 et
2599 2323 2721 2378 imlc
2748 2326 3006 2377 referatur
3028 2323 3092 2376 ad
3116 2322 3428 2390 Spiritualia,
3458 2337 3576 2391 qua:

1994 2414 2098 2470 illis
2123 2415 2554 2470 similitudinibus
2582 2414 2891 2484 figurantur,
2926 2415 3038 2484 ipso
3068 2414 3216 2484 quasi
3241 2413 3461 2486 transitu
3486 2428 3576 2468 ve-

1993 2515 2223 2578 getatur,
2251 2517 2304 2562 et
2331 2517 2580 2577 tanquam
2608 2507 2660 2561 in
2692 2504 2866 2560 facula
2898 2505 3034 2576 ignis
3063 2507 3290 2574 agitatus
3320 2503 3571 2558 accendi-

1993 2607 2098 2662 tur,
2123 2611 2176 2654 et
2203 2600 2504 2655 ardentiore
2532 2599 2815 2653 dilectione
2844 2599 3047 2669 rapitur
3068 2599 3132 2652 ad
3163 2599 3412 2668 quietem.

2066 2690 2292 2745 CAPUT
2323 2689 2511 2744 Xll.—
2525 2689 2611 2742 9.2.
2646 2688 2876 2758 Ideoque
2907 2690 3043 2743 inter
3072 2690 3244 2742 omnia
3275 2688 3360 2742 illa
3391 2688 3574 2742 decem

1994 2791 2260 2852 praecepta
2287 2783 2458 2837 solum
2491 2781 2559 2836 ibi
2596 2780 2739 2851 quod
2768 2781 2835 2836 de
2865 2782 3088 2836 sabbato
3118 2781 3344 2851 posilmn
3373 2790 3474 2846 est,
3509 2782 3574 2834 fi-

1993 2884 2179 2944 gurate
2220 2873 2608 2930 observandum
2651 2872 2992 2943 prmcipitur;
3037 2889 3194 2943 quam
3238 2873 3452 2942 figuram
3483 2887 3580 2926 nos

1996 2965 2418 3036 intelligendam,
2473 2981 2578 3020 non
2619 2967 2780 3022 etiam
2813 2981 2905 3034 per
2931 2967 3094 3020 otium
3130 2965 3405 3033 corporale
3442 2965 3579 3018 cele-

1995 3056 2251 3110 brandam
2283 3057 2633 3126 suscepimus.
2663 3056 2794 3112 Cum
2821 3057 2963 3111 enim
2995 3057 3213 3111 sabbato
3250 3056 3578 3125 significetur

1995 3131 2283 3214 Spiritualis
2306 3149 2538 3216 requies,
2575 3148 2641 3202 de
2667 3163 2767 3217 qua
2795 3148 2994 3202 dictum
3026 3149 3176 3202 estin
3209 3148 3438 3213 Psalmo,
3483 3148 3580 3201 Va-

1995 3247 2104 3292 cate
2130 3246 2175 3290 et
2205 3237 2382 3304 videte,
2414 3239 2652 3308 quoniam
2677 3256 2767 3310 ego
2795 3256 2909 3293 sum
2935 3237 3072 3292 Deus
3102 3239 3272 3309 (l’saf.
3315 3256 3436 3305 sev,
3467 3239 3578 3310 ll),

1996 3335 2179 3397 etquo
2207 3339 2462 3383 vocantur
2486 3329 2730 3386 homines
2753 3329 2821 3384 ab
2841 3329 2955 3400 ipso
2981 3331 3198 3383 Domino
3222 3329 3452 3394 dicente,
3485 3329 3580 3384 Ve-

1997 3419 2097 3472 nite
2121 3419 2188 3471 ad
2210 3436 2285 3472 me
2305 3436 2474 3473 omnes
2500 3421 2583 3490 qui
2605 3421 2844 3474 laboratis
2865 3430 2908 3474 et
2933 3421 3123 3474 onerati
3145 3422 3278 3484 estis,
3310 3431 3356 3474 et
3382 3438 3470 3491 ego
3496 3437 3581 3475 vos

1995 3509 2219 3577 reﬁciam
2244 3525 2258 3563 :
2289 3511 2446 3564 tollite
2458 3512 2645 3581 jugum
2673 3528 2834 3565 meum
2857 3529 3008 3582 super
3034 3529 3141 3576 vos,
3169 3521 3215 3565 et
3255 3513 3428 3566 discite
3453 3531 3482 3565 a
3505 3530 3582 3566 me

1997 3598 2116 3668 quia
2157 3599 2292 3652 mitis
2331 3617 2444 3653 sum
2480 3611 2526 3654 et
2568 3602 2773 3655 humilis
2798 3602 2948 3655 corde
2967 3642 2982 3665 ,
3011 3612 3054 3655 et
3083 3603 3338 3658 invenietis
3364 3605 3581 3673 requiem

1999 3691 2261 3745 animabus
2286 3695 2457 3747 vestris
2486 3692 2695 3765 (Matth.
2726 3709 2800 3758 χι,
2833 3693 2924 3758 28,
2946 3695 3070 3764 29);
3096 3704 3285 3749 cmtera
3311 3705 3484 3749 tamen
3511 3697 3579 3750 ibt

1999 3791 2260 3851 praecepta
2293 3783 2502 3852 proprie
2531 3783 2665 3837 sicut
2698 3793 2957 3852 prrecepta
2985 3794 3129 3851 sunt,
3159 3785 3272 3840 sine
3300 3787 3402 3839 ulla
3446 3786 3580 3855 ﬁgu-

1999 3881 2115 3925 rata
2141 3873 2525 3942 significatione
2552 3873 2916 3928 observamus.
2946 3874 3076 3928 Nam
3107 3885 3160 3928 et
3191 3876 3326 3929 idola
3355 3893 3459 3930 non
3487 3893 3579 3931 co-

1998 3961 2112 4016 lere
2141 3963 2416 4018 manifestc
2442 3962 2756 4030 didicimus;
2800 3973 2853 4020 ct
2893 3981 2998 4020 non
3037 3968 3278 4036 accipere
3305 3968 3358 4022 in
3389 3985 3580 4024 vanum

2000 4067 2194 4108 nomen
2225 4053 2435 4108 Domini
2464 4055 2553 4109 Dei
2582 4055 2772 4122 nostri,
2804 4067 2858 4111 et
2879 4056 3140 4112 honorare
3169 4041 3369 4127 patrem
3396 4068 3582 4114 etma-

2000 4149 2157 4208 trcm,
2186 4151 2239 4197 et
2269 4159 2374 4197 non
2404 4144 2681 4212 mmthari,
2712 4161 2816 4200 non
2843 4147 3105 4212 occidere,
3130 4164 3233 4202 non
3258 4149 3441 4214 furari,
3472 4167 3577 4206 non

2001 4233 2194 4289 falsum
2216 4237 2574 4308 testimonium
2598 4237 2797 4304 dicere,
2825 4252 2928 4291 non
2955 4241 3331 4307 concupiscere
3358 4258 3569 4299 uxorerr

2003 4327 2250 4398 proximi,
2284 4343 2389 4381 non
2411 4330 2790 4399 concupiscere
2811 4330 2970 4386 ullam
2996 4348 3106 4386 rem
3132 4335 3354 4402 proximi
3387 4335 3578 4404 (Exod.

2001 4435 2093 4486 xx,
2126 4421 2268 4484 l—l7,
2296 4431 2341 4475 et
2370 4421 2522 4476 Deut.
2551 4438 2603 4490 v,
2635 4424 2804 4495 6-21),
2837 4439 2940 4480 non
2988 4425 3208 4495 figurate
3248 4427 3390 4482 aliud
3441 4445 3576 4498 pra:-

2004 4509 2248 4577 tendunt,
2277 4520 2330 4568 et
2359 4513 2582 4584 mystice
2605 4513 2748 4569 aliud
2773 4514 3072 4586 significant
3096 4534 3108 4576 ;
3155 4517 3247 4571 sed
3291 4518 3370 4572 sic
3401 4519 3584 4575 obser-

2003 4611 2194 4657 vantur
2221 4611 2281 4658 ut
2319 4613 2529 4659 sonant.
2555 4604 2851 4661 Observare
2878 4615 3050 4660 tamen
3082 4608 3225 4662 diem
3247 4609 3448 4665 sabbati
3479 4626 3583 4667 non

2003 4693 2068 4746 ad
2101 4693 2328 4749 litteram
2366 4696 2614 4765 jubemur
2634 4739 2648 4763 ,
2677 4697 2966 4752 secundum
2993 4702 3157 4753 otium
3183 4699 3250 4754 ab
3274 4715 3436 4770 opere
3461 4717 3582 4757 cor-

2005 4786 2197 4856 porali,
2223 4788 2359 4842 sicut
2398 4789 2682 4844 observant
2727 4789 2933 4844 Juda-i:
2967 4799 3020 4845 et
3047 4791 3160 4860 ipsa
3187 4808 3371 4848 eormn
3401 4795 3584 4850 obser-

2004 4876 2144 4930 vatio
2164 4893 2282 4948 qure
2313 4878 2384 4932 ita
2408 4888 2670 4949 praecepta
2698 4888 2798 4945 est,
2829 4880 2930 4934 nisi
2953 4883 3108 4936 aliam
3133 4886 3416 4952 quamdam
3437 4887 3586 4955 spiri-

2007 4967 2202 5021 tualem
2245 4969 2481 5038 requiem
2524 4970 2804 5040 significet,
2855 4972 3073 5027 ridenda
3111 4975 3395 5043 judicatur.
3433 4977 3584 5035 Unde

2005 5073 2111 5111 non
2141 5059 2572 5115 inconvenienter
2606 5061 2947 5130 intelligimus
2974 5063 3040 5117 ad
3068 5081 3301 5120 amorem
3345 5067 3584 5123 excitan-

2007 5148 2154 5217 dum,
2177 5165 2282 5220 quo
2314 5150 2380 5205 ad
2406 5152 2641 5222 requiem
2672 5152 2956 5222 tendimus,
2987 5155 3167 5211 valere
3187 5158 3362 5212 omnia
3385 5174 3504 5228 qua:
3525 5160 3584 5214 fi-

2071 5323 2098 5392 1_
2112 5321 2257 5392 Edd.,_
2271 5321 2356 5392 qui
2388 5321 2536 5392 datus
2570 5329 2641 5374 est
2673 5321 2826 5392 nobis.
2864 5323 2983 5392 Quia
3005 5340 3118 5391 ergo
3138 5325 3462 5392 sanetiﬁcavit,
3491 5337 3586 5392 etc.

2007 5385 2102 5434 Sed
2121 5383 2403 5450 concinnior
2425 5383 2572 5435 lectio
2596 5393 2674 5450 est
2695 5388 2839 5450 inter;
2855 5383 3081 5438 unctione
3099 5383 3304 5450 mutata,
3329 5397 3380 5440 et
3401 5383 3590 5444 sublata

2008 5445 2259 5510 particula,
2282 5458 2413 5510 ergo,
2439 5460 2550 5510 qua:
2584 5449 2647 5497 ab
2669 5445 2894 5510 omnibus
2913 5457 3020 5499 Mss.
3037 5453 3193 5500 abest.

2089 5510 2108 5539 ³
2148 5510 2222 5557 sic
2273 5508 2382 5558 Mss.
2425 5508 2636 5559 colbert.
2655 5545 2672 5571 ,
2707 5515 2755 5560 et
2792 5508 3060 5620 {latendum
3096 5513 3462 5574 quodammodo.
3504 5522 3591 5565 Pro

2089 5583 2110 5618 ο
2131 5577 2358 5620 corrupte
2382 5572 2431 5620 in
2455 5573 2591 5620 prius
2616 5572 2748 5620 Edd..
2774 5571 3132 5620 tunmuzndum.
3160 5581 3247 5620 Isto
3271 5577 3422 5620 verbo
3443 5580 3591 5620 utitur

2008 5583 2110 5632 quo
2131 5577 2366 5635 corrupte,
2382 5572 2591 5635 in_prius
2616 5572 2748 5635 Eddg,
2772 5571 3132 5635 flummnndmti.
3160 5581 3247 5622 Isto
3271 5577 3422 5624 verbo
3443 5580 3596 5630 utitur.

2015 5633 2313 5699 Augustinus
2359 5633 2406 5681 in
2442 5633 2528 5699 lib.
2557 5635 2586 5682 7
2610 5633 2842 5699 conicum,
2868 5647 2911 5680 c.
2933 5634 2983 5699 _6,
3029 5649 3080 5683 ιι.
3103 5637 3152 5696 8,
3196 5635 3420 5699 [latebunt
3441 5637 3492 5690 ut
3513 5654 3608 5692 cas.

2013 5703 2170 5754 nugas
2192 5692 2349 5755 ignem
2373 5693 2535 5745 cordis
2556 5692 2648 5744 sui.
2677 5693 2950 5757 mundum.)
