4090 6356
483 336 588 395 213

480 455 670 515 gumtc
692 447 742 502 in
764 447 1053 519 Scripturis
1071 445 1352 511 dicuntur;
1379 437 1801 515 quandoquidem
1823 437 1873 492 id
1892 437 2064 490 solum

487 555 542 594 tn
573 540 835 611 Dccalogo
863 541 1082 612 figurate
1102 538 1423 611 praecipitur,
1452 533 1540 588 ubi
1561 532 1774 600 requies
1794 543 2067 583 commen-

487 629 645 688 datur
665 669 682 696 ,
717 645 836 700 quae
872 631 1067 700 ubique
1106 636 1331 694 amatur,
1361 623 1452 680 sed
1485 623 1538 677 in
1565 620 1682 677 solo
1710 621 1818 676 Deo
1840 628 1984 675 certa
2011 627 2068 675 et

485 729 668 775 sancta
699 720 983 777 invenitur.
1265 752 1271 756 -

559 811 785 869 CAPUT
813 811 1020 868 Xlll.—
1032 812 1122 866 25.
1152 810 1275 864 Dies
1301 817 1477 863 tamen
1506 805 1801 861 dominicus
1837 819 1942 860 non
1969 802 2066 859 Ju-

487 902 642 970 dtcis,
673 905 765 958 sed
786 903 1100 960 Christianis
1119 899 1508 956 resurrectione
1534 896 1741 951 Domini
1769 895 2068 950 declaratus

487 1001 591 1061 est,
617 1005 669 1048 et
695 1010 758 1051 ex
782 995 872 1048 illo
897 994 1091 1048 habere
1115 991 1276 1062 coepit
1303 989 1637 1044 festivitatem
1658 1000 1829 1040 suam.
1859 983 2067 1039 Animae

488 1086 686 1155 quippe
715 1088 948 1138 omnium
977 1092 1284 1156 sanctorum,
1310 1089 1436 1135 ante
1472 1077 1914 1134 resurrectionem
1942 1089 2066 1130 cor-

488 1178 634 1246 poris
663 1187 788 1232 sunt
815 1176 1028 1245 quidem
1054 1175 1104 1228 in
1132 1175 1335 1244 requie.
1366 1171 1460 1228 sed
1483 1172 1533 1225 in
1551 1187 1611 1226 ca
1638 1186 1742 1224 non
1769 1177 1894 1223 sunt
1911 1168 2070 1239 actio-

487 1286 555 1324 ne
597 1285 698 1340 qua
749 1283 974 1338 corpora
1018 1260 1232 1336 recepta
1273 1273 1603 1336 vegetamur.
1649 1263 1835 1318 Talem
1873 1262 2070 1332 quippe

486 1363 750 1416 actionem
781 1360 1040 1429 significat
1064 1358 1180 1414 dies
1205 1367 1444 1425 octavus,
1486 1356 1573 1426 qui
1603 1364 1655 1409 et
1683 1355 1882 1424 primus
1904 1395 1918 1418 ,
1946 1352 2069 1427 quia

486 1468 592 1507 non
622 1450 795 1506 aufert
825 1451 964 1505 illam
996 1451 1269 1520 requiem,
1317 1449 1410 1504 sed
1447 1446 1726 1519 glorificat.
1768 1444 1883 1500 Non
1927 1443 2069 1497 enim

491 1543 627 1598 redit
649 1559 768 1596 cum
792 1557 1016 1612 corpore
1034 1527 1319 1596 difficultas
1341 1556 1404 1596 ex
1429 1553 1670 1607 corpore,
1699 1537 1818 1606 quia
1841 1551 1939 1590 nec
1952 1549 2072 1589 eor-

488 1633 667 1703 ruptio
690 1651 702 1686 :
731 1633 938 1704 Oportet
963 1634 1094 1706 enim
1111 1629 1431 1702 corruptibile
1450 1630 1543 1684 hoc
1565 1628 1710 1682 indui
1730 1625 2070 1695 incorruptio-

423 1773 425 1775 ,
485 1742 621 1789 nem,
645 1734 692 1779 et
713 1725 1029 1780 mortale/ioc
1048 1726 1189 1778 indui
1209 1723 1631 1778 immortalitatem
1653 1720 1692 1793 (1
1711 1719 1828 1774 Cor.
1849 1735 1936 1785 xv,
1956 1715 2069 1791 5'5).

401 1855 416 1886 ,λ
485 1816 820 1889 Quapropter
838 1826 960 1871 ante
978 1816 1418 1887 resurrectionem
1443 1812 1674 1874 Domini,
1697 1810 1938 1880 quamvis
1958 1824 2074 1863 san-

403 1889 424 1950 δ
484 1917 602 1961 ctos
623 1916 798 1978 patres
824 1908 1006 1977 plenos
1033 1907 1340 1976 prephetieo
1361 1904 1549 1974 spiritu
1571 1902 1746 1976 octavi
1766 1916 2074 1956 sacramen-

486 2007 600 2052 tum
632 2013 965 2068 nequaquam
996 1998 1220 2061 lateret,
1260 2011 1366 2066 quo
1392 1994 1715 2065 significatur
1753 1992 2074 2047 resurrectio

487 2089 631 2158 (nam
654 2097 708 2144 et
733 2103 828 2158 pro
850 2097 1038 2143 octavo
1055 2087 1295 2142 Psalmus
1317 2085 1620 2140 inscribitur
1642 2083 1811 2156 [PsaL
1836 2099 1887 2137 v1
1906 2093 1951 2136 et
1973 2080 2070 2153 XI],

486 2192 540 2236 et
569 2191 757 2236 octavo
781 2180 866 2235 die
892 2178 1408 2234 circumcidebantur
1437 2176 1685 2240 infantes,
1718 2184 1773 2230 et
1804 2175 1856 2229 in
1887 2174 2072 2229 Eccle-

487 2273 652 2325 siaste
680 2269 746 2325 ad
775 2269 1000 2324 duorum
1031 2269 1490 2323 Testamentorum
1521 2267 1960 2337 significationem
1989 2262 2071 2317 di-

491 2361 665 2427 citur,
701 2359 779 2413 Da
819 2358 924 2414 illis
971 2369 1189 2430 septem,
1231 2367 1277 2413 et
1319 2357 1424 2412 illis
1467 2366 1577 2412 octo
1613 2356 1806 2429 [Eccle.
1843 2372 1924 2420 st,
1960 2354 2071 2426 2]);

487 2459 820 2512 reservatum
849 2459 929 2506 est
972 2460 1148 2504 tamen
1187 2460 1240 2504 et
1278 2449 1622 2511 occultatum,
1650 2459 1704 2503 et
1731 2448 1902 2501 solum
1933 2447 2075 2502 cele-

491 2540 756 2595 brandum
783 2540 1059 2595 sabbatum
1089 2541 1336 2596 traditum
1368 2549 1449 2596 est
1477 2558 1489 2592 :
1522 2540 1645 2610 quia
1673 2549 1786 2594 erat
1813 2549 1963 2594 antea
1990 2556 2074 2596 re-

489 2631 641 2701 quies
681 2640 1048 2696 mortuorum;
1095 2633 1415 2687 resurrectio
1450 2639 1624 2686 autem
1665 2631 1860 2685 nullius
1887 2640 1999 2686 erat
2030 2634 2069 2696 ί,

489 2722 580 2790 qui
606 2737 887 2792 resurgens
907 2737 970 2776 ex
994 2723 1236 2787 mortuis,
1252 2721 1360 2792 jam
1387 2738 1489 2776 non
1511 2731 1828 2788 moreretur,
1857 2733 1910 2778 et
1931 2739 2074 2778 mors

489 2813 566 2867 illi
597 2814 731 2867 ultra
761 2829 864 2868 non
895 2813 1292 2877 dominaretur;
1327 2821 1383 2867 ut
1404 2824 1680 2883 postquam
1706 2813 1837 2867 facta
1855 2823 1934 2868 est
1959 2813 2076 2868 talis

489 2904 814 2959 resurrectio
849 2905 900 2958 in
937 2919 1159 2973 corpore
1189 2903 1393 2958 Domini
1437 2902 1518 2973 (ut
1561 2905 1766 2971 lrzeiret
1813 2905 1863 2956 in
1905 2903 2077 2972 capite

491 2996 763 3060 Ecclesizn,
788 2996 928 3066 quod
957 3011 1151 3066 corpus
1177 2995 1429 3050 Ecclesirc
1456 3005 1692 3066 speraret
1721 2996 1771 3049 in
1797 2995 1945 3063 fine),
1964 2995 2074 3065 jam

487 3090 650 3144 etiam
679 3089 792 3144 dies
817 3089 1140 3152 dominicus,
1174 3089 1225 3144 id
1253 3097 1334 3143 est
1361 3099 1580 3143 octavus
1601 3130 1614 3151 ,
1655 3087 1744 3158 qui
1771 3100 1822 3142 et
1853 3089 2072 3157 primus,

492 3181 753 3255 inciperet
781 3181 1058 3237 celebrari.
1091 3179 1206 3257 Ipsa
1249 3181 1407 3235 etiam
1438 3195 1593 3235 causa
1625 3180 1950 3249 intelligitur,
1982 3195 2078 3233 cur

491 3275 883 3329 observandum
916 3273 1113 3328 Pascha
1135 3315 1148 3337 ,
1196 3273 1285 3327 ubi
1314 3289 1464 3327 ovem
1494 3276 1514 3305 ⁸
1541 3274 1784 3327 occidere
1810 3266 1861 3327 ct
1897 3289 2076 3328 come-

493 3365 622 3420 dere
641 3365 913 3434 jubcntur,
938 3365 1076 3435 quod
1098 3363 1526 3420 manifestissime
1550 3366 1846 3434 passionem
1873 3365 2076 3419 Dotttini

494 3455 818 3525 prmfigurat,
853 3471 956 3509 non
983 3457 1060 3510 eis
1083 3457 1151 3509 ita
1185 3465 1502 3524 przeceptutn
1536 3465 1636 3520 est,
1664 3466 1719 3509 ut
1743 3455 2078 3511 altcudcrcnl

495 3539 779 3600 occurrere
807 3545 1115 3612 sabbatum,
1145 3555 1197 3600 et
1225 3562 1346 3600 cum
1375 3562 1554 3600 mense
1582 3562 1836 3601 novorum
1869 3547 1932 3600 ad
1967 3555 2077 3601 ter-

495 3639 625 3693 tiam
655 3638 794 3693 lunze
816 3639 1199 3694 hebdomadam
1229 3656 1568 3704 concurrere,
1593 3650 1649 3694 ut
1675 3641 1918 3695 eutndein
1949 3657 2079 3710 quo-

498 3746 604 3799 que
632 3731 772 3806 diem
806 3731 1062 3786 Dominus
1093 3734 1268 3805 potius
1297 3750 1390 3787 sua
1423 3735 1664 3802 passione
1693 3735 1958 3803 signaret,
1988 3735 2076 3804 qui

497 3833 658 3878 etiam
680 3823 1024 3894 dominicum,
1049 3825 1098 3879 id
1126 3836 1223 3890 est,
1251 3835 1514 3896 octavum,
1548 3826 1636 3896 qui
1665 3836 1716 3880 et
1747 3827 1945 3896 primus
1975 3841 2075 3897 ρει,

496 3913 863 3987 declaraturus
893 3914 1196 3970 advenerat.

573 4003 799 4062 CAPUT
825 4004 964 4060 ιιι-ν.
989 4005 1162 4060 -Ξ4.
1198 4007 1425 4062 Attende
1470 4007 1624 4078 igitur
1666 4009 2078 4064 sacratissimum

495 4095 729 4150 triduum
770 4097 1042 4164 crucifixi,
1099 4098 1325 4167 sepulti,
1370 4100 1624 4153 suscitati.
1672 4099 1872 4154 Ilorum
1923 4101 2080 4175 trium

497 4185 643 4255 quod
678 4186 939 4256 significat
963 4203 1087 4242 crux
1111 4229 1126 4255 ,
1169 4189 1219 4242 in
1260 4190 1504 4258 [ll‘ll‘SCllll
1535 4178 1744 4260 agimus
1766 4192 1867 4244 vita
1896 4209 1908 4246 :
1940 4192 2080 4270 quod

495 4286 676 4332 autem
712 4278 973 4349 significat
1013 4281 1281 4349 sepultura
1313 4290 1365 4335 et
1396 4283 1734 4348 resurrectio,
1765 4283 1868 4339 fide
1896 4300 1957 4340 ac
1987 4300 2082 4355 spe

495 4370 749 4440 gerimus.
795 4371 947 4426 Nune
990 4374 1130 4428 enim
1173 4373 1365 4427 dicitur
1413 4374 1612 4428 homini
1651 4392 1664 4425 :
1705 4376 1850 4430 Tolle
1888 4394 2082 4431 crucem

497 4469 639 4514 tuam
662 4469 709 4514 et
733 4477 935 4532 sequere
963 4479 1040 4516 me
1065 4462 1277 4533 (Matth.
1307 4479 1390 4536 va
1409 4505 1422 4528 ,
1451 4463 1562 4536 24).
1584 4448 1874 4538 Cruciatur
1902 4449 2079 4534 autem

497 4565 645 4618 caro,
670 4568 789 4609 cum
818 4553 1203 4608 mortificantur
1224 4555 1458 4608 membra
1489 4566 1689 4618 nostra,
1720 4574 1836 4630 qua:
1857 4568 1978 4612 Sunt
1995 4574 2084 4612 su-

501 4657 599 4712 per
623 4650 842 4710 terram,
875 4643 1172 4712 fornicatio,
1202 4645 1552 4709 immunditia,
1583 4647 1810 4714 luxnria,
1840 4651 2079 4717 avaritia,

499 4745 764 4791 etc'utcra
793 4735 1120 4806 huiusmodi,
1149 4738 1217 4794 de
1241 4739 1432 4810 quibus
1455 4740 1591 4795 idem
1617 4742 1744 4797 dicit
1770 4761 1782 4796 :
1811 4744 1871 4799 Si
1900 4761 2080 4799 secun-

497 4827 620 4880 dum
647 4844 846 4882 carnem
871 4830 1111 4892 uixeritis,
1139 4831 1458 4898 moriemini;
1487 4835 1529 4887 si
1555 4844 1722 4887 autent
1741 4834 1922 4905 spiritu
1949 4837 2084 4907 facta

496 4919 666 4972 carnis
705 4921 1154 4990 mortiﬁcaveritis,
1206 4923 1374 4977 eiectis
1421 4923 1593 4997 (llam.
1647 4942 1773 4994 vnt,
1809 4927 1918 4994 15).
1951 4928 2083 4994 Hinc

497 5012 658 5066 etiam
687 5010 754 5066 de
783 5012 958 5082 seipsa
982 5013 1109 5068 dicit
1142 5031 1155 5066 :
1204 5013 1430 5081 Mundus
1456 5017 1579 5069 mihi
1602 5019 1873 5086 cruciﬁxus
1903 5030 1973 5075 est
1992 5061 2006 5086 ,
2037 5031 2084 5074 ct

497 5118 589 5172 rgo
614 5101 802 5156 mundo
829 5101 972 5173 (Gal.
998 5120 1068 5170 vt,
1090 5102 1199 5176 M).
1229 5106 1292 5159 Et
1315 5107 1416 5160 alio
1438 5107 1555 5161 loco
1580 5126 1592 5160 :
1625 5107 1870 5181 Scientes,
1895 5111 2081 5188 inquit,

497 5208 616 5261 quia
643 5203 780 5246 uetus
804 5193 953 5248 homo
980 5203 1146 5249 noster
1171 5197 1322 5250 simul
1355 5199 1626 5266 cruciﬁxus
1653 5211 1728 5252 est
1755 5217 1866 5254 cum
1893 5203 2000 5267 illo,
2031 5213 2084 5256 ut

497 5293 762 5336 evacuetur
785 5301 968 5356 corpus
994 5287 1202 5355 peccati,
1233 5296 1290 5340 ut
1317 5288 1449 5341 ultra
1471 5307 1570 5342 non
1591 5292 1862 5354 serviamus
1883 5304 2084 5364 peccato

563 5435 579 5510 ξ
606 5434 742 5510 Εριιεε
758 5433 938 5510 nullius
958 5442 1079 5510 εζητ,
1099 5435 1249 5510 donec
1271 5438 1451 5510 pcniret
1460 5439 1692 5510 Christus,
1707 5441 1794 5510 qui
1813 5457 2084 5510 resurgens,

497 5502 814 5568 θηλῇ-ωδε.
838 5506 1009 5546 carent
1032 5499 1110 5568 bis
1145 5502 1328 5560 verbis,
1353 5503 1503 5552 donec
1525 5499 1704 5568 ueniret
1720 5499 1957 5556 'Christusl

561 5556 931 5633 {Edtiqag'num
952 5557 1192 5633 occidere.
1214 5556 1323 5611 Mss.
1345 5571 1509 5633 autem
1532 5563 1730 5633 habent,
1755 5580 1885 5633 ouem
1909 5583 1926 5618 :
1941 5583 2085 5633 quam

493 5629 674 5695 forem
685 5618 851 5695 hacin
873 5621 1191 5695 refrequens
1210 5632 1411 5695 usurpat
1433 5618 1728 5695 Augustinus
1742 5662 1768 5695 ,_
1788 5629 1928 5690 juxta

490 5684 948 5800 qui
970 5678 1203 5748 probator:
1224 5678 1392 5748 habet,
1413 5687 1484 5738 uti
1503 5678 1807 5742 observabili
1826 5678 2009 5760 quis:
2023 5678 2086 5747 λε

1697 329 1753 384 S.
1794 323 2159 384 AUGUSTINI
2198 325 2496 399 EPISCOPI

3656 332 3761 391 216

2181 437 2356 507 (Rom.
2387 455 2457 504 vt,
2487 435 2564 511 6).
2591 437 2837 506 Quandiu
2861 453 2989 510 ergo
3013 439 3064 495 id
3093 447 3256 512 agunt
3285 457 3446 513 opera
3472 451 3673 510 nostra,
3701 455 3765 502 ut

2177 536 2466 584 evacuetur
2484 545 2679 600 corpus
2704 531 2928 601 peccati,
2957 534 3187 601 quandiu
3213 536 3446 590 exterior
3465 535 3624 590 homo
3643 551 3765 592 cor-

2173 620 2454 689 rumpitur,
2485 629 2544 675 ut
2568 621 2789 676 interior
2814 632 3100 678 renovetur
3119 624 3187 679 de
3213 625 3299 680 die
3330 626 3382 680 in
3413 627 3577 693 diem,
3625 635 3763 684 tem-

2173 724 2272 779 pus
2297 722 2378 765 est
2406 715 2599 766 erucis.

2241 801 2334 856 25.
2377 803 2503 858 Haec
2540 810 2666 857 sunt
2714 803 2878 859 etiam
2921 803 3058 858 bona
3101 820 3261 875 opera
3300 806 3536 878 quidem,
3579 817 3758 864 tamen
3802 826 3816 860 ι

2173 893 2347 948 adhuc
2381 894 2644 949 laboriosa
2667 936 2682 960 ,
2725 910 2951 965 quorum
2999 912 3204 952 merces
3247 893 3336 953 est
3369 900 3578 968 requies
3609 916 3624 953 :
3664 899 3760 956 sed

2173 985 2296 1041 ideo
2325 986 2540 1053 dicitur,
2583 989 2690 1059 Spe
2731 990 3032 1061 gaudentes,
3082 999 3141 1045 ut
3181 991 3475 1061 cogitantes
3519 993 3760 1061 requiem

2173 1077 2429 1146 futuram,
2452 1094 2572 1134 eum
2601 1079 2864 1136 hilaritate
2893 1081 2944 1135 in
2977 1080 3245 1137 laboribus
3271 1097 3574 1153 operemur.
3613 1084 3762 1139 Hane

2174 1169 2496 1224 hilaritatem
2561 1171 2821 1241 significat
2867 1173 3038 1226 crucis
3083 1172 3304 1227 latitudo
3350 1173 3400 1227 in
3459 1183 3760 1229 transverso

2174 1259 2338 1328 ligno,
2370 1260 2460 1314 ubi
2481 1261 2711 1330 figuntur
2736 1277 2942 1316 manus.
2974 1262 3077 1318 Per
3096 1279 3282 1318 manus
3306 1264 3447 1319 enim
3481 1280 3642 1335 opera
3669 1266 3758 1320 in-

2174 1351 2484 1423 telligimus;
2537 1368 2630 1422 per
2675 1353 3043 1421 latitudinem,
3088 1353 3407 1410 hilaritatem
3447 1358 3758 1426 operantis,

2173 1442 2295 1512 quia
2323 1443 2532 1515 tristitia
2568 1443 2696 1498 facit
2727 1445 3028 1515 angustias;
3052 1461 3148 1516 per
3172 1445 3502 1501 altitudinem
3529 1463 3656 1502 vero
3676 1451 3760 1503 cui

2173 1543 2334 1605 caput
2357 1537 2679 1609 adiungitur,
2713 1539 3166 1608 exspectationem
3193 1540 3553 1594 retributionis
3579 1540 3645 1594 de
3674 1556 3762 1594 su-

2175 1628 2322 1683 blimi
2359 1629 2562 1700 justitia
2616 1631 2730 1696 Dei,
2781 1631 2870 1702 qui
2920 1631 3108 1688 reddet
3153 1632 3435 1702 unicuique
3467 1633 3762 1688 secundum

2175 1733 2338 1790 opera
2364 1713 2478 1788 Sua,
2508 1720 2573 1776 iis
2597 1722 2808 1792 quidem
2833 1722 2924 1793 qui
2953 1722 3244 1784 secundum
3271 1723 3604 1777 tolerantiam
3633 1723 3760 1777 boni

2175 1811 2355 1880 operis
2380 1811 2626 1882 gloriam,
2656 1821 2711 1868 et
2742 1805 3022 1878 honerem,
3055 1823 3110 1870 et
3138 1815 3588 1884 incorruptionem
3614 1831 3764 1884 qum-

2176 1901 2416 1956 rentibus
2457 1902 2620 1958 vitam
2665 1912 2918 1958 aeternam
2951 1903 3062 1970 (Id.
3098 1921 3156 1970 tt,
3190 1906 3242 1966 ϐ,
3273 1907 3351 1975 7).
3375 1899 3566 1975 ΔΙιικιιιθ
3592 1905 3763 1977 longi-

2175 1991 2324 2057 tudo,
2349 2007 2452 2062 qua
2475 2003 2643 2048 totum
2661 2010 2855 2064 corpus
2875 1994 3197 2060 extenditur,
3229 1996 3396 2065 ipsam
3429 1996 3764 2050 tolerantiam

2177 2084 2470 2155 significat,
2512 2086 2654 2142 unde
2698 2087 3036 2157 longanimcs
3090 2087 3340 2143 dicuntur
3379 2087 3466 2156 qui
3517 2087 3762 2142 tolerant.

2177 2177 2504 2233 Profundum
2530 2188 2706 2234 autem
2733 2179 2874 2250 quod
2912 2187 3068 2234 terra:
3097 2179 3319 2234 infixum
3352 2187 3463 2244 est,
3501 2187 3764 2233 secretum

2177 2271 2496 2325 sacramenti
2535 2271 2857 2340 prmfigurat.
2894 2269 3213 2326 Rccordaris
3247 2269 3424 2335 enim,
3467 2269 3568 2323 nisi
3593 2268 3763 2336 fallor,

2177 2377 2298 2432 qua:
2323 2363 2482 2418 verba
2514 2364 2752 2434 Apostoli
2795 2365 2846 2418 in
2879 2365 2976 2435 ista
3015 2363 3380 2434 designatione
3405 2363 3578 2418 crucis
3604 2377 3767 2433 expe-

2177 2445 2348 2528 diam,
2376 2453 2464 2507 ubi
2503 2455 2576 2509 ait
2622 2473 2635 2509 :
2674 2455 2739 2508 In
2767 2455 3012 2509 charitate
3035 2455 3250 2508 radicati
3276 2463 3425 2525 atque
3453 2453 3673 2523 fundati,
3693 2440 3768 2506 ἰιι

2179 2545 2381 2616 possitis
2426 2545 2846 2616 comprehendere
2886 2562 2998 2598 cum
3039 2545 3267 2599 omnibus
3325 2545 3513 2599 sanctis
3547 2559 3661 2614 qua:
3699 2543 3767 2597 sit

2179 2637 2458 2708 longitudo,
2505 2637 2738 2702 latitudo,
2788 2637 3001 2690 altitudo
3038 2644 3084 2689 et
3124 2633 3434 2706 profundum
3478 2632 3638 2704 (Eph.
3673 2648 3752 2698 ιιι,

2180 2727 2401 2799 17,18).
2434 2727 2508 2781 Ea
2539 2743 2663 2782 vero
2697 2743 2816 2796 qua:
2851 2725 3085 2781 nondum
3121 2725 3362 2779 videmus
3385 2764 3400 2786 ,
3437 2732 3490 2776 et
3528 2721 3763 2776 nondum

2183 2828 2424 2873 tenemus
2445 2861 2457 2883 ,
2489 2820 2581 2873 sed
2614 2818 2716 2873 fide
2743 2827 2795 2873 et
2830 2833 2924 2888 spe
2948 2818 3212 2888 gerimus,
3243 2817 3292 2870 in
3315 2814 3420 2869 alio
3449 2814 3607 2870 biduo
3634 2813 3766 2884 figu-

2180 2922 2294 2965 rata
2339 2920 2480 2966 sunt.
2533 2911 2655 2967 "me
2693 2913 2832 2966 enim
2885 2926 3002 2981 quae
3051 2926 3191 2964 nunc
3239 2911 3466 2980 agimus,
3515 2917 3762 2978 tanquam

2179 3006 2344 3061 clavis
2372 3017 2756 3076 prmeeptorum
2796 3007 2846 3058 in
2881 3005 2970 3058 Dei
3001 3005 3190 3057 timore
3215 3002 3431 3067 confixi,
3470 3001 3607 3056 sicut
3633 3000 3766 3054 scri-

2183 3106 2330 3168 ptum
2381 3107 2489 3162 est,
2541 3099 2748 3166 Conﬁge
2792 3096 2945 3160 clavis
2987 3113 3018 3148 a
3064 3095 3240 3148 timore
3277 3103 3362 3146 tuo
3399 3109 3574 3147 carnes
3629 3106 3765 3146 mea:

2184 3189 2357 3259 (Psal.
2391 3205 2574 3254 cxvnt,
2603 3188 2749 3258 120),
2789 3189 2842 3242 in
2885 3185 3197 3252 necessariis
3219 3185 3555 3254 deputantur.
3581 3199 3683 3236 non
3712 3183 3764 3236 in

2181 3283 2258 3334 eis
2283 3297 2401 3350 qua:
2443 3295 2534 3348 per
2559 3279 2731 3348 seipsa
2758 3278 3052 3347 appetenda
3084 3286 3137 3330 et
3167 3267 3585 3344 concupiscenda
3616 3281 3762 3337 sunt,

2184 3369 2334 3425 Unde
2367 3369 2491 3424 illud
2515 3371 2768 3433 Optimum
2798 3385 2854 3423 se
2883 3369 3008 3423 dicit
3036 3367 3430 3435 concupiscere,
3464 3364 3690 3426 dissolvi,
3713 3373 3762 3416 et

2183 3478 2288 3534 esse
2309 3477 2423 3513 cum
2449 3460 2647 3514 Christo
2673 3475 2691 3514 :
2718 3476 2919 3531 timuere
2957 3469 3122 3512 autem
3153 3458 3381 3518 incarne
3406 3454 3761 3514 necessarium,

2184 3553 2369 3622 inquit,
2399 3562 2601 3622 propter
2625 3569 2709 3610 vos
2739 3551 2993 3624 (Philipp.
3027 3567 3062 3614 ι,
3093 3550 3184 3618 23,
3210 3549 3324 3619 24).
3365 3547 3514 3616 Quod
3536 3563 3664 3618 ergo
3687 3547 3766 3601 in-

2183 3645 2316 3716 quit,
2351 3646 2572 3711 dissolvi,
2596 3655 2642 3699 et
2670 3662 2775 3700 esse
2797 3628 3155 3709 cunt-Christo,
3185 3645 3304 3698 inde
3327 3643 3507 3712 incipit
3529 3642 3761 3711 requies,

2183 3751 2301 3806 qua:
2323 3751 2424 3790 non
2449 3736 2851 3805 interrumpitur
2869 3735 3277 3808 resurrectione,
3303 3732 3761 3807 sedlclari‘fieatur;

2185 3842 2302 3896 qua:
2327 3836 2505 3882 tamen
2535 3842 2674 3903 nunc
2706 3825 2806 3880 fide
2833 3825 3108 3890 retinetur,
3139 3825 3256 3892 quia
3263 3825 3437 3895 justus
3456 3841 3516 3898 ex
3531 3824 3630 3892 ﬁde
3648 3823 3765 3876 vivit

2185 3915 2412 3984 (llabac.
2441 3932 2498 3982 ιι,
2525 3915 2602 3985 4).
2626 3917 2704 3969 An
2727 3915 2990 3986 ignoratis,
3014 3915 3202 3984 inquit,
3223 3914 3457 3985 quoniam
3472 3914 3767 3988 quicumque

2186 4009 2427 4078 baptizati
2451 4026 2624 4064 sumus
2647 4009 2700 4062 in
2727 4007 2926 4064 Christo
2953 4007 3100 4072 Iesu,
3128 4007 3181 4060 in
3210 4017 3366 4060 morte
3403 4006 3563 4076 ipsius
3597 4004 3764 4076 bapti-

2184 4101 2288 4154 zati
2314 4101 2526 4154 sumus?
2552 4099 2843 4170 Consepulti
2867 4115 2986 4169 ergo
3013 4098 3090 4152 illi
3126 4114 3298 4151 sumus
3334 4113 3421 4166 per
3463 4095 3767 4165 baptismum

2185 4193 2238 4246 in
2283 4200 2492 4246 mortem
2522 4190 2697 4261 (Rom.
2734 4206 2808 4258 Vt,
2840 4191 2894 4256 5,
2925 4191 3002 4260 4).
3041 4188 3215 4256 Unde,
3247 4188 3348 4242 nisi
3391 4185 3537 4242 fide?
3585 4185 3768 4257 Neque

2184 4284 2328 4339 enim
2353 4284 2463 4352 jam
2491 4284 2542 4338 in
2570 4283 2725 4339 nobis
2754 4282 3041 4353 perfectum
3067 4289 3170 4347 est,
3201 4280 3375 4334 adhuc
3398 4280 3451 4333 in
3474 4278 3767 4333 nobismet-

2186 4375 2315 4446 ipsis
2342 4375 2832 4446 ingemiscentibus,
2858 4382 2913 4430 et
2938 4371 3278 4443 adoptionem
3307 4369 3763 4440 exspectantibus,

2186 4449 2610 4535 redemptionem
2639 4464 2881 4536 corporis
2906 4463 3072 4518 nostri
3105 4480 3118 4517 :
3153 4463 3259 4534 Spe
3308 4462 3444 4516 enim
3479 4459 3606 4516 salvi
3646 4461 3768 4530 facti

2183 4543 2392 4621 sunms,‘
2435 4571 2549 4626 spes
2593 4541 2762 4608 autem
2801 4569 2914 4625 qua:
2953 4553 3165 4616 videtur,
3196 4569 3297 4605 non
3335 4561 3407 4605 est
3443 4567 3557 4620 spes
3589 4565 3608 4603 :
3635 4550 3770 4620 quod

2186 4647 2319 4700 enim
2359 4630 2492 4702 uidet
2517 4647 2646 4718 quis,
2689 4645 2810 4717 quid
2837 4634 3053 4716 sperat?
3087 4646 3133 4698 si
3163 4654 3329 4698 autem
3373 4642 3510 4713 quod
3553 4659 3652 4712 non
3693 4643 3769 4695 vi-

2188 4738 2364 4791 demus
2384 4753 2666 4808 speramus,
2694 4754 2783 4808 per
2810 4736 3102 4807 patientiam
3126 4744 3468 4814 exspectamus
3498 4731 3619 4811 (Id.
3650 4749 3767 4800 vnt,

2184 4828 2274 4893 at,
2306 4815 2430 4900 25).
2709 4815 2720 4819 ’“
3227 4813 3232 4816 ’
3519 4813 3522 4815 ‘

2257 4920 2347 4976 26,
2378 4919 2531 4988 Quod
2564 4926 2830 4974 memento
2860 4934 3017 4988 quam
3048 4933 3192 4990 saepe
3217 4935 3634 4986 commemorem
3655 4960 3668 4984 ,
3701 4934 3772 4974 ne

2181 5012 2293 5081 jam
2320 5027 2462 5066 nunc
2500 5012 2551 5065 in
2590 5011 2688 5064 ista
2709 5013 2815 5064 vita
2851 5024 2949 5063 nos
2981 5010 3163 5065 beatos
3191 5011 3302 5065 fieri
3323 5009 3519 5083 debere
3539 5010 3772 5065 arbitre-

2185 5120 2324 5170 mur,
2355 5104 2502 5160 etab
2527 5102 2772 5157 omnibus
2801 5100 3199 5157 difficultatibus
3235 5103 3468 5167 liberos;
3508 5117 3572 5166 ac
3606 5101 3682 5157 sic
3717 5101 3771 5156 in

2187 5197 2441 5267 angustiis
2470 5211 2642 5265 rerum
2671 5195 3042 5264 temporalium
3077 5195 3330 5269 adversus
3357 5195 3520 5264 Deum
3552 5209 3646 5266 ore
3678 5207 3772 5248 sa-

2187 5289 2386 5358 crilego
2413 5301 2831 5354 murmuremus,
2876 5287 3027 5362 quasi
3070 5301 3174 5341 non
3205 5285 3456 5357 exhibeat
3478 5285 3618 5356 quod
3649 5299 3775 5354 pro-

2187 5379 2353 5434 misit.
2393 5377 2648 5433 Promisit
2681 5377 2896 5448 quidem
2926 5378 3086 5432 etiam
3132 5377 3255 5431 huic
3280 5377 3401 5432 vita:
3435 5377 3771 5446 necessaria;

2187 5472 2283 5528 sed
2306 5472 2406 5526 alia
2437 5481 2562 5526 sunt
2585 5472 2770 5527 solatia
2791 5472 3128 5538 miscrorum,
3143 5473 3240 5525 alia
3263 5471 3450 5542 gaudia
3474 5472 3770 5527 beatorum.

2190 5563 2425 5628 Domine,
2457 5563 2646 5634 inquit,
2677 5563 2954 5618 secundum
2978 5562 3347 5626 multitudinem
3376 5562 3609 5617 dolorum
3631 5577 3773 5616 meo-

2188 5671 2305 5710 rum
2347 5655 2402 5708 in
2441 5654 2593 5709 corde
2630 5670 2740 5711 meo
2760 5696 2774 5719 ,
2820 5654 3190 5708 exhortationes
3228 5663 3329 5710 tua:
3363 5652 3777 5725 jucundaverunt

2189 5749 2412 5810 animam
2439 5763 2602 5802 meam
2629 5745 2801 5819 (Psal.
2835 5761 2983 5813 xent,
3027 5744 3140 5818 19).
3171 5743 3284 5802 Νοιι
3315 5759 3443 5817 ergo
3471 5759 3775 5816 murmure-
