4090 6356
281 259 386 328 217

282 391 403 433 mus
432 374 490 436 in
516 366 938 436 difﬁcultatibus,
965 379 1036 422 ne
1062 364 1348 438 perdamus
1372 363 1705 422 latitudinem
1731 365 1865 421 biia-

282 466 481 535 ritatis,
513 464 583 520 de
618 478 723 534 qua
751 461 963 528 dicitur,
991 459 1097 531 Spe
1117 458 1421 531 gaudentes;
1446 458 1570 528 quia
1594 459 1864 529 sequitur,

279 565 332 616 in
364 557 692 624 tribulatione
716 553 958 627 patientes
981 551 1155 626 (Rom.
1177 550 1417 622 xn,12).
1443 549 1588 606 Nova
1613 566 1740 621 ergo
1760 551 1866 605 vita

280 654 333 709 in
362 651 468 707 ﬁde
487 665 632 706 nunc
658 647 957 713 inchoatur,
985 653 1040 701 et
1067 659 1161 715 spe
1182 644 1384 720 geritur
1409 660 1423 698 :
1449 658 1570 698 nam
1597 651 1724 698 tunc
1747 657 1868 714 per—

279 745 421 800 fecta
477 743 601 809 erit,
647 755 769 796 cum
809 737 1178 802 absorbebitur
1220 735 1444 792 mortale
1485 749 1515 788 a
1567 734 1707 801 vita,
1747 749 1868 793 cum

277 814 658 890 absorbebitur
691 844 835 886 mors
878 829 931 896 in
971 827 1268 891 victoriam,
1299 839 1420 880 cum
1466 824 1554 879 illa
1581 823 1868 879 novissima

277 928 501 982 inimica
529 925 840 980 destruetur.
861 935 1026 990 mors,
1052 933 1172 982 cum
1207 916 1466 973 immutati
1496 915 1751 970 fuerimus
1771 954 1786 980 ,
1815 922 1869 969 et

276 1018 522 1089 arquales
559 1013 776 1086 Angelis
805 1011 977 1075 ell‘ecti
1006 1027 1019 1065 :
1053 1007 1239 1064 Omnes
1280 1008 1432 1073 enim,
1476 1005 1665 1076 inquit,
1693 1021 1867 1060 resur-

273 1127 497 1182 gemus;
543 1109 632 1163 sed
673 1123 773 1160 non
810 1121 980 1172 omnes
1005 1100 1384 1156 immutabimur
1413 1098 1471 1170 (l
1500 1097 1616 1152 Cor.
1639 1114 1726 1164 xv,
1756 1098 1825 1152 54
1850 1138 1866 1165 ,

275 1203 372 1268 26,
396 1200 514 1272 5|).
547 1199 617 1254 Et
645 1197 898 1253 Dominus
928 1213 940 1248 :
970 1194 1154 1260 Erunt,
1191 1191 1378 1262 inquit,
1412 1189 1628 1260 wquales
1667 1189 1870 1260 Angelis

275 1293 381 1348 Dei
407 1292 559 1346 (Luc.
588 1306 686 1356 xx,
716 1288 826 1358 56).
856 1284 1188 1356 Apprebensi
1231 1283 1370 1338 enim
1411 1295 1594 1337 sumus
1619 1279 1778 1349 modo
1816 1280 1868 1334 in

277 1385 479 1438 timore
512 1397 608 1452 per
639 1379 818 1444 ﬁdem,
869 1385 993 1431 tunc
1039 1384 1214 1430 autem
1263 1371 1724 1443 apprchendemus
1764 1371 1778 1403 ¹
1817 1370 1871 1438 in

276 1474 546 1529 charitate
577 1487 670 1542 per
695 1469 945 1539 speciem.
969 1465 1206 1532 Quandiu
1228 1465 1358 1518 enim
1377 1479 1548 1519 sumus
1569 1463 1620 1515 in
1640 1479 1866 1531 corpore,

280 1564 668 1634 peregrinamur
685 1577 717 1613 a
743 1559 963 1613 Domino
1005 1573 1024 1611 :
1062 1573 1150 1628 per
1176 1555 1329 1626 ﬁdem
1355 1555 1486 1608 enim
1514 1553 1830 1615 ambulamus
1850 1593 1864 1618 ,

281 1676 386 1712 non
417 1674 510 1728 per
551 1655 768 1726 speciem
797 1651 878 1723 (II
902 1650 1019 1706 Cor.
1047 1666 1100 1718 v,
1128 1647 1207 1721 6).
1236 1646 1352 1716 Ipse
1382 1647 1557 1716 itaque
1589 1645 1872 1714 Apostolus

280 1751 372 1820 qui
421 1747 584 1813 dicit,
624 1755 678 1799 ut
717 1743 1131 1815 apprehendam,
1171 1739 1299 1806 sicut
1345 1735 1686 1812 apprehensus
1733 1750 1866 1801 sum,

282 1848 468 1911 aperte
491 1854 549 1892 se
578 1853 685 1891 non
711 1832 1128 1905 apprehendisse
1160 1829 1442 1898 conﬁtetur
1475 1845 1488 1882 :
1521 1826 1752 1892 Fratres,
1792 1825 1873 1890 in-

282 1933 417 2001 quit,
446 1946 541 2001 ego
567 1945 647 1982 me
674 1944 775 1981 non
800 1925 1016 1979 arbitror
1052 1921 1440 1994 apprehendisse
1473 1917 1736 1992 (Philipp.
1781 1933 1869 1984 nt,

284 2023 373 2088 12,
406 2023 524 2092 15).
552 2020 661 2076 Sed
688 2028 861 2074 tamen
883 2017 1004 2087 quia
1032 2016 1143 2085 ipsa
1173 2028 1295 2084 spes
1321 2029 1384 2068 ex
1412 2012 1762 2082 promissione
1783 2026 1874 2065 ve-

284 2111 456 2167 ritatis
482 2121 628 2166 certa
654 2109 808 2164 nobis
845 2117 946 2172 est,
989 2121 1111 2160 cum
1147 2104 1366 2169 diceret,
1399 2102 1687 2173 Consepulti
1721 2102 1874 2173 igitur

283 2221 456 2258 sumus
474 2203 551 2256 illi
582 2218 672 2272 per
700 2200 998 2268 baptismum
1013 2197 1063 2250 in
1083 2205 1309 2259 mortem,
1335 2193 1604 2263 subjunxit
1625 2202 1678 2248 et
1697 2195 1788 2261 ait,
1820 2201 1874 2246 ut

282 2295 538 2371 quomodo
557 2283 772 2347 surrexit
793 2290 1019 2344 Christus
1040 2305 1102 2342 ex
1123 2288 1331 2342 mortuis
1347 2304 1436 2358 per
1455 2287 1668 2357 gloriam
1685 2285 1870 2352 Patris,

283 2389 357 2441 ita
399 2397 449 2440 et
498 2401 592 2438 nos
633 2384 686 2436 in
733 2382 946 2436 novitate
983 2380 1098 2434 vita:
1124 2375 1434 2432 ambulemus
1466 2375 1640 2448 (Rom.
1679 2392 1751 2439 vr,
1793 2377 1869 2446 4).

283 2477 638 2536 Ambulamus
667 2488 794 2547 ergo
825 2473 877 2526 in
904 2487 963 2526 re
983 2469 1205 2537 laboris,
1239 2467 1331 2523 sed
1363 2469 1415 2521 in
1437 2482 1530 2538 spe
1552 2467 1776 2537 quietis;
1821 2467 1871 2521 in

283 2584 451 2624 carne
485 2565 784 2632 vetustatis,
830 2563 925 2618 sed
974 2561 1026 2633 in
1071 2561 1174 2616 ﬁde
1210 2559 1476 2614 novitatis.
1527 2559 1664 2614 Dicit
1709 2559 1870 2624 enim,

285 2660 490 2728 Corpus
513 2638 715 2729 quidem
747 2663 998 2719 mortuum
1024 2661 1095 2708 est
1122 2661 1324 2726 propter
1349 2659 1643 2722 peccatum;
1669 2651 1874 2721 spiritus

283 2760 456 2805 autem
503 2750 604 2803 vita
644 2757 715 2802 est
749 2749 770 2779 ’
799 2755 1002 2818 prepter
1034 2745 1304 2814 justitiam.
1345 2742 1406 2797 Si
1444 2751 1610 2796 autem
1651 2742 1874 2814 Spiritus

285 2844 399 2908 ejus
425 2841 516 2910 qui
543 2838 798 2893 suscitavit
826 2836 860 2889 Ι
866 2853 1002 2890 esum
1035 2833 1289 2888 Christum
1317 2850 1348 2884 a
1379 2833 1585 2886 mortuis
1608 2831 1796 2884 ltubtlttl
1822 2831 1876 2884 in

287 2931 427 2986 vobis
444 2948 466 2996 ;
508 2931 597 3002 qui
634 2929 889 2984 suscitavit
914 2926 1090 2980 Jesum
1119 2925 1369 2978 Christum
1399 2941 1430 2976 α
1459 2924 1684 2988 mortuis,
1716 2925 1875 2983 vivi/i-

286 3023 421 3079 eabt't
448 3031 495 3074 et
519 3022 753 3074 mortalia
779 3036 990 3089 corpora
1015 3029 1176 3071 vestra
1201 3033 1288 3086 per
1319 3016 1680 3071 inhabitantem
1710 3016 1875 3080 Spiri-

288 3124 397 3179 tum
426 3114 539 3183 ejus
569 3114 620 3166 in
647 3112 784 3165 vobis
805 3108 911 3181 (Id.
941 3125 1052 3176 vnt,
1085 3109 1170 3176 10,
1201 3104 1304 3179 ll).

306 3185 309 3187 ἓ
360 3207 450 3260 27.
491 3205 615 3266 [hec
640 3212 694 3259 et
722 3219 786 3264 ex
831 3202 1112 3261 antoritate
1147 3201 1441 3254 divinarum
1482 3199 1873 3268 Scripturarum

288 3306 346 3353 et
375 3297 639 3351 universa:
671 3294 942 3358 Ecclesiae,
963 3309 1080 3362 quae
1106 3300 1214 3345 toto
1239 3292 1367 3345 orbe
1393 3289 1721 3353 diﬁ‘unditur,
1750 3308 1877 3346 eon-

287 3388 542 3443 sensione
569 3426 586 3453 ,
634 3400 730 3454 per
779 3383 1196 3437 anniversarium
1243 3380 1455 3441 Paseba-
1498 3381 1875 3449 celebrantur,

363 3477 594 3534 CAPUT
618 3474 864 3532 XV.‘—ln
889 3489 1077 3544 magno
1101 3472 1278 3543 utique
1304 3472 1435 3526 sicut
1457 3471 1566 3540 jam
1590 3472 1836 3542 intelligis
1855 3513 1870 3538 ,

287 3581 649 3629 sacramento.
709 3570 777 3624 Et
814 3570 865 3623 in
913 3567 1200 3637 Scripturis
1251 3567 1463 3636 quidem
1510 3566 1774 3621 veteribus
1809 3568 1876 3625 ad

286 3664 559 3736 agendum
602 3660 803 3718 Pascha
836 3675 940 3714 non
978 3666 1061 3713 est
1109 3666 1426 3728 prmeeptum
1471 3667 1712 3724 tempus,
1773 3657 1876 3712 nisi

287 3746 362 3812 ex
393 3769 585 3811 mense
615 3767 892 3818 novorum,
919 3766 949 3804 a
978 3749 1096 3803 luna
1136 3758 1320 3819 quarta
1363 3747 1567 3810 decima
1609 3763 1773 3817 usque
1809 3748 1875 3803 ad

286 3847 600 3903 vicesimam
622 3845 847 3923 primam
875 3857 890 3895 :
917 3856 980 3896 ex
1004 3840 1286 3910 Evangelio
1319 3847 1514 3903 tamen,
1544 3839 1664 3908 quia
1709 3839 1878 3892 mani-

285 3937 491 3994 festum
519 3943 635 4000 est,
666 3949 769 4006 quo
793 3933 952 3987 etiam
991 3929 1076 3985 die
1115 3929 1370 3983 Dominus
1397 3928 1679 3983 cruciﬁxus
1706 3929 1793 3995 sit,
1823 3937 1878 3984 et

287 4008 346 4095 in
373 4028 646 4097 sepultura
672 4025 850 4089 fuerit,
875 4032 927 4076 et
950 4019 1316 4085 resurrexerit,
1349 4020 1592 4089 adjuncta
1615 4030 1694 4073 est
1715 4019 1874 4074 etiam

290 4122 536 4192 ipsorum
585 4117 791 4172 dierum
822 4113 1122 4170 observatio
1158 4128 1250 4181 per
1277 4121 1486 4182 patrum
1519 4111 1778 4176 concilia,
1825 4119 1880 4165 et

292 4218 413 4274 orbi
437 4217 690 4282 universo
708 4212 996 4268 christiano
1027 4223 1336 4281 persuasum
1370 4215 1451 4262 est
1486 4222 1550 4261 eo
1588 4206 1745 4260 modo
1779 4205 1879 4259 Pa-

289 4311 422 4365 scha
453 4303 715 4377 celebrari
739 4311 1002 4374 oportere.

365 4401 461 4457 28.
509 4396 920 4467 Quadragesima
955 4409 1083 4448 sane
1107 4390 1430 4462 jejuniorum
1460 4387 1616 4442 habet
1652 4389 1880 4442 auctori-

293 4473 491 4558 tatem,
532 4499 588 4545 et
611 4491 664 4544 in
688 4485 956 4543 veteribus
979 4484 1152 4539 Libris
1180 4499 1242 4538 ex
1268 4481 1469 4551 jejunio
1494 4479 1656 4549 Μυμῑ
1682 4478 1878 4548 (Exod.

288 4600 480 4650 xxxiv,
501 4580 596 4651 28)
618 4590 674 4636 ct
700 4579 827 4634 Elite
847 4576 942 4649 (lll
978 4574 1105 4644 Reg.
1137 4590 1246 4638 XIX,
1281 4572 1371 4644 8);
1403 4579 1457 4626 et
1484 4586 1550 4626 ex
1573 4571 1876 4645 Evangelia,

289 4677 418 4749 quia
447 4658 668 4729 totidem
698 4670 885 4726 diebus
908 4669 1159 4722 Dominus
1180 4664 1471 4740 jejunavit(
1492 4664 1674 4717 Matth.
1703 4680 1774 4727 IV,
1797 4663 1877 4734 2),

290 4770 676 4841 demonstrans
721 4761 1062 4842 Evangelium
1107 4774 1212 4812 non
1257 4757 1538 4812 dissentire
1578 4772 1607 4808 a
1652 4755 1789 4826 Lege
1829 4765 1884 4810 et

290 4858 609 4928 Prophetis.
643 4855 700 4928 lyn
745 4867 969 4927 persona
1019 4849 1214 4930 quippe
1256 4848 1442 4922 Moysi,
1492 4847 1636 4916 Lex;
1679 4849 1727 4900 in
1763 4862 1874 4917 per-

299 4964 432 5006 sona
469 4948 620 5013 Elim,
653 4943 934 5016 Prophetm
971 4941 1330 5011 accipiuntur,
1381 4939 1520 4993 inter
1557 4952 1692 5008 quos
1729 4946 1783 5004 et
1830 4938 1881 4991 in

297 5051 488 5101 monte
533 5021 799 5112 gloriosus
844 5033 1121 5109 apparuit;
1168 5042 1226 5086 ut
1279 5030 1576 5090 evidentius
1627 5030 1885 5084 emineret

299 5137 442 5209 quod
479 5135 547 5190 de
588 5133 678 5187 illo
710 5131 843 5204 dicit.
872 5126 1156 5198 Apostolus
1189 5145 1201 5180 :
1236 5123 1592 5196 Testimonium
1627 5123 1816 5190 habens,
1853 5139 1887 5174 a

301 5230 441 5300 Lege
479 5237 525 5281 et
570 5224 843 5296 Prophetis
880 5222 1059 5293 (Rom.
1087 5234 1165 5284 tu,
1197 5217 1312 5296 21).
1344 5215 1396 5269 In
1427 5231 1530 5302 qua
1576 5229 1704 5283 ergo
1740 5223 1886 5283 parte

304 5319 431 5386 anni
463 5315 842 5388 congruentius
883 5309 1182 5365 observatio
1220 5305 1644 5374 Quadragesima:
1683 5303 1884 5357 ροςιδιὶ-

306 5415 568 5473 tueretur,
602 5405 700 5460 nisi
731 5402 925 5470 conﬁni
963 5410 1119 5470 atque
1150 5397 1393 5465 contigua
1438 5394 1716 5447 dominicae
1764 5407 1886 5460 pas-

376 5524 394 5554 ¹
421 5529 558 5580 Lov.,
583 5526 692 5569 tunc
715 5525 872 5569 autem
893 5510 1337 5579 apprehendemur.
1352 5506 1443 5556 Sed
1480 5505 1656 5574 melius
1677 5503 1787 5575 alii,
1803 5516 1888 5566 ap-

300 5581 676 5648 prehendenms.

372 5624 733 5702 ῖῖλίιῖξηίῖὖὶι.
769 5648 824 5692 At
863 5647 992 5700 “$5.,
1013 5633 1110 5688 vita
1137 5638 1224 5695 est,
1246 5632 1386 5696 juxta
1413 5641 1643 5694 graeculi],
1665 5625 1784 5678 dzoé
1808 5624 1892 5677 dia

305 5704 647 5777 (We

1419 249 1902 310 EPISTOLARUM
1937 251 2212 313 mssrs
2245 208 2310 312 n.

3444 264 3548 322 218

1971 367 2146 424 sioni?
2171 369 2305 438 Quia
2329 370 2383 426 in
2409 385 2472 428 ea
2508 371 2834 444 signiﬁcatur
2861 374 2978 432 hmo
2999 373 3104 432 vita
3131 375 3392 434 laboriosa
3416 420 3431 444 ,
3459 383 3547 434 cui

1972 475 2108 530 opus
2131 470 2214 516 est
2236 463 2559 518 continentia
2579 504 2593 529 ,
2624 471 2683 518 ut
2707 465 2777 520 ab
2801 465 2968 535 ipsius
2994 467 3176 521 mundi
3205 467 3433 524 amicitia
3468 469 3550 538 je-

1965 550 2216 622 junetur;
2245 568 2365 623 qua:
2391 555 2572 624 utique
2605 554 2864 612 fallaciter
2895 557 3142 622 blandiri,
3183 567 3238 614 et
3282 557 3552 613 illecebra-

1973 658 2093 700 rum
2121 644 2272 700 fucos
2309 645 2761 718 circumspargere
2792 655 2950 719 atque
2975 649 3178 719 jactare
3221 665 3325 704 non
3355 660 3550 705 cessat.

1971 735 2205 792 Numero
2231 746 2406 794 autem
2443 739 2862 811 quadragenario
2902 743 3060 796 vitam
3090 741 3243 797 istam
3272 753 3551 812 propterea

1973 830 2188 902 ﬁgurari
2229 833 2459 888 arbitror
2481 875 2496 900 ,
2535 834 2656 904 quia
2693 834 2943 890 denarius
2982 836 3033 890 in
3063 852 3168 906 quo
3193 845 3275 890 est
3302 836 3554 905 perfectio

1971 923 2312 980 beatitudinis
2338 934 2554 992 nostrae,
2581 928 2718 984 sicut
2752 929 2804 983 in
2830 930 3136 997 octonario,
3176 931 3296 1000 quia
3326 931 3462 984 redit
3487 929 3551 986 ad

1973 1016 2224 1085 primum,
2254 1016 2324 1070 ita
2350 1017 2403 1071 in
2433 1017 2535 1072 hoe
2567 1019 2699 1074 mihi
2724 1020 2931 1076 videtur
2959 1022 3181 1090 exprimi
3212 1038 3226 1074 :
3253 1021 3373 1090 quia
3402 1037 3551 1075 crea-

1975 1115 2112 1172 tura,
2141 1116 2258 1176 qua:
2283 1108 2585 1176 septenario
2625 1110 2898 1179 ﬁguratur,
2933 1111 3172 1166 adhmret
3193 1112 3432 1166 Creatori
3454 1154 3468 1173 ,
3502 1114 3552 1166 in

1973 1213 2080 1268 quo
2106 1198 2408 1253 declaratur
2437 1199 2608 1254 unitas
2633 1201 2906 1256 Trinitatis
2941 1219 3034 1272 per
3060 1204 3360 1258 universum
3396 1220 3554 1256 man-

1973 1288 2100 1344 dum
2128 1290 2486 1360 temporaliter
2512 1293 2870 1347 annuntianda
2889 1311 2909 1357 ;.
2929 1295 3014 1363 qui
3048 1294 3276 1348 mundus
3301 1304 3352 1348 et
3377 1310 3405 1347 a
3427 1309 3559 1363 qua-

1977 1389 2096 1434 tuor
2130 1381 2300 1441 ventis
2325 1380 2627 1448 delimatur,
2659 1391 2713 1438 et
2740 1391 2968 1452 quatuor
3009 1385 3286 1438 elementis
3315 1385 3550 1454 erigitur,

1975 1481 2029 1525 ct
2055 1479 2283 1541 quatuor
2318 1471 2445 1531 anni
2485 1483 2784 1542 temporum
2819 1473 3023 1528 vicibus
3066 1476 3314 1527 variatur.
3365 1475 3556 1528 Decem

1974 1569 2150 1615 autem
2175 1569 2366 1631 quater
2391 1561 2442 1615 in
2471 1561 2815 1632 quadraginta
2851 1572 3303 1627 consummantur,
3329 1563 3557 1631 quadra-

1975 1650 2223 1720 genarius
2247 1659 2422 1706 autem
2447 1652 2683 1720 partibus
2709 1653 2818 1719 suis
2838 1661 3194 1722 eomputatus,
3216 1654 3360 1711 addit
3389 1655 3558 1721 ipsum

1976 1741 2253 1797 denarium
2295 1751 2350 1798 et
2395 1744 2526 1798 liunt
2563 1744 2938 1814 quinquaginta
2979 1756 3224 1815 tanquam
3250 1761 3453 1800 merces
3483 1747 3559 1799 la-

1977 1832 2122 1887 boris
2147 1842 2200 1888 et
2222 1835 2580 1888 continentiae.
2617 1835 2799 1905 Neque
2823 1837 2965 1890 enim
2993 1835 3186 1890 frustra
3233 1837 3346 1904 ipse
3386 1837 3563 1890 Domi-

1979 1937 2077 1977 nus
2104 1923 2528 1994 etquadraginta
2565 1924 2682 1980 dies
2722 1935 2840 1994 post
2887 1927 3326 1980 resurrectionem
3370 1928 3418 1979 in
3461 1927 3561 1981 hac

1978 2021 2116 2068 terra
2149 2022 2202 2069 et
2233 2015 2282 2068 in
2313 2013 2411 2069 hac
2437 2016 2538 2068 vita
2565 2031 2684 2069 cum
2713 2017 2990 2085 Discipulis
3015 2026 3359 2070 conversatus
3381 2027 3484 2082 est,
3507 2025 3562 2071 et

1977 2115 2322 2175 posteaquam
2356 2105 2593 2160 ascendit
2629 2107 2679 2159 in
2715 2106 2929 2170 caelum,
2959 2107 3141 2161 decem
3171 2107 3358 2160 diebus
3399 2108 3564 2170 inter.

1977 2196 2164 2265 positis
2190 2196 2505 2264 promissum
2543 2198 2684 2250 misit
2721 2196 2975 2264 Spiritum
3003 2205 3270 2260 sanetum,
3295 2196 3562 2264 completo

1979 2286 2066 2343 die
2103 2288 2444 2342 Pentecostes
2475 2307 2488 2343 :
2519 2289 2607 2358 qui
2637 2288 2752 2342 dies
2791 2289 3272 2358 quinquagenarius
3299 2288 3456 2342 habet
3481 2288 3562 2342 al-

1982 2389 2151 2434 terum
2196 2389 2616 2445 sacramentum,
2668 2381 2806 2450 quod
2853 2382 3050 2450 septies
3083 2390 3284 2448 septem
3332 2381 3563 2450 quadra:

1979 2471 2124 2539 ginta
2154 2487 2344 2524 novem
2373 2472 2536 2533 ﬁunt;
2566 2481 2618 2525 et
2643 2488 2761 2524 cum
2796 2472 2996 2526 reditur
3018 2471 3083 2524 ad
3113 2473 3338 2531 initium,
3367 2473 3454 2540 qui
3483 2482 3566 2526 est.

1981 2572 2219 2628 octavus,
2251 2565 2342 2633 qui
2376 2574 2430 2619 et
2467 2565 2666 2633 primus
2694 2565 2809 2617 dies
2831 2606 2842 2626 ,
2888 2567 3260 2634 quintptaginla
3289 2565 3563 2634 complen-

1983 2662 2093 2717 tur;
2122 2653 2210 2722 qui
2233 2654 2568 2708 celebrantur
2594 2664 2712 2724 post
2741 2655 2945 2710 Domini
2975 2656 3564 2725 rosuri-cedentem,jam

1982 2748 2035 2802 in
2065 2748 2228 2818 ﬁgura
2258 2765 2361 2801 non
2392 2748 2608 2812 laboris,
2638 2748 2728 2802 sed
2770 2749 2963 2818 quietis
2993 2757 3046 2802 et
3087 2749 3298 2802 la:titi:e.
3344 2749 3566 2819 Propter

1982 2839 2084 2902 hoc
2131 2848 2185 2894 et
2222 2839 2422 2909 jejunia
2473 2841 2811 2904 relaxantur,
2846 2851 2899 2895 et
2928 2850 3126 2894 stantes
3156 2856 3391 2906 oramus,
3423 2842 3565 2910 quod

1981 2943 2060 2986 cst
2095 2934 2301 3002 signmn
2344 2933 2768 2987 resurrectionis.
2805 2932 2954 2987 Unde
2991 2935 3150 2986 etiam
3179 2934 3426 2986 omnibus
3453 2933 3566 2988 dies

1982 3025 2079 3078 bus
2109 3024 2388 3078 dominicis
2419 3025 2467 3077 id
2499 3023 2563 3075 ad
2595 3025 2759 3077 altare
2788 3023 3121 3084 observatur,
3152 3033 3206 3077 et
3231 3023 3449 3076 Alleluia
3477 3038 3566 3077 ca~

1983 3115 2141 3176 nitur,
2175 3115 2314 3183 quod
2343 3114 2596 3182 signiﬁcat
2627 3114 2889 3166 actionem
2933 3121 3165 3166 nostram
3198 3113 3426 3167 futuram
3456 3127 3563 3166 non

1981 3220 2099 3259 esse
2130 3205 2226 3258 nisi
2260 3204 2476 3258 laudare
2519 3204 2714 3268 Deum,
2751 3203 2885 3257 sicut
2925 3203 3178 3271 scriptum
3218 3210 3300 3256 est
3355 3221 3368 3256 :
3419 3200 3566 3258 Beati

1980 3299 2064 3368 qui
2081 3297 2304 3351 habitant
2332 3298 2381 3350 in
2414 3297 2562 3350 domo
2585 3305 2687 3358 tua,
2716 3294 2960 3358 Domine;
2989 3295 3041 3347 in
3067 3295 3250 3348 stecula
3267 3294 3563 3346 saeculorum

1982 3391 2256 3445 laudabunt
2283 3400 2328 3444 te
2355 3387 2523 3460 (Psal.
2559 3403 2782 3453 Lxxxtn,
2815 3386 2894 3456 ὕ).

2051 3480 2278 3538 CAPUT
2303 3480 2519 3533 Χγι.-
2541 3479 2630 3534 29.
2657 3478 2762 3533 Sed
2789 3477 2902 3532 dies
2925 3476 3390 3546 quinquagesimus
3429 3483 3484 3529 et
3510 3475 3566 3531 in

1982 3574 2266 3644 Scriptnris
2311 3571 2748 3632 commendatur;
2777 3579 2831 3624 et
2861 3585 2964 3623 non
2998 3577 3198 3622 tantum
3235 3569 3284 3621 in
3326 3567 3566 3636 Evangce

1984 3668 2070 3731 lio,
2096 3667 2217 3737 quia
2257 3675 2380 3718 tunc
2422 3664 2650 3733 Spiritus
2696 3670 2910 3716 sanctus
2939 3659 3171 3725 advenit,
3202 3659 3296 3714 sed
3322 3659 3480 3713 etiam
3512 3659 3566 3712 in

1982 3759 2248 3816 veteribus
2270 3756 2461 3810 Libris.
2489 3755 2618 3808 Nam
2636 3763 2688 3808 et
2707 3753 2776 3806 ibi
2802 3761 3143 3821 posteaquam
3167 3750 3367 3804 Pascha
3388 3750 3569 3807 occiso

1983 3869 2120 3923 agno
2167 3851 2599 3913 celebraverunt,
2660 3846 2774 3901 dies
2817 3844 3192 3914 quinquaginta
3222 3850 3567 3896 numerantur

1983 3941 2243 4013 usquead
2271 3941 2410 3996 diem
2439 3955 2545 4009 quo
2569 3937 2680 3992 Lex
2703 3937 2822 3991 data
2849 3945 2931 3990 est
2954 3936 3004 3988 in
3029 3944 3208 3988 monte
3222 3933 3346 3988 Sina
3367 3932 3571 3986 famqu

1985 4037 2077 4109 Dei
2113 4034 2298 4104 Moysi,
2347 4033 2512 4102 digito
2557 4031 2650 4087 Dei
2691 4029 2886 4096 scripta
2919 4027 3111 4095 (Exod.
3157 4042 3268 4090 xu,
3312 4041 3422 4089 xu,
3453 4040 3563 4090 xx,

1983 4127 2148 4195 x‘xxr)
2179 4145 2191 4179 :
2220 4127 2269 4179 in
2303 4124 2450 4178 libris
2493 4132 2667 4176 autem
2714 4119 2982 4188 Evangelii
3012 4116 3344 4186 apertissime
3385 4114 3566 4174 decla-

1984 4228 2150 4282 ratur,
2181 4215 2399 4284 digitum
2434 4212 2524 4266 Dei
2554 4210 2852 4281 signiﬁcare
2872 4207 3122 4277 Spiritum
3154 4201 3567 4259 sanctnm.Cum

1985 4307 2124 4363 enim
2172 4321 2309 4360 unus
2353 4304 2676 4373 evangelista
2715 4300 2965 4362 dixisset,
2989 4297 3055 4350 In
3086 4297 3241 4366 digito
3282 4293 3378 4347 Dei
3421 4293 3566 4363 ejicio

1987 4399 2237 4454 da'monia
2263 4396 2415 4467 (Luc.
2445 4413 2522 4461 χι,
2553 4393 2830 4464 20);alius
2871 4391 2973 4443 hoc
3016 4387 3156 4442 idem
3203 4385 3275 4447 ita
3315 4384 3474 4448 dixit,
3499 4380 3569 4437 In

1986 4491 2168 4560 spiritu
2199 4489 2289 4542 Dei
2315 4488 2458 4558 ejicio
2494 4485 2742 4539 dwmonia
2768 4482 2978 4552 (Matth.
3009 4495 3107 4545 xu,
3139 4477 3254 4548 28).
3276 4476 3404 4543 Quis
3430 4475 3569 4530 hanc

1988 4586 2224 4640 laetitiam
2273 4583 2568 4637 divinorum
2619 4583 3095 4638 sacramentormn,
3125 4587 3252 4626 cum
3291 4585 3434 4624 sana:
3471 4568 3570 4623 do-

1986 4680 2170 4735 ctrina:
2197 4679 2311 4732 luce
2336 4671 2691 4736 clarescunt‘,
2717 4683 2820 4722 non
2846 4665 3090 4736 praeferat
3113 4663 3372 4727 universis
3389 4656 3569 4714 mundi

1988 4771 2146 4840 hujus
2192 4769 2466 4838 imperiis,
2515 4765 2674 4820 etiam
2729 4761 2973 4816 inusitata
3029 4758 3276 4813 felicitate
3335 4749 3567 4825 pacatis?

1987 4863 2176 4921 Nonne
2218 4869 2466 4929 tanquam
2511 4857 2616 4910 duo
2657 4854 2932 4923 Seraphim
2979 4853 3208 4905 clamant
3248 4849 3312 4903 ad
3344 4847 3568 4902 invicem

1989 4954 2321 5012 concinentiu
2367 4951 2548 5006 laudes
2587 4948 2840 5004 Altissitni
2877 4965 2890 5000 :
2924 4947 3164 5010 Sanctus,
3192 4951 3413 5001 sanctus,
3445 4954 3566 4992 san-

1990 5059 2120 5112 ctus,
2141 5046 2385 5099 Dominus
2399 5043 2533 5096 Deus
2547 5040 2754 5099 subnoth
2782 5037 2929 5111 (lsai.
2959 5054 3033 5102 γι,
3053 5035 3128 5107 5);
3161 5035 3229 5088 ita
3255 5033 3358 5087 duo
3379 5029 3567 5084 Testa-

1991 5149 2168 5196 menta
2202 5138 2424 5192 ﬁdeliter
2461 5132 2834 5189 concordantia
2873 5139 3133 5184 sacratam
3162 5124 3446 5180 conciuunt
3477 5133 3569 5173 ve-

1990 5228 2242 5286 ritatem?
2266 5225 2534 5287 Occiditur
2558 5225 2672 5279 ovis
2692 5265 2705 5286 ,
2735 5223 3033 5277 celebratur
3067 5217 3289 5277 Pascha,
3318 5221 3371 5266 et
3404 5211 3568 5264 inter-
3603 5239 3610 5244 --

1993 5323 2181 5395 positis
2223 5317 2596 5390 quinquaginta
2639 5317 2825 5372 diebus
2863 5313 3018 5366 datur
3066 5312 3170 5364 Lex
3219 5305 3284 5358 ad
3326 5303 3570 5358 timorem

1993 5410 2384 5486 scriptadigito
2416 5407 2528 5462 Dei.
2571 5406 2840 5460 Occiditur
2880 5403 3144 5462 Christus,
3186 5396 3274 5466 qui
3324 5402 3570 5460 tanquam

1994 5509 2115 5573 ovis
2137 5506 2202 5560 ad
2245 5500 2622 5558 immolandum
2654 5499 2840 5552 ductus
2866 5506 2968 5554 est.
2998 5495 3126 5547 sicut
3161 5489 3318 5544 |.-aias
3354 5497 3573 5542 tesratur
3661 5561 3664 5564 _

2069 5685 2086 5716 ⁸
2112 5681 2308 5744 Pieriae.
2334 5687 2437 5739 315.,
2465 5677 2601 5745 lucra
2624 5679 2856 5742 crescunt.
