4032 6334
506 312 612 369 2i!)

509 425 662 492 (lsai.
690 439 801 492 un,
823 422 904 496 7),
923 421 1222 479 celebratur
1237 434 1420 476 verum
1442 415 1666 483 Pascha,
1689 425 1743 472 et
1768 413 2093 484 interpositis

508 517 890 587 quinquaginta
932 513 1120 569 diebus
1159 513 1318 569 datur
1365 510 1431 565 ad
1493 507 1806 563 charitatem
1861 504 2095 576 Spiritus

509 615 746 672 satietas,
775 606 970 676 quiest
993 605 1186 675 digitus
1214 603 1327 668 Dei,
1357 598 1654 655 contrarius
1674 595 1974 652 hominibus
1999 607 2096 649 sua

509 697 874 766 quaerentibus
897 737 913 762 ,
973 705 1028 750 et
1072 695 1192 751 ideo
1235 693 1417 764 jugum
1452 703 1701 760 asperum
1740 697 1796 744 et
1832 686 2096 743 sarcinam

512 802 727 857 gravem
760 787 1124 858 portantibus,
1153 799 1250 838 nec
1275 780 1663 838 invenientibus
1699 777 1936 849 requiem
1979 775 2096 830 ani-

517 879 707 934 mabus
742 881 884 944 suis;
915 880 1037 950 quia
1070 875 1304 933 charitas
1325 889 1433 930 non
1459 873 1649 944 quaerit
1677 887 1795 942 quae
1835 885 1928 925 sua
1975 875 2100 924 sunt

515 969 540 1043 (
556 971 573 1025 l
601 969 721 1027 Cor.
748 987 860 1037 xm,
885 973 961 1041 5).
995 970 1115 1024 Ideo
1140 969 1449 1023 animositas
1477 966 1848 1021 haereticorum
1884 976 2100 1030 semper

518 1062 754 1131 inquieta
783 1071 884 1124 est,
911 1074 1044 1130 quos
1069 1074 1341 1129 magorum
1389 1056 1678 1112 Pharaonis
1719 1053 1914 1108 habere
1939 1066 2100 1106 cona-

517 1161 632 1207 tum
657 1151 894 1207 declarat
929 1151 1244 1221 Apostolus,
1273 1150 1456 1205 dicens
1486 1165 1501 1202 :
1533 1147 1678 1203 Sicut
1718 1146 1850 1200 enim
1890 1144 2104 1199 Jamncs

517 1254 565 1300 et
593 1243 845 1298 Humbre:
873 1244 1160 1298 restiterunt
1189 1242 1386 1312 Moysi,
1427 1241 1499 1295 sic
1522 1250 1567 1294 et
1593 1239 1678 1294 isti
1705 1238 1940 1292 resistunt
1965 1235 2100 1290 ueri-

518 1337 631 1402 tati,
672 1336 897 1390 homines
932 1346 1094 1389 mente
1121 1334 1377 1405 corrupti,
1400 1331 1598 1403 reprobi
1622 1331 1756 1385 circa
1796 1327 1947 1392 ﬁdem
1975 1342 1994 1381 :
2012 1327 2100 1382 sed

514 1426 653 1480 ultra
681 1442 782 1480 non
813 1426 1078 1495 proﬁcient
1095 1443 1115 1490 ;
1158 1424 1407 1478 dementia
1443 1423 1576 1476 enim
1601 1436 1773 1475 eorum
1809 1419 1902 1472 erit
1932 1417 2100 1470 mani-

517 1517 648 1588 festa
674 1518 925 1585 omnibus,
952 1517 1080 1572 sicut
1095 1527 1141 1570 et
1161 1517 1367 1570 illorum
1397 1519 1494 1586 fuit
1518 1513 1590 1586 (ll
1613 1513 1749 1567 Tim.
1772 1527 1850 1579 ιιι,
1875 1511 1948 1578 8).
1967 1510 2102 1577 Quia

517 1609 663 1664 enim
713 1624 810 1679 per
849 1609 1017 1679 ipsam
1047 1607 1442 1677 corruptionem
1492 1605 1684 1660 mentis
1730 1599 2103 1673 inquietissimi

516 1699 752 1768 fuerunt,
785 1700 838 1754 in
865 1700 1018 1769 signo
1044 1698 1202 1754 tertio
1231 1697 1560 1762 defecerunt,
1604 1694 1828 1749 fatentes
1870 1692 1970 1747 sibi
2009 1689 2104 1745 ad-

519 1805 734 1844 versum
777 1804 896 1846 esse
931 1789 1185 1859 Spiritum
1232 1797 1472 1842 sanctum
1516 1787 1603 1857 qui
1652 1793 1768 1839 erat
1810 1784 1862 1838 in
1901 1783 2099 1853 Moyse.

523 1879 657 1935 Nam
685 1880 991 1935 deﬁcientes
1017 1880 1264 1933 dixerunt
1297 1895 1311 1932 :
1339 1876 1543 1948 Digitus
1577 1876 1670 1929 Dei
1695 1885 1767 1929 est
1799 1874 1880 1928 hic
1905 1873 2102 1944 (Exod.

519 1987 634 2036 vtn,
663 1972 772 2041 i9).
797 1969 948 2027 Sicut
983 1979 1160 2024 autem
1195 1969 1508 2024 conciliatus
1535 1975 1588 2022 et
1615 1967 1852 2037 placatus
1875 1964 2104 2035 Spiritus

517 2073 736 2121 sanctus
760 2063 998 2134 requiem
1033 2070 1246 2133 praestat
1274 2060 1488 2114 mitibus
1522 2069 1574 2113 et
1603 2058 1886 2112 humilibus
1908 2056 2068 2111 corde
2087 2097 2101 2122 ,

517 2159 589 2214 ita
634 2157 934 2212 contrarius
979 2164 1034 2210 et
1074 2155 1330 2209 adversus
1370 2154 1601 2208 immites
1639 2167 1702 2207 ac
1727 2151 1985 2221 superbos
2023 2150 2106 2204 in-

516 2249 827 2320 quietudine
856 2249 1105 2318 exagitat.
1135 2248 1303 2314 Quam
1331 2245 1748 2317 inquietudinem
1777 2259 1973 2298 musca:
2000 2243 2104 2297 ιιιω

518 2341 846 2396 brevissima:
875 2341 892 2373 ¹
920 2339 1369 2412 signiﬁcaverunt,
1419 2339 1520 2393 sub
1549 2337 1738 2407 quibus
1779 2336 1918 2406 magi
1963 2335 2104 2391 Pha-

517 2433 702 2488 raonis
725 2431 1056 2497 defecerunt,
1089 2431 1325 2485 dicentes
1355 2449 1368 2483 :
1407 2429 1608 2499 Digitus
1631 2426 1724 2480 Dei
1745 2437 1814 2480 est
1838 2426 1937 2478 In'c.

588 2523 678 2577 50.
709 2521 1094 2591 Exodumlege,
1123 2531 1174 2575 et
1197 2520 1314 2574 vide
1337 2520 1422 2573 ubi
1443 2516 1645 2573 Pascha
1669 2516 2103 2581 celebraverunt,

524 2622 649 2684 post
673 2623 801 2684 quot
825 2613 940 2666 dies
965 2612 1084 2665 data
1115 2611 1183 2665 sit
1211 2610 1339 2665 Lex.
1359 2609 1616 2679 Loquitur
1638 2608 1774 2662 Deus
1800 2606 1866 2660 ad
1890 2605 2105 2676 Moysen

521 2703 577 2761 in
631 2719 811 2760 eremo
843 2703 967 2759 Sina
998 2702 1085 2758 die
1128 2704 1299 2772 primo
1323 2704 1343 2734 ¹
1370 2702 1570 2756 mensis
1599 2699 1758 2755 tertii.
1809 2697 1941 2752 Nota
1980 2710 2107 2782 ergo

522 2811 688 2852 unum
719 2796 860 2852 diem
896 2812 961 2852 ex
994 2795 1416 2867 iugt'cssuipsius
1454 2793 1593 2848 tertii
1637 2791 1856 2856 mensis,
1899 2797 1954 2845 et
1990 2779 2108 2844 vide

517 2889 645 2960 quid
675 2889 817 2945 dicat
843 2889 982 2944 inter
1008 2897 1198 2943 etetera
1224 2904 1236 2940 :
1270 2885 1551 2952 Descende,
1583 2885 1768 2954 inquit,
1807 2890 1986 2936 testare
2013 2895 2108 2950 po-

523 2980 670 3052 pulo,
693 2989 740 3034 et
762 2979 978 3050 puri/ica
1001 2978 1116 3032 illos
1146 2977 1296 3031 hodie
1321 2985 1366 3031 et
1393 2993 1522 3038 cras,
1555 2983 1601 3029 et
1629 2975 1792 3028 lavent
1816 2972 2109 3026 vestimenta

516 3086 632 3135 sua,
667 3079 712 3124 et
735 3071 834 3125 sint
864 3069 1030 3140 parati
1053 3069 1107 3122 in
1131 3067 1264 3122 diem
1295 3067 1514 3121 tertium.
1541 3064 1712 3119 Tertia
1739 3063 1871 3118 enim
1902 3061 1983 3116 die
2015 3061 2107 3114 de-

518 3160 724 3217 scendet
757 3161 1003 3216 Dominus
1029 3160 1084 3214 in
1111 3169 1328 3214 montem
1363 3157 1494 3212 Sina
1522 3173 1694 3210 coram
1738 3155 1874 3209 omni
1918 3153 2107 3224 populo

521 3252 639 3326 (Id.
658 3269 775 3322 ιιι,
811 3252 899 3320 10,
923 3251 1013 3324 ll)
1044 3270 1056 3306 :
1090 3261 1217 3307 tunc
1242 3250 1361 3304 data
1386 3258 1468 3305 est
1482 3249 1589 3304 Lex
1621 3248 1776 3303 tertio
1798 3247 2002 3303 scilicet
2022 3246 2110 3302 die

522 3345 668 3401 tertii
706 3343 928 3400 mensis.
964 3342 1192 3398 Numera
1236 3341 1413 3410 itaque
1449 3355 1478 3394 a
1523 3338 1923 3410 quartodecimo
1951 3337 2109 3408 primi

523 3437 730 3492 mensis
779 3435 888 3501 die,
919 3450 1026 3505 quo
1067 3435 1261 3489 factum
1295 3442 1378 3488 est
1410 3433 1633 3498 Pascha,
1657 3445 1826 3502 usque
1863 3430 1929 3486 ad
1966 3429 2109 3486 diem

520 3523 738 3581 tertium
756 3524 894 3578 tertii
911 3523 1132 3588 mensis,
1156 3530 1210 3576 et
1235 3523 1474 3577 invenies
1489 3521 1675 3576 decem
1697 3530 1748 3576 et
1769 3530 1971 3591 septem
1993 3519 2110 3576 dies

521 3616 680 3688 primi
733 3615 954 3680 mensis,
997 3614 1210 3686 triginta
1247 3614 1488 3680 secundi,
1517 3622 1627 3669 tres
1667 3613 1830 3678 tertii,
1860 3613 1948 3683 qui
1978 3613 2111 3667 ﬁunt

520 3706 919 3778 quinquaginta.
948 3705 1056 3760 Lex
1086 3705 1138 3759 in
1168 3718 1293 3759 arca
1318 3713 1401 3759 est
1425 3703 1771 3758 sanctiﬁcatio
1798 3704 1850 3757 in
1883 3717 2110 3773 corpore

519 3796 756 3862 Domini,
798 3810 895 3866 per
931 3795 1083 3865 cujus
1123 3794 1568 3850 resurrectionem
1598 3793 1751 3848 nobis
1779 3793 1992 3863 requies
2021 3793 2106 3846 lu-

522 3895 646 3944 tura
667 3887 1012 3957 promittitur,
1043 3887 1108 3942 ad
1133 3901 1290 3958 quam
1314 3886 1708 3958 percipiendam
1740 3886 1941 3964 Spiritu
1980 3901 2105 3940 san-

519 3987 610 4035 cto
649 3978 880 4034 eharitas
911 3978 1215 4047 inspiratur.
1251 3977 1481 4048 Spiritus
1513 3986 1690 4032 autem
1732 3976 1967 4031 nondum
1995 3983 2110 4031 erat

519 4061 697 4134 datus,
719 4069 844 4141 quia
871 4069 1026 4126 Jesus
1045 4068 1276 4124 nondum
1297 4077 1414 4124 erat
1438 4069 1761 4123 clariﬁcatus
1792 4067 1969 4141 (Joan.
2008 4084 2105 4134 vn,

517 4163 639 4232 39.)
663 4161 813 4219 Unde
833 4160 1109 4232 prophetia
1126 4159 1216 4214 illa
1229 4168 1440 4215 cantata
1465 4168 1583 4216 est:
1605 4159 1854 4231 Exsurge,
1871 4159 2105 4225 Domine,

517 4255 576 4311 in
607 4255 828 4321 requiem
865 4262 1030 4321 tuam,
1063 4261 1116 4306 tu
1138 4260 1186 4306 et
1221 4268 1340 4306 arca
1368 4252 1896 4321 sanctiﬁcationistua:
1917 4252 1934 4322 (
1957 4251 2106 4307 Psnl.

519 4359 708 4412 cum,
731 4346 808 4416 8).
832 4344 934 4401 Ubi
956 4344 1189 4414 requies,
1219 4343 1293 4398 ibi
1317 4344 1684 4399 sanctilicatio.
1714 4344 1867 4400 Unde
1893 4361 2031 4399 nunc
2054 4353 2110 4401 ut

520 4449 765 4490 amemus
793 4442 849 4489 et
885 4433 1270 4500 desideremus,
1309 4435 1497 4504 pignus
1533 4436 1853 4505 accepimus.
1897 4436 2108 4491 Vocan-

522 4533 611 4580 tur
631 4534 810 4580 autem
843 4524 911 4579 ad
943 4525 1180 4594 requiem
1206 4524 1429 4580 alterius
1452 4525 1594 4589 vitae,
1622 4540 1728 4595 quo
1761 4526 1828 4581 ab
1863 4527 1961 4581 ista
2000 4527 2110 4582 vita

528 4617 822 4686 transitur,
853 4616 995 4687 quod
1034 4616 1238 4673 Pascha
1279 4616 1564 4687 signiﬁcat,
1594 4631 1782 4675 omnes
1810 4619 1864 4673 in
1895 4620 2110 4676 nomine

524 4705 723 4775 Patris,
753 4716 809 4771 et
835 4707 976 4774 Filii,
1009 4717 1063 4763 et
1086 4707 1316 4779 Spiritus
1341 4709 1530 4765 sancti.

595 4795 748 4854 CAP.
783 4798 948 4854 XVII.
968 4829 1043 4842 --
1065 4800 1155 4855 31.
1186 4800 1473 4872 Propterea
1499 4801 1984 4873 quinquagenarius
2014 4819 2112 4859 nu-

521 4905 708 4946 merus
728 4900 812 4947 ter
837 4892 1244 4964 multiplicatus,
1270 4892 1450 4949 addito
1474 4893 1541 4948 ad
1563 4894 1904 4950 eminentiam
1926 4911 2108 4952 sacra-

522 4983 690 5038 menti
711 4983 828 5054 ipso
844 4985 1098 5052 ternario,
1119 4991 1176 5039 et
1194 4984 1248 5039 in
1275 4984 1379 5039 illis
1411 4984 1620 5056 magnis
1645 4985 1878 5055 piscibus
1906 4987 2112 5043 inveni-

523 5082 632 5140 tur,
663 5090 796 5146 quos
819 5075 927 5145 jam
969 5075 1224 5131 Dominus
1262 5082 1385 5146 post
1421 5067 1871 5132 resurrectionem
1913 5092 2105 5133 novam

523 5169 689 5221 vitam
711 5167 1102 5233 demonstrans,
1127 5181 1159 5222 a
1183 5167 1402 5222 dextera
1421 5176 1571 5238 parte
1602 5168 1764 5222 levari
1795 5169 2107 5239 imperavit;

522 5271 624 5313 nec
651 5259 782 5314 retia
809 5267 961 5329 rupta
990 5267 1115 5314 sunt
1135 5256 1314 5330 (Joan.
1349 5274 1467 5325 XXI,
1501 5259 1555 5326 6,
1576 5256 1687 5331 il),
1705 5261 1828 5330 quia
1855 5268 1981 5316 tunc
2003 5260 2113 5316 hair

523 5349 811 5404 reticorum
838 5349 1144 5420 inquietudo
1177 5365 1285 5404 non
1321 5350 1442 5406 erit.
1475 5350 1626 5406 Tunc
1650 5351 1812 5406 homo
1840 5351 2110 5422 perfectus

523 5448 580 5495 et
596 5441 826 5512 quietus,
843 5452 1093 5513 purgatus
1118 5442 1170 5497 in
1187 5443 1368 5499 animo
1387 5453 1441 5500 et
1466 5445 1518 5498 in
1541 5458 1766 5514 corpore
1796 5459 1890 5514 per
1903 5443 2110 5514 eloquia

453 5595 470 5614 ,
537 5551 764 5627 μίξεων
1113 5555 1206 5627 sed
1230 5558 1393 5607 verius
1413 5563 1543 5620 Mss,
1561 5555 1864 5619 breuissime,
1879 5564 1934 5608 ut
1953 5558 2112 5624 liquet

528 5624 591 5662 ex
616 5611 701 5661 lib.
725 5615 757 5662 5
774 5611 844 5676 de
859 5615 1046 5676 'l‘rinil..,
1069 5630 1115 5666 c.
1137 5618 1186 5666 7.

592 5676 767 5746 {tum
790 5673 1225 5746 (tmtertio’mensis
1247 5677 1394 5729 tertii.
1410 5680 1760 5746 gstigavimus
1772 5681 1831 5734 ad
1853 5688 1962 5736 uss.
1983 5683 2108 5736 duos

528 5739 776 5788 Vaticanus
797 5743 850 5788 et
867 5739 1174 5790 Sorbonicum
1193 5753 1363 5803 unmn,
1385 5739 1466 5793 die
1500 5739 1673 5807 primo.

1710 306 1766 362 S.
1810 299 2175 362 AUGUSTINI
2215 297 2514 358 EPISCOPI

3680 297 3786 356 2‘20

2200 409 2412 466 Domini
2437 418 2604 478 casta,
2635 418 2914 483 argentum
2933 410 3054 483 igne
3078 411 3437 469 examinatum
3461 419 3640 477 terrm,
3659 427 3788 483 pur-

2193 511 2376 573 gatum
2406 503 2703 572 scptuplum
2723 502 2986 577 (Psal.xr,
3016 502 3093 576 7),
3113 504 3335 572 accipiet
3361 503 3664 558 mercedem
3691 504 3788 560 de-

2198 596 2428 660 narium,
2461 605 2517 649 ut
2544 596 2652 650 sint
2674 595 2859 650 decem
2882 605 2934 650 et
2963 595 3336 666 scptem.Nam
3361 605 3413 650 et
3456 595 3507 649 in
3546 594 3647 650 hoc
3685 611 3788 650 nu~

2199 701 2350 743 mero
2386 687 2524 742 sicut
2563 687 2616 741 in
2661 687 2778 741 aliis
2817 687 3134 756 multiplices
3166 686 3360 757 ﬁguras
3391 686 3786 754 exhibentibus,

2199 786 2592 833 sacramentum
2611 777 2855 832 mirabile
2881 779 3164 848 reperitur.
3197 777 3307 834 Nec
3331 779 3596 834 immerito
3627 780 3790 834 etiam

2200 868 2446 924 Psalmus
2473 871 2732 940 septimus
2768 871 3006 927 decimus
3033 871 3084 926 in
3127 871 3427 942 Regnorum
3461 873 3614 927 libris
3641 872 3791 928 solus

2201 960 2406 1030 integer
2432 961 2622 1032 legitur
2653 961 2716 1034 (li
2748 962 2875 1033 Reg.
2909 978 3047 1030 xxn,
3067 963 3387 1034 2—51);quia
3418 979 3641 1033 regnum
3662 963 3792 1018 illud

2201 1053 2486 1123 signiﬁcat,
2528 1053 2614 1108 ubi
2660 1055 3024 1109 adversarium
3067 1071 3170 1109 non
3210 1055 3542 1110 habebimus.
3585 1056 3794 1111 Titulus

2202 1145 2343 1199 enim
2375 1145 2490 1215 ejus
2515 1153 2630 1200 est:
2658 1144 2725 1200 In
2751 1146 2832 1200 die
2855 1163 2955 1216 qua
2981 1146 3111 1199 eruit
3138 1162 3251 1200 eum
3277 1145 3522 1199 Dominus
3544 1146 3608 1200 de
3636 1164 3796 1200 manu

2202 1236 2428 1290 omnium
2447 1236 2764 1291 inimicorum
2792 1239 2921 1308 ejus,
2951 1247 2999 1291 et
3020 1237 3084 1291 de
3101 1254 3253 1290 manu
3284 1235 3432 1292 δηᾱι.
3467 1237 3596 1304 Quis
3639 1240 3782 1293 enitr

2206 1327 2464 1398 ﬁguratur
2491 1329 2542 1382 in
2575 1328 2759 1394 David,
2789 1329 2891 1383 nisi
2930 1329 3018 1383 ille
3057 1329 3146 1400 qui
3175 1328 3318 1384 venit
3343 1329 3637 1383 secundum
3673 1345 3769 1384 car

2204 1434 2326 1474 nem
2347 1435 2411 1474 ex
2434 1420 2636 1475 semine
2654 1419 2853 1475 David?
2880 1420 3057 1491 (Rom.
3085 1437 3122 1484 ι,
3155 1421 3237 1491 ³5.)
3264 1421 3362 1487 Qui
3386 1422 3565 1491 utique
3594 1421 3646 1474 in
3673 1436 3798 1475 cor-

2204 1527 2336 1582 pore
2364 1526 2481 1576 suo,
2517 1512 2657 1582 quod
2703 1521 2783 1567 est
2810 1513 3045 1568 Ecclesia
3083 1513 3259 1568 adlmc
3297 1515 3494 1583 patitur
3524 1513 3791 1567 inimicos.

2205 1603 2360 1660 Unde
2388 1605 2459 1659 illi
2488 1607 2815 1675 persecutori
2841 1622 2997 1675 quem
3027 1622 3157 1662 voce
3181 1607 3448 1670 mactavit,
3482 1608 3612 1661 etin
3634 1621 3795 1661 suum

2204 1709 2398 1764 corpus
2417 1695 2686 1765 trajiciens
2716 1695 3105 1764 quodammodo
3137 1696 3492 1762 manducavit,
3520 1697 3702 1750 sonuit
3719 1697 3791 1751 de

2205 1786 2342 1841 cmlo
2373 1785 2583 1852 :Saule,
2609 1787 2786 1852 Saule,
2815 1786 2935 1858 quid
2965 1804 3041 1840 me
3061 1788 3402 1858 persequeris?
3427 1787 3561 1854 (Act.
3589 1802 3671 1850 ιι,
3704 1786 3794 1857 4.)

2205 1875 2428 1944 Quando
2447 1887 2626 1931 autem
2645 1885 2860 1932 eruetur
2881 1876 2983 1932 hoc
3014 1892 3209 1948 corpus
3229 1877 3344 1946 ejus
3374 1877 3441 1932 de
3471 1893 3632 1931 manu
3670 1892 3798 1932 ont-

2205 1967 2350 2021 nium
2383 1967 2718 2021 inimicorum
2742 1969 2879 2036 ejus,
2912 1968 3012 2022 nisi
3035 1983 3154 2022 cum
3183 1976 3236 2022 et
3261 1968 3350 2022 illa
3374 1969 3661 2022 novissima
3681 1967 3790 2022 ini-

2205 2059 2341 2114 mica
2363 2057 2669 2114 destruetur
2695 2058 2878 2114 mors?
2915 2059 2998 2114 Ad
3028 2059 3131 2114 hoc
3167 2067 3374 2128 tempus
3411 2057 3663 2128 pertinuit
3691 2074 3798 2113 nu-

2206 2166 2390 2206 merus
2413 2151 2504 2207 ille
2535 2161 2751 2206 centum
2775 2151 3153 2222 quinquaginta
3185 2152 3344 2206 trium
3376 2151 3620 2221 piscium.
3660 2150 3804 2206 Nam

2207 2247 2394 2316 etipse
2425 2262 2676 2302 numerus
2707 2246 2964 2316 septimus
3002 2246 3244 2303 decimus
3287 2262 3510 2316 surgens
3547 2247 3600 2302 in
3628 2247 3798 2318 trigo-

2207 2355 2354 2404 num,
2378 2347 2594 2394 centum
2637 2339 3017 2410 quinquaginta
3052 2339 3212 2394 trium
3245 2355 3504 2394 summam
3542 2340 3798 2410 complet.

2207 2429 2290 2485 Ab
2316 2445 2418 2483 uno
2458 2431 2654 2500 quippe
2697 2446 2863 2502 usque
2899 2431 2963 2485 ad
2995 2431 3180 2486 decem
3217 2443 3273 2488 ct
3301 2441 3503 2502 septem
3541 2447 3790 2503 surgens,

2207 2535 2394 2576 omnes
2417 2523 2620 2577 medios
2651 2521 2806 2590 adde,
2837 2532 2890 2577 et
2912 2523 3150 2578 invenies
3175 2540 3188 2575 :
3221 2522 3284 2575 ad
3309 2539 3470 2576 unum
3489 2522 3806 2578 sciiicetad-

2207 2611 2276 2665 de
2303 2611 2429 2679 duo,
2461 2611 2594 2666 ﬁunt
2631 2613 2809 2682 utique
2842 2614 2974 2676 tria;
3005 2612 3140 2668 adde
3178 2613 3300 2679 tria,
3333 2612 3464 2667 ﬁunt
3490 2629 3622 2679 sex;
3659 2613 3803 2670 adde

2208 2710 2452 2772 quatuor,
2478 2702 2610 2757 ﬁunt
2625 2703 2840 2770 decem;
2871 2704 3007 2758 adde
3024 2704 3275 2774 quinque,
3300 2704 3430 2758 ﬁunt
3454 2704 3793 2775 quindecim;

2208 2791 2344 2848 addc
2371 2807 2483 2858 sex,
2524 2794 2653 2848 ﬁtmt
2695 2795 2875 2865 viginti
2920 2810 3114 2862 unum;
3155 2795 3291 2849 adde
3338 2796 3407 2850 ita
3446 2805 3689 2862 cretcros,
3737 2805 3796 2851 et

2209 2884 2382 2954 ipsum
2405 2884 2667 2941 decimum
2689 2887 2992 2957 septimum,
3020 2886 3152 2941 liunt
3179 2895 3394 2943 centum
3416 2889 3802 2959 quirqnaginta

2211 2976 2332 3032 tria.

2281 3069 2371 3125 3‘2.
2406 3068 2534 3124 Haec
2562 3069 2627 3124 de
2654 3069 2943 3139 Scripturis
2991 3068 3291 3123 ﬁrmissime
3331 3075 3598 3136 tenentur,
3639 3068 3689 3123 id
3721 3079 3806 3124 est

2209 3159 2412 3215 Pascha
2445 3169 2500 3215 et
2530 3160 2891 3216 Pentecostcs.
2920 3158 3050 3214 Nam
3100 3169 3156 3214 ut
3194 3160 3540 3230 quadraginta
3579 3161 3649 3214 illi
3685 3160 3806 3216 dies

2208 3259 2332 3306 ante
2364 3251 2564 3306 Pascha
2586 3251 2956 3318 observentur,
2983 3252 3236 3307 Ecclesiae
3250 3252 3584 3307 consuetudo
3605 3253 3620 3284 ί
3644 3253 3807 3308 rebo-

2210 3342 2376 3407 ravit;
2405 3343 2482 3396 sic
2504 3343 2664 3397 etiam
2684 3352 2741 3396 ut
2764 3350 2886 3397 octo
2912 3342 3026 3397 dies
3047 3341 3445 3413 Ncophytorunt
3469 3342 3807 3414 distinguan-

2212 3441 2298 3488 tur
2321 3449 2349 3486 a
2379 3434 2608 3497 caneris,
2651 3433 2700 3488 id
2743 3442 2843 3499 est,
2875 3444 2932 3488 ut
2973 3443 3192 3488 octavus
3236 3436 3408 3504 primo
3443 3437 3706 3490 concinat.
3737 3437 3807 3492 Ut

2210 3533 2387 3580 autem
2426 3525 2647 3579 Alleluia
2693 3540 2789 3594 per
2818 3525 2935 3579 illos
2977 3525 3121 3581 solos
3151 3526 3266 3581 dies
3315 3527 3695 3596 quinquaginta
3744 3532 3800 3582 in

2212 3616 2451 3672 Ecclesia
2483 3625 2744 3682 cantetur,
2771 3632 2877 3672 non
2901 3633 3276 3688 usquequaque
3301 3619 3614 3673 observatur
3638 3638 3650 3671 :
3677 3636 3804 3674 nam

2211 3717 2265 3764 et
2286 3709 2404 3763 aliis
2441 3708 2626 3764 diebus
2654 3710 2799 3765 varie
2823 3719 3067 3764 cantatur
3105 3710 3230 3764 alibi
3267 3719 3424 3780 atque
3454 3711 3622 3775 alibi;
3671 3712 3805 3781 ipsis

2209 3815 2386 3857 autem
2418 3801 2602 3858 diebus
2630 3802 2843 3872 ubique.
2868 3802 2940 3858 Ut
2962 3812 3140 3858 autem
3169 3811 3369 3856 stantes
3405 3803 3456 3856 in
3483 3801 3587 3857 illis
3611 3802 3805 3860 diebus

2213 3906 2266 3950 et
2293 3895 2541 3950 omnibus
2569 3895 2850 3950 dominicis
2881 3909 3120 3959 oremus,
3146 3904 3323 3949 utrum
3351 3895 3545 3964 ubique
3562 3905 3806 3950 servetur

2212 3986 2398 4056 ignoro
2423 4006 2435 4040 :
2470 3996 2651 4041 tamen
2685 3987 2811 4057 quid
2849 3988 2901 4042 in
2930 4003 2995 4042 eo
3025 3996 3280 4057 sequatur
3311 3988 3580 4057 Ecclesia,
3607 3988 3718 4044 dixi
3748 3999 3806 4044 ut

2214 4079 2380 4149 potui,
2410 4087 2464 4133 et
2483 4078 2711 4133 arbitror
2736 4093 2856 4134 esse
2885 4079 3244 4134 manifestum.

2281 4168 2434 4225 CAP.
2454 4169 2495 4224 X
2507 4169 2714 4224 Vlll.-—
2731 4171 2819 4226 55.
2837 4170 2910 4225 De
2925 4169 3161 4224 lavandis
3173 4185 3300 4224 vero
3316 4170 3555 4239 pedibus,
3571 4187 3695 4227 cum
3715 4175 3808 4229 Do-

2211 4261 2389 4324 minus
2417 4260 2516 4315 hoc
2545 4269 2756 4331 propter
2781 4261 3001 4315 formam
3034 4260 3363 4327 humilitatis,
3402 4272 3619 4332 propter
3644 4279 3806 4334 quam

2211 4353 2504 4408 docendam
2535 4362 2776 4420 venerat,
2809 4352 3284 4418 commendaret-it,
3317 4355 3454 4408 sicut
3478 4356 3592 4424 ipse
3617 4371 3810 4409 C()ll:.~(‘-

2213 4454 2437 4514 quenter
2463 4443 2728 4514 exposuit,
2749 4444 3028 4515 quaesitum
3056 4453 3139 4498 est
3162 4460 3396 4515 quonam
3436 4454 3677 4515 tempore
3707 4462 3803 4514 pu-

2213 4537 2475 4592 tissimum
2519 4552 2604 4591 res
2654 4544 2798 4592 tanta
2838 4537 2997 4592 etiam
3044 4535 3185 4591 facto
3224 4535 3536 4602 doceretur,
3570 4547 3619 4593 et
3666 4539 3796 4594 illud

2214 4637 2422 4698 tempus
2447 4628 2697 4694 occurrit,
2714 4645 2819 4700 quo
2842 4629 2951 4699 ipsa
2969 4627 3360 4683 commendatio
3381 4629 3682 4698 religiosius
3705 4631 3784 4685 in.

2214 4719 2460 4774 haereret.
2484 4718 2589 4774 Sed
2607 4735 2672 4774 ne
2683 4721 2748 4774 ad
2764 4721 2932 4790 ipsum
2953 4729 3342 4774 sacramentum
3370 4719 3620 4790 Baptismi
3642 4721 3798 4776 vide-

2213 4820 2359 4867 retur
2387 4810 2670 4882 pertinere,
2700 4813 2848 4866 multi
2880 4812 3051 4866 hocin
3085 4811 3523 4867 consuetudinem
3555 4814 3800 4884 recipere

2213 4908 2520 4962 noluerunt.
2557 4906 2802 4960 Nonnulli
2843 4907 3003 4961 etiam
3047 4904 3115 4961 de
3156 4905 3542 4962 consuetudine
3586 4906 3807 4964 auferre

2213 5014 2320 5053 non
2345 4999 2740 5054 dubitaverunt.
2773 4998 2949 5068 Aliqui
2989 5006 3164 5054 autem
3205 5006 3263 5052 ut
3301 4997 3402 5052 hoc
3426 5006 3481 5053 et
3514 5001 3809 5056 sacratiore

2215 5098 2454 5160 tempore
2491 5087 2950 5153 commendarent,
2992 5097 3048 5144 ct
3092 5089 3419 5160 a.Baptismi
3465 5099 3809 5147 sacramento

2214 5182 2617 5252 distinguerent,
2633 5181 2715 5236 vel
2741 5180 2880 5235 diem
2906 5181 3118 5235 tertium
3134 5189 3460 5249 octavarnm,
3480 5183 3604 5252 quia
3625 5192 3679 5238 et
3699 5191 3810 5237 ter-

2214 5275 2397 5329 narius
2427 5288 2680 5327 numerus
2701 5272 2756 5327 in
2795 5273 2978 5328 multis
3002 5273 3348 5327 sacramentis
3364 5275 3596 5330 tuaxinie
3623 5276 3807 5332 cxccl-

2214 5365 2295 5434 lit,
2334 5363 2418 5420 vel
2467 5364 2627 5420 etiam
2672 5364 2846 5434 ipsum
2888 5373 3133 5420 octavum
3169 5373 3228 5420 ut
3270 5364 3372 5419 hoc
3407 5364 3645 5422 facerent
3690 5368 3808 5424 ele-

2213 5463 2424 5526 gerunt.

2284 5547 2373 5602 5.5.
2402 5545 2563 5602 Miror
2582 5561 2711 5602 sane
2734 5545 2862 5618 quid
2890 5548 2960 5602 ita
2985 5547 3240 5614 volucris,
3261 5557 3316 5602 ut
3338 5547 3405 5604 de
3427 5548 3488 5605 iis
3513 5565 3634 5621 quae
3660 5553 3813 5611 varie

2281 5748 2294 5780 ί
2322 5753 2424 5796 Am.
2451 5744 2559 5795 Bad.
2583 5752 2659 5795 Er.
2687 5753 2739 5796 et
2759 5752 2866 5796 uss.
2887 5754 3019 5798 tres:
3047 5747 3270 5800 Ecclesiae
3282 5747 3527 5802 consensio
3548 5748 3813 5813 roborum.
