4090 6356
309 307 418 362 εει

315 433 417 488 per
454 415 666 470 diversa
703 413 817 467 loca
849 411 1217 474 observantur,
1257 407 1348 463 tibi
1368 406 1544 476 aliqua
1573 403 1890 466 scriberem,

313 521 443 561 eum
469 512 526 560 et
545 519 650 558 non
679 503 746 557 sit
764 500 1139 563 necessarium,
1169 507 1340 554 etuna
1363 497 1418 552 in
1445 496 1527 550 his
1547 492 1892 548 saluberrima

313 595 501 665 regula
528 592 803 648 retinenda
838 591 941 658 sit,
977 600 1035 646 ut
1065 605 1182 661 quae
1211 604 1315 644 non
1353 595 1478 642 sunt
1501 595 1685 640 contra
1710 582 1890 648 ﬁdem,

313 699 499 756 neque
513 692 701 740 contra
731 683 902 738 bonos
932 696 1127 747 mores,
1155 691 1210 736 et
1232 679 1430 734 habent
1462 675 1658 746 aliquid
1692 673 1758 729 ad
1795 689 1892 728 ex-

312 775 679 830 hortationem
707 774 830 828 vitaa
859 772 1114 838 melioris,
1143 770 1462 838 ubicumque
1507 765 1711 821 institui
1737 762 1892 819 vide-

311 879 459 931 mus,
479 864 563 920 vel
584 864 819 918 instituta
838 861 1224 932 cognoscimus,
1247 873 1354 914 non
1379 859 1548 913 solum
1571 871 1674 911 non
1697 856 1892 925 impro-

307 952 525 1019 bemus,
559 952 653 1008 sed
681 953 838 1007 etiam
869 950 1131 1006 laudando
1161 959 1214 1005 et
1242 948 1496 1004 imitando
1532 954 1819 1009 sectemur,
1845 944 1890 998 si

307 1044 616 1113 aliquorum
645 1042 921 1097 inﬁrmitas
949 1055 1056 1096 non
1086 1041 1156 1095 ita
1187 1039 1425 1110 impedit,
1453 1044 1512 1093 ut
1537 1035 1767 1106 amplius
1792 1035 1887 1090 de-

307 1135 624 1190 trimentum
654 1135 742 1188 sit.
769 1134 824 1188 Si
847 1133 988 1187 enim
1015 1146 1082 1188 eo
1114 1130 1273 1186 modo
1316 1128 1568 1200 impediat
1603 1135 1663 1182 ut
1692 1125 1890 1195 majora

306 1224 672 1280 studiosorum
691 1224 834 1278 lucra
856 1221 1114 1294 speranda
1132 1221 1258 1286 sint,
1273 1235 1428 1289 quam
1445 1217 1887 1272 calumniator-um

303 1316 630 1371 detrimenta
658 1314 959 1379 metuenda,
978 1314 1092 1368 sine
1115 1312 1440 1368 dubitatione
1468 1310 1760 1366 faciendum
1781 1317 1886 1376 est,

306 1407 544 1461 maxime
572 1406 622 1460 id
660 1405 800 1476 quod
837 1405 997 1461 etiam
1026 1404 1093 1459 de
1130 1403 1414 1474 Scripturis
1441 1401 1648 1458 defendi
1682 1409 1886 1471 potest;

303 1495 449 1549 sicut
473 1493 541 1549 de
570 1494 780 1565 hymnis
808 1501 862 1548 et
901 1493 1114 1563 psalmis
1149 1491 1423 1558 canendis,
1464 1506 1586 1545 cum
1632 1499 1686 1544 et
1724 1489 1888 1560 ipsius

307 1583 522 1639 Domini
544 1593 599 1639 et
615 1585 987 1654 Apostolorum
1007 1583 1294 1638 habeamus
1309 1581 1622 1637 documenta
1643 1589 1696 1636 et
1715 1596 1890 1636 exem-

307 1675 394 1746 pla
414 1685 472 1731 et
500 1685 763 1746 praecepta
805 1677 844 1730 ⁸.
881 1677 953 1732 De
980 1675 1078 1729 hac
1102 1691 1160 1730 re
1187 1683 1295 1729 tam
1332 1674 1444 1729 utili
1469 1674 1534 1727 ad
1570 1673 1885 1728 movendum

304 1767 396 1838 pie
412 1769 676 1835 animum,
709 1775 761 1822 et
789 1767 1183 1823 accendendum
1216 1766 1406 1821 divinae
1440 1763 1737 1820 dilectionis
1763 1763 1888 1818 affe-

304 1867 476 1924 ctum,
501 1859 646 1913 varia
676 1858 1000 1914 consuetudo
1025 1869 1125 1926 est,
1159 1866 1212 1914 et
1235 1859 1480 1928 pleraque
1502 1859 1552 1912 in
1576 1856 1749 1911 Africa
1781 1855 1886 1910 Ec-

304 1948 484 2004 clesizc
510 1949 750 2004 membra
789 1948 1014 2019 pigriora
1058 1956 1220 2002 sunt:
1250 1948 1320 2002 ita
1364 1957 1426 2002 ut
1466 1948 1750 2000 Donatista:
1791 1960 1886 2002 nos

303 2038 721 2107 reprehendant,
751 2039 892 2108 quod
929 2038 1106 2094 sobrie
1145 2038 1420 2108 psallimus
1460 2036 1511 2090 in
1543 2035 1767 2092 ecclesia
1805 2037 1886 2090 di-

301 2131 426 2184 vina
452 2130 658 2184 cantica
680 2130 1082 2199 Pr0phetarum,
1100 2145 1220 2185 cum
1246 2129 1343 2200 ipsi
1362 2129 1646 2184 ebrietates
1670 2143 1791 2181 suas
1818 2127 1884 2181 ad

303 2221 572 2274 anticum
601 2220 924 2289 psalmorum
948 2219 1182 2274 humano
1211 2219 1423 2287 ingenio
1449 2219 1880 2287 compositorum,

299 2309 458 2379 quasi
484 2308 555 2364 ad
570 2307 591 2340 ’⁵
609 2308 759 2363 tubas
774 2307 1155 2364 exhortationis
1175 2307 1521 2362 inﬂamment.
1553 2307 1774 2374 Quando
1793 2323 1885 2360 au-

299 2407 410 2453 tem
446 2414 555 2454 non
592 2407 678 2454 est
702 2408 931 2468 tempus,
966 2414 1088 2454 cum
1114 2398 1168 2452 in
1192 2397 1415 2453 ecclesia
1443 2397 1634 2452 fratres
1658 2412 1880 2467 congre-

298 2499 516 2560 gantur,
545 2499 723 2545 sancta
745 2489 1014 2556 cantandi,
1044 2489 1145 2544 nisi
1175 2504 1294 2544 cum
1316 2489 1508 2558 legitur
1535 2497 1625 2542 aut
1647 2488 1884 2559 disputa-

300 2591 410 2648 tur,
439 2590 534 2636 aut
553 2582 773 2637 antistes
791 2582 930 2636 clara
943 2595 1072 2636 voce
1101 2580 1438 2652 deprecatur,
1469 2588 1560 2635 aut
1589 2580 1882 2636 communis

299 2673 477 2728 oratio
501 2687 635 2728 voce
659 2673 867 2728 diaConi
901 2671 1194 2727 indicitur?

369 2763 606 2820 CAPUT
631 2763 848 2819 XlX.—
864 2764 952 2820 35.
975 2763 1107 2818 Aliis
1133 2777 1264 2818 vero
1288 2761 1560 2832 particulis
1583 2770 1880 2831 temporum

299 2855 429 2925 quid
457 2856 648 2910 melius
664 2870 694 2910 a
722 2855 1050 2925 congregatis
1065 2853 1376 2908 Christianis
1392 2855 1501 2921 ﬁat,
1526 2853 1650 2924 quid
1679 2854 1878 2923 utilius,

300 2947 432 3015 quid
453 2947 689 3002 sanctius
710 2947 927 3001 omnino
948 2960 1054 3001 non
1083 2946 1258 3001 video.
1287 2945 1438 3012 Quod
1465 2955 1642 3001 autem
1657 2946 1882 3000 institui-

302 3045 391 3090 tur
415 3045 610 3106 pmter
637 3037 1094 3104 consuetudinem,
1119 3045 1177 3090 ut
1195 3035 1346 3106 quasi
1367 3037 1666 3092 observatio
1695 3051 1875 3092 sacra—

301 3128 470 3183 enti
502 3127 592 3192 sit,
633 3127 929 3198 approbare
953 3143 1056 3181 non
1083 3141 1319 3196 possum,
1347 3127 1554 3180 etiamsi
1583 3126 1746 3180 multa
1778 3127 1877 3180 hu-

298 3219 540 3290 jusmodi
568 3228 783 3290 propter
805 3220 1175 3274 nonnullarum
1211 3219 1294 3273 vel
1329 3227 1629 3274 sanctarum
1659 3219 1738 3274 vel
1768 3227 1878 3273 tur-

298 3313 638 3368 bulentarum
673 3327 1014 3382 personarum
1053 3311 1303 3366 scandala
1328 3309 1629 3376 devitanda,
1659 3310 1876 3366 liberius

296 3401 606 3473 improbare
629 3419 731 3459 non
757 3403 946 3458 audeo.
961 3401 1067 3458 Sed
1084 3402 1185 3457 hoc
1196 3401 1354 3457 nimis
1376 3401 1555 3469 doleo,
1579 3403 1718 3471 quod
1736 3402 1875 3456 mul-

298 3505 353 3550 ta
379 3509 502 3564 quae
540 3495 596 3550 in
623 3493 814 3549 divinis
855 3492 1002 3549 libris
1037 3493 1386 3548 saluberrime
1426 3501 1688 3562 praecepta
1728 3501 1870 3556 sunt,

295 3585 478 3638 minus
507 3593 795 3648 curantur;
831 3591 886 3637 et
925 3593 1028 3636 tam
1055 3582 1234 3646 multis
1277 3583 1776 3652 praesumptionibus
1796 3582 1874 3637 sic

296 3673 455 3742 plena
485 3672 820 3739 suntomnia,
845 3681 902 3726 ut
919 3674 1133 3742 gravius
1151 3673 1467 3742 corripiatur
1481 3673 1572 3743 qui
1608 3689 1701 3741 per
1729 3682 1881 3728 ecta--

295 3777 392 3817 vas
415 3777 543 3817 snas
563 3771 757 3817 terram
773 3761 918 3817 nudo
930 3763 1066 3831 pede
1091 3763 1341 3833 tetigerit,
1365 3778 1520 3832 quam
1537 3763 1627 3832 qui
1643 3771 1872 3818 mentem

293 3854 586 3911 vinolentia
615 3856 902 3926 sepelierit.
931 3856 1118 3911 Omnia
1155 3855 1332 3924 itaque
1367 3855 1509 3922 talia,
1548 3871 1665 3925 quae
1699 3870 1871 3924 neque

292 3953 598 4000 sanctarum
638 3945 1029 4016 Scripturarum
1072 3945 1471 4000 auctoritatibus
1496 3945 1860 4012 continentur,

291 4052 394 4093 nec
417 4039 474 4092 in
499 4039 736 4094 conciliis
756 4040 1124 4109 episcoporum
1153 4046 1346 4091 statuta
1379 4036 1736 4100 inveniuntur,
1767 4052 1870 4092 nec

291 4128 680 4184 consuetudine
716 4129 976 4184 universae
1017 4127 1275 4182 Ecclesia:
1308 4126 1554 4181 roborata
1594 4136 1738 4191 sunt,
1775 4126 1870 4182 sed

291 4231 390 4287 pro
411 4217 746 4275 diversorum
773 4219 1014 4274 locorum
1050 4217 1272 4272 diversis
1297 4217 1531 4270 moribus
1565 4216 1870 4270 innumera-

291 4309 472 4366 biliter
492 4312 782 4379 variantur,
810 4312 884 4364 ita
906 4312 1060 4366 utvix
1079 4320 1169 4364 aut
1193 4309 1410 4363 omnino
1425 4324 1692 4378 nunquam
1715 4309 1867 4363 inve-

292 4400 395 4455 niri
432 4403 640 4471 possint
671 4417 868 4468 eausm,
910 4415 1040 4471 quas
1065 4401 1117 4454 in
1147 4401 1225 4455 eis
1255 4399 1594 4454 instituendis
1623 4398 1868 4455 homines

291 4493 460 4550 secuti
491 4503 632 4558 sunt,
671 4493 758 4547 ubi
795 4492 1020 4547 facultas
1061 4491 1328 4556 tribuitur,
1362 4492 1478 4546 sine
1513 4491 1617 4544 ulla
1656 4490 1870 4546 dubita-

293 4582 437 4637 tione
483 4583 768 4638 resccanda
808 4583 1080 4638 existimo.
1107 4580 1355 4649 Quamvis
1383 4581 1524 4636 enim
1567 4595 1737 4651 neque
1764 4580 1868 4636 hoc

291 4673 515 4726 inveniri
562 4673 749 4741 possit,
792 4672 1058 4743 quomodo
1088 4680 1270 4727 contra
1313 4671 1469 4724 ﬁdem
1512 4671 1650 4736 sint;
1698 4672 1867 4740 ipsam

293 4768 467 4815 tamen
495 4763 823 4830 religionem,
854 4776 1011 4831 quam
1052 4761 1379 4830 paucissimis
1406 4769 1460 4815 et
1498 4761 1868 4816 manifestissi-

292 4853 391 4904 mis
417 4851 836 4906 celebrationem
870 4855 1212 4905 sacramentis
1239 4849 1594 4905 misericordia
1627 4851 1718 4906 Dei
1747 4866 1866 4907 esse

291 4940 517 4995 liberam
541 4940 723 5005 voluit,
750 4941 1029 4995 servilibus
1061 4941 1313 4996 oneribus
1353 4949 1615 5010 premunt,
1645 4949 1702 4995 ut
1737 4943 1870 4996 tole-

291 5033 510 5086 rabilior
539 5032 856 5086 sitconditio
879 5031 1206 5099 Juda~orum,
1233 5033 1319 5102 qui
1347 5032 1554 5086 etiamsi
1573 5043 1780 5102 tempus
1805 5032 1867 5088 li-

290 5124 514 5179 bertatis
557 5140 665 5178 non
703 5133 1055 5194 agnoverunt,
1097 5124 1353 5194 legalibus
1397 5133 1572 5178 tamen
1621 5126 1865 5193 sarcinis,

289 5229 396 5268 non
427 5213 671 5268 humanis
699 5215 1193 5285 prtcsnmptionibns
1217 5215 1583 5284 subjiciuntur.
1616 5215 1720 5271 Sed
1759 5217 1865 5272 Ec-

291 5304 456 5360 clesia
483 5305 576 5359 Dei
603 5305 738 5360 inter
767 5307 985 5360 multam
1008 5305 1210 5375 paleam
1240 5307 1510 5376 multaque
1526 5307 1722 5360 zizania
1739 5322 1866 5362 con-

292 5398 498 5465 stituta,
526 5396 688 5453 multa
711 5399 920 5465 tolerat,
941 5406 995 5453 et
1021 5405 1194 5452 tamen
1225 5413 1342 5467 quae
1356 5405 1480 5453 sunt
1505 5407 1685 5453 contra
1707 5399 1864 5454 ﬁdem

353 5509 372 5540 ⁸
394 5515 507 5561 uss.
552 5509 720 5572 plures
741 5544 756 5571 ,
779 5508 1034 5562 habeamus
1054 5506 1326 5573 exemplum
1361 5512 1408 5558 et
1429 5515 1669 5573 prteccpta
1692 5509 1752 5560 de
1773 5509 1864 5562 hac

289 5581 375 5694 Te;
397 5579 851 5685 litigrcvocavimus
885 5645 949 5683 ex
985 5638 1092 5685 uss.
1115 5627 1396 5694 [aliculam
1416 5628 1499 5693 ad,
1537 5643 1648 5694 qua:
1681 5634 1730 5682 in
1753 5633 1860 5683 add.

287 5692 609 5745 desideratur.

1467 290 1938 352 EPISTOLARUM
1977 284 2247 350 CLASSIS
2276 293 2340 349 ll.

3463 299 3570 356 29.2

1999 401 2080 456 vel
2105 403 2296 457 bonam
2323 402 2494 457 vitam
2524 415 2632 457 non
2653 402 2672 434 ¹
2717 403 3012 474 approbat,
3047 419 3148 462 nec
3182 413 3339 474 tacet,
3371 423 3469 463 nec
3494 411 3570 466 fa—

1996 492 2089 546 cit.
3613 546 3620 550 _

2065 581 2288 639 CAPUT
2312 581 2596 640 XX.—56.
2612 584 2794 655 Itaque
2819 584 2946 642 illud
2967 587 3107 658 quod
3125 590 3567 661 scripsisti,quos-

1994 671 2114 726 dam
2161 674 2350 729 fratres
2375 675 2445 728 ita
2475 682 2772 744 temperare
2793 691 2852 731 se
2882 692 2914 730 a
2937 678 3184 733 carnibus
3211 681 3465 746 edendis,
3499 689 3557 737 ut

1993 761 2291 818 immundas
2316 763 2657 831 arbitrentur,
2699 765 3033 835 apertissime
3063 777 3246 823 contra
3289 769 3446 824 ﬁdem
3473 786 3560 824 sa-

1992 868 2220 923 namque
2244 853 2537 910 doctrinam
2557 865 2658 912 est.
2683 858 2756 912 Ex
2781 857 2905 914 hinc
2928 874 3054 930 ergo
3078 861 3123 916 si
3157 860 3355 916 diutius
3377 863 3561 933 diapa-

1993 953 2106 998 tare
2142 943 2378 1013 voluero,
2406 953 2580 1015 potest
2614 949 2785 1016 putari
2809 963 2841 1003 a
2872 950 3138 1005 nonnullis
3180 953 3410 1006 obscure
3437 953 3562 1008 hinc

1992 1034 2303 1103 Apostolum
2329 1036 2677 1106 prtecepisse;
2704 1041 2792 1108 qui
2819 1039 2978 1094 etiam
3008 1042 3144 1096 inter
3169 1044 3331 1096 multa
3351 1059 3471 1113 qua:
3496 1045 3564 1100 de

1991 1123 2092 1178 hac
2119 1139 2178 1179 re
2199 1124 2354 1190 dixit,
2395 1125 2473 1180 sic
2501 1126 2793 1182 detestatus
2820 1138 2903 1184 est
2942 1130 3310 1186 hmreticorum
3340 1133 3556 1202 impiam

1991 1215 2315 1283 Opinionem,
2344 1225 2400 1272 ut
2437 1217 2638 1272 diceret
2662 1235 2676 1272 :
2717 1219 2941 1288 Spiritus
2969 1232 3133 1276 autem
3161 1225 3423 1295 manifeste
3439 1226 3562 1286 dicit

1989 1304 2108 1373 quia
2135 1304 2188 1359 in
2224 1305 2502 1360 novissimis
2544 1309 2850 1376 temporibus
2889 1311 3116 1365 recedent
3139 1314 3342 1382 quidam
3374 1331 3406 1367 a
3438 1316 3558 1384 ﬁde,

1990 1395 2298 1452 attendentes
2325 1398 2582 1468 spiritibus
2609 1399 2917 1456 seductionis
2944 1411 2989 1454 et
3022 1403 3263 1457 doctrinis
3289 1404 3564 1460 dwmoniou

1989 1503 2122 1552 rum,
2144 1487 2196 1541 in
2215 1487 2469 1558 hypocrisi
2492 1489 3000 1560 mendaciloquorum,
3030 1493 3354 1548 cauteriotam
3377 1495 3564 1550 haben-

1991 1587 2060 1632 tes
2095 1581 2445 1634 conscientiam
2473 1598 2642 1647 suam,
2684 1583 2998 1653 prohibentes
3024 1584 3228 1652 nubere,
3259 1586 3504 1641 abstinere
3531 1605 3563 1641 a

1989 1669 2109 1723 cibis
2133 1687 2257 1741 quos
2281 1670 2422 1726 Deus
2448 1674 2630 1726 crearat
2651 1674 2718 1726 ad
2742 1674 3117 1744 percipiendum
3147 1691 3259 1728 cum
3283 1678 3564 1746 gratiarum

1989 1762 2183 1816 actione
2203 1762 2451 1832 ﬁdelibus,
2481 1771 2527 1817 et
2555 1765 2617 1816 iis
2645 1764 2730 1832 qui
2759 1775 3094 1834 cognoverunt
3121 1768 3373 1820 veritatem
3403 1783 3420 1820 :
3448 1769 3564 1838 quia

1989 1853 2149 1906 omnis
2168 1863 2396 1907 creatura
2425 1853 2520 1907 Dei
2546 1853 2674 1908 bona
2695 1865 2788 1921 est,
2819 1866 2865 1909 et
2894 1858 3022 1911 nihil
3063 1857 3404 1928 abjiciendum
3431 1861 3563 1930 quod

1988 1959 2102 1996 cum
2140 1945 2414 2013 gratiarum
2446 1945 2641 1998 actione
2691 1946 2994 2016 percipitur;
3038 1949 3382 2016 sancti/icatur
3424 1950 3555 2004 enim

1989 2053 2076 2107 per
2095 2037 2293 2090 verbum
2338 2037 2432 2090 Dei
2473 2045 2518 2090 et
2565 2039 2840 2091 orationem
2862 2038 2904 2103 (Ι
2927 2039 3058 2092 Tim.
3096 2055 3169 2106 tv,
3202 2042 3221 2094 l
3250 2041 3329 2109 5).
3361 2043 3424 2095 Et
3459 2042 3563 2096 alio

1989 2127 2104 2182 loco
2123 2128 2189 2183 de
2213 2129 2296 2184 his
2325 2129 2481 2183 rebus
2503 2129 2772 2197 loquitur:
2802 2129 2986 2184 Omnia
3003 2132 3190 2185 munda
3215 2133 3446 2197 mundis;
3471 2135 3565 2187 im-

1987 2219 2185 2271 mundis
2206 2227 2372 2271 autem
2396 2227 2442 2273 et
2461 2219 2746 2292 inﬁdelibus
2773 2221 2900 2274 nihil
2923 2231 2996 2274 est
3023 2223 3303 2288 mundum;
3329 2225 3417 2278 sed
3444 2225 3560 2294 pol-

1989 2307 2093 2361 luta
2115 2317 2230 2363 sunt
2261 2325 2431 2364 eorum
2455 2318 2500 2362 et
2535 2327 2674 2364 mens
2699 2319 2742 2363 et
2767 2313 3070 2365 conscientia
3097 2312 3224 2383 (Tit.
3267 2329 3305 2376 ι,
3336 2314 3448 2386 l5).
3481 2315 3560 2370 Tu

1986 2397 2263 2468 ipse,lege
2289 2407 2501 2466 cetera,
2531 2408 2585 2454 et
2607 2399 2770 2454 recita
2791 2402 2991 2471 ;quibus
3033 2412 3208 2472 potes,
3239 2412 3298 2458 ut
3323 2421 3387 2458 ne
3419 2404 3472 2458 in
3501 2420 3562 2459 se

1987 2490 2190 2544 irritam
2223 2489 2420 2544 faciant
2441 2491 2660 2562 gratiam
2694 2491 2809 2557 Dei,
2841 2493 2961 2562 quia
2990 2493 3042 2546 in
3067 2493 3365 2550 libertatem
3389 2497 3559 2551 vocati

1984 2589 2136 2647 sunt;
2167 2589 2366 2636 tantum
2395 2596 2462 2636 ne
2489 2581 2784 2638 libertatem
2814 2583 2864 2636 in
2903 2584 3236 2639 occasionem
3265 2587 3440 2640 carnis
3471 2601 3559 2642 as-

1984 2681 2218 2738 sumant,
2238 2681 2292 2727 et
2319 2672 2439 2727 ideo
2462 2671 2572 2743 jam
2601 2674 2773 2728 nolint
2802 2673 3126 2733 refrenandae
3151 2677 3327 2731 carnis
3366 2693 3560 2732 concu-

1983 2761 2256 2831 piscentiae
2280 2776 2439 2816 causa
2468 2776 2499 2816 a
2537 2761 2859 2833 quibuslibet
2899 2765 3030 2818 cibis
3079 2776 3393 2835 temperare,
3439 2769 3559 2838 quia

1984 2869 2089 2909 non
2127 2854 2206 2914 eis
2230 2854 2551 2925 permittitur
2583 2855 2944 2924 superstitiose
2969 2867 3127 2927 atque
3163 2857 3444 2913 inﬁdeliter
3474 2858 3555 2915 fa-

1980 2959 2130 3000 cere.
3241 2963 3261 2974 ‘

2051 3037 2139 3090 57.
2182 3035 2245 3089 lli
2285 3049 2412 3091 vero
2446 3035 2535 3106 qui
2571 3034 2638 3089 de
2675 3034 2876 3105 paginis
2905 3035 3223 3105 evangelieis
3259 3046 3432 3092 sortes
3472 3038 3551 3094 le-

1978 3136 2110 3196 gunt
2149 3126 2247 3199 (a),
2276 3127 2374 3181 etsi
2422 3125 2709 3194 optandum
2755 3136 2835 3180 est
2878 3135 2936 3181 ut
2979 3127 3081 3183 hoc
3127 3129 3301 3198 potius
3338 3128 3552 3200 faciant,

1979 3233 2137 3286 quam
2183 3216 2250 3270 ad
2297 3215 2555 3270 daemonia
2610 3215 2937 3288 consulenda
2977 3229 3330 3285 concurrant;
3379 3227 3554 3274 tamen

1978 3309 2135 3363 etiam
2165 3308 2262 3362 ista
2291 3306 2420 3360 mihi
2448 3306 2689 3377 displicet
2717 3307 3043 3361 consuetudo
3062 3349 3077 3373 ,
3118 3309 3184 3362 ad
3215 3311 3419 3380 negotia
3444 3325 3550 3365 sa:-

1977 3397 2194 3464 cularia,
2231 3407 2285 3452 et
2325 3397 2391 3450 ad
2429 3397 2550 3450 vita:
2587 3397 2742 3465 hujus
2783 3398 3098 3465 vanitatem,
3145 3407 3360 3468 propter
3396 3400 3552 3454 aliam

1975 3491 2136 3544 vitam
2168 3490 2433 3560 loquentia
2458 3488 2669 3543 oracula
2701 3488 2877 3542 divina
2904 3489 3039 3544 velle
3065 3498 3394 3546 convertere.

2046 3581 2270 3637 CAPUT
2297 3581 2439 3635 XXI.
2463 3611 2536 3622 -—
2561 3581 2648 3636 58.
2690 3581 2814 3635 llaec
2855 3579 2949 3634 tibi
2985 3581 3028 3634 si
3057 3581 3187 3635 satis
3229 3598 3349 3637 esse
3389 3582 3455 3637 ad
3490 3599 3553 3638 ea

1974 3689 2092 3744 quae
2134 3673 2397 3742 requisisti
2435 3687 2540 3727 non
2575 3671 2871 3742 putaveris,
2901 3671 3057 3726 nimis
3085 3673 3295 3743 ignoras
3332 3685 3384 3728 et
3416 3674 3554 3729 vires

1975 3776 2029 3818 et
2069 3766 2441 3834 occupationes
2484 3778 2649 3818 meas.
2694 3763 2918 3818 Tantum
2963 3765 3104 3818 enim
3147 3764 3332 3820 absum
3379 3765 3445 3819 ab
3487 3781 3554 3821 eo

1975 3854 2114 3926 quod
2143 3854 2338 3925 putasti
2376 3854 2507 3909 nihil
2536 3870 2621 3909 me
2651 3855 2815 3910 latere
2834 3896 2848 3920 ,
2879 3863 2934 3909 ut
2964 3856 3175 3910 nihil'in
3205 3857 3424 3926 epistola
3463 3867 3554 3915 tua

1972 3946 2189 4016 legerim
2227 3945 2466 4011 tristius,
2503 3945 2622 4015 quia
2656 3955 2709 3998 et
2746 3946 3077 4014 apertissime
3114 3945 3302 4003 falsum
3339 3957 3458 4014 est;
3499 3957 3555 4008 et

1975 4039 2140 4092 miror
2160 4037 2278 4108 quia
2308 4037 2410 4091 hoc
2435 4045 2488 4091 te
2516 4035 2663 4100 latet,
2688 4036 2824 4106 quod
2853 4052 2956 4092 non
2983 4038 3150 4091 solum
3182 4038 3234 4093 in
3259 4040 3376 4093 aliis
3401 4041 3552 4094 innu-

1973 4127 2314 4182 merabilibus
2339 4126 2498 4180 rebus
2524 4125 2686 4178 multa
2711 4141 2794 4179 me
2820 4126 3006 4193 latent,
3031 4127 3123 4181 sed
3154 4128 3308 4181 etiam
3341 4129 3390 4181 in
3423 4130 3552 4198 ipsis

1972 4223 2168 4276 sanctis
2197 4220 2482 4290 Scripturis
2521 4220 2686 4274 multo
2726 4220 2956 4274 nesciam
2998 4220 3146 4289 plura
3175 4236 3328 4289 quam
3359 4221 3545 4275 sciam.

1971 4313 2074 4370 Sed
2105 4313 2226 4368 ideo
2261 4326 2413 4381 spem
2446 4312 2496 4364 in
2539 4311 2752 4365 nomine
2789 4309 2984 4366 Christi
3022 4326 3128 4366 non
3172 4311 3547 4366 infructuosam

1973 4419 2101 4475 gero
2121 4445 2136 4471 ,
2164 4403 2286 4474 quia
2315 4417 2420 4457 non
2451 4401 2622 4456 solum
2650 4401 2850 4456 credidi
2881 4401 2991 4456 Deo
3021 4416 3140 4456 meo
3163 4443 3178 4468 ,
3210 4401 3261 4455 in
3291 4401 3392 4456 illis
3419 4402 3550 4456 duo-

1969 4497 2068 4552 bus
2109 4496 2386 4567 prazceptis
2431 4503 2592 4549 totam
2639 4495 2828 4564 Legem
2878 4494 3276 4564 Prophetasque
3320 4496 3549 4564 pendere

1973 4586 2182 4661 (Matth.
2211 4603 2345 4654 xxu,
2371 4587 2487 4656 40),
2514 4585 2607 4640 sed
2636 4587 2796 4642 etiam
2827 4596 3075 4656 expertus
3105 4601 3242 4650 sum,
3275 4571 3550 4660 experior-

1969 4695 2074 4749 quc
2101 4678 2366 4748 quotidie;
2407 4676 2828 4747 quandoquidem
2861 4677 3059 4730 nullum
3091 4676 3218 4730 mihi
3246 4692 3552 4731 sacramen-

1972 4780 2104 4837 tum,
2129 4778 2220 4825 aut
2245 4771 2433 4838 aliquis
2466 4784 2642 4822 sermo
2671 4767 2953 4821 admodum
2988 4769 3261 4823 obscurior
3287 4769 3353 4824 de
3382 4771 3549 4824 sacris

1971 4859 2185 4915 Litteris
2209 4861 2461 4930 aperitur,
2488 4859 2576 4913 ubi
2606 4874 2708 4912 non
2748 4857 2932 4913 eadem
2963 4871 3220 4928 prmccpta
3248 4862 3504 4929 reperiam
3531 4878 3545 4914 :

1971 4950 2118 5006 Finis
2138 4951 2266 5004 enim
2302 4949 2536 5020 pra'cepti
2570 4958 2640 5002 est
2668 4949 2884 5003 Charitas
2906 4948 2968 5002 de
3000 4950 3148 5003 corde
3182 4967 3326 5019 puro,
3352 4961 3397 5002 et
3428 4967 3548 5002 con-

2035 5104 2054 5136 ι
2078 5103 2153 5152 sic
2174 5103 2222 5150 in
2245 5101 2377 5164 prius
2399 5101 2610 5164 excusis.
2638 5105 2693 5150 At
2713 5100 2762 5149 in
2781 5106 2890 5164 Mss,
2914 5099 3164 5162 plerisque
3187 5099 3412 5160 habetur,
3437 5112 3548 5163 quia

1972 5170 2085 5216 sunt
2106 5159 2270 5214 contra
2289 5161 2438 5226 [idem
2456 5175 2544 5213 nec
2565 5160 2710 5212 bonus
2721 5159 2967 5226 approbat,
2993 5159 3239 5221 nec'tacet,
3267 5168 3364 5210 etc.

2035 5269 2108 5342 (α)
2132 5265 2558 5342 miseritum“,
2575 5273 3086 5342 “semermem:
3105 5267 3180 5342 ..ιιι
3205 5266 3548 5342 lanistae!!!-

1972 5325 2063 5380 lari
2081 5325 2190 5380 anni
2222 5330 2316 5378 789
2336 5325 2520 5378 "exstat
2541 5325 2800 5388 capitulum
2816 5327 2880 5375 ιε
2907 5343 2930 5372 ι
2963 5333 3017 5376 Ut
3038 5326 3198 5377 nullus
3220 5327 3266 5374 in
3290 5325 3516 5375 Psalterio
3529 5360 3546 5385 ,

1976 5410 2000 5439 ι
2023 5393 2102 5442 vel
2121 5393 2170 5440 in
2193 5389 2469 5452 Evangelio,
2495 5388 2574 5439 vel
2593 5390 2641 5452 in
2661 5388 2767 5438 aliis
2785 5389 2936 5438 rebus
2948 5390 3131 5452 sortire
3164 5395 3436 5449 pra‘sumat,
3456 5400 3548 5438 nec

1975 5471 1998 5500 α
2017 5450 2342 5503 divinationes
2358 5450 2544 5513 aliquas
2569 5451 2833 5513 observare
2855 5462 2869 5498 :
2892 5450 2989 5513 λιιι
3007 5450 3266 5513 quodaute
3291 5454 3550 5513 vetuerant

1966 5509 2464 5586 egticiliasgathense
2486 5509 2852 5586 anni
2879 5509 3316 5586 {ﬁsurclimnan
3347 5511 3458 5586 5ft,
3498 5522 3543 5586 ς)

1966 5578 2057 5638 '50;
2085 5571 2515 5638 Autissiodurense,
2550 5585 2629 5620 an.
2661 5573 2772 5631 578,
2804 5571 2921 5638 c.__4.
2958 5581 3166 5638 Qiioirun
3204 5578 3367 5638 autem
3405 5571 3547 5620 modo

1967 5631 2111 5688 ﬁeret
2129 5636 2254 5705 istud
2273 5634 2688 5705 sortilegiigenns
2704 5633 2978 5705 periimus
2995 5633 3200 5705 divinos,
3223 5631 3442 5684 addisces
3481 5644 3544 5682 es

1971 5709 2024 5750 v.
2045 5707 2093 5749 (2.
2112 5698 2336 5762 Stephani
2359 5692 2584 5746 Baluzii'u
2618 5697 2681 5745 tis
2701 5692 2750 5744 in
2774 5694 2898 5745 idem
2918 5692 3192 5752 catitulum.
