4090 6356
555 339 663 399 *ὶὶῦ

477 485 480 488 .
550 445 755 498 scientia
774 444 906 499 bona
924 453 970 500 et
988 445 1090 513 ﬁde
1117 460 1216 500 non
1237 444 1354 515 ﬁcta
1377 441 1420 515 (Ι
1450 442 1581 498 Tim.
1604 454 1644 509 ι,
1669 439 1758 511 5);
1781 449 1835 496 ct
1868 438 2127 510 plenitudo

549 539 675 609 legis
699 539 919 592 charitas
947 537 1122 608 (Rom.
1153 553 1267 604 xm,
1291 536 1402 607 10).
1662 561 1683 571 -

621 629 711 685 39.
754 630 932 700 Itaque
969 640 1024 685 et
1061 639 1116 684 tu
1137 673 1152 696 ,
1180 628 1488 686 charissime
1507 667 1522 692 ,
1551 627 1663 680 sive
1705 624 1802 680 ista
1820 666 1835 690 ,
1862 625 1974 678 sive
2000 623 2124 688 alia,

550 720 631 775 sic
669 720 784 791 lege
807 762 822 786 ,
855 722 932 775 sic
961 720 1106 775 disce
1126 761 1138 782 ,
1171 729 1229 773 ut
1256 716 1560 772 memineris
1585 715 1858 770 verissime
1883 714 2079 768 dictum
2107 730 2122 766 :

554 808 777 871 scientia
806 812 972 881 inﬂat,
1005 811 1222 865 charitas
1249 809 1466 878 wdiﬁcat
1495 807 1553 878 (l
1581 807 1698 862 Cor.
1729 822 1843 872 vm,
1876 807 1899 860 1
1925 806 1963 876 ).
1993 805 2128 859 Cha-

546 900 677 954 ritas
702 910 877 956 autem
907 918 1008 955 non
1036 901 1322 965 wnmlatur,
1349 915 1449 953 non
1477 899 1642 969 inﬂat.
1667 897 1753 953 Sic
1782 897 1956 967 itaque
1979 895 2127 950 adhi-

549 989 745 1046 beatur
776 993 991 1047 scientia
1022 1000 1268 1060 tanquam
1294 991 1532 1045 machina
1558 989 1818 1060 quasdam,
1846 1003 1942 1057 per
1967 1003 2125 1057 quam

549 1087 815 1134 structura
838 1080 1108 1134 charitatis
1132 1089 1371 1149 assurgat
1393 1096 1509 1148 quae
1534 1086 1745 1133 maneat
1769 1077 2122 1142 in'mternum,

548 1170 707 1224 etiam
737 1185 855 1224 cum
885 1169 1104 1224 scientia
1145 1169 1448 1224 destruetur
1477 1168 1602 1242 (Id.
1632 1185 1746 1236 xm,
1775 1169 1828 1235 4,
1861 1166 1934 1238 8)
1959 1183 1974 1232 ;
2006 1183 2125 1242 qua:

547 1261 615 1315 ad
660 1261 817 1315 linem
859 1261 1132 1317 charitatis
1171 1261 1401 1316 adhibita
1438 1262 1658 1316 multum
1699 1271 1781 1315 est
1821 1261 1997 1326 utilis;
2033 1275 2127 1329 per

548 1364 609 1405 se
633 1361 808 1406 autem
838 1351 947 1421 ipsa
978 1353 1092 1408 sine
1119 1353 1206 1406 tali
1235 1353 1367 1416 line,
1393 1367 1499 1407 non
1526 1352 1686 1406 modo
1715 1351 2001 1422 superﬂua,
2030 1351 2124 1406 sed

550 1440 711 1494 etiam
760 1443 1052 1512 perniciosa
1098 1443 1313 1512 probata
1353 1454 1454 1498 est.
1496 1443 1618 1498 Scio
1655 1451 1831 1497 autem
1871 1459 2026 1513 quam
2069 1450 2124 1498 te

545 1532 798 1602 cogitatio
832 1542 1011 1588 sancta
1037 1535 1297 1588 custodiat
1327 1534 1427 1588 sub
1456 1535 1765 1590 umbraculo
1788 1535 1990 1588 alarum
2022 1535 2126 1588 Do-

545 1623 674 1676 mini
702 1623 794 1679 Dei
825 1626 1011 1680 nostri.
1051 1625 1154 1680 Sed
1186 1624 1306 1680 ideo
1331 1625 1465 1686 haec.
1498 1625 1597 1680 etsi
1623 1625 1885 1690 breviter,
1919 1625 2119 1692 monui,

543 1714 794 1782 quoniam
825 1715 947 1769 novi
977 1715 1215 1770 eamdem
1259 1716 1426 1784 ipsam
1456 1715 1766 1770 eharitatem
1799 1725 1939 1769 tuam
1961 1757 1974 1780 ,
2003 1729 2121 1784 qua:

543 1820 649 1858 non
677 1806 956 1860 tumulatur
975 1847 988 1872 ,
1015 1805 1153 1862 hanc
1180 1806 1458 1876 epistolam
1487 1806 1664 1860 multis
1693 1805 1931 1860 daturam
1962 1814 2120 1876 atque

541 1895 815 1951 lecturum.

1015 1987 1342 2044 EPISTOLA
1375 1987 1486 2042 LVI
1515 1991 1533 2011 ·
1559 1986 1657 2059 (a).

540 2077 848 2149 Augustinus
883 2079 958 2133 ad
983 2079 1219 2145 Celerem,
1255 2080 1439 2150 jubens
1477 2074 1589 2134 eum
1619 2079 1917 2133 Litterarum
1944 2096 2117 2133 sacra-

533 2181 538 2185 ‘
610 2187 723 2223 rum
749 2171 912 2225 studio
938 2171 1235 2239 incumbere,
1261 2181 1316 2225 ut
1344 2172 1504 2226 discat
1530 2173 1658 2226 hanc
1684 2174 1830 2226 vitam
1852 2173 2118 2228 collatione

612 2272 812 2316 (eterna:
835 2279 939 2317 esse
960 2267 1154 2335 fumum
1174 2282 1193 2329 ;
1215 2273 1260 2318 et
1281 2264 1660 2318 Donatistarum
1681 2274 1813 2318 secta
1832 2282 1885 2319 se
1902 2264 2112 2319 abdicet.

543 2373 768 2428 Domino
808 2374 1003 2429 eximio
1035 2377 1328 2444 meritoque
1369 2374 1659 2428 honorabili
1695 2384 1750 2429 et
1775 2374 2117 2429 dilectissimo

558 2528 566 2536 1
927 2465 1039 2520 lilio
1062 2464 1262 2519 Cenem
1286 2505 1301 2529 ,
1331 2465 1657 2522 AUGUSTINUS
1685 2467 1723 2518 ¹.

611 2557 664 2610 1.
706 2555 957 2611 Promissi
1002 2557 1104 2610 mei
1141 2567 1194 2610 et
1222 2565 1324 2611 tua:
1364 2556 1647 2616 voluntatis
1691 2557 1967 2610 immemor
2010 2571 2116 2610 non

539 2665 678 2703 smn.
698 2647 801 2704 Sed
821 2649 1066 2718 quoniam
1088 2648 1468 2706 visitandarum
1491 2649 1832 2704 ecclesiarum
1855 2647 1918 2702 ad
1945 2663 2115 2701 meam

537 2740 916 2816 pertinentium
957 2755 1138 2794 curam
1180 2740 1495 2794 necessitate
1538 2738 1805 2808 profectus
1842 2752 1988 2804 smn,
2017 2753 2118 2792 nec

537 2844 635 2900 per
660 2846 745 2884 me
773 2830 886 2900 ipse
911 2831 1146 2886 debitum
1174 2831 1426 2897 continuo
1450 2831 1672 2886 reddere
1700 2831 1843 2899 potui
1869 2848 1880 2882 :
1907 2845 1993 2884 me
2021 2829 2115 2883 tibi

537 2909 718 2977 tamen
749 2922 946 2976 diutius
986 2922 1178 2977 debere
1216 2922 1394 2988 nolui,
1423 2921 1560 2993 quod
1591 2929 1772 2992 posset
1806 2930 1859 2976 et
1901 2936 1985 2974 mc
2017 2921 2112 2974 ha—

539 3010 702 3066 bente
741 3011 1026 3067 redhiberi.
1055 3012 1283 3067 Proinde
1323 3012 1632 3066 charissima
1662 3011 1768 3065 filio
1809 3011 2114 3082 presbytero

547 3101 738 3171 Optato
766 3103 1040 3174 delegavi,
1071 3113 1129 3158 ut
1156 3105 1235 3167 eis
1260 3101 1406 3158 horis
1431 3118 1559 3173 quas
1594 3103 1684 3156 tibi
1711 3103 2114 3172 Opportuniores

538 3193 736 3250 videris
757 3237 772 3263 ,
805 3205 976 3250 tecum
1007 3195 1147 3265 legat
1173 3210 1234 3249 ea
1264 3211 1380 3265 quae
1407 3194 1669 3263 pollicitus
1695 3209 1809 3248 sum
1838 3213 1850 3249 :
1878 3209 1996 3248 cum
2030 3203 2112 3248 to-

533 3297 644 3340 tum
672 3286 782 3341 ﬁeri
821 3302 976 3356 posse
1013 3286 1366 3357 persenserit,
1400 3287 1499 3340 hoc
1525 3286 1682 3341 etiam
1714 3287 1999 3342 Eximielas
2027 3295 2112 3348 tua

534 3393 692 3446 quam
722 3387 870 3447 grate
908 3379 1200 3450 acceperit,
1233 3387 1337 3432 tam
1367 3379 1587 3449 impigre
1615 3387 1772 3448 atque
1806 3379 2000 3438 acriter
2036 3380 2112 3434 fa-

533 3482 658 3523 cere
688 3469 946 3524 suadebit.
971 3470 1233 3537 Quantum
1260 3479 1435 3525 autem
1459 3479 1509 3524 te
1529 3471 1763 3540 diligam,
1787 3472 2112 3526 salubribus-

533 3573 636 3630 que
683 3559 869 3626 studiis
908 3559 962 3614 in
1005 3575 1180 3614 rerum
1223 3559 1518 3615 divinarum
1561 3569 1715 3629 atque
1761 3559 2108 3617 humanarum

532 3651 832 3720 cognitione
857 3650 1113 3706 oblectari
1139 3660 1294 3722 atque
1319 3652 1554 3713 exerceri
1581 3652 1758 3720 velim,
1781 3651 1942 3708 credo
1969 3653 2110 3722 quod

532 3740 732 3810 optime
762 3741 1044 3812 intelligas.

601 3831 656 3884 2.
698 3829 1018 3886 Charitatem
1046 3830 1205 3898 ol‘licii
1235 3832 1338 3887 mei
1369 3832 1412 3886 si
1450 3847 1552 3886 non
1591 3834 1912 3901 aspernaris,
1951 3849 2110 3905 spero

532 3922 588 3990 in
617 3922 727 3991 ipsa
761 3921 862 3978 title
888 3923 1173 3979 christiana
1193 3965 1208 3990 ,
1236 3932 1293 3978 et
1329 3924 1380 3978 in
1413 3924 1649 3978 moribus
1673 3923 1781 3995 jam
1813 3926 1883 3980 ita
1913 3927 2109 3982 consti-

532 4019 661 4066 tuta:
690 4028 928 4082 persona:
955 4023 1056 4068 tua:
1085 4015 1331 4084 congruis
1351 4055 1364 4078 ,
1398 4015 1528 4070 tales
1556 4023 1606 4069 te
1645 4025 1926 4084 provectus
1955 4017 2106 4072 habi-

531 4112 728 4169 turum,
774 4113 832 4169 ut
877 4105 1035 4174 hujus
1081 4105 1210 4162 fumi
1249 4107 1330 4161 vel
1369 4107 1580 4176 vaporis
1623 4110 1950 4176 temporalis,
1989 4127 2107 4180 qua:

529 4194 636 4248 vita
664 4194 890 4250 humana
921 4195 1129 4264 dicitur,
1160 4197 1399 4251 ultimum
1427 4197 1588 4262 diem,
1620 4213 1776 4268 quem
1808 4200 1935 4254 nulli
1961 4217 2106 4255 mor-

530 4290 712 4354 talium
744 4288 945 4344 evitare
970 4288 1308 4354 conceditur,
1340 4289 1420 4344 vel
1451 4289 1637 4344 avidus
1667 4291 1749 4346 vel
1777 4307 1994 4346 securus
2022 4294 2106 4347 vel

530 4389 678 4434 certe
700 4395 806 4433 non
826 4381 1105 4449 desperate
1130 4380 1408 4447 sollicitus,
1430 4395 1534 4434 non
1561 4381 1613 4435 in
1638 4369 1865 4437 vanitate
1886 4384 2103 4450 erroris,

529 4469 626 4524 sed
653 4470 705 4524 in
733 4468 1000 4524 soliditate
1027 4469 1260 4524 veritatis
1283 4480 1580 4540 exspectes.
1603 4470 1769 4540 Quam
1798 4481 2000 4526 certum
2026 4483 2108 4528 cst

530 4559 673 4613 enim
701 4558 792 4614 tibi
821 4560 999 4615 vivere
1030 4568 1080 4614 te
1100 4600 1113 4624 ,
1153 4568 1258 4613 tam
1287 4559 1356 4613 sit
1384 4569 1585 4616 certum
1625 4561 1863 4616 doctrina
1889 4563 2106 4618 salutari

528 4651 684 4705 istam
727 4651 888 4705 vitam
927 4667 1046 4722 quae
1079 4651 1129 4706 in
1174 4651 1378 4707 deliciis
1419 4653 1795 4726 temporalibus
1831 4655 2020 4723 agitur,
2052 4655 2105 4708 in

527 4743 920 4812 comparatione
958 4744 1080 4798 vitae
1121 4752 1335 4801 (eterna:
1374 4758 1491 4814 qua:
1531 4743 1682 4798 nobis
1716 4759 1813 4814 per
1839 4742 2105 4798 Christum

527 4844 684 4905 atque
715 4836 768 4894 in
797 4835 1006 4891 Christo
1047 4836 1369 4906 promittitur
1389 4877 1403 4901 ,
1437 4850 1541 4890 non
1572 4835 1731 4890 vitam
1758 4835 1852 4890 scd
1881 4845 2104 4890 mortem

527 4940 648 4979 esse
673 4924 1044 4994 deputandum.
1073 4926 1230 4986 Nullo
1268 4927 1427 4982 modo
1455 4937 1631 4982 autem
1663 4927 2010 4982 dubitaverim
2039 4927 2106 4983 de

527 5016 707 5072 indole
737 5023 823 5070 tua
848 5057 862 5081 ,
892 5017 1031 5086 quod
1062 5019 1158 5071 ista
1188 5017 1574 5073 consuetudine
1604 5017 1992 5071 Donatistarum
2026 5017 2104 5070 fa-

527 5107 726 5162 cillime
756 5116 805 5161 te
834 5108 1109 5173 extrahas,
1140 5108 1182 5162 si
1215 5108 1611 5178 religiosissime
1651 5108 1818 5177 ipsam
1852 5107 2105 5169 christia-

525 5210 648 5251 nam
679 5198 958 5266 puritatem
989 5214 1092 5252 non
1132 5198 1552 5267 parvipenderis.
1579 5199 1748 5265 Quam
1779 5200 2106 5255 inconcussis

590 5331 681 5378 Itu
725 5329 956 5383 \‘aticanis
995 5336 1102 5380 Mss.
1137 5329 1361 5390 additur,
1399 5328 1451 5384 in
1487 5328 1688 5381 Domino
1726 5328 1942 5380 salutem.
1967 5330 2106 5382 Celer

525 5403 670 5452 porro
712 5391 789 5440 cui
815 5389 937 5453 haec
982 5392 1184 5453 Epistola
1226 5393 1469 5450 scribitur,
1509 5389 1896 5453 proconsulatum
1940 5392 2107 5443 Africa:

525 5449 679 5514 gessit
701 5466 778 5499 an.
801 5449 909 5514 429,
932 5455 1002 5502 uti
1015 5449 1086 5502 ἐχ
1121 5454 1247 5504 datis
1269 5453 1326 5501 ad
1350 5449 1721 5514 ipsum'legibus
1736 5451 2040 5514 intelligitur.

590 5513 603 5530 ‘
625 5519 828 5621 repetita
852 5513 1028 5622 illloﬂss.
1055 5522 1240 5565 tantum
1262 5513 1544 5563 Corbeieusi
1567 5520 1621 5562 et
1642 5513 1833 5562 duobus
1857 5513 2105 5575 Vaticanis,

546 5584 626 5620 πω
649 5587 704 5621 er
727 5587 755 5621 c
794 5587 805 5620 ι
833 5609 844 5621 .
932 5589 977 5624 v.

1093 5643 1256 5696 autem
1275 5634 1337 5687 {i6
1359 5642 1482 5696 erat,
1507 5647 1632 5685 nunc
1655 5633 1756 5684 ll8.
1783 5637 1960 5696 Scripta
1985 5636 2107 5688 forte

526 5707 620 5747 cu"
700 5708 744 5745 η.
796 5704 802 5712 ·
855 5731 868 5745 .

524 5707 646 5748 (πω
669 5707 744 5746 an.
771 5704 868 5747 ωυ.

1744 324 1804 382 S.
1844 318 2210 379 AIIGUSTINI
2247 319 2544 380 EPISCOPI

3702 331 3809 387 221

2234 433 2377 488 enim
2405 433 2843 490 documentorum
2871 434 3216 492 firmamentis
3243 449 3395 492 error
3419 435 3506 492 ille
3529 438 3810 495 convinca-

2231 536 2333 594 tur,
2366 545 2470 586 non
2496 549 2744 603 magnum
2769 542 2850 588 est
2877 534 3034 588 eliam
3070 533 3234 590 tardis
3265 535 3506 606 ingenio,
3533 539 3577 591 si
3605 545 3808 594 tantum

2232 619 2494 689 patienter
2521 633 2679 694 atque
2709 625 2911 680 intente
2952 624 3215 680 audierint
3236 667 3252 692 ,
3279 626 3573 696 pervidere.
3603 627 3712 684 Sed
3741 630 3809 685 ad

2230 713 2534 768 sectandam
2579 717 2842 770 insolitam
2881 717 3248 772 rectitudinem
3273 757 3288 782 ,
3318 719 3524 773 usitatae
3563 729 3617 775 et
3656 723 3810 790 quasi

2226 799 2506 858 Lamiliaris
2527 808 2885 874 pervcrsitatis
2906 808 3169 862 vinculum
3191 809 3527 880 abrumpere,
3547 812 3813 880 majorum

2227 892 2418 947 virium
2469 903 2568 949 est.
2612 896 2676 950 Et
2721 912 3049 968 nequaquam
3092 899 3481 970 desperandum
3525 901 3816 970 adjuvante

2229 991 2387 1051 atque
2415 984 2728 1040 exhortante
2761 987 2876 1056 ipso
2915 989 3138 1043 Domino
3164 991 3272 1044 Deo
3298 999 3482 1046 nostro
3504 1031 3519 1054 ,
3545 992 3612 1046 de
3639 1008 3812 1062 gene-

2229 1086 2347 1126 rosa
2375 1073 2638 1140 libertate,
2673 1087 2827 1146 atque
2856 1077 3011 1150 plane
3042 1079 3178 1133 virili
3211 1089 3423 1149 pectore
3452 1090 3562 1136 tuo.
3595 1081 3808 1138 Incolu-

2228 1179 2366 1218 mem
2400 1173 2450 1219 te
2480 1166 2686 1221 Domini
2720 1169 2810 1223 Dei
2839 1171 3002 1224 nostri
3035 1172 3398 1226 misericordia
3431 1182 3673 1242 tueatur,
3702 1174 3804 1230 do-

2225 1255 2368 1310 mine
2387 1256 2581 1312 eximie
2599 1258 2893 1329 meritoque
2919 1261 3245 1317 honorabilis
3267 1271 3321 1317 et
3344 1262 3685 1320 dilectissime
3706 1265 3800 1320 ﬁli.

2684 1369 3012 1426 EPISTOLA
3049 1371 3184 1426 Lvu
3217 1377 3236 1396 ο
3263 1371 3359 1446 (a).

2225 1475 2566 1546 Augustinus,
2605 1479 2730 1534 libro
2757 1480 2977 1551 quodam
3003 1498 3096 1536 suo
3139 1483 3191 1536 in
3227 1500 3338 1537 eam
3367 1502 3471 1539 rem
3497 1488 3797 1558 conscripto,

2296 1568 2516 1624 Celerem
2551 1571 2889 1637 instruxerat,
2921 1589 3058 1626 mera
3096 1573 3296 1627 levitate
3333 1574 3621 1635 Donatista:
3655 1594 3710 1632 se
3737 1579 3799 1632 ab

2296 1659 2523 1717 Ecclesia
2552 1663 2798 1721 catholica
2824 1682 3108 1736 segregasse
3131 1683 3149 1720 :
3172 1669 3272 1734 cui,
3304 1669 3349 1722 si
3374 1686 3432 1723 eo
3455 1671 3625 1724 codice
3647 1673 3797 1727 satis-

2292 1756 2483 1822 factum
2509 1770 2609 1808 uon
2639 1755 2722 1820 sit,
2746 1757 2986 1825 promittit
3011 1757 3177 1810 adhuc
3205 1759 3414 1828 scripta.
3442 1759 3508 1813 In
3534 1762 3654 1830 ﬁne,
3683 1779 3799 1816 cum

2291 1846 2454 1899 amico
2493 1847 2712 1925 quodam
2757 1849 3042 1918 donatista,
3084 1849 3244 1905 Celeri
3290 1851 3526 1920 subdito,
3573 1857 3800 1924 conferre

2291 1939 2446 2008 cupit.

2221 2050 2446 2106 Domino
2472 2050 2819 2106 dilectissimo
2849 2052 3144 2122 meritoque
3185 2053 3480 2109 honorabili
3521 2069 3584 2110 ac
3623 2055 3795 2110 susei-

2291 2140 2482 2208 piendo
2524 2142 2632 2197 tilio
2676 2143 2908 2209 (ἒειειιι,
2937 2144 3308 2210 Accus'rtuus,
3351 2145 3403 2199 in
3443 2145 3664 2201 Domino
3705 2161 3795 2202 sa-

2291 2232 2474 2286 lutem.

2294 2343 2344 2396 1.
2386 2342 2592 2396 Nullam
2622 2342 2785 2398 fuisse
2815 2343 3012 2414 justam
3039 2357 3252 2399 causam
3274 2385 3288 2410 ,
3315 2359 3410 2400 cur
3433 2346 3499 2401 ab
3527 2347 3656 2402 orbe
3686 2356 3797 2402 ter-

2219 2450 2418 2501 rarum,
2450 2450 2556 2506 quo
2597 2437 2831 2491 Ecclesia
2871 2436 3129 2490 catholica
3173 2438 3459 2492 secundum
3487 2439 3794 2509 prophetica

2219 2533 2274 2578 et
2315 2525 2615 2594 evangeliea
2662 2525 2922 2594 promissa
2964 2525 3296 2590 diffunditur,
3342 2542 3401 2582 se
3441 2542 3564 2597 pars
3607 2528 3794 2582 Donati

2217 2617 2512 2682 dirimeret,
2539 2618 2701 2672 credo
2722 2617 2863 2688 quod
2887 2618 3050 2687 magis
3076 2633 3285 2688 quoque
3309 2619 3650 2674 considerans
3670 2635 3793 2689 pru-

2219 2707 2396 2762 dentia
2430 2717 2515 2762 tua
2561 2708 2806 2763 facillime
2850 2708 3114 2778 intelligit.
3143 2710 3218 2764 De
3245 2725 3345 2779 qua
3375 2725 3431 2764 re
3451 2752 3464 2776 ,
3499 2711 3542 2764 si
3569 2710 3796 2780 diligen-

2219 2800 2322 2854 tior
2346 2799 2630 2869 disputatio
2659 2801 2956 2856 necessaria
2999 2811 3079 2856 est
3099 2842 3114 2867 ,
3142 2802 3357 2856 memini
3387 2818 3472 2858 me
3511 2803 3575 2856 ad
3614 2803 3796 2873 legen-

2218 2888 2342 2942 dum
2373 2889 2582 2945 dedisse
2623 2889 3007 2946 benevolentiae
3043 2901 3146 2947 tute
3187 2892 3424 2947 codicem
3447 2935 3461 2958 ,
3487 2907 3605 2946 cum
3648 2893 3699 2946 id
3743 2900 3796 2948 te

2218 2980 2414 3048 petisse
2443 2980 2788 3036 charissimus
2817 2983 2966 3049 mihi,
2995 2992 3115 3037 tuus
3139 2985 3156 3014 ¹
3186 2982 3343 3052 ﬁlius,
3379 2998 3528 3038 meus
3552 2984 3796 3038 Caecilius

2217 3068 2512 3124 intimasset
2537 3087 2551 3136 ;
2578 3072 2667 3140 qui
2693 3071 2858 3127 codex
2887 3088 2988 3126 non
3017 3073 3198 3142 paucis
3223 3073 3408 3128 diebus
3433 3073 3570 3143 apud
3597 3085 3649 3128 te
3675 3072 3793 3127 fuit.

2216 3159 2384 3227 Quem
2428 3163 2473 3216 si
2520 3163 2596 3217 rei
2645 3163 2800 3233 hujus
2845 3164 3226 3235 cognoscendae
3269 3165 3477 3230 studio,
3527 3165 3608 3220 vel
3657 3165 3796 3221 inter

2216 3251 2591 3318 occupationes
2626 3260 2741 3307 tuas
2785 3253 2962 3324 legere
3003 3255 3115 3309 sive
3145 3255 3355 3309 voluisti
3397 3257 3510 3311 sive
3555 3256 3790 3324 potuisti,

2216 3355 2322 3394 non
2364 3339 2548 3396 dubito
2589 3344 2911 3413 comperisse
2954 3344 3290 3414 prudentiam
3335 3353 3475 3399 tuam
3525 3346 3657 3400 nihil
3700 3361 3796 3401 eos

2214 3429 2412 3486 habere
2439 3433 2578 3502 quod
2607 3433 2946 3502 probabiliter
2983 3436 3366 3490 contradicant.
3398 3437 3464 3490 Et
3501 3437 3546 3491 si
3585 3437 3710 3506 quid
3743 3447 3796 3494 te

2214 3523 2350 3579 forte
2395 3525 2568 3580 adhuc
2613 3535 2813 3594 movet,
2849 3537 3103 3598 quantum
3148 3529 3288 3584 Deus
3333 3529 3496 3584 donat
3540 3544 3602 3584 ac
3645 3530 3790 3597 sinit,

2213 3615 2350 3672 forte
2389 3619 2682 3687 poterimus
2719 3620 3043 3689 respondere
3087 3621 3452 3692 interroganti,
3491 3632 3582 3676 aut
3610 3622 3677 3677 ad
3718 3622 3795 3678 le-

2212 3707 2438 3776 gendum
2467 3708 2648 3763 itidem
2676 3709 2870 3779 aliquid
2898 3709 3046 3775 dare,
3076 3710 3290 3765 domine
3315 3711 3657 3767 dilectissime
3681 3725 3794 3767 me.

2212 3796 2419 3867 ritoque
2447 3797 2772 3853 honorabilis
2800 3813 2863 3854 ae
2888 3800 3225 3870 suscipiende
3253 3800 3344 3854 fili.

2281 3887 2335 3941 2.
2376 3887 2709 3959 Quapropter
2751 3897 2874 3958 peto
2922 3890 3179 3946 unitatem
3225 3891 3540 3948 catholicam
3589 3891 3791 3964 regioni

2212 3977 2534 4048 Ilipponensi
2566 3981 2585 4011 ³
2616 3980 2921 4048 diligentius
2953 3981 3296 4037 commendes
3335 3982 3636 4037 hominibus
3664 3984 3788 4050 tuis,

2213 4069 2440 4124 maxime
2479 4068 2704 4123 Paterno
2740 4080 2794 4123 et
2821 4069 3103 4124 Maurusio.
3137 4059 3475 4141 Vigilantiam
3511 4071 3685 4127 cordis
3714 4072 3791 4128 tui

2211 4159 2352 4222 novi,
2372 4173 2470 4213 nec
2495 4173 2628 4228 opus
2652 4168 2752 4226 cst,
2767 4160 3013 4227 arbitror,
3029 4160 3177 4230 plura
3201 4161 3464 4228 scribere;
3487 4177 3604 4218 cum
3627 4163 3671 4218 si
3698 4178 3793 4222 vo-

2212 4250 2396 4317 lucris,
2414 4250 2658 4306 facillime
2680 4252 2869 4320 possis,
2893 4262 2945 4307 et
2965 4253 3088 4323 quid
3109 4254 3196 4308 alii
3219 4264 3403 4309 curent
3423 4263 3476 4310 et
3495 4264 3715 4311 caveant
3737 4256 3791 4312 in

2211 4341 2634 4409 possessionibus
2655 4342 2776 4405 tuis,
2801 4343 2930 4397 etin
2949 4359 3006 4398 re
3033 4352 3116 4399 tua
3138 4344 3265 4414 quid
3288 4355 3473 4414 agatur
3491 4346 3787 4402 addiscere.

2212 4431 2268 4486 In
2297 4447 2354 4486 re
2383 4441 2468 4486 tua
2498 4447 2616 4487 esse
2637 4474 2653 4500 ,
2685 4433 2827 4487 mihi
2840 4434 2992 4488 valde
3026 4434 3346 4490 affirmatum
3379 4445 3462 4490 est
3481 4478 3496 4502 ,
3526 4437 3788 4504 amicum,

2209 4535 2330 4575 cum
2357 4537 2462 4592 quo
2486 4523 2641 4592 cupio
2665 4523 3018 4587 concordare;
3050 4533 3170 4594 peto
3194 4527 3372 4581 faveas
3395 4527 3458 4581 ad
3487 4526 3622 4582 hanc
3649 4542 3786 4594 rem,

2210 4621 2269 4666 ut
2301 4621 2354 4667 et
2381 4614 2520 4667 inter
2545 4611 2785 4668 homines
2819 4629 3060 4687 magnam
3092 4616 3301 4672 Iaudem
3325 4659 3338 4684 ,
3369 4627 3420 4672 et
3449 4617 3589 4687 apud
3622 4618 3785 4672 Deum

2210 4702 2407 4758 habeas
2428 4718 2669 4773 magnam
2696 4703 2994 4758 mercedem
3013 4722 3024 4757 :
3043 4705 3152 4774 jam
3174 4707 3314 4761 enim
3339 4707 3464 4760 mihi
3490 4723 3583 4776 per
3601 4722 3788 4777 quern-

2209 4793 2331 4848 dam
2357 4793 2550 4847 Carum
2576 4793 2596 4825 ³
2624 4794 2892 4862 utriusque
2915 4803 3150 4848 nostrum
3174 4795 3402 4850 medium
3427 4797 3783 4861 mandaverat,

2211 4901 2269 4942 se
2295 4887 2472 4942 nescio
2497 4901 2629 4956 quos
2655 4886 2917 4940 violentos
2945 4900 3070 4940 suos
3093 4887 3280 4942 timere
3312 4903 3378 4943 ne
3408 4888 3623 4949 faceret,
3655 4903 3788 4957 quos

2211 4977 2265 5032 in
2295 4993 2352 5033 re
2382 4986 2466 5032 tua
2494 4986 2549 5032 et
2588 4985 2638 5031 te
2666 4976 2876 5031 favente
2917 4977 3106 5032 timere
3142 4993 3246 5031 non
3277 4979 3507 5048 paterit;
3540 4993 3638 5033 nec
3677 4979 3790 5048 ipse

2212 5069 2266 5122 in
2293 5083 2358 5123 eo
2382 5068 2546 5123 debes
2575 5067 2794 5136 diligere
2819 5081 2924 5121 non
2950 5069 3300 5121 constantiam
3320 5110 3333 5130 ,
3368 5069 3460 5122 scd
3487 5070 3640 5137 plane
3666 5084 3787 5137 pcr-

2212 5159 2480 5213 tinaeiam.
2530 5157 2705 5227 Turpe
2746 5167 2832 5212 est
2871 5158 3010 5212 enim
3057 5167 3261 5213 mutare
3306 5159 3644 5222 sententiam,
3693 5159 3788 5214 sed

2277 5332 2370 5439 ltrtn
2392 5327 2604 5402 editione
2637 5333 2749 5376 nov.
2764 5326 2926 5388 deest,
2948 5334 3073 5379 tuus.
3099 5335 3155 5378 At
3175 5327 3357 5379 habent
3376 5334 3484 5378 Mss.
3506 5327 3714 5377 Vaticani
3739 5333 3789 5378 et

2313 5403 2449 5439 nam.

2208 5391 2449 5441 Gallicani.

2273 5457 2294 5486 ³
2319 5460 2446 5500 Unus
2469 5463 2500 5499 e
2521 5451 2666 5514 \jatic.
2688 5456 2818 5510 Mss,
2836 5447 3045 5514 regionis
3068 5446 3398 5513 Hipponensis.

2277 5517 2298 5547 ³
2322 5521 2428 5562 Iov.
2452 5511 2844 5574 omittitCarum.
2867 5510 2994 5574 q'uod
3018 5510 3194 5559 nomen
3214 5525 3281 5574 ex
3319 5517 3424 5561 Mss.
3466 5511 3782 5560 restituimus.

2275 5579 2292 5594 ‘
2319 5574 2566 5623 Itecensita
2589 5573 2646 5619 ad
2669 5575 2745 5622 cb.
2785 5586 2859 5621 vc.
2879 5572 3000 5620 duos
3023 5587 3070 5620 v.
3096 5580 3146 5620 et
3168 5572 3226 5619 ad
3250 5580 3358 5620 Iov.
3775 5580 3778 5583 '

2275 5638 2348 5700 (a)
2375 5636 2498 5692 Alias
2517 5633 2637 5682 2l0:
2659 5648 2767 5700 qum
2786 5644 2948 5697 autem
2963 5637 3021 5686 57
3062 5641 3183 5694 erat,
3211 5647 3338 5682 nunc
3360 5633 3466 5692 187.
3502 5634 3680 5698 Scripta
3705 5631 3787 5682 Ali-

2215 5696 2388 5763 qua-Jb.
2414 5706 2517 5758 post
2541 5696 2859 5758 superiorem.
