4090 6356
263 316 374 372 ἳὶό

265 444 450 486 veram
480 438 536 485 et
563 436 761 484 rectam
786 442 802 493 ;
834 440 955 481 nam
982 425 1196 480 stultam
1225 430 1281 479 et
1302 422 1512 478 noxiam
1533 465 1549 491 ,
1590 431 1644 479 et
1667 422 1853 478 lauda-

266 521 380 577 bile
408 531 464 576 et
500 520 713 576 salubre
753 527 852 573 est.
890 516 1039 573 Sicut
1066 524 1242 570 autem
1269 515 1567 569 constantia
1593 529 1697 568 non
1728 514 1855 569 sinit

265 612 549 666 hominem
580 610 879 680 depravari,
911 607 989 662 sic
1018 606 1306 677 pertinacia
1334 620 1441 659 non
1470 605 1596 659 sinit
1620 605 1812 675 corrigi
1838 623 1852 659 :

270 700 497 771 proinde
537 701 671 755 sicut
710 700 797 754 illa
825 698 1083 753 laudanda
1104 739 1119 762 ,
1148 696 1225 750 sic
1253 696 1352 750 ista
1382 704 1464 750 est
1502 694 1851 750 emendanda.

267 791 560 863 Presbyter
593 808 749 862 quem
782 791 937 857 misi,
967 789 1168 859 reliqua
1197 796 1299 842 tum
1328 786 1621 858 prudentiae
1646 787 1855 856 planius

264 884 558 940 intimabit.
590 883 913 938 Incolumem
943 881 1259 951 felicemque
1289 889 1340 935 te
1371 880 1463 934 Dei
1490 878 1853 934 misericordia

262 982 505 1042 'ueatur,
530 975 745 1029 domine
764 972 1107 1029 dilectissime
1126 970 1422 1041 meritoque
1448 968 1773 1025 honorabilis
1792 983 1855 1024 ac

265 1066 611 1139 suscipiende
638 1065 732 1120 ﬁli.

706 1218 1033 1276 EPISTULA
1076 1216 1233 1273 Lvut
1262 1220 1279 1241 ο
1313 1216 1414 1288 (α).

260 1355 584 1427 Augustinus
618 1352 949 1408 Pammachio
980 1352 1084 1407 viro
1118 1351 1335 1406 senatori
1375 1349 1688 1421 gratulatur,
1719 1347 1853 1418 quod

336 1467 460 1504 suos
484 1448 623 1519 apud
655 1446 951 1500 Numidiam
986 1444 1190 1499 colonos
1229 1443 1506 1497 donatistas
1536 1440 1850 1495 adhortatio-

337 1542 488 1595 nibus
516 1540 620 1595 suis
649 1538 917 1592 adduxerit
947 1536 1014 1589 ad
1048 1535 1327 1589 Ecclesium
1354 1533 1671 1586 catholicam.

262 1633 496 1688 Domino
518 1631 713 1687 eximio
735 1640 788 1684 et
810 1628 1001 1684 merito
1026 1625 1381 1696 suscipiendo,
1402 1633 1561 1694 atque
1582 1624 1633 1678 in
1653 1622 1852 1677 Christi

338 1723 638 1778 visceribus
679 1719 1023 1775 diEectissimo
1070 1718 1179 1773 lilio
1220 1717 1531 1773 PAMIACHIO
1575 1716 1630 1779 ⁸,
1671 1713 1850 1768 Auou-

338 1828 520 1871 srtnus
540 1856 554 1881 ,
586 1813 640 1867 in
670 1812 896 1867 Domino
924 1811 1171 1867 salutem.

339 1951 391 2004 1.
435 1949 577 2002 Bona
606 1962 766 2017 opera
802 1953 892 1999 tua
932 1943 1127 1999 Christi
1173 1942 1341 2013 gratia
1382 1940 1766 2012 germinantia,
1799 1948 1851 1995 te

262 2041 422 2097 nobis
451 2041 501 2095 in
529 2038 782 2093 membris
801 2037 917 2107 ejus
946 2034 1334 2099 honorandum,
1372 2042 1425 2087 et
1454 2033 1605 2102 plane
1632 2032 1849 2086 notissi-

261 2148 413 2185 mum
439 2129 949 2197 dilectissimumque
988 2125 1244 2180 fecerunt.
1276 2123 1457 2193 Neque
1483 2124 1622 2177 enim
1645 2122 1689 2176 si
1715 2138 1849 2192 qus-

263 2222 393 2276 tidie
427 2221 617 2274 faciem
644 2228 784 2273 tuam
816 2217 1072 2280 viderem,
1115 2216 1287 2269 notior
1311 2214 1439 2268 mihi
1483 2230 1661 2281 esses,
1691 2229 1848 2283 quam

260 2324 386 2363 cum
417 2309 727 2363 interiorem
756 2317 900 2361 tuum
931 2306 1077 2375 pacis
1102 2304 1297 2359 decore
1323 2305 1344 2334 ³
1373 2303 1645 2372 pulchrum
1670 2318 1733 2357 ac
1759 2318 1850 2357 ve—

260 2399 441 2454 ritatis
468 2399 585 2453 luce
605 2397 920 2460 radiantem,
947 2396 999 2450 in
1029 2395 1185 2449 unius
1212 2394 1286 2447 tui
1315 2392 1433 2446 facti
1462 2392 1692 2447 candore
1716 2406 1848 2447 con-

260 2490 441 2560 spexi,
464 2489 718 2559 conspexi
739 2497 792 2542 et
810 2486 1019 2558 agnovi,
1050 2485 1239 2555 agnovi
1264 2491 1317 2539 et
1340 2484 1531 2538 amavi.
1558 2484 1691 2538 lluic
1708 2498 1850 2539 nunc

261 2582 479 2652 loquor,
508 2579 631 2635 huic
655 2579 851 2642 scribo,
875 2578 1067 2633 dilecto
1097 2577 1269 2631 amico
1295 2589 1436 2640 meo,
1466 2575 1555 2645 qui
1577 2574 1706 2629 mihi
1731 2590 1849 2629 cor-

261 2687 394 2743 pore
422 2671 629 2727 absenti
658 2670 852 2726 absens
880 2668 1125 2723 innotuit.
1154 2666 1531 2721 Verumtamen
1552 2665 1661 2736 jam
1691 2666 1849 2721 simul

260 2780 513 2827 eramus,
554 2770 608 2819 et
634 2762 902 2833 conjuncti
943 2761 1041 2816 sub
1070 2774 1177 2814 uno
1219 2759 1391 2829 capite
1420 2758 1759 2824 vivebamus,
1794 2759 1848 2813 in

262 2856 419 2923 cujus
446 2854 702 2908 charitate
729 2852 829 2906 nisi
856 2850 1119 2906 radicatus
1164 2864 1342 2912 esses,
1377 2864 1481 2902 non
1514 2849 1604 2903 tibi
1632 2858 1736 2904 tam
1764 2849 1847 2904 di-

263 2946 403 3001 lecta
436 2945 695 3000 catholica
724 2943 897 2998 unitas
927 2941 1096 3005 foret,
1129 2955 1228 2995 nec
1253 2939 1471 2995 colonos
1508 2946 1625 2993 tuos
1650 2937 1807 2993 Afros
1827 2978 1843 3005 ,

261 3050 328 3091 eo
353 3046 613 3090 terrarum
632 3035 771 3090 unde
794 3034 1185 3088 Donatistarum
1214 3030 1358 3085 furor
1381 3038 1596 3085 exortus
1621 3037 1722 3095 est,
1747 3028 1849 3085 hoc

260 3129 421 3184 estin
448 3127 620 3182 media
638 3125 902 3181 consulari
926 3123 1170 3179 Numidia
1198 3122 1532 3187 constitutos,
1558 3121 1645 3174 tali
1663 3121 1849 3174 admo-

260 3236 425 3276 neres
466 3220 732 3291 alloquio,
778 3226 925 3273 tmto
954 3216 1164 3272 fervore
1194 3208 1409 3285 spiritus
1447 3217 1744 3281 animares,
1790 3222 1849 3269 ut

262 3311 549 3367 devotione
603 3310 995 3380 promptissima
1042 3307 1110 3361 ad
1168 3305 1498 3376 sequendum
1554 3301 1842 3375 eligerent,

262 3401 405 3472 quod
432 3411 483 3455 te
511 3401 669 3456 talem
708 3416 770 3455 ac
808 3408 1011 3452 tantum
1036 3398 1210 3452 virum
1242 3412 1346 3450 non
1374 3396 1472 3451 nisi
1500 3395 1673 3466 agnita
1700 3396 1844 3450 veri-

262 3500 371 3545 tate
388 3490 541 3560 sequi
559 3491 871 3560 cogitarent,
893 3496 947 3541 et
972 3494 1076 3541 tam
1105 3487 1262 3556 longe
1288 3500 1317 3539 a
1348 3494 1397 3540 te
1424 3485 1657 3539 locorum
1682 3485 1847 3539 inter-

260 3581 421 3635 vallis
458 3580 682 3646 remoti,
730 3579 868 3632 irent
907 3578 1005 3632 sub
1046 3576 1185 3631 idem
1229 3584 1414 3644 caput,
1460 3583 1618 3644 atque
1649 3574 1702 3627 in
1731 3574 1846 3643 ejus

261 3672 524 3729 membris
552 3672 605 3725 in
630 3680 887 3725 aeternum
915 3677 1087 3723 tecum
1110 3666 1507 3736 deputarentur,
1537 3664 1685 3735 cujus
1712 3680 1846 3734 pra:-

259 3774 419 3835 cepto
447 3764 542 3819 tibi
572 3762 934 3832 temporaliter
962 3761 1215 3816 serviunt.

329 3856 387 3908 2.
432 3856 488 3909 In
517 3854 617 3910 hoc
643 3868 771 3923 ergo
805 3862 895 3907 tuo
923 3851 1061 3906 facto
1100 3859 1151 3906 te
1188 3850 1455 3921 cognitum
1481 3850 1841 3919 amplectens,

258 3948 525 4005 exsultavi
554 3956 611 4001 ut
647 3947 940 4017 gratularer
970 3945 1061 3999 tibi
1108 3945 1163 3998 in
1211 3942 1422 3999 Christo
1462 3944 1588 3999 Jesu
1618 3945 1845 3998 Domino

258 4050 477 4107 nostro,
527 4039 726 4109 tibique
775 4038 871 4092 has
914 4037 1284 4108 gratulatorias
1332 4037 1534 4090 litteras
1579 4038 1841 4091 mitterem

256 4136 647 4207 qualecumque
668 4133 935 4202 specimen
966 4129 1142 4186 cordis
1169 4138 1222 4184 et
1245 4130 1440 4184 amoris
1475 4144 1597 4198 erga
1630 4139 1680 4183 te
1707 4129 1838 4194 mei;

258 4243 435 4298 neque
460 4228 603 4281 enim
629 4226 855 4295 amplius
882 4224 1047 4295 potui.
1078 4223 1182 4279 Sed
1203 4238 1383 4293 quaeso
1412 4238 1479 4277 ne
1505 4232 1559 4276 tu
1588 4221 1843 4277 hactenus

256 4318 521 4389 quidquid
563 4327 613 4373 te
654 4319 814 4388 diligo
852 4318 1088 4372 metiaris
1123 4335 1134 4370 :
1169 4315 1452 4385 perlectam
1507 4314 1668 4368 transi
1708 4315 1843 4368 hanc

257 4411 538 4480 epistolam
568 4411 792 4481 transitu
822 4408 1067 4463 invisibili
1098 4408 1184 4477 qui
1221 4407 1362 4460 intus
1388 4405 1475 4469 fit,
1504 4415 1558 4460 et
1582 4420 1739 4474 perge
1762 4419 1844 4458 co-

257 4499 478 4570 gitando
501 4500 553 4554 in
576 4490 760 4570 pectus
782 4514 979 4565 meum,
1008 4508 1060 4553 et
1083 4513 1243 4552 cerne
1268 4495 1391 4566 quid
1420 4497 1522 4550 illic
1546 4496 1611 4550 de
1643 4504 1692 4549 te
1714 4511 1839 4565 aga-

256 4602 361 4646 tur.
388 4593 598 4648 Patebit
614 4592 754 4646 enim
773 4592 926 4646 oculo
943 4591 1161 4646 charitat
1173 4591 1215 4643 is
1231 4589 1527 4643 cubiculum
1544 4588 1838 4652 charitatis,

256 4683 401 4752 quod
433 4682 733 4737 claudimus
773 4682 1023 4737 adversus
1053 4694 1218 4750 nugas
1246 4680 1595 4734 tumultuosas
1624 4679 1801 4733 smculi
1823 4721 1839 4745 ,

254 4791 379 4830 cum
409 4775 519 4830 illic
542 4776 706 4831 Deum
750 4774 1061 4837 adoramus;
1089 4780 1144 4827 et
1168 4771 1371 4826 videbis
1401 4771 1469 4825 ibi
1500 4771 1717 4825 delicias
1745 4770 1840 4823 lae-

255 4867 385 4921 titia:
416 4881 551 4921 mea:
570 4864 638 4921 de
659 4874 766 4919 tam
792 4865 931 4919 bono
955 4877 1117 4933 opere
1144 4872 1253 4930 tuo,
1286 4877 1416 4932 quas
1442 4878 1541 4916 nec
1566 4863 1738 4932 lingua
1765 4860 1845 4916 ef-

252 4958 385 5021 fari,
422 4972 523 5012 nec
563 4957 687 5011 stilo
727 4955 1032 5025 exprimere
1074 4954 1258 5020 valeo,
1288 4954 1521 5009 calentes
1562 4962 1719 5022 atque
1747 4952 1841 5007 lla-

250 5058 481 5120 grantes
516 5050 573 5105 in
601 5048 861 5106 sacriﬁcio
890 5045 1064 5102 laudis
1105 5045 1249 5116 ejus,
1282 5060 1387 5117 quo
1425 5044 1715 5115 inspirante
1740 5044 1844 5100 hoc

314 5223 332 5254 ⁸
366 5229 417 5271 tn
438 5228 548 5271 Mss.
574 5228 781 5285 quatuor
801 5220 1050 5280 scribitur,
1078 5215 1370 5285 Ifalmachio.
1396 5226 1538 5267 Porro
1558 5218 1689 5285 hunc
1709 5215 1843 5285 illum

253 5296 368 5333 esse
394 5279 743 5333 Panunaehium
765 5279 1042 5331 Romanum
1064 5280 1224 5329 civem
1251 5292 1309 5329 ae
1328 5287 1606 5329 senatorem
1640 5279 1845 5328 clarissi-

250 5359 389 5394 mum
416 5359 515 5415 non
535 5345 831 5415 dubitamus,
854 5344 938 5415 qui
974 5341 1243 5415 fuit'gener
1264 5341 1421 5414 paula!
1438 5376 1453 5401 ,
1478 5342 1681 5391 Paulinae
1706 5343 1845 5390 mari-

251 5415 350 5465 tus,
382 5415 436 5457 et
458 5407 746 5469 Hieronymo
766 5402 1024 5469 plurimum
1059 5402 1321 5469 familiaris.

314 5462 345 5499 ι’
361 5470 565 5531 εἱςΑΜεε.
591 5462 655 5517 Af
662 5462 847 5531 vulgati
866 5467 1068 5531 habent,
1090 5462 1224 5531 pacis
1248 5464 1487 5531 decorem.

315 5532 333 5547 '
365 5528 545 5579 collata
583 5542 693 5579 cum
714 5526 773 5578 αῖ
805 5531 888 5592 bg.
912 5528 981 5576 bl.
1005 5540 1049 5576 c.
1074 5526 1144 5575 cc.
1172 5526 1220 5573 π.
1246 5539 1296 5592 g_.
1322 5539 1403 5587 gv.
1425 5526 1461 5587 j.
1488 5537 1536 5572 n.
1570 5537 1612 5573 r.
1637 5537 1679 5573 s.
1704 5531 1740 5574 t.
1765 5538 1840 5574 vc.

250 5591 452 5640 duobus
472 5592 548 5640 sb.
570 5599 776 5653 quatuor
796 5587 926 5649 vfet
944 5601 1055 5638 cum
1075 5596 1174 5635 Am.
1201 5587 1308 5636 Bad.
1331 5593 1402 5634 Er.
1429 5594 1535 5635 Lov.

315 5672 700 5783 sajxtéﬁuﬁgﬂz
724 5686 834 5737 qua:
864 5679 1029 5723 autem
1050 5671 1110 5722 58
1135 5678 1257 5732 erat,
1283 5682 1408 5720 nunc
1446 5669 1547 5717 121.
1567 5668 1679 5730 seri;
1698 5676 1745 5716 ta
1762 5680 1839 5718 an.

371 5750 401 5783 e
596 5768 610 5782 .

254 5735 339 5784 401
371 5735 610 5785 exeunte.

1466 298 1941 367 EPISTOLARUM
1977 311 2248 372 CLASSIS
2282 315 2339 372 ll.

3439 328 3542 386 226

1960 426 2194 493 voluisti,
2220 435 2276 481 et
2300 442 2407 497 quo
2426 426 2709 497 adjuvante
2736 432 2973 499 potuisti.
3005 432 3213 490 Gratias
3240 436 3348 492 Deo
3375 453 3535 509 super

1961 516 2300 572 inenarrabili
2332 518 2471 573 dono
2501 519 2635 589 ejus.
2673 518 2758 591 (ll
2796 520 2913 576 Cor.
2946 540 3025 591 ιχ,
3056 525 3184 596 15.)

2028 608 2080 662 3.
2121 608 2165 661 0
2201 625 2356 677 quam
2400 610 2688 665 multorum
2743 621 2916 667 tecum
2958 616 3157 685 pariter
3194 627 3536 690 senatorum,

1958 698 2261 768 pariterque
2285 708 2480 755 sancta:
2522 701 2774 756 Ecclesia:
2813 702 3039 759 ﬁliorum
3059 746 3075 771 ,
3108 708 3209 762 tale
3234 722 3368 778 opus
3394 709 3539 767 desi-

1957 790 2208 847 deramus
2238 793 2289 848 in
2331 794 2509 849 Africa
2530 835 2543 859 ,
2584 795 2651 849 de
2688 796 2832 866 quali
2864 807 2953 852 tuo
2982 798 3256 855 lzetamnr!
3289 800 3390 857 Sed
3421 803 3540 859 illos

1956 884 2309 950 periculosum
2336 895 2418 940 est
2459 887 2758 951 exhortari,
2806 887 2900 942 tibi
2928 904 3172 945 securum
3201 900 3283 946 est
3308 907 3534 963 congra-

1958 977 2133 1031 tulari.
2166 978 2245 1032 llli
2272 979 2411 1032 enim
2452 978 2585 1034 forte
2617 995 2720 1033 non
2763 979 2975 1047 facient,
3003 991 3057 1037 et
3086 991 3332 1053 tanquam
3361 1001 3457 1039 nos
3484 986 3539 1041 in

1955 1068 2135 1123 animo
2173 1083 2356 1124 eorum
2386 1070 2611 1124 vicerint
2651 1071 2849 1125 inimici
2893 1072 3174 1140 Ecclesiae,
3207 1074 3536 1144 decipiendis

1957 1159 2341 1215 insidiabuntur
2372 1160 2615 1217 inﬁrmis.
2644 1161 2726 1215 Tu
2756 1164 3010 1233 vero-jam
3042 1164 3232 1232 fecisti,
3263 1166 3404 1223 unde
3432 1167 3538 1223 ini-

1956 1254 2076 1308 mici
2101 1254 2354 1309 Ecclesia;
2379 1253 2609 1308 liberatis
2630 1253 3017 1309 confundantur
3038 1257 3283 1312 inﬁrmis.
3304 1258 3536 1315 Proinde

1956 1344 2201 1402 sufﬁcere
2225 1345 2395 1400 visum
2421 1353 2523 1411 est,
2554 1354 2609 1399 ut
2635 1346 2747 1416 ipse
2770 1348 2962 1416 quibus
2990 1348 3278 1404 christiano
3297 1350 3417 1420 jure
3440 1366 3535 1421 po-

1958 1436 2142 1501 tueris,
2175 1437 2342 1490 amica
2371 1435 2557 1490 ﬁducia
2588 1437 2739 1490 istam
2772 1438 3049 1505 epistolam
3078 1440 3243 1509 legas.
3272 1441 3361 1496 Sic
3390 1443 3531 1497 enim

1955 1544 2021 1583 ex
2048 1537 2137 1583 tuo
2164 1527 2303 1583 facto
2334 1528 2447 1583 ﬁeri
2475 1544 2631 1599 posse
2669 1529 2721 1582 in
2752 1528 2928 1584 Africa
2956 1530 3207 1595 credent,
3232 1533 3373 1603 quod
3398 1533 3535 1591 forte

1954 1620 2078 1675 dum
2102 1628 2291 1691 putant
2311 1620 2423 1675 fieri
2444 1636 2547 1675 non
2569 1634 2746 1690 posse,
2773 1620 3095 1690 pigrescunt.
3119 1608 3342 1678 Insidias
3356 1634 3533 1681 autem

1954 1725 2086 1783 quas
2115 1706 2211 1783 ipsi
2240 1714 2475 1769 haeretici
2504 1713 2730 1768 distorto
2757 1713 2919 1769 corde
2945 1714 3253 1780 moliuntur,
3282 1718 3530 1785 quoniam

1954 1806 2047 1861 risi
2096 1821 2189 1861 eos
2238 1806 2520 1861 arbitratos
2558 1807 2575 1837 ¹
2616 1806 2793 1861 valere
2843 1805 3039 1875 aliquid
3092 1807 3142 1860 in
3196 1809 3533 1876 possessione

1954 1898 2181 1964 Christi,
2209 1898 2386 1953 animo
2413 1907 2522 1963 tuo,
2549 1913 2649 1953 nec
2686 1898 2922 1952 scribere
2945 1898 3106 1952 volui.
3136 1899 3333 1955 Audies
3360 1908 3534 1954 tamen

1953 1987 2068 2043 haec
2087 2004 2114 2042 a
2141 1988 2393 2044 fratribus
2415 1989 2565 2054 meis,
2594 2003 2726 2058 quos
2749 1988 3035 2057 plurimum
3067 1990 3382 2043 commendo
3406 1990 3532 2044 Exi-

1952 2080 2158 2134 mietati
2184 2088 2306 2146 tum,
2334 2095 2400 2134 ne
2428 2080 2476 2133 in
2502 2088 2605 2133 tam
2634 2094 2820 2148 magna
2846 2087 3054 2147 tamque
3076 2079 3341 2147 inpinata
3363 2080 3535 2134 salute

1954 2173 2249 2239 hominum,
2277 2173 2345 2228 de
2372 2173 2561 2242 quibus
2586 2187 2680 2241 per
2708 2179 2761 2225 te
2789 2170 3059 2224 Catholica
3087 2179 3257 2225 mater
3281 2171 3529 2239 exsultat,

1952 2278 2242 2333 aspernere
2271 2264 2430 2319 etiam
2458 2262 2723 2332 superﬂua
2750 2270 3067 2316 metuentes.

2411 2376 2737 2431 EPISTOLA
2779 2374 2892 2428 LIX
2922 2378 2941 2397 ⁶
2974 2372 3069 2446 (a).

1952 2468 2260 2540 Augustinus
2284 2460 2539 2521 Victorino
2559 2461 2827 2521 Concilium
2856 2467 3169 2531 convocanti,
3197 2466 3527 2532 excusatoria,

2022 2578 2177 2631 quare
2201 2561 2268 2613 ad
2293 2561 2562 2613 concilium
2592 2574 2691 2611 non
2718 2567 2956 2611 venturus
2984 2559 3047 2611 sit
3073 2573 3293 2626 :rogans
3315 2566 3367 2609 ut
3393 2558 3534 2626 prius

2022 2668 2136 2705 cum
2165 2650 2426 2720 Xantippo
2456 2667 2605 2717 super
2621 2650 2742 2717 jure
2769 2648 3011 2717 primatus
3040 2657 3086 2701 et
3128 2648 3327 2701 concilii
3354 2663 3536 2701 convo-

2023 2743 2174 2796 candi
2202 2743 2397 2812 placide
2425 2748 2713 2809 componat.

1954 2856 2180 2910 Domino
2208 2853 2511 2908 beatissimo
2539 2860 2594 2907 et
2615 2852 2899 2907 venerabili
2929 2852 3061 2920 patri
3088 2861 3139 2907 et
3168 2852 3531 2908 consacerdoti

2087 2945 2395 3011 VICTORINO,
2428 2946 2778 3007 Aususrtxus,
2810 2944 2861 2996 in
2894 2944 3115 2997 Domino
3144 2944 3389 2997 salutem.

2022 3058 2075 3110 1.
2116 3056 2385 3109 Tractoria
2414 3056 2434 3085 ¹
2467 3055 2531 3108 ad
2564 3069 2647 3108 me
2677 3054 2860 3121 quinto
2888 3053 3005 3107 idus
3034 3054 3336 3108 novembris
3366 3056 3528 3121 venit,

1945 3147 2053 3217 jam
2084 3146 2229 3199 linito
2258 3144 2374 3207 die,
2404 3153 2459 3197 et
2498 3159 2582 3197 me
2614 3142 2767 3196 valde
2812 3142 3179 3210 indiSpOSitum
3211 3143 3441 3207 invenit,
3475 3155 3533 3197 ut

1951 3252 2230 3291 occurrere
2281 3234 2498 3287 omnino
2560 3248 2664 3286 non
2722 3246 2952 3300 possem.
3008 3232 3377 3287 Verumtamen
3420 3235 3531 3288 sive

1950 3324 2265 3396 imperitiam
2296 3340 2466 3379 ineant
2498 3318 2740 3387 moverit,
2773 3323 2882 3376 sive
2906 3322 3047 3391 juste
3074 3332 3246 3377 motas
3276 3325 3396 3389 sint,
3430 3333 3530 3380 tua:

1950 3416 2255 3471 Sanctitatis
2281 3422 2332 3469 et
2372 3413 2656 3468 Gravitatis
2696 3421 2778 3466 est
2805 3412 3070 3465 arbitrari.
3100 3412 3225 3481 Legi
3265 3413 3316 3466 in
3343 3414 3531 3468 eadem

1951 3506 2195 3560 tractoria
2234 3504 2395 3558 etiam
2438 3502 2503 3555 ad
2534 3501 2872 3555 Mauritanias
2911 3516 3030 3555 esse
3069 3502 3357 3570 scriptum,
3401 3518 3531 3570 quas

1948 3595 2249 3666 provincias
2285 3594 2481 3647 scimus
2523 3606 2648 3646 suos
2680 3592 2875 3646 habere
2908 3592 3180 3660 primates.
3212 3592 3361 3658 Quod
3394 3593 3436 3646 si
3478 3600 3531 3647 et

1948 3703 2013 3743 ex
2041 3688 2119 3741 eis
2157 3685 2221 3739 ad
2262 3684 2561 3738 Numidiam
2601 3680 2998 3755 convocandunt
3040 3690 3183 3735 esset
3206 3680 3525 3747 concilium,

1948 3776 2179 3846 oportuit
2200 3775 2379 3843 utique
2408 3780 2464 3826 nt
2491 3773 2785 3841 aliquorum
2817 3771 3114 3824 Maurorum
3136 3771 3525 3839 episcoporum,

1947 3867 2035 3937 qui
2064 3867 2167 3920 illic
2191 3865 2392 3934 priores
2412 3871 2555 3927 sunt,
2585 3861 2795 3915 nomina
2824 3861 2875 3914 in
2905 3862 3149 3914 tractoria
3176 3870 3527 3929 ponerentur;

1947 3956 2088 4026 quod
2120 3956 2170 4009 in
2196 3955 2294 4007 ista
2323 3952 2569 4035 tractoria
2601 3966 2705 4005 non
2734 3950 3026 4019 reperiens,
3061 3951 3282 4005 multum
3310 3953 3531 4005 miratus

1924 4063 2085 4109 sum.
2122 4046 2323 4101 Deinde
2361 4045 2427 4099 ad
2456 4046 2598 4113 ipsos
2640 4042 2892 4098 Numidas
2924 4042 2992 4095 ita
3025 4043 3330 4110 perturbato
3356 4052 3409 4096 et
3438 4059 3532 4097 rte-

1947 4139 2121 4207 glecto
2150 4136 2337 4190 ordine
2364 4134 2616 4202 scriptum
2638 4174 2653 4199 ,
2686 4141 2743 4186 ut
2780 4146 2970 4185 nomen
3016 4146 3188 4184 meum
3231 4132 3385 4185 tertio
3414 4133 3531 4185 loco

1947 4228 2240 4282 invenerim
2262 4268 2275 4289 ,
2307 4227 2396 4295 qui
2427 4225 2550 4278 novi
2573 4239 2730 4293 quam
2763 4232 2885 4291 post
2926 4221 3118 4275 multos
3144 4222 3419 4290 episcopos
3448 4221 3527 4274 fa-

1947 4328 2063 4372 ctus
2094 4318 2214 4372 sim.
2247 4316 2377 4384 Quae
2406 4330 2492 4369 res
2520 4324 2573 4369 et
2600 4314 2718 4368 aliis
2746 4313 3000 4383 injuriosa
3031 4322 3111 4367 est
3140 4314 3288 4379 satis,
3317 4322 3369 4366 et
3398 4313 3528 4369 mihi

1946 4409 2225 4464 invidiosa.
2246 4410 2506 4463 Praeterea
2528 4405 2844 4461 venerabilis
2864 4405 3027 4460 frater
3041 4414 3092 4460 et
3108 4405 3307 4476 collega
3327 4418 3528 4475 noster,

1946 4500 2245 4569 Xantippns
2268 4498 2584 4569 Tagoscnsis
2607 4497 2657 4563 ³,
2681 4497 2811 4551 dicit
2833 4496 2972 4566 quod
2994 4511 3115 4550 eum
3143 4498 3396 4566 primatus
3415 4499 3528 4569 ipse

1947 4592 2239 4662 contingat,
2262 4601 2313 4646 et
2338 4606 2460 4660 erga
2490 4590 2746 4660 plurimos
2772 4590 2851 4644 sic
2875 4589 3116 4654 habetur,
3139 4599 3191 4643 et
3215 4591 3347 4645 tales
3368 4592 3533 4647 mittit

1948 4686 2217 4754 epistolas.
2246 4685 2344 4751 Qui
2368 4685 2527 4740 etiam
2557 4698 2708 4738 error
2736 4683 2778 4735 si
2808 4682 2959 4736 facile
2985 4682 3121 4736 inter
3142 4690 3371 4736 vestram
3397 4684 3534 4738 San-

1948 4777 2181 4831 ctitatem
2208 4775 2456 4846 cognosci
2485 4782 2539 4827 et
2566 4772 2756 4843 corrigi
2792 4781 2985 4843 potest,
3018 4788 3125 4828 non
3152 4773 3334 4829 debuit
3355 4784 3530 4831 tamen

2010 4911 2026 4941 ¹
2053 4916 2185 4972 hom,
2204 4907 2427 4971 quoniam
2449 4906 2546 4972 ipsi
2580 4920 2663 4956 eas
2683 4903 2975 4956 arbitrantur
2993 4906 3169 4972 valere,
3194 4914 3291 4972 etc.
3318 4909 3533 4960 πτωῑωὶ-

1946 4943 2159 5021 ωυιῖίὲ
2169 4943 2435 5019 ὶὲἑὶῖὂιῖἒὲιέ
2450 4943 2566 5017 Et.
2580 4943 2818 5016 "Xin'I'EE'
2832 4943 3281 5020 ἕὶἲῖὲεῗῖῖῖιὶῑ

2009 5035 2028 5063 ³
2054 5040 2181 5081 Unus
2201 5044 2231 5080 e
2266 5032 2502 5080 Vaticanis
2534 5036 2643 5079 Mss.
2674 5036 2953 5079 constanter
2996 5030 3147 5079 habet
3172 5045 3185 5079 :
3217 5030 3530 5080 Tractatoria.

2011 5094 2031 5125 ³
2054 5094 2182 5155 Apud
2207 5099 2336 5152 Lov.,
2352 5091 2611 5155 .\'antippus
2639 5090 2982 5155 tltagastensis.
3004 5091 3094 5141 sed
3109 5092 3250 5141 aliter
3272 5093 3371 5155 legi
3398 5104 3535 5153 opor-

2011 5107 2031 5125 -
2054 5107 2182 5154 apud
2207 5107 2336 5152 Lov.,
2352 5107 2611 5155 .mnuppus
2639 5107 2982 5155 rizagastensts.
3004 5107 3250 5141 satianter
3273 5107 3288 5141 ι
3308 5107 3322 5125 ι
3358 5107 3371 5140 ι
3398 5107 3532 5153 cpor-

1944 5161 2019 5205 tet
2043 5153 2347 5224 eruditorum
2371 5154 2550 5224 judicio
2572 5152 2790 5224 :_quip_pe
2811 5166 2909 5224 quo
2933 5159 3154 5224 tempore
3176 5107 3532 5224 scrib‘eiliaum-

1945 5216 2186 5279 gustiuus,
2210 5216 2301 5264 hoc
2338 5212 2443 5279 ipso
2482 5212 2670 5279 Alypius
2689 5212 3077 5279 _‘fliagastensei'rt
3100 5215 3328 5279 Numidiae
3358 5215 3532 5279 sedem

1944 5274 2227 5349 occupabat.
2253 5274 2396 5326 Porro
2432 5274 2585 5349 hujus:
2621 5274 2842 5336 epistola:
2875 5275 3175 5347 exemplaria
3196 5281 3303 5347 Mss.
3328 5276 3411 5325 vix
3433 5275 3531 5324 duo

1945 5346 2189 5387 venerunt
2210 5340 2258 5386 in
2294 5350 2467 5386 manus
2486 5337 2699 5394 nostras;
2723 5349 2872 5397 unum
2898 5350 2961 5384 ex
2987 5337 3062 5394 iis,
3084 5337 3390 5395 Victorinum,
3407 5349 3532 5397 prm-

1946 5400 2060 5458 fert,
2080 5398 2386 5470 Sanctippum
2412 5408 2758 5470 Tagmwnsem;
2780 5396 2987 5470 alterum
3006 5398 3300 5470 Corbeiense
3322 5396 3530 5470 peranti-

1945 5474 2095 5523 qnu:n
2121 5468 2169 5509 et
2191 5459 2385 5522 optimae
2407 5459 2879 5524 noiae,_sunct_fppum
2895 5468 3227 5524 _7‘agosensem.
3254 5465 3317 5524 Eg:
3339 5459 3527 5524 duolms

1945 5520 2109 5573 autem
2130 5520 2363 5573 Vaticanis
2396 5535 2506 5584 qua:
2527 5520 2643 5571 olim
2674 5520 2935 5571 clementis
2970 5520 3054 5569 ἱίιι
3083 5520 3223 5582 jussu
3243 5520 3304 5570 ad
3325 5520 3531 5582 castiga-

2011 5612 2027 5627 '
2046 5609 2300 5659 Emendata
2317 5610 2532 5659 subsidio
2548 5611 2627 5658 ch.
2645 5622 2718 5657 vc.
2742 5608 2944 5656 duortun
2966 5620 3014 5656 v.
3041 5613 3093 5655 et
3113 5613 3220 5655 [ιον.

2009 5670 2082 5731 (π)
2103 5670 2169 5718 Ali
2186 5686 2223 5719 lS
2247 5672 2333 5720 217
2354 5687 2365 5720 :
2393 5686 2502 5734 qua:
2526 5680 2689 5721 autem
2711 5670 2771 5719 59
2791 5676 2914 5729 erat,
2933 5680 3058 5717 nunc
3080 5668 3185 5717 149.
3203 5669 3381 5731 Scripta
3405 5671 3531 5719 circa

1950 5746 1974 5777 ‹·
1987 5740 2212 5783 xeuntem
2231 5747 2307 5783 an.
2334 5735 2438 5784 401.
