4032 6334
583 427 636 466 ιιι
658 409 907 468 tractoria
927 423 1084 482 quam
1112 408 1259 465 misit
1286 406 1667 464 Venerabilitas
1693 413 1798 471 tua,
1824 419 2014 461 nomen
2037 403 2154 474 ejus

585 503 935 573 praetermitti.
969 503 1119 569 Quod
1159 503 1205 558 si
1234 503 1286 556 in
1327 501 1512 556 mediis
1540 500 1670 554 locis
1698 499 2152 567 conscriberetnr,

575 605 639 650 et
669 610 771 648 non
795 595 847 648 in
879 594 1049 663 primo
1080 601 1399 663 poneretur,
1431 591 1651 645 multum
1678 591 1929 654 mirarer;
1959 599 2156 660 quanto

585 686 752 755 magis
779 684 1072 738 mirandum
1103 682 1344 753 estquod
1374 681 1514 736 nulla
1542 681 1615 736 ibi
1639 681 1752 751 ejus
1776 680 2155 738 admemoratio

582 776 722 830 facta
749 785 849 841 est,
880 776 970 846 qui
997 776 1222 830 maxime
1249 773 1316 828 ad
1339 772 1619 829 concilium
1647 773 1828 828 venire
1855 772 2068 841 debuit,
2100 782 2157 828 ut

583 868 651 923 de
673 869 786 938 ipso
812 869 1063 936 primatus
1090 866 1307 932 ordine,
1337 879 1516 920 coram
1549 865 1783 919 omnium
1813 863 2152 920 Numidarum

587 959 852 1030 episcopis
877 959 1229 1013 Ecclesiarum
1255 957 1496 1027 primitus
1520 956 1800 1027 ageretur?

653 1051 708 1105 2.
750 1051 844 1106 His
869 1051 936 1105 de
962 1050 1134 1104 causis
1169 1051 1328 1105 etiam
1363 1050 1543 1105 venire
1566 1049 1861 1105 dubitarem
1880 1091 1896 1117 ,
1927 1065 1993 1106 ne
2018 1049 2154 1106 forte

582 1141 716 1196 falsa
746 1149 888 1197 esset
917 1141 1183 1206 tractoria,
1213 1155 1314 1210 qua
1343 1140 1826 1210 tanta-perversitas
1841 1149 2149 1209 appareret;

581 1247 880 1301 quanquam
899 1239 952 1286 et
971 1232 1208 1300 angustia
1236 1231 1490 1301 temporis
1513 1241 1565 1285 et
1581 1231 1695 1284 aliae
1715 1246 1900 1300 graves
1924 1231 2156 1285 necessi-

581 1331 717 1377 tates
743 1339 828 1377 me
867 1323 1225 1391 multipliciter
1253 1321 1589 1392 impedirent.
1637 1320 1789 1377 Unde
1827 1329 1948 1390 peto
1974 1322 2152 1375 Beati-

583 1412 816 1466 tudinem
845 1420 986 1466 tuam
1015 1421 1072 1466 ut
1097 1413 1225 1467 mihi
1268 1412 1509 1482 ignoscas
1529 1455 1542 1477 ,
1566 1420 1620 1466 et
1644 1412 1815 1480 primo
1851 1411 2048 1466 instare
2073 1411 2156 1466 di-

579 1503 782 1573 gneris,
813 1511 867 1558 ut
891 1502 1030 1557 inter
1057 1512 1197 1557 tuam
1222 1503 1633 1558 Sanctimouiam
1655 1512 1708 1556 et
1727 1516 1907 1556 senem
1928 1501 2150 1571 Xantip-

583 1607 708 1661 pum
733 1591 1067 1647 concorditer
1093 1601 1331 1656 constet,
1363 1591 1481 1660 quis
1520 1599 1754 1645 vestrum
1795 1591 1987 1646 debeat
2023 1606 2152 1646 con-

581 1695 774 1737 vocare
798 1683 1078 1737 concilium
1109 1699 1123 1735 :
1151 1690 1242 1735 aut
1263 1689 1426 1746 certe,
1453 1680 1592 1750 quod
1614 1681 1876 1737 salubrius
1899 1680 2146 1748 arbitror,

581 1771 701 1826 sine
737 1772 1045 1840 cujusquam
1081 1770 1384 1840 prarjudicio
1418 1769 1574 1824 ambo
1602 1778 1889 1826 convocate
1922 1771 2150 1840 collegas

583 1871 794 1917 nostros
814 1903 829 1926 ,
856 1877 949 1917 eos
986 1862 1214 1916 maxime
1241 1861 1329 1931 qui
1357 1861 1506 1916 vobis
1531 1862 1864 1931 episcopatus
1891 1870 2046 1917 tetate
2072 1861 2152 1916 vi-

581 1951 688 2007 cini
714 1960 838 2006 sunt
855 1992 870 2016 ,
895 1950 986 2021 qui
1025 1951 1176 2006 facile
1201 1952 1320 2020 quis
1348 1961 1582 2007 vestrum
1610 1968 1789 2007 verum
1817 1952 1955 2008 dicat
1982 1967 2149 2022 agno-

577 2053 750 2109 scant,
772 2053 832 2099 ut
853 2045 992 2100 inter
1012 2059 1104 2098 vos
1123 2059 1317 2114 paucos
1341 2045 1356 2076 ¹
1379 2044 1562 2098 eadem
1586 2059 1692 2112 prae
1708 2044 1913 2100 caeteris
1927 2045 2150 2115 quaestio

579 2135 858 2190 dirimatur
875 2174 891 2201 ,
919 2144 974 2190 et
1014 2149 1198 2190 errore
1237 2134 1445 2189 sublato
1473 2135 1707 2191 minores
1733 2151 1764 2189 a
1791 2136 1999 2191 cmteris
2021 2151 2150 2191 con-

579 2233 866 2290 vocentur,
908 2225 998 2295 qui
1025 2239 1126 2279 nec
1157 2233 1376 2294 possunt
1401 2240 1501 2282 nec
1526 2226 1753 2291 debent,
1784 2225 1884 2282 nisi
1916 2226 2066 2282 vobis
2093 2227 2149 2283 in

579 2312 680 2368 hac
705 2328 763 2368 re
792 2321 1038 2384 tauquam
1075 2313 1339 2385 prioribus
1377 2315 1624 2382 credere,
1654 2325 1708 2371 et
1743 2330 1886 2370 nunc
1909 2316 2151 2386 ignorant

575 2403 663 2461 cui
690 2413 923 2461 vestrum
961 2404 1291 2476 potissimum
1319 2405 1556 2462 credant.
1587 2406 1734 2462 lianc
1767 2405 2041 2476 epistolam
2077 2409 2150 2462 sl-

571 2508 786 2569 guatam
808 2500 924 2554 misi
941 2500 1138 2555 annulo
1153 2500 1241 2571 qui
1258 2500 1508 2572 exprimit
1525 2499 1711 2556 faciem
1729 2499 1957 2556 hominis
1977 2507 2149 2556 atten-

574 2591 749 2647 deutis
778 2595 832 2646 in
861 2593 1016 2646 latus.

1043 2723 1372 2780 EPISTULA
1410 2724 1499 2779 Lx
1527 2728 1545 2748 ·
1578 2726 1676 2797 (α).

576 2853 886 2925 Augustinus
905 2853 1110 2908 Aurelio
1136 2849 1386 2925 signiﬁcat
1410 2851 1667 2908 Donatum
1692 2864 1737 2909 et
1762 2855 1918 2926 ipsius
1937 2855 2147 2925 fratrem

642 2962 698 3000 se
720 2946 958 3000 renitente
1001 2947 1262 3000 recessisse
1304 2946 1365 3001 de
1409 2947 1706 3000 monasterio
1735 2962 1754 3001 :
1778 2964 1928 3019 porro
1967 2959 2014 3002 et
2041 2967 2147 3005 mo-

646 3037 820 3090 nachis
842 3036 1041 3106 facilem
1065 3036 1262 3106 lapsum
1282 3078 1296 3103 ,
1328 3046 1374 3090 et
1403 3036 1568 3090 ordini
1591 3037 1884 3092 clericorum
1909 3039 2148 3112 injuriam

639 3127 782 3196 ﬁeri,
807 3128 926 3181 dum
952 3129 1077 3182 tales
1095 3128 1148 3180 in
1177 3127 1368 3181 clerum
1395 3138 1736 3182 assumuntur.

577 3261 801 3315 Domino
842 3259 1146 3314 beatissimo
1173 3267 1227 3314 et
1253 3258 1424 3313 debita
1468 3259 1797 3316 observantia
1829 3263 2144 3329 venerabili,

647 3351 1028 3419 sinceritcrquc
1083 3349 1395 3404 charissimo
1455 3349 1603 3405 fratri
1667 3359 1721 3406 et
1781 3354 2147 3416 consacerdoti

651 3458 800 3513 papae
827 3443 1065 3497 Aunsuo
1085 3482 1100 3508 ,
1132 3443 1497 3509 Aususrnvus,
1527 3444 1581 3498 iu
1613 3445 1834 3502 Domino
1862 3448 2106 3504 salutem.

653 3575 704 3628 1.
745 3573 969 3628 Litteras
1010 3575 1182 3629 nullas
1227 3576 1809 3648 tuae-Venerabilitatis,
1835 3597 1906 3637 ex
1951 3599 2056 3654 quo
2081 3586 2148 3641 ab

579 3663 804 3719 invicem
845 3666 1191 3734 corporaliter
1227 3666 1449 3737 digressi
1491 3684 1706 3735 sumus.
1752 3675 1952 3743 accepi.
1997 3675 2148 3732 Nune

579 3771 707 3809 vero
731 3755 830 3825 legi
851 3755 1126 3824 epistolam
1149 3757 1493 3827 Benignitatis
1515 3767 1615 3814 tum
1643 3760 1709 3816 de
1738 3762 1940 3818 Donato
1961 3775 2016 3819 et
2040 3766 2150 3820 fra-

575 3854 660 3900 tre
687 3847 833 3914 ejus,
866 3856 920 3900 et
944 3847 1067 3916 quid
1099 3849 1474 3917 responderem
1512 3850 1600 3905 diu
1633 3851 1898 3908 ﬂuctuavi.
1943 3856 2048 3910 Sed
2072 3865 2150 3910 ta-

581 3951 702 3990 men
736 3937 892 3990 ctiam
926 3945 1083 4006 atque
1107 3940 1264 3993 etiam
1296 3941 1544 4010 cogitanti
1579 3944 1704 4012 quid
1731 3945 1801 4000 sit
1837 3945 1963 4002 utile
1990 3949 2148 4004 saluti

579 4041 792 4091 eorum,
821 4027 1009 4097 quibus
1038 4029 1091 4083 in
1117 4028 1330 4085 Christo
1371 4032 1664 4088 nutriendis
1704 4037 1990 4104 servimus,
2019 4040 2149 4095 nihil

578 4117 709 4175 mihi
737 4118 877 4172 aliud
905 4133 1187 4175 occurrere
1212 4121 1407 4190 potuit,
1437 4123 1536 4176 nisi
1562 4140 1665 4178 non
1691 4141 1809 4182 esse
1832 4127 1984 4182 istam
2013 4130 2149 4184 viam

573 4207 805 4264 dandam
824 4211 993 4265 servis
1015 4211 1127 4278 Dei,
1146 4221 1201 4266 ut
1221 4227 1280 4268 se
1301 4212 1505 4270 facilius
1526 4225 1708 4286 putent
1726 4219 1844 4289 eligi
1866 4220 1933 4275 ad
1953 4222 2148 4293 aliquid

544 4420 546 4424 ,
578 4387 762 4459 uorem
779 4385 1015 4459 edendam
1044 4387 1168 4436 hanc
1188 4389 1438 4459 epistolam
1479 4391 1694 4453 inspecta
1736 4394 1962 4459 ﬁxerunt,
2001 4412 2152 4448 unum

578 4459 691 4496 cum
711 4447 988 4511 Corbciensi
1019 4447 1273 4511 consentit.
1315 4459 1412 4499 uno
1444 4459 1494 4498 Β.
1517 4447 1567 4500 νζ
1587 4459 1645 4502 Μ.
1670 4458 1902 4506 Henricus
1922 4447 1998 4507 de
2014 4447 2154 4511 neris

580 4507 967 4578 augustinianus,
990 4507 1076 4578 Th.
1094 4508 1214 4556 Prof.
1240 4510 1289 4557 in
1310 4511 1428 4578 Hist.
1451 4512 1612 4578 Pelag.
1637 4513 1722 4578 lib.
1743 4517 1790 4576 2,
1807 4530 1850 4565 c.
1871 4519 1919 4576 8,
1943 4507 2151 4570 testatur

537 4589 547 4600 ε
579 4565 696 4642 legi"
715 4565 1010 4642 .Jtmttippmn
1026 4577 1343 4642 ‘Tugosensent
1354 4631 1363 4641 ‘
1380 4572 1430 4619 in
1453 4565 1606 4621 tribus
1629 4565 1790 4642 vatio.’
1806 4565 1919 4626 cdd:
1947 4565 2151 4642 quorum

536 4680 538 4683 I
581 4641 647 4677 ex
667 4628 763 4704 ﬁde
784 4628 1227 4704 gﬁigendas’esse
1251 4631 1487 4702 editiones
1510 4641 1690 4704 monet.
1720 4645 1844 4704 «nec
1865 4628 2056 4700 mirum,
2077 4628 2152 4691 in:

577 4711 598 4736 ι
635 4691 770 4762 quit,
794 4695 1021 4761 Tagosam
1056 4691 1228 4763 urbem
1253 4693 1300 4740 in
1341 4693 1676 4765 geographicis
1697 4699 1873 4768 tabulis
1894 4714 1984 4749 non
2007 4691 2153 4778 repe-

573 4770 591 4796 α
631 4763 736 4815 [πῃ.
762 4757 872 4815 nam
894 4750 1095 4815 Africam
1114 4761 1357 4814 primates,
1379 4763 1434 4804 ut
1455 4762 1521 4803 ait
1537 4762 1810 4815 Gregorius,
1839 4759 1922 4810 lib.
1941 4765 1983 4815 1.
2007 4773 2149 4815 epist.

573 4778 591 4796 ut
633 4778 690 4801 ιιι
703 4778 736 4798 ι.
763 4778 872 4798 μανι
894 4778 963 4798 nu
975 4778 1095 4824 ιινςιιιι
1114 4778 1160 4814 ιιι
1172 4778 1357 4824 ullust»,
1383 4778 1434 4804 υι
1455 4778 1522 4826 ξιιιζ
1537 4778 1810 4819 ιιινυεςυιτιυδ,
1839 4778 1922 4810 ΠΙ).
1941 4778 1983 4821 Ι,
2007 4778 2149 4828 Θμει.

572 4835 592 4856 ς
631 4811 711 4882 7'2,
735 4812 794 4860 ad
810 4812 1114 4883 ﬁennadtum
1133 4847 1153 4883 ,_
1173 4826 1346 4883 passim
1369 4831 1456 4878 per
1479 4814 1652 4883 villas,
1676 4834 1770 4883 non
1795 4823 1841 4870 in
1881 4825 2153 4877 civitatibus

571 4893 591 4916 ι
630 4874 868 4949 primariis
880 4874 1193 4949 residebant;
1218 4881 1274 4949 et
1298 4874 1800 4949 tenijore’eollatiginis
1819 4874 2154 4949 Carthaginan

573 4950 592 4976 ‹
629 4937 698 4982 sis
721 4937 929 5002 erantin
969 4937 1193 5002 universa
1217 4937 1367 4986 Africa
1389 4937 1599 5002 cpiscopi
1623 4943 1731 5002 567,
1755 4957 1862 4994 cum
1900 4937 2062 4998 tam‘éu
2083 4957 2154 5002 tot

551 5017 553 5019 ι
579 5011 612 5070 _¢_
627 4995 804 5070 oppida
825 5007 925 5070 nec
940 4995 1180 5070 Ptolemaei
1197 5011 1308 5070 “nec
1343 4995 1508 5070 Ort'elii
1545 4995 2152 5070 tabulae'exprimantvﬁvt‘n

579 5056 748 5126 §otitia
773 5056 950 5126 episco;
967 5064 1131 5106 atuum
1159 5057 1323 5126 Africa;
1340 5094 1354 5119 ,
1385 5062 1510 5111 inter
1540 5066 1760 5116 numidas
1781 5056 1859 5119 est
1879 5056 2154 5123 't‘iuuithetis

576 5121 876 5193 Iagurens'is
886 5126 1179 5193 succurrunt
1195 5129 1277 5193 “et
1292 5121 1388 5172 duo
1417 5132 1718 5186 'I‘agorenses
1740 5131 1952 5193 episcopi
1974 5121 2025 5182 in
2043 5121 2153 5184 (in;

577 5177 1064 5258 itas;..°9lle'99s.1-
1087 5189 1154 5258 es
1182 5182 1316 5258 terte
1359 5177 1564 5258 ηοειιξιιν
1588 5177 1927 5258 mamillis:
1936 5177 2154 5258 ὶιῖεὲὖθ

575 5235 877 5309 tl‘t',‘litteri_s,
903 5238 1045 5309 aliter
1090 5249 1144 5292 et
1175 5243 1318 5293 aliter
1349 5235 1577 5309 scriptun}
1610 5235 2156 5309 Sag—[3133’

572 5295 716 5362 aliam
738 5299 995 5362 designat?

530 5389 535 5394 ~
642 5361 659 5390 ί
685 5367 766 5410 Ms.
776 5360 868 5432 .cl);
885 5395 899 5421 ,
925 5368 976 5411 ut
1009 5360 1133 5412 inter
1155 5379 1234 5415 ros
1257 5380 1430 5429 paucos
1451 5370 1534 5433 qui
1553 5383 1636 5422 nos
1658 5373 1708 5423 in
1727 5373 1818 5424 hac
1841 5389 1894 5427 re
1927 5386 2155 5441 quartum

535 5437 538 5442 ·
1045 5437 1169 5496 Prw,
1197 5436 1310 5498 eis.
1381 5491 1394 5498 _
1464 5492 1495 5498 _
1738 5495 1749 5498 _
1827 5495 1839 5498 _

682 5488 1166 5557 itancrecenatitnus
1185 5490 1243 5537 ad
1263 5490 1331 5539 bl.
1354 5491 1432 5541 ch.
1459 5492 1507 5541 ff.
1528 5507 1612 5557 gg.
1635 5507 1679 5543 r.
1713 5495 1789 5544 sb.
1811 5495 1934 5547 duos
1953 5505 1991 5548 t.
2032 5499 2154 5552 duos

579 5551 630 5588 ν.
655 5549 707 5590 et
733 5543 790 5591 ad
812 5552 913 5592 Am.
949 5547 1058 5595 Bad.
1083 5553 1154 5598 Er.
1176 5557 1268 5600 Lov
1485 5557 1488 5560 ’

644 5600 992 5683 ςελςξίἓερςξς
1007 5623 1128 5683 quae
1150 5620 1314 5664 autem
1329 5613 1391 5665 60
1410 5621 1529 5678 erat,
1555 5627 1681 5666 nunc
1703 5615 1780 5669 86.
1813 5618 1990 5683 Scripta
2029 5622 2152 5676 forte

572 5661 711 5714 ctm'
723 5663 853 5714 idem
875 5673 996 5731 tem;

1772 288 1833 347 3.
1872 282 2234 347 AUCUSTINI
2273 284 2573 347 EPISCOH

2262 401 2476 470 melius,
2504 404 2550 460 si
2572 403 2699 460 facti
2721 404 2914 463 fuerint
2937 406 3245 469 deteriores.
3261 413 3335 470 ‘Et
3351 413 3481 487 ipsis
3497 418 3640 478 enim
3659 420 3830 483 facilis

2258 488 2472 560 lapsus,
2500 501 2557 548 et
2581 494 2754 550 ordini
2783 496 3096 556 clericorum
3129 502 3188 557 fit
3210 503 3570 576 indignissima
3596 511 3787 582 injuria
3807 555 3826 584 ,

2259 585 2308 640 si
2335 586 2636 644 desertores
2678 593 3120 651 monasteriorum
3160 597 3228 652 ad
3269 599 3507 656 militiam
3549 605 3829 664 clericatus

2259 676 2521 747 eligantur
2539 719 2555 748 ,
2583 695 2704 736 cum
2729 697 2793 737 ex
2825 683 2906 738 his
2929 685 3018 754 qui
3055 685 3109 741 in
3140 691 3457 746 monasterio
3482 704 3827 766 permanent,

2260 781 2367 822 non
2394 775 2570 824 tamen
2600 771 2700 826 nisi
2728 773 3055 842 probatiores
3083 784 3244 848 atque
3271 779 3517 835 meliores
3545 781 3596 836 in
3625 783 3829 842 clerum

2256 872 2534 916 assumere
2557 861 2822 919 soleamus
2853 883 2868 918 :
2899 865 3002 922 nisi
3023 866 3178 935 forte,
3202 869 3338 924 sicut
3361 870 3600 941 vulgares
3621 873 3827 943 dicunt,

2258 947 2428 1005 Halus
2462 951 2710 1008 choraula
2753 955 2923 1010 bonus
2965 957 3373 1028 symphoniacus
3412 971 3524 1029 est;
3553 963 3623 1018 ita
3668 965 3829 1021 iidem

2259 1040 2360 1110 ipsi
2395 1043 2642 1112 vulgares
2679 1044 2746 1100 de
2787 1047 2942 1101 nobis
2977 1047 3296 1118 jocabuntur
3338 1050 3606 1120 dicentes,
3655 1055 3830 1111 Malus

2259 1133 2549 1188 monachus
2573 1135 2741 1190 bonus
2763 1136 2988 1194 clericus
3016 1148 3116 1193 est.
3146 1140 3310 1196 Nimis
3335 1141 3615 1202 dolendum
3637 1187 3653 1212 ,
3685 1146 3730 1200 si
3758 1146 3827 1200 ad

2261 1230 2365 1276 tam
2407 1223 2672 1277 ruinosam
2718 1227 3016 1295 superbiam
3062 1229 3348 1286 monachos
3385 1233 3741 1302 surrigamus,
3771 1243 3830 1290 et

2255 1322 2363 1369 tam
2407 1315 2554 1384 gravi
2595 1317 2911 1373 contumelia
2952 1319 3176 1375 clericos
3221 1321 3411 1392 dignos
3460 1334 3738 1393 putetnus,
3770 1327 3825 1381 in

2257 1422 2482 1477 quorum
2510 1424 2730 1464 numero
2757 1424 2975 1477 sumus;
3000 1425 3120 1466 cum
3148 1413 3430 1484 aliquando
3455 1415 3612 1469 etiam
3651 1417 3826 1471 bonus

2257 1497 2548 1552 monachus
2576 1498 2661 1553 vix
2688 1499 2888 1556 bonum
2910 1499 3161 1556 clericum
3187 1502 3360 1572 faciat,
3389 1505 3432 1558 si
3461 1504 3600 1560 adsit
3634 1506 3685 1562 ei
3715 1507 3824 1562 suf-

2253 1587 2438 1644 ﬁciens
2462 1590 2802 1661 continentia,
2830 1599 2886 1647 et
2911 1602 3082 1650 tamen
3111 1594 3249 1649 desit
3275 1596 3548 1653 instructio
3572 1613 3826 1656 necessa-

2253 1680 2354 1742 ria,
2383 1690 2472 1734 aut
2497 1696 2736 1750 persona:
2763 1683 3022 1752 regularis
3049 1685 3343 1756 integritas.

2323 1769 2377 1824 2.
2405 1770 2510 1826 Sed
2537 1771 2604 1826 de
2649 1770 2765 1827 istis
2805 1773 2966 1830 credo
3002 1775 3258 1830 arbitrata
3296 1777 3365 1831 sit
3403 1775 3682 1833 Beatitudo
3728 1786 3820 1834 tua

2253 1860 2393 1929 quod
2420 1869 2598 1916 nostra
2627 1862 2896 1918 voluntate
2913 1903 2929 1929 ,
2957 1872 3016 1918 ut
3041 1865 3149 1920 suis
3175 1866 3346 1934 potius
3369 1868 3824 1937 corregionalibus

2253 1950 2408 2005 utiles
2432 1959 2629 2018 essent,
2658 1951 2725 2007 de
2753 1954 3073 2008 monasterio
3092 1955 3438 2010 recessissent
3463 1973 3476 2008 :
3502 1956 3592 2011 sed
3624 1956 3819 2012 falsum

2251 2048 2362 2105 est;
2391 2049 2580 2110 sponte
2603 2041 2863 2109 abierunt,
2885 2053 3072 2113 sponte
3089 2044 3452 2111 deseruerunt,
3484 2048 3634 2103 nobis
3661 2063 3825 2118 quan-

2255 2137 2364 2183 tum
2405 2130 2701 2197 potuimus,
2746 2146 2842 2201 pro
2875 2147 3058 2188 eorum
3097 2134 3298 2200 salute,
3338 2137 3706 2192 renitentibus.
3753 2139 3825 2193 Et

2253 2218 2321 2273 de
2347 2219 2548 2275 Donato
2569 2221 2802 2292 quidem,
2831 2223 2953 2292 quia
2973 2223 3079 2293 jam
3109 2223 3301 2279 factum
3327 2233 3428 2292 est,
3458 2236 3513 2279 ut
3536 2235 3821 2296 antequam

2253 2306 2321 2363 de
2348 2307 2447 2364 hac
2471 2324 2532 2364 re
2559 2310 2754 2380 aliquid
2784 2311 2835 2365 in
2861 2313 3085 2367 concilio
3109 2310 3180 2384 (a)
3205 2319 3573 2378 statueremus,
3603 2315 3825 2373 ordinm

2251 2407 2428 2465 retur,
2472 2399 2516 2454 si
2538 2399 2674 2455 forte
2701 2417 2730 2454 a
2763 2401 3022 2472 superbiae
3051 2405 3392 2472 perversitate
3419 2412 3685 2460 correctus
3713 2414 3820 2473 est,

2254 2488 2395 2558 quod
2433 2489 2543 2543 vult
2578 2489 2734 2545 faciat
2762 2491 3039 2560 prudentia
3083 2501 3188 2547 tua.
3221 2493 3297 2550 Dc
3333 2493 3493 2549 fratre
3521 2511 3649 2551 vero
3673 2497 3819 2566 ejus,

2254 2578 2406 2646 cujus
2444 2579 2531 2634 vel
2569 2580 2796 2634 maxime
2836 2596 2994 2635 causa
3039 2582 3106 2637 de
3147 2585 3468 2640 monasterio
3502 2585 3660 2640 etiam
3701 2586 3823 2656 ipse

2255 2666 2488 2722 Donatus
2511 2668 2784 2732 abscessit,
2812 2685 2930 2724 cum
2953 2671 3212 2742 intelligas
3235 2673 3357 2743 quid
3379 2676 3617 2740 sentiam,
3637 2678 3823 2731 nescio

2252 2757 2377 2828 quid
2405 2759 2772 2829 respondeam.
2794 2761 3169 2817 Contradicere
3189 2772 3360 2819 tamen
3385 2765 3693 2834 prudentiae,
3723 2767 3823 2820 ho-

2252 2849 2368 2903 nori
2392 2890 2407 2916 ,
2436 2848 2782 2920 cbaritatique
2811 2859 2914 2904 tuae
2942 2866 3046 2905 non
3083 2852 3286 2918 audeo;
3326 2862 3381 2908 et
3419 2868 3546 2909 sane
3572 2869 3728 2924 spero
3763 2857 3820 2912 id

2253 2946 2307 2994 te
2356 2941 2612 2994 facturum
2659 2939 2800 3012 quod
2848 2941 3100 2998 membris
3143 2941 3396 2999 Ecclesiae
3441 2945 3649 3002 salubre
3694 2962 3822 3018 pcr-

2251 3042 2510 3098 spexerts.

2708 3141 3036 3199 EPISTOLA
3075 3142 3189 3199 LXI
3214 3147 3234 3169 ⁶
3265 3143 3361 3219 (b).

2252 3254 2558 3325 Augustinus
2579 3252 2842 3310 Theodoro
2863 3263 2916 3308 ut
2940 3255 3137 3326 prolata
3154 3256 3246 3310 hac
3269 3255 3478 3326 epistola
3493 3255 3643 3325 [idem
3665 3256 3826 3326 faciat

2323 3343 2529 3399 clericos
2555 3361 2617 3399 ea:
2630 3354 2772 3416 parte
2796 3344 2982 3399 Donati
3006 3345 3250 3400 venientes
3268 3346 3336 3398 ad
3359 3344 3635 3399 Ecclesium
3648 3347 3828 3400 calleo-

2323 3436 2472 3490 licunt
2490 3476 2507 3504 ,
2536 3437 2589 3490 in
2613 3453 2704 3492 suo
2733 3438 2955 3508 ipsorum
2979 3437 3152 3493 ordine
3179 3454 3284 3492 esse
3313 3437 3640 3506 recipiendos.

2254 3548 2605 3604 Dilectissimo
2631 3559 2686 3604 et
2710 3549 3020 3605 honorando
3045 3550 3060 3581 ¹
3088 3549 3235 3604 fratri
3275 3549 3596 3616 Tnzonono,
3637 3549 3826 3606 Ausu-

2462 3655 2643 3696 s'rmus
2663 3640 2953 3710 Episcopus
2973 3679 2991 3707 ,
3029 3639 3081 3694 in
3110 3640 3332 3695 Domino
3357 3639 3607 3696 salutem.

2327 3754 2376 3808 1.
2405 3752 2538 3808 Cum
2568 3752 2936 3808 Bcncvolentia
2965 3760 3050 3805 tua
3075 3765 3281 3805 mecum
3309 3751 3645 3821 loqueretur,
3688 3764 3830 3820 quo-

2254 3843 2412 3900 modo
2435 3844 2821 3913 susciperemus
2841 3843 3060 3898 clericos
3081 3857 3146 3898 ex
3172 3851 3321 3912 parte
3340 3842 3549 3907 Donati,
3574 3842 3617 3897 si
3637 3843 3830 3896 volue-

2253 3937 2362 3992 rint
2389 3951 2508 3991 esse
2547 3934 2826 4001 catholici,
2867 3934 3064 4005 placuit
3102 3933 3229 3987 mihi
3276 3932 3402 3986 illud
3447 3932 3587 4002 quod
3617 3933 3712 3988 tibi
3741 3949 3831 3987 rc-

2255 4026 2482 4097 spondi,
2513 4029 2673 4080 etiam
2701 4027 2799 4080 hac
2823 4025 2888 4079 ad
2929 4033 2979 4079 te
3011 4024 3134 4079 data
3163 4023 3383 4093 epistola
3407 4023 3734 4092 exprimere,
3770 4033 3832 4078 ut

2253 4119 2300 4174 si
2334 4118 2456 4188 quis
2482 4118 2548 4172 de
2571 4117 2669 4172 hac
2697 4133 2757 4172 rc
2783 4126 2833 4172 te
2873 4117 3272 4186 interrogaverit
3292 4154 3308 4182 ,
3337 4115 3496 4170 etiam
3521 4129 3678 4169 manu
3704 4130 3831 4170 mea

2257 4209 2478 4279 prolata,
2502 4207 2625 4278 quid
2646 4207 2712 4262 de
2733 4206 2832 4261 hac
2854 4221 2914 4262 re
2931 4207 3220 4262 sentiamus
3238 4205 3321 4260 vel
3348 4204 3621 4271 faciamus,
3642 4213 3835 4259 osten-

2257 4299 2371 4353 das.
2403 4299 2552 4354 Scias
2576 4313 2702 4368 ergo
2729 4313 2825 4352 nos
2852 4311 2958 4352 non
3000 4297 3054 4350 in
3093 4295 3170 4351 eis
3207 4295 3455 4350 detestari
3483 4295 3584 4349 nisi
3611 4294 3831 4348 dissen-

2256 4390 2464 4444 sionem
2494 4389 2728 4459 ipsorum
2749 4429 2764 4456 ,
2810 4403 2907 4458 per
2945 4402 3100 4458 quam
3127 4385 3448 4442 schismatici
3477 4385 3563 4440 vel
3587 4384 3825 4440 haretici

2256 4481 2378 4537 facti
2405 4491 2558 4548 sunt,
2589 4481 2708 4551 quia
2737 4480 2989 4535 Ecclesia:
3026 4478 3297 4534 catholica:
3324 4478 3578 4534 unitatem
3607 4485 3662 4531 et
3685 4476 3826 4530 veri-

2259 4580 2419 4625 tatem
2450 4586 2554 4626 non
2579 4580 2794 4636 tenent,
2825 4571 2876 4624 iu
2897 4585 2964 4624 eo
2991 4569 3131 4639 quod
3162 4583 3343 4638 pacem
3369 4583 3486 4623 cum
3511 4566 3704 4636 populo
3735 4567 3828 4621 Dei

2260 4678 2364 4717 non
2389 4663 2605 4730 habent,
2633 4662 2720 4732 qui
2750 4669 2860 4717 toto
2886 4669 3145 4715 terrarum
3174 4659 3302 4714 orbe
3329 4659 3654 4721 diii‘unditur,
3685 4672 3743 4718 et
3775 4660 3833 4714 in

2259 4768 2324 4808 co
2348 4753 2488 4824 quod
2526 4754 2578 4808 in
2612 4751 2915 4807 hominibus
2940 4750 3264 4820 Baptismum
3289 4750 3485 4808 Christi
3518 4767 3623 4806 non
3657 4767 3832 4822 agno-

2319 4889 2334 4921 ¹
2360 4889 2432 4949 sic
2475 4888 2525 4937 in
2563 4894 2672 4949 Mss.
2696 4893 2751 4938 At
2790 4887 2914 4949 apud
2933 4895 3041 4938 Lov.
3062 4888 3269 4939 habetur
3290 4895 3490 4946 tantum,
3512 4887 3836 4941 Dilectist

2254 4948 2400 5014 fratri
2443 4948 2680 5014 tuendam
2719 4947 2998 5014 ,rugusts'mts
3021 4962 3059 5014 _:
3082 4959 3420 5014 metereaque
3463 4951 3741 5014 Theodorus
3780 4954 3837 5002 in

2256 5010 2452 5076 praeﬁxo
2486 5010 2588 5076 illic
2623 5010 2910 5076 argumento
2941 5010 3114 5061 dicitur
3154 5010 3434 5074 episcopus;
3476 5024 3587 5076 quas
3606 5013 3841 5076 dignitas

2255 5073 2386 5143 unde
2411 5074 2498 5135 ipsi
2519 5079 2761 5143 asseratur
2793 5073 3068 5143 ignoramus
3091 5085 3103 5121 :
3123 5073 3261 5143 certe
3272 5073 3646 5143 “nonnexfratris
3666 5073 3841 5143 appel-

2256 5134 2453 5205 latione,
2472 5145 2619 5205 quam
2637 5134 2929 5205 augustinus
2949 5146 3092 5205 supra
3121 5134 3170 5205 in_
3206 5134 3346 5205 epist.
3370 5135 3433 5183 53
3451 5134 3711 5205 Generosa
3724 5134 3842 5205 j'iro

2257 5195 2378 5246 laico
2403 5194 2566 5258 defért
2579 5206 2622 5258 ;Δ
2634 5194 2730 5258 imo
2742 5194 2993 5258 bagreticis
3010 5194 3255 5258 interdum
3277 5202 3330 5245 et
3349 5197 3566 5258 paganus,
3585 5205 3642 5246 ut
3659 5196 3841 5258 videre

2259 5264 2336 5306 est
2358 5258 2406 5306 in
2423 5253 2658 5319 epistt.9(_l
2674 5260 2726 5319 et
2738 5253 2846 5305 252.
2867 5257 3082 5319 Denique
3097 5255 3242 5315 hunc,
3257 5253 3842 5319 0;;itiarnur,'l‘heodorum

2255 5331 2368 5386 3mm
2387 5314 2841 5386 Maximoodcsignat
2872 5314 3247 5386 Augustinusuin
3271 5314 3412 5386 epist.
3448 5314 3537 5386 85;,
3558 5318 3692 5385 hisce
3717 5335 3840 5369 ver-

2255 5381 2368 5444 bis:
2394 5375 2673 5444 Charissimi
2702 5375 2798 5444 ﬁlii
2839 5375 3250 5431 meiﬁonorabt’les
3281 5375 3374 5431 uiri
3387 5393 3406 5441 ,'
3443 5381 3619 5443 quibus
3651 5377 3843 5444 nempe

2254 5441 2511 5500 sa'ipserat
2533 5440 2674 5500 epist.
2695 5440 2775 5488 84.

2320 5451 2511 5502 -ψεει-ει
2533 5451 2674 5500 epist.
2695 5451 2775 5488 54.

2320 5501 2700 5564 fastigavixnus
2722 5504 2844 5552 hanc
2865 5501 2923 5564 ad
2945 5502 3024 5550 cb.
3048 5514 3091 5550 r.
3115 5502 3192 5552 sb.
3210 5501 3333 5554 duos
3353 5517 3401 5552 v.
3421 5510 3474 5553 et
3495 5509 3607 5563 [ρον.

2340 5562 2391 5626 a)
2413 5561 2828 5626 Concil._t}arthag.
2853 5563 2935 5612 die
2959 5564 3018 5614 15
3037 5565 3279 5626 Septemb.
3298 5576 3377 5626 an.
3398 5565 3506 5626 40L

2341 5623 2391 5686 b)
2427 5623 2551 5674 Alias
2587 5623 2677 5689 223's
2698 5639 2708 5671 :
2729 5623 2838 5686 qua:
2873 5632 3033 5689 autem
3055 5623 3111 5675 61
3160 5634 3296 5689 erat,
3317 5623 3463 5676 nunc
3494 5623 3604 5676 eos.
3651 5626 3842 5689 suam

2259 5685 2474 5737 exeunte
2492 5699 2571 5734 an.
2595 5685 2680 5735 401
2703 5685 2783 5734 aut
2806 5688 2945 5748 paulo
2966 5697 3090 5748 post.
