4090 6356
268 305 385 364 229

268 409 459 479 senui.
476 419 845 491 Improbamus
864 434 989 492 ergo
1004 419 1201 477 malum
1220 435 1457 478 errorem
1477 436 1684 490 eorum,
1705 432 1863 493 quem

267 513 509 578 habent;
554 512 759 568 bonum
795 522 971 568 autem
1017 527 1209 568 nomen
1239 513 1334 570 Dei
1361 513 1499 583 quod
1528 513 1757 578 habent,
1806 520 1863 569 et

266 611 669 658 sacramentum
706 602 824 673 ejus
848 601 1183 673 agnoscimus
1214 602 1267 658 iu
1295 603 1373 658 eis
1396 643 1411 669 ,
1444 611 1497 658 et
1524 616 1857 669 veneramur,

266 704 324 749 et
353 695 747 764 amplectimur.
787 692 892 750 Sed
928 703 1207 765 propterea
1235 694 1479 750 dolemus
1516 702 1777 759 errantes,
1804 700 1862 748 et

266 801 364 841 eos
426 801 529 856 per
586 786 898 843 eharitatem
946 786 1145 842 Christi
1188 787 1380 841 lucrari
1424 786 1535 841 Deo
1575 785 1854 854 cupimus,

266 892 328 935 ut
384 888 633 937 sanctum
679 889 1070 937 sacramentum
1118 879 1260 951 quod
1315 878 1445 933 foris
1497 876 1566 933 ab
1618 876 1857 933 Ecclesia

264 972 474 1026 habent
514 970 584 1026 ad
623 971 911 1041 perniciem
936 1012 952 1037 ,
993 971 1049 1025 in
1078 985 1210 1040 pace
1250 968 1502 1025 Ecclesiae
1534 967 1764 1023 habeant
1787 966 1856 1021 ad

263 1063 517 1117 salutem.
561 1061 618 1119 Si
642 1077 771 1133 ergo
797 1063 1048 1119 tollantur
1075 1061 1142 1118 de
1178 1061 1357 1117 medio
1393 1060 1531 1116 mala
1561 1060 1850 1126 hominum,

262 1164 316 1207 et
345 1154 685 1209 honorentur
718 1154 770 1209 in
799 1153 1102 1210 hominibus
1141 1153 1275 1208 bona
1303 1153 1435 1220 Dei;
1485 1152 1585 1207 erit
1621 1149 1852 1206 fraterna

262 1245 557 1312 concordia
578 1286 592 1310 ,
626 1253 682 1301 et
709 1244 952 1300 amabilis
978 1259 1105 1314 pax,
1134 1251 1194 1299 ut
1220 1244 1272 1299 in
1302 1243 1552 1299 cordibus
1577 1242 1852 1298 hominum

260 1338 449 1392 vincat
478 1338 882 1408 persuasionem
911 1337 1144 1401 diaboli,
1166 1336 1398 1392 eharitas
1419 1335 1635 1391 Christi.

329 1428 387 1483 2.
418 1427 604 1498 Itaque
625 1442 745 1483 cum
772 1428 837 1483 ad
863 1442 962 1483 nos
981 1428 1200 1485 veniunt
1223 1443 1288 1483 ex
1308 1436 1459 1499 parte
1482 1426 1690 1492 Donati,
1714 1425 1852 1481 mala

260 1517 482 1573 illorum
505 1533 611 1572 non
643 1518 994 1589 suscipimus,
1032 1518 1085 1572 id
1115 1526 1197 1573 est
1220 1518 1604 1573 dissensionem
1626 1526 1679 1572 et
1697 1531 1849 1573 erro-

259 1624 413 1676 rem,
458 1608 554 1664 sed
594 1609 708 1680 ipsa
739 1610 995 1665 tolluntur
1020 1609 1088 1667 de
1122 1609 1299 1665 medio
1337 1619 1585 1680 tanquam
1622 1608 1851 1679 impedi-

260 1708 446 1756 menta
493 1700 836 1766 concordiae,
886 1709 941 1756 et
985 1701 1357 1771 amplectimur
1401 1699 1595 1756 fratres
1638 1708 1851 1754 nostros

261 1800 473 1846 stantes
518 1806 639 1846 cum
692 1792 802 1859 eis,
854 1793 994 1847 sicut
1034 1791 1162 1846 dicit
1200 1791 1521 1861 Apostolus,
1569 1791 1624 1845 in
1662 1790 1853 1845 unitate

260 1882 475 1951 spiritus
497 1883 537 1946 ³,
570 1882 621 1935 in
648 1882 846 1937 vinculo
869 1882 1009 1953 pacis
1040 1880 1252 1955 (Ep/tes.
1278 1896 1357 1948 tv,
1383 1879 1461 1954 3),
1490 1889 1545 1936 et
1561 1895 1852 1952 agnoscen-

262 1980 343 2025 tes
372 1972 428 2025 in
460 1973 539 2027 eis
566 1972 702 2027 bona
729 1973 854 2040 Dei,
901 1974 1012 2028 sive
1050 1981 1291 2028 sanctum
1327 1973 1655 2043 Baptismum
1676 2013 1691 2039 ,
1739 1973 1852 2029 sive

259 2065 693 2121 benedictionem
720 2066 1101 2133 Ordinationis,
1132 2066 1244 2121 sive
1270 2066 1612 2121 continentia:
1641 2065 1850 2136 profes-

258 2159 468 2212 sionem
487 2199 503 2225 ,
537 2158 651 2213 sive
672 2158 1127 2230 consignationem
1153 2157 1476 2229 virginitatis
1494 2198 1510 2223 ,
1547 2157 1661 2212 sive
1690 2156 1849 2212 ﬁdem

256 2247 537 2303 Trinitatis
561 2290 576 2315 ,
620 2257 674 2304 et
700 2249 745 2304 si
779 2264 883 2319 qua
925 2249 1027 2304 alia
1070 2257 1194 2305 sunt
1224 2266 1239 2305 :
1266 2264 1383 2319 qua:
1420 2248 1599 2304 omnia
1638 2248 1849 2303 etiamsi

256 2347 453 2406 erant,
494 2338 628 2393 nihil
674 2348 850 2395 tamen
875 2338 1197 2409 proderant,
1233 2338 1448 2410 quando
1475 2336 1705 2393 eharitas
1741 2350 1849 2392 non

256 2440 389 2485 erat.
421 2432 556 2499 Quis
575 2440 752 2487 autem
783 2446 908 2486 vere
930 2430 1059 2487 dicit
1086 2446 1145 2487 se
1163 2430 1362 2487 habere
1388 2429 1586 2485 Christi
1612 2428 1846 2483 charita-

256 2532 387 2589 tem,
436 2522 652 2592 quando
689 2523 805 2593 ejus
844 2538 949 2578 non
994 2522 1333 2593 amplectitur
1369 2522 1669 2578 unitatem?
1713 2523 1848 2578 Cum

253 2629 381 2683 ergo
422 2613 491 2667 ad
517 2612 845 2670 Catholicam
872 2614 1124 2679 veniunt,
1154 2628 1259 2668 non
1285 2612 1372 2668 hic
1409 2613 1675 2685 accipiunt
1701 2612 1846 2684 quod

255 2708 570 2772 habebant;
616 2706 709 2762 sed
741 2716 799 2763 ut
836 2706 1092 2777 prodesse
1121 2706 1231 2762 illis
1261 2706 1480 2776 incipiat
1507 2705 1649 2778 quod
1686 2705 1848 2761 habe-

253 2799 412 2864 bant,
448 2798 715 2868 aceipiunt
757 2799 843 2854 hic
885 2797 1027 2868 quod
1071 2812 1177 2852 non
1220 2796 1506 2853 habebant.
1558 2796 1658 2852 Hic
1704 2797 1845 2853 enim

254 2891 527 2960 accipiunt
556 2890 787 2945 radicem
818 2889 1096 2946 charitatis
1137 2889 1191 2945 in
1232 2888 1443 2945 vinculo
1483 2890 1656 2960 pacis,
1705 2899 1759 2944 et
1794 2890 1845 2944 in

253 2986 515 3039 societate
556 2984 802 3049 unitatis;
849 2993 908 3038 ut
950 2999 1055 3038 non
1093 2982 1161 3039 ad
1195 2984 1587 3039 damnationem
1611 3024 1625 3049 ,
1658 2983 1754 3039 sed
1778 2983 1846 3038 ad

256 3067 631 3128 liberationem
678 3074 782 3127 illis
828 3072 1043 3127 valeant
1086 3074 1265 3129 omnia
1293 3089 1412 3144 qua:
1442 3074 1639 3129 habent
1662 3088 1844 3129 sacra-

255 3176 439 3220 menta
463 3166 723 3220 veritatis.
767 3164 883 3221 Non
914 3166 1059 3221 enim
1085 3165 1283 3221 debent
1312 3166 1524 3235 gloriari
1554 3174 1840 3233 sarmenta,

255 3256 377 3326 quia
412 3272 520 3310 non
548 3266 671 3310 sunt
696 3256 964 3326 spinarum
997 3256 1132 3327 ligna
1155 3297 1171 3321 ,
1197 3255 1291 3311 sed
1312 3256 1456 3312 vitis.
1485 3255 1540 3311 Si
1568 3256 1710 3312 enim
1738 3272 1843 3311 non

256 3348 305 3401 in
334 3347 523 3403 radice
552 3348 797 3415 vixerint,
826 3362 946 3402 cum
980 3356 1088 3403 tota
1113 3348 1292 3418 Specie
1320 3363 1416 3404 sua
1445 3348 1495 3402 in
1524 3348 1700 3419 ignem
1724 3349 1845 3403 mit-

256 3450 458 3494 tentur.
496 3441 570 3496 De
600 3441 913 3511 quibusdam
942 3449 1119 3495 autem
1148 3441 1311 3495 ramis
1336 3439 1519 3495 fractis
1541 3440 1674 3495 dixit
1700 3441 1843 3510 Apo-

256 3535 430 3588 stolus
454 3533 579 3604 quia
610 3542 781 3603 potens
810 3542 881 3588 est
904 3533 1041 3587 Deus
1070 3534 1250 3601 iterum
1278 3533 1493 3588 inserere
1520 3534 1635 3587 illos
1662 3532 1838 3601 (Rom.

258 3642 333 3685 ιι,
363 3625 479 3696 23).
516 3625 579 3679 Et
606 3626 742 3687 ideo,
771 3624 1113 3680 dilectissime
1134 3624 1313 3688 frater,
1343 3640 1702 3696 quoscumque
1729 3626 1843 3680 illo—

258 3734 377 3771 rum
413 3717 611 3771 videris
642 3716 773 3771 forte
812 3716 1113 3773 dubitantes
1145 3732 1249 3786 quo
1276 3717 1461 3772 ordine
1488 3718 1841 3789 suscipiantur

254 3824 285 3863 a
315 3808 473 3862 nobis
496 3849 514 3873 ,
554 3807 776 3861 ostende
808 3807 913 3862 illis
948 3807 1100 3861 istam
1126 3823 1282 3878 quam
1311 3807 1444 3862 bene
1467 3808 1604 3862 nosti
1625 3823 1837 3862 manum

254 3914 428 3953 meam
447 3938 463 3964 ,
496 3907 549 3951 et
578 3897 623 3950 si
644 3912 758 3952 eam
782 3897 919 3967 apud
946 3912 1004 3953 se
1033 3897 1231 3953 habere
1260 3898 1540 3965 voluerint,
1571 3898 1836 3964 habeant;

253 3990 379 4059 quia
409 3996 601 4043 testem
624 3988 785 4042 Deum
817 3987 951 4042 facio
977 4002 1138 4058 super
1161 3989 1390 4042 animam
1419 4004 1613 4057 meam,
1644 3989 1719 4044 sic
1746 4004 1839 4045 eos

254 4094 343 4133 me
378 4085 749 4147 suscepturum
775 4119 788 4141 ,
841 4086 898 4131 ut
937 4092 1041 4131 non
1086 4078 1256 4133 solum
1297 4072 1614 4148 baptismum
1642 4079 1839 4135 Christi

253 4184 416 4238 quem
433 4177 775 4237 acceperunt,
806 4169 977 4238 ipsum
1008 4169 1251 4236 habeant,
1284 4171 1376 4226 sed
1398 4172 1557 4226 etiam
1580 4172 1837 4227 honorem

252 4258 597 4312 snnctimouii
625 4267 678 4312 et
705 4258 1045 4313 continentiae
1068 4261 1111 4312 ’.

720 4350 1051 4406 EPISTULA
1084 4350 1222 4406 LXII
1248 4354 1264 4373 ‘
1294 4351 1391 4423 (a).

254 4439 474 4511 Alypius
495 4481 509 4505 ,
555 4440 864 4512 Augustinus
890 4452 935 4496 et
964 4442 1262 4497 Samsucius
1298 4442 1482 4498 Severo
1501 4486 1515 4511 ,
1546 4454 1838 4502 excusantes

549 4546 661 4602 qua:
684 4533 734 4585 in
765 4531 1010 4586 Timothei
1039 4534 1232 4604 negotio
1258 4544 1395 4605 gesta
1418 4546 1553 4589 sunt.

251 4621 486 4674 Domino
517 4622 822 4677 beatissimo
848 4631 901 4676 et
923 4624 1294 4679 venerabiliter
1312 4625 1624 4681 charissime
1652 4637 1705 4682 et
1728 4627 1838 4681 sin-

330 4713 614 4767 cerissimo
640 4715 787 4769 fratri
822 4723 873 4769 et
908 4716 1271 4770 consacerdoti
1296 4717 1509 4773 Seveno
1540 4716 1642 4789 (ὁ),
1670 4728 1723 4775 et
1747 4719 1835 4790 qui

325 4815 542 4872 tecum,
607 4816 727 4859 sunt
775 4806 1056 4873 fratribus,
1106 4811 1360 4875 Aunus,
1408 4810 1739 4867 Aucusruvus
1783 4820 1838 4869 et

324 4900 643 4966 Sutsucws,
669 4911 723 4957 et
746 4903 836 4973 qui
858 4903 1130 4959 nobiscum
1159 4916 1284 4961 sunt
1312 4906 1521 4974 fratres,
1546 4909 1595 4963 in
1615 4910 1837 4967 Domino

322 4991 576 5046 salutem.

325 5083 382 5137 1.
408 5082 543 5137 Cum
571 5083 865 5137 Subsanam
908 5085 1236 5142 venissemus
1260 5129 1273 5152 ,
1312 5096 1365 5142 et
1388 5104 1505 5160 qua:
1539 5091 1645 5147 illic
1685 5093 1835 5150 nobis

317 5200 335 5265 ξ
361 5205 470 5265 uss.
496 5199 715 5265 melioris
736 5208 863 5251 notae
884 5202 1082 5265 habent,
1107 5203 1157 5255 in
1179 5205 1403 5258 raritatem
1425 5207 1616 5261 Christi.

316 5263 339 5333 ξ
361 5263 440 5333 sic
452 5269 599 5333 vetus
606 5263 765 5333 codex
775 5265 916 5333 ᾳπι»
931 5272 984 5313 At
998 5263 1125 5333 t.ov.,
1138 5268 1411 5330 partimonii
1424 5277 1469 5320 et
1481 5272 1832 5326 continentiam.

318 5323 337 5341 ⁶
362 5325 529 5388 spistt.
550 5330 658 5388 1.xu
691 5331 743 5373 et
772 5331 894 5374 LXlll
928 5323 1181 5388 recensita:
1198 5339 1312 5382 sunt
1339 5333 1400 5381 ad
1436 5339 1541 5383 Mss.
1576 5323 1837 5388 Cometes;

252 5396 362 5434 sem
377 5419 393 5443 ,
415 5386 540 5434 duos
562 5386 807 5436 Vaticanus
828 5396 879 5438 et
898 5387 956 5437 ad
979 5395 1087 5438 ιον.

317 5444 558 5522 (_a_)
573 5444 716 5522 git:
744 5461 854 5522 (ἦρξε
899 5458 1064 5501 autem
1101 5450 1162 5501 62
1206 5459 1327 5515 erat,
1352 5455 1608 5506 nunc192.
1654 5459 1834 5522 scripta

255 5505 382 5555 forte
399 5507 494 5556 sub
528 5505 609 5556 ﬁn.
635 5519 714 5555 an.
740 5505 849 5557 401.

278 5629 287 5637 _
318 5567 389 5630 (ὁ)
414 5569 499 5639 Hie
523 5574 629 5639 est,
652 5569 744 5639 nisi
768 5570 992 5639 fallimur,
1018 5572 1101 5639 ille
1126 5574 1391 5639 ipse‘cujus
1414 5590 1478 5626 ex
1502 5580 1697 5630 nomine
1719 5588 1835 5631 Pau-

257 5626 406 5697 linum
431 5626 995 5697 salutataughstinusin
1020 5626 1162 5697 epist:
1196 5636 1288 5697 51,
1310 5626 1384 5687 ἠ.
1410 5639 1455 5687 5.
1484 5657 1505 5685 α
1528 5626 1834 5693 Beatissimtis

264 5705 287 5734 ι
308 5689 466 5763 frater
480 5697 693 5763 severus
705 5689 779 5763 de
805 5689 1181 5759 condiscipulatu
1219 5689 1382 5751 nostro
1404 5689 1833 5756 Milevitauze‘aati:

263 5766 288 5795 ι
310 5758 414 5802 stes
434 5750 677 5812 Eodem,
704 5760 797 5805 etc.
823 5770 846 5800 ι

1477 300 1955 367 εριετοιλιὶυω
1990 302 2263 366 CLASSIS
2297 307 2364 365 ιι.

1975 418 2284 477 absentibus
2306 427 2494 477 contra
2525 427 2760 480 nostram
2784 422 3110 485 voluntatem
3137 437 3287 501 gesta
3314 429 3547 498 fuerant.

1967 525 2358 581 quereremus;
2406 515 2648 584 qutedam
2694 516 2834 573 sicut
2877 518 3217 578 audieramus
3235 563 3250 589 ,
3298 523 3544 594 quaedam

1964 616 2093 657 vero
2118 602 2272 659 aliter
2293 603 2449 671 facta,
2475 606 2651 661 omnia
2674 604 2849 683 tamen
2869 608 3097 665 dolenda
3122 619 3177 666 et
3201 611 3473 670 toleranda
3500 616 3545 683 ί,

1961 702 2217 763 quantum
2240 695 2493 752 Dominus
2512 696 2730 767 adjuvit,
2770 682 2962 769 partim
2977 701 3322 773 objurgando,
3346 682 3543 775 partim

1960 786 2251 852 monendo,
2285 789 2474 857 partim
2502 789 2706 846 orando
2730 793 3077 850 correximus.
3104 795 3234 851 Illud
3254 811 3382 853 sane
3400 798 3543 868 quod

1960 884 2081 945 post
2110 885 2216 933 tute
2243 877 2549 934 Sanctitatis
2568 881 2947 951 profectionem
2973 900 3071 941 nos
3104 886 3385 956 plurimum
3414 902 3545 943 con-

1960 966 2210 1036 tristavit,
2240 968 2383 1039 quod
2414 969 2535 1025 inde
2572 970 2762 1029 fratres
2789 973 2906 1030 sine
2932 975 3140 1031 itineris
3167 976 3303 1032 duce
3332 976 3539 1033 dimissi

1947 1065 2111 1125 sunt,
2152 1059 2381 1129 petimus
2427 1060 2704 1131 ignoscas,
2750 1072 2803 1119 et
2841 1065 3077 1120 timidius
3118 1082 3277 1137 quam
3309 1068 3539 1122 malitio.

1955 1150 2065 1207 sius
2105 1152 2300 1208 factum
2341 1154 2500 1210 scias.
2558 1152 2690 1211 Cum
2733 1157 2873 1213 enim
2920 1168 3170 1228 putarent
3214 1174 3308 1215 eos
3349 1176 3382 1216 a
3428 1161 3539 1217 filio

1954 1250 2137 1298 nostro
2164 1243 2445 1301 Timotheo
2484 1254 2765 1318 propterea
2797 1248 2968 1319 mitti,
3008 1260 3063 1304 ut
3093 1251 3144 1305 in
3173 1266 3271 1307 nos
3301 1252 3532 1309 maxime

1953 1334 2275 1393 Charitatem
2302 1346 2448 1394 tuam
2478 1341 2547 1396 ad
2576 1341 2901 1398 iracundiam
2937 1353 3303 1413 provocarent,
3338 1347 3538 1402 vellent

1951 1432 2129 1481 autem
2173 1426 2275 1497 ipsi
2312 1438 2498 1485 nostro
2544 1430 2832 1498 adventui,
2876 1448 3036 1504 quem
3079 1443 3252 1489 tecum
3298 1434 3536 1492 futurum

1952 1516 2276 1586 sperabant,
2304 1520 2482 1575 omnia
2508 1520 2709 1592 integra
2739 1538 3050 1591 reservare,
3080 1533 3397 1594 putaverunt
3425 1541 3535 1581 non

1952 1619 2046 1662 eos
2062 1607 2415 1677 profecturos,
2447 1610 2494 1666 si
2518 1611 2707 1668 ducem
2734 1612 2940 1669 itineris
2960 1629 3066 1669 non
3086 1615 3404 1685 acciperent.
3426 1615 3535 1673 Sed

1951 1705 2127 1754 tamen
2153 1710 2431 1771 peccatum
2456 1716 2575 1758 esse
2597 1744 2612 1771 ,
2649 1704 2770 1774 quis
2807 1704 3044 1761 dubitet?
3092 1706 3226 1761 Hinc
3262 1708 3420 1762 etiam
3451 1707 3533 1763 fa-

1949 1799 2093 1845 ctum
2120 1800 2204 1847 est
2244 1802 2305 1847 ut
2343 1801 2397 1849 et
2437 1793 2653 1850 Fossori
2695 1795 2994 1863 diceretur,
3040 1796 3149 1867 jam
3199 1797 3535 1855 Timotheum

1949 1894 2070 1935 cum
2109 1880 2243 1952 ipsis
2284 1881 2535 1940 fratribus
2576 1883 2743 1940 fuisse
2789 1885 3116 1955 profectum;
3162 1888 3303 1958 quod
3350 1889 3535 1960 utique

1898 2003 1915 2018 .
1949 1969 2138 2025 falsum
2161 1982 2278 2028 erat
2310 1990 2325 2029 :
2357 1988 2462 2029 non
2492 1983 2667 2031 tamen
2697 1991 2728 2031 a
2749 1978 3062 2049 presbytero
3085 1978 3314 2045 dictum;
3344 1990 3400 2036 et
3417 1982 3535 2038 haec

1952 2062 2130 2119 omnia
2158 2062 2379 2120 fratrem
2404 2064 2793 2122 Carcedonium
2827 2070 3034 2139 penitus
3058 2070 3351 2139 ignorasse,
3380 2071 3537 2130 nobis

1952 2153 2387 2212 manifestissime
2425 2156 2755 2213 declaratum
2793 2167 2913 2228 est,
2950 2170 3204 2232 quantum
3232 2163 3335 2218 ista
3362 2165 3535 2220 mani-

1949 2242 2130 2299 festari
2159 2246 2355 2301 solent.

2018 2334 2073 2388 2.
2105 2334 2213 2390 Sed
2233 2336 2358 2407 quid
2386 2336 2627 2407 pluribus
2648 2338 3031 2397 immoremur?
3056 2342 3375 2401 Memoratus
3398 2345 3535 2403 [ilius

1948 2433 2133 2481 noster
2157 2425 2472 2484 Timotheus
2506 2429 2976 2489 vehementissime
3018 2435 3352 2504 perturbatus
3390 2437 3534 2509 quod

1947 2515 2276 2574 dubietatem
2305 2526 2415 2574 tam
2445 2519 2771 2591 inopinatam
2803 2522 3150 2581 invitissimus
3176 2526 3420 2594 senserit,
3453 2528 3537 2583 in-

1948 2608 2146 2664 dicavit
2191 2611 2346 2667 nobis
2392 2613 2534 2683 quod
2587 2628 2710 2671 eum
2763 2630 2947 2686 ageres
2993 2632 3112 2673 cum
3160 2618 3250 2675 illo
3295 2628 3354 2674 ut
3393 2620 3534 2690 apud

1947 2701 2243 2758 Subsanam
2271 2704 2384 2761 Deo
2408 2707 2661 2776 serviret,
2688 2709 2863 2778 erupit
2887 2718 2941 2765 et
2961 2709 3155 2779 juravit
3175 2726 3206 2766 a
3234 2718 3287 2767 te
3314 2713 3534 2768 omnino

1948 2809 2053 2849 non
2082 2810 2442 2853 recessurum.
2475 2799 2717 2870 Cumque
2744 2800 2860 2871 ejus
2883 2802 3209 2858 voluntatem
3234 2803 3534 2874 requirere-

1949 2901 2068 2941 mus
2090 2929 2106 2955 ,
2150 2889 2427 2959 respondit
2455 2904 2513 2946 se
2546 2890 2647 2947 hac
2675 2891 2942 2962 juratione
2970 2893 3213 2964 impediri
3248 2896 3532 2965 quominus

1945 2978 2016 3034 ibi
2039 2989 2183 3036 esset
2209 2981 2299 3036 ubi
2335 2997 2460 3037 eum
2504 2998 2624 3039 esse
2661 2988 2818 3039 etiam
2846 2993 3001 3041 antea
3028 2986 3373 3055 volebamus;
3408 3004 3531 3044 eum

1941 3069 2051 3139 jam
2081 3072 2375 3141 praesertim
2409 3073 2477 3129 de
2506 3088 2617 3127 suae
2640 3074 2898 3129 libertatis
2925 3075 3351 3133 manifestatione
3378 3093 3531 3134 secu-

1946 3176 2037 3216 rus
2061 3162 2150 3216 sit.
2199 3160 2437 3233 Cumque
2460 3164 2537 3218 illi
2576 3165 2973 3235 aperuissemus
3002 3182 3107 3221 non
3146 3182 3267 3222 eum
3296 3168 3531 3226 futurum

1942 3252 2161 3322 perjurii
2206 3268 2377 3319 reum,
2416 3254 2462 3308 si
2488 3270 2595 3309 non
2623 3270 2715 3325 per
2747 3256 2939 3325 ipsum,
2969 3257 3065 3312 sed
3097 3273 3193 3328 per
3223 3267 3273 3314 te
3297 3259 3446 3315 ﬁeret
3472 3270 3531 3318 ut

1946 3354 2163 3414 propter
2189 3346 2462 3401 vitandum
2491 3346 2797 3402 scandalum
2831 3356 3006 3403 tecum
3035 3363 3155 3404 esse
3186 3366 3290 3405 non
3317 3361 3526 3422 posset;

1943 3436 2371 3507 quandoquidem
2392 3452 2496 3492 nou
2524 3438 2591 3493 de
2613 3447 2701 3493 tua
2721 3439 3010 3504 voluntate,
3035 3441 3128 3495 sed
3154 3441 3220 3495 de
3237 3456 3330 3496 sua
3348 3443 3530 3512 jurare

1942 3528 2191 3597 potuerit,
2220 3544 2320 3583 nec
2348 3538 2399 3583 te
2421 3528 2521 3583 sibi
2544 3529 2773 3584 vicissim
2800 3529 2996 3600 aliquid
3022 3530 3229 3601 jurasse
3254 3532 3529 3589 confessus

1942 3620 2040 3685 sit;
2083 3620 2150 3675 ad
2174 3630 2469 3677 extremum
2496 3621 2661 3689 dixit,
2712 3622 2852 3691 quod
2881 3638 3091 3677 servum
3129 3624 3241 3689 Dei,
3276 3625 3528 3681 Ecclesia:

1944 3711 2148 3778 ﬁlium,
2199 3712 2380 3768 dicere
2420 3712 2735 3783 Oportebat,
2781 3714 3032 3785 quidquid
3074 3715 3226 3770 nobis
3272 3731 3393 3771 eum
3440 3726 3527 3772 tua

1942 3801 2233 3858 Sanctitate
2253 3803 2321 3858 de
2342 3803 2431 3859 illo
2463 3805 2577 3858 ﬁeri
2607 3803 2889 3874 placuisset
2907 3846 2920 3867 ,
2950 3804 3001 3859 id
3032 3820 3091 3861 se
3112 3806 3227 3861 sine
3245 3805 3405 3861 dubio
3434 3822 3527 3862 se-

1941 3903 2208 3949 cuturum.
2241 3893 2472 3949 Proinde
2495 3894 2723 3964 petimus
2746 3935 2761 3961 ,
2793 3904 2846 3951 et
2871 3910 2967 3965 per
2992 3896 3301 3952 charitatcm
3331 3897 3526 3955 Christi

1940 3988 2281 4044 obsecramus
2305 3987 2639 4058 prudentiam
2667 3996 2807 4042 tuam
2827 4028 2843 4054 ,
2884 3995 2941 4042 ut
2964 3989 3199 4043 omnium
3225 4004 3341 4059 quae
3363 3989 3525 4045 locuti

1930 4095 2125 4135 sumus
2171 4078 2516 4147 memineris,
2566 4087 2622 4133 et
2661 4078 2934 4147 rescriptis
2978 4077 3083 4132 tuis
3127 4093 3225 4132 nos
3265 4079 3521 4137 laetiﬁces.

1942 4170 2205 4226 Debemus
2226 4170 2368 4225 enim
2390 4183 2487 4223 nos
2512 4168 2773 4223 firmiores
2798 4168 2863 4239 (si
2887 4177 3058 4222 tamen
3080 4168 3217 4221 inter
3246 4176 3388 4222 tanta
3412 4180 3525 4224 teu-

1941 4264 2199 4318 tationum
2229 4260 2462 4331 pericula
2481 4258 2661 4313 dicere
2686 4257 2788 4313 hoc
2810 4256 3110 4313 audendum
3140 4259 3263 4329 est),
3288 4260 3421 4314 sicut
3449 4260 3524 4316 ait

1940 4353 2248 4423 Apostolus,
2276 4350 2605 4404 infirmorum
2637 4363 2799 4405 onera
2825 4349 3087 4404 sustinere
3126 4350 3295 4423 (Rom.
3314 4367 3410 4417 xv,
3441 4353 3519 4425 Ι).

1940 4443 2132 4498 Frater
2171 4438 2483 4497 Timotheus
2520 4440 2641 4495 ideo
2677 4456 2781 4495 nou
2825 4440 3035 4511 scripsit
3076 4440 3353 4497 Sanctitati
3395 4454 3518 4511 tuas,

1939 4535 2061 4605 quia
2079 4532 2255 4588 omnia
2267 4547 2383 4602 qua:
2398 4539 2545 4602 gesta
2561 4539 2683 4586 sunt
2697 4540 2911 4586 sanctus
2937 4530 3101 4587 frater
3117 4540 3236 4586 tuus
3250 4533 3519 4605 significa-

1940 4625 2034 4679 vit.
2062 4624 2263 4679 Memor
2279 4623 2466 4688 nostri,
2496 4624 2548 4677 in
2574 4623 2797 4677 Domino
2810 4622 3072 4692 glorieris,
3096 4621 3310 4677 domine
3328 4624 3522 4680 beatis-

1937 4715 2075 4772 sime
2096 4723 2152 4772 et
2170 4713 2547 4771 venerabiliter
2560 4711 2869 4767 charissime
2883 4720 2937 4765 et
2959 4712 3317 4770 sincerissime
3333 4712 3517 4771 frater.

2386 4812 2712 4869 EPISTOLA
2743 4810 2905 4867 1.qu
2936 4811 3039 4883 (a).

1942 4900 2167 4955 Rursum
2194 4897 2258 4952 de
2289 4896 2549 4951 Timotheo
2574 4894 2661 4965 qui
2688 4903 2946 4965 postquam
2962 4896 3185 4965 jurasset
3210 4913 3264 4952 se
3281 4913 3313 4951 a
3333 4897 3518 4954 Severo

2010 5005 2113 5044 non
2139 5002 2447 5042 recessurum
2466 5027 2483 5053 ,
2526 4985 2789 5039 ordinatus
2814 4988 2978 5054 fuerat
3014 4984 3348 5042 subdiaconus
3380 4988 3523 5059 apud

2011 5080 2300 5137 Subsanam
2326 5079 2382 5133 in
2414 5078 2616 5133 diceeesi
2644 5077 2966 5149 Hipponensi
2996 5094 3010 5130 :
3042 5079 3138 5134 hoc
3165 5091 3344 5151 prazter
3373 5098 3520 5137 suam

2009 5174 2316 5229 uoluntatem
2353 5172 2544 5244 factum
2573 5187 2679 5226 esse
2723 5180 2935 5225 testatur
2962 5171 3307 5243 Augustinus;
3341 5172 3519 5227 Timo-

2013 5265 2183 5321 theum
2202 5274 2366 5320 tamen
2390 5280 2536 5333 quem
2556 5263 2625 5317 ad
2645 5262 2887 5319 Severum
2916 5262 3080 5317 redire
3098 5263 3272 5327 uoluit,
3296 5264 3519 5319 declarat

2011 5356 2210 5411 lectoris
2239 5356 2398 5427 ofﬁcio
2428 5356 2543 5428 jam
2571 5364 2687 5409 ante
2711 5355 2988 5425 prastitum
3018 5355 3115 5424 ipsi
3147 5356 3515 5426 juramentum,

2008 5449 2237 5520 {unctum
2282 5448 2437 5519 fuisse
2481 5448 2536 5501 in
2574 5446 2804 5502 ecclesiis
2846 5446 3109 5501 dimceseos
3150 5445 3513 5519 Hipponensis,

2007 5544 2227 5611 adeoque
2253 5542 2348 5597 sibi
2372 5540 2741 5595 remittendum.

2002 5645 2020 5676 ι
2044 5650 2175 5701 Lov.,
2199 5647 2246 5693 et
2280 5640 2506 5692 tollenda.
2532 5647 2588 5690 Αι
2606 5647 2736 5701 Mss,
2758 5645 2806 5690 et
2827 5637 3091 5689 tolertznda.

2000 5704 2073 5769 (ᾳ)
2107 5699 2232 5754 Alias
2273 5703 2364 5753 240
2388 5718 2401 5769 _:
2428 5717 2538 5766 quae
2576 5699 2739 5755 autem
2782 5702 2845 5751 65
2885 5706 3023 5762 erat,
3067 5713 3196 5752 nunc
3219 5699 3297 5754 i8.
3337 5710 3517 5769 scripta

1938 5766 2083 5828 paulo
2105 5774 2211 5827 post
2234 5767 2553 5823 superiorem.
