4090 6356
558 311 657 365 εδι

563 421 788 477 Domino
827 417 1172 485 beatissimo,
1218 425 1272 473 et
1314 414 1636 480 venerabili,
1685 420 1738 468 et
1777 409 2134 466 sincerissima

631 510 891 567 charitate
937 508 1304 580 amplectende
1346 507 1492 562 fratri
1539 513 1594 560 et
1630 503 1994 559 consaeerdoti
2037 501 2136 558 Sa-

629 618 802 669 vsno,
840 610 893 656 et
919 601 1009 672 qui
1039 610 1211 656 tecum
1241 605 1364 653 sunt
1383 595 1658 661 fratribus,
1688 595 2014 650 Aucusrmus
2035 633 2052 659 ,
2083 599 2135 646 et

631 694 822 748 fratres
845 694 934 763 qui
966 707 1172 747 mecum
1203 697 1356 754 sunt,
1387 687 1440 742 in
1466 687 1690 741 Domino
1714 686 1956 740 salutem.

632 786 686 839 1.
719 784 772 838 Si
804 783 972 838 dicam
1003 797 1121 852 qua:
1157 794 1242 834 me
1277 779 1390 848 ipsa
1417 790 1572 832 causa
1605 777 1746 846 cogit
1785 775 2001 841 dicere,
2043 772 2134 828 ubi

561 875 668 931 erit
693 873 995 929 sollicitudo
1023 867 1330 926 charitatis?
1361 866 1416 922 Si
1458 875 1633 920 autem
1672 881 1774 918 non
1799 863 2002 928 dicam,
2045 862 2134 916 ubi

562 965 664 1019 erit
693 964 908 1020 libertas
929 959 1208 1014 amicitim?
1236 957 1608 1012 Verumtamen
1627 954 1884 1010 fluctuans
1899 951 2130 1018 interim,

561 1054 696 1124 elegi
737 1070 822 1108 me
859 1065 1080 1122 purgare
1106 1049 1282 1120 potius
1318 1063 1475 1118 quam
1504 1055 1557 1102 te
1581 1059 1822 1116 arguere.
1851 1041 2135 1112 Scripsisti

563 1157 616 1200 te
651 1145 869 1208 mirari,
908 1157 1005 1196 nos
1030 1156 1150 1195 cum
1187 1139 1372 1195 dolere
1400 1147 1582 1193 nostro
1621 1136 1847 1192 tolerare
1887 1133 2132 1200 voluisse,

561 1235 700 1306 quod
727 1233 1057 1289 correctione
1081 1231 1354 1288 emendari
1389 1230 1648 1301 potuisset
1678 1245 1692 1282 :
1721 1226 1873 1298 quasi
1897 1241 2002 1281 non
2031 1225 2137 1280 sint

563 1326 788 1382 dolenda
823 1341 942 1396 qua:
967 1325 1107 1380 male
1137 1323 1272 1378 facta
1299 1331 1454 1389 sunt,
1485 1319 1693 1378 etiamsi
1726 1325 1980 1389 quantum
2011 1329 2137 1386 pos-

558 1429 713 1486 sunt,
760 1429 942 1490 postea
981 1419 1350 1489 corriguntur;
1398 1424 1490 1470 aut
1518 1429 1621 1469 non
1656 1411 1710 1467 id
1744 1411 1978 1467 maxime
2003 1408 2136 1464 tole—

557 1509 781 1564 randum
810 1509 906 1575 sit,
949 1507 1093 1579 quod
1121 1523 1243 1562 cum
1276 1505 1616 1560 manifestum
1655 1503 1726 1558 sit
1755 1514 2032 1574 perperam
2061 1499 2137 1552 fa-

556 1609 724 1664 ctum,
755 1600 866 1654 fieri
890 1616 994 1653 non
1022 1599 1188 1669 possit
1217 1598 1486 1652 infectum.
1515 1594 1707 1650 Desine
1736 1594 1913 1663 itaque
1932 1589 2132 1656 mirari,

558 1690 723 1746 frater
740 1691 1114 1746 sincerissime.
1141 1689 1273 1744 Nam
1295 1687 1568 1743 ordinatus
1588 1693 1670 1740 est
1683 1682 1823 1754 apud
1837 1681 2134 1738 Subsanam

558 1782 912 1838 subdiaconus
951 1781 1289 1844 Timotheus,
1335 1784 1530 1846 praeter
1561 1789 1738 1829 meum
1777 1771 2056 1827 consilium
2082 1775 2137 1822 et

556 1873 916 1934 voluntatem;
945 1886 1063 1925 eum
1094 1869 1218 1939 quid
1243 1869 1310 1922 de
1346 1867 1436 1920 illo
1461 1863 1721 1936 agendum
1759 1869 1936 1928 esset,
1963 1859 2136 1914 adhuc

558 1963 698 2016 inter
737 1971 947 2014 nostras
973 1960 1203 2014 alternas
1240 1956 1526 2012 sententias
1558 1952 1867 2008 deliberatio
1904 1956 2135 2011 nutaret.

557 2051 698 2108 Ecce
722 2052 894 2106 adhuc
917 2051 1091 2116 doleo,
1121 2049 1360 2120 quamvis
1379 2048 1488 2117 jam
1513 2045 1579 2100 ad
1605 2051 1655 2100 te
1674 2043 1924 2108 redierit;
1951 2043 2004 2097 in
2028 2055 2140 2113 quo

558 2159 654 2200 nos
678 2151 781 2199 tua:
809 2143 1063 2200 voluntati
1094 2142 1328 2211 paruisse
1354 2155 1458 2194 non
1484 2137 1726 2208 pomitet.

626 2229 681 2282 2.
723 2229 857 2283 Audi
896 2228 1054 2282 etiam
1099 2225 1225 2296 quid
1267 2222 1614 2294 objurganda,
1654 2219 1782 2292 quid
1827 2217 2130 2284 monendo,

557 2320 684 2390 quid
725 2319 926 2374 orando
964 2317 1388 2382 correxerimus,
1417 2324 1470 2370 et
1497 2322 1777 2383 antequam
1824 2311 1948 2366 hinc
1991 2315 2135 2364 esset

559 2412 859 2480 profectus;
887 2426 954 2465 ne
996 2409 1170 2464 adhuc
1207 2415 1486 2478 propterea
1525 2403 1769 2459 videatur
1811 2401 1903 2456 tibi
1941 2399 2073 2455 nihil
2100 2414 2132 2454 a

557 2506 710 2560 nobis
739 2514 860 2559 tunc
881 2504 1040 2558 fuisse
1063 2510 1382 2564 correctum,
1405 2498 1525 2569 quia
1554 2495 1786 2552 nondum
1805 2494 1874 2549 ad
1900 2504 1996 2548 vos
2020 2493 2132 2563 ipse

558 2597 808 2652 redierat.
835 2592 1173 2665 Objurgando
1201 2589 1562 2653 correximus,
1608 2586 1780 2657 primo
1827 2585 2001 2656 ipsum
2043 2582 2134 2652 qui

557 2688 650 2742 tibi
679 2703 784 2743 non
805 2684 1203 2755 obtemperavit,
1231 2692 1284 2737 ut
1309 2679 1605 2735 inconsulto
1629 2679 1789 2732 fratre
1807 2674 2133 2732 Carcedonio

554 2780 622 2834 ad
663 2790 806 2834 tuam
847 2777 1191 2835 Sanctitatem
1234 2783 1358 2830 ante
1400 2773 1791 2846 proiisceretur,
1818 2768 1960 2824 unde
1984 2767 2133 2837 origo

558 2869 716 2938 hujus
743 2878 939 2924 nostra:
963 2866 1314 2922 tribulationis
1341 2872 1525 2920 exorta
1549 2870 1664 2927 est;
1695 2859 1889 2916 deinde
1914 2859 2132 2930 presby-

557 2971 728 3017 terum
757 2972 810 3017 et
829 2961 1112 3026 Verinum,
1154 2975 1250 3029 per
1287 2972 1421 3028 quos
1460 2964 1518 3011 ut
1562 2953 1900 3010 ordinaretur
1936 2951 2130 3007 factum

553 3067 674 3108 esse
722 3053 1095 3122 comperimus.
1140 3049 1271 3104 Cum
1315 3048 1459 3103 enim
1511 3059 1698 3100 omnes
1733 3042 2132 3114 objurgantibus

554 3143 705 3197 nobis
731 3143 845 3198 lucc
870 3142 1046 3197 omnia
1073 3157 1176 3196 non
1206 3148 1348 3194 recte
1386 3137 1520 3192 facta
1547 3151 1666 3192 esse
1698 3133 1930 3191 confessi
1968 3139 2128 3199 sunt,

551 3243 607 3288 et
651 3243 712 3288 ut
754 3234 854 3290 sibi
904 3235 1264 3305 ignosceretur
1305 3237 1659 3301 rogaverunt;
1703 3227 1863 3282 nimis
1904 3225 2132 3295 superbe

553 3340 854 3395 ageremus,
878 3326 920 3379 si
951 3342 1054 3379 non
1080 3323 1420 3379 crederemus
1457 3335 1578 3376 esse
1617 3329 1904 3375 correctos.
1947 3317 2131 3388 Neque

553 3417 695 3471 enim
721 3431 878 3486 agere
902 3424 1146 3487 poterant
1170 3425 1226 3469 ut
1255 3413 1389 3469 facta
1414 3427 1521 3470 non
1549 3421 1760 3477 essent;
1789 3410 1883 3466 sed
1909 3425 2008 3464 nec
2033 3423 2131 3464 nos

553 3507 694 3560 aliud
733 3507 1058 3576 objurgando
1099 3506 1412 3575 agebamus,
1460 3504 1562 3558 nisi
1603 3509 1662 3556 ut
1697 3517 1754 3556 se
1796 3501 1932 3555 male
1957 3500 2132 3569 egisse

553 3606 935 3667 cognoscerent
979 3606 1032 3651 et
1085 3597 1346 3652 dolerent.
1392 3592 1652 3648 Moncndo
1689 3600 1866 3645 autem
1895 3589 2130 3644 correxi-

555 3702 674 3741 mus
694 3728 708 3752 ,
742 3687 912 3757 primo
950 3701 1157 3753 omnes,
1188 3695 1246 3741 ut
1267 3685 1518 3755 deinceps
1544 3684 1667 3738 talia
1698 3698 1802 3736 non
1840 3681 2125 3748 auderent,

555 3791 624 3831 ne
669 3777 799 3831 irant
841 3777 933 3830 Dei
978 3774 1596 3846 esperirentur:deinde
1641 3774 1904 3843 praecipue
1944 3772 2127 3826 Timo-

555 3869 766 3933 theum,
796 3867 883 3937 qui
915 3867 1028 3922 sola
1067 3867 1333 3936 iuratione
1371 3881 1429 3920 se
1462 3865 1577 3935 cogi
1623 3863 1834 3918 dicebat
1873 3861 1939 3916 ad
1987 3871 2126 3918 tuam

552 3973 776 4028 pergere
802 3957 1159 4022 Charitatem;
1194 3966 1251 4012 ut
1278 3957 1323 4010 si
1356 3955 1620 4012 Sanctitas
1665 3962 1750 4007 tua
1772 3993 1786 4017 ,
1829 3952 1969 4022 quod
2015 3951 2128 4008 fore

551 4047 918 4117 sperabamus,
949 4049 1291 4103 considerans
1316 4063 1433 4117 qua:
1458 4046 1617 4100 simul
1644 4045 1805 4100 locuti
1836 4044 2124 4111 fuerimus,

550 4148 766 4210 propter
792 4139 1117 4195 infirmorum
1147 4140 1486 4206 scandalum,
1524 4154 1618 4207 pro
1637 4138 1849 4208 'quibus
1885 4137 2126 4191 Christus

548 4241 790 4287 mortuus
816 4240 898 4287 est
925 4243 979 4286 et
1004 4242 1218 4302 propter
1256 4231 1506 4288 Ecclesia:
1551 4230 1884 4301 disciplinam
1908 4270 1924 4296 ,
1967 4244 2126 4300 quam

550 4321 848 4390 periculose
887 4324 1192 4392 negliguut,
1233 4323 1482 4391 quoniam
1523 4321 1613 4377 hic
1654 4321 1763 4391 jam
1805 4321 1970 4376 lector
2006 4336 2125 4376 esse

549 4422 819 4481 cmperat,
846 4413 1016 4467 nolles
1043 4427 1165 4467 eum
1193 4427 1312 4467 esse
1341 4422 1512 4466 tecum
1532 4428 1545 4476 ;
1565 4411 1673 4480 jam
1703 4411 1838 4466 liber
1860 4426 1888 4464 a
1915 4411 2125 4466 vinculo

543 4503 845 4575 jurationis,
875 4505 1176 4574 aequissimo
1212 4504 1389 4559 animo
1419 4503 1528 4558 Deo
1553 4504 1808 4570 serviret,
1831 4503 1916 4558 cui
1942 4517 2124 4557 sumus

550 4595 810 4648 rationem
837 4602 1135 4649 nostrorum
1161 4603 1373 4648 actuum
1403 4592 1678 4649 reddituri.
1709 4593 1883 4662 Ipsum
1912 4607 2124 4662 quoque

549 4680 770 4736 fratrem
798 4682 1210 4750 Carcedonium,
1245 4692 1497 4754 quantum
1527 4685 1822 4754 potuimus,
1853 4683 2123 4738 monendo

547 4772 613 4828 ad
644 4773 746 4828 hoc
774 4774 1207 4844 perduxeramus,
1235 4785 1293 4830 ut
1312 4776 1471 4830 etiam
1499 4777 1611 4846 ipse
1632 4776 2016 4846 patientissime
2042 4791 2124 4830 ac-

545 4864 746 4934 ciperet
769 4865 1019 4936 quidquid
1062 4865 1129 4922 de
1165 4867 1255 4922 illo
1284 4867 1428 4933 fieri,
1457 4866 1833 4923 conservandae
1870 4867 2124 4921 ecclesia-

545 4956 694 5011 stica:
722 4955 1014 5026 disciplina:
1045 4959 1274 5028 provisio
1300 4967 1355 5014 et
1382 4959 1670 5015 necessitas
1698 4967 1926 5027 cogeret.
1952 4957 2121 5012 Oran-

544 5045 614 5102 do
633 5054 811 5101 autem
836 5062 1236 5104 correxeramus
1253 5063 1350 5103 nos
1371 5049 1536 5117 ipsos,
1556 5057 1611 5102 ut
1636 5056 1690 5102 et
1708 5046 2119 5117 gubernationes

543 5145 598 5192 et
644 5137 817 5192 exitus
861 5148 1160 5194 nostrorum
1209 5141 1553 5196 consiliorum
1602 5139 1977 5194 misericordia:
2026 5140 2118 5195 Dei

542 5228 1060 5296 commendaremus,
1079 5240 1132 5285 et
1152 5231 1196 5284 si
1222 5229 1346 5299 quid
1377 5229 1750 5298 indignationis
1771 5244 1866 5283 nos
1888 5244 2120 5284 momor-

541 5318 728 5386 derat,
761 5319 858 5374 sub
885 5321 1026 5375 illius
1050 5321 1415 5376 medicinalem
1459 5321 1730 5375 dexteram
1768 5319 2118 5390 confugiendo

541 5422 875 5465 sanarentur.
906 5411 1043 5466 Ecce
1084 5426 1241 5481 quam
1286 5412 1448 5466 multa
1473 5453 1488 5478 ,
1536 5411 1725 5482 partim
1765 5411 2114 5481 objurgando,

543 5501 736 5569 partim
764 5502 1049 5569 monendo,
1075 5502 1267 5572 partim
1292 5504 1492 5558 orando
1517 5519 1936 5558 eorrcxeramus.

615 5591 672 5648 3.
715 5591 782 5649 Et
814 5608 954 5648 nunc
997 5594 1392 5650 considerantes
1433 5596 1696 5650 vinculum
1739 5595 2028 5660 cbaritatis,
2061 5606 2117 5651 ut

549 5696 661 5740 non
701 5686 1072 5754 possideamur
1109 5702 1138 5742 a
1180 5694 1363 5741 satana
1393 5726 1409 5753 ,
1461 5704 1564 5743 non
1619 5689 1759 5744 enim
1813 5689 2114 5760 ignoramus

1757 297 1814 355 S.
1854 293 2216 354 AUGUSTlNl
2255 295 2554 356 EPISCOPI

3711 326 3823 385 232

2243 419 2449 468 mentes
2476 413 2620 485 ejus,
2651 416 2774 486 quid
2798 418 2938 476 aliud
2973 421 3146 480 facere
3175 425 3454 489 debuimus
3482 435 3586 493 nisi
3611 440 3821 501 obtem-

2243 515 2434 570 perare
2481 507 2733 564 voluntati
2787 518 2890 565 tua:
2911 553 2925 572 .
2955 514 3045 583 qui
3075 531 3182 571 non
3211 523 3406 588 putasti
3441 527 3583 596 quod
3619 531 3819 592 factum

2241 602 2324 690 est
2367 596 2558 668 corrigi
2606 601 2870 668 potuisse,
2900 603 2998 658 nisi
3045 605 3192 674 ipse,
3223 609 3274 664 in
3304 617 3410 682 Quo
3446 615 3538 671 tibi
3568 619 3820 690 injuriam

2241 683 2432 740 factam
2481 703 2600 744 esse
2639 695 3140 766 conquereris,juri
3182 708 3270 756 tuo
3315 683 3666 767 redderetur?
3705 715 3820 773 [loc

2239 780 2397 835 etiam
2426 780 2593 838 frater
2621 784 2733 854 ipse
2756 784 3140 858 Carcedonius,
3170 799 3410 864 quamvis
3439 805 3546 857 'non
3584 816 3703 873 post
3744 810 3820 866 lc-

2393 874 2553 928 animi
2592 878 3041 972 perturbationem
3062 925 3076 947 ,
3113 885 3177 940 de
3206 903 3306 958 qua
3337 897 3460 960 peto
3486 903 3541 953 ut
3567 913 3689 954 ores
3721 918 3821 972 pro

2241 965 2353 1032 illo,
2384 975 2556 1023 tamen
2578 970 2848 1028 Christum
2875 975 2927 1030 in
2960 987 3009 1032 te
3034 980 3271 1049 cogitans
3295 1025 3309 1049 ,
3339 965 3816 1057 aequanimiter-fe-

2241 1059 2332 1114 cit.
2362 1059 2430 1113 Et
2453 1075 2572 1115 cum
2598 1063 2774 1120 adhuc
2805 1081 2936 1137 ego,
2969 1078 3146 1125 utrum
3187 1075 3328 1143 apud
3371 1091 3470 1134 nos
3511 1095 3820 1142 remorante

2242 1151 2542 1221 Timotheo,
2575 1155 2704 1211 alias
2727 1157 2793 1212 ad
2816 1167 2956 1213 tuam
2978 1159 3392 1222 Germanitatem
3415 1168 3617 1228 litteras
3641 1176 3821 1233 mitte-

2240 1252 2374 1311 rem,
2403 1247 2738 1317 cogitandum
2767 1260 3038 1319 putarem;
3069 1256 3265 1311 veritus
3294 1269 3373 1313 cst
3397 1262 3509 1330 ipse
3541 1273 3817 1333 paternam

2239 1339 2649 1395 commotionem
2701 1342 2718 1372 ⁸
2759 1350 2950 1408 tuam;
2993 1354 3048 1399 et
3094 1349 3333 1415 praecidit
3379 1351 3816 1415 deliberationem

2239 1444 2441 1494 meam,
2487 1445 2593 1484 non
2636 1431 2806 1487 solum
2846 1433 3059 1502 sitiens,
3087 1437 3181 1493 sed
3219 1440 3377 1495 etiam
3407 1443 3610 1501 instans
3635 1458 3690 1504 ut
3719 1449 3818 1506 tibi

2239 1519 2550 1577 Timotheus
2574 1523 2901 1580 redderetur.

2309 1613 2362 1666 4.
2404 1613 2514 1682 Ego
2537 1621 2733 1681 autem,
2757 1613 2921 1670 frater
2945 1615 3159 1686 Severe,
3182 1634 3392 1677 causam
3416 1640 3588 1680 meam
3613 1628 3819 1699 judicio

2241 1712 2330 1760 tuo
2353 1704 2580 1760 dimitto.
2621 1705 2811 1762 Certus
2839 1721 2955 1762 sum
2985 1711 3127 1765 enim
3166 1711 3434 1770 Christum
3473 1716 3712 1776 habitare
3759 1724 3819 1779 in

2237 1792 2399 1848 corde
2443 1803 2567 1860 tuo;
2603 1811 2696 1864 per
2732 1811 2889 1866 quem
2918 1807 2968 1853 te
2997 1799 3221 1856 obsecro
3250 1812 3307 1856 ut
3335 1804 3507 1875 ipsum
3532 1811 3779 1866 consulas
3797 1853 3816 1880 ,

2239 1891 2344 1938 tua:
2373 1886 2534 1939 menti
2573 1885 2672 1940 sibi
2699 1887 2925 1943 subdita:
2954 1891 3361 1962 praesidentem,
3407 1905 3583 1954 utrum
3629 1900 3816 1971 homo,

2237 1976 2326 2046 qui
2359 1977 2412 2031 in
2451 1977 2674 2033 ecclesia
2705 1995 2838 2034 mere
2863 1980 3242 2050 dispensationi
3272 1987 3468 2043 credita
3493 1991 3601 2060 jam
3638 1993 3822 2064 legere

2237 2077 2504 2136 coeperat,
2533 2077 2588 2123 et
2615 2083 2718 2123 non
2761 2071 2959 2138 semel,
2989 2072 3082 2127 sed
3132 2074 3320 2130 iterum
3371 2087 3424 2133 et
3467 2082 3641 2149 tertio,
3673 2086 3820 2154 apud

2237 2157 2531 2213 Subsanam
2559 2168 2614 2214 et
2641 2161 2953 2231 presbytero
2981 2161 3334 2222 Subsanensis
3359 2167 3612 2227 Ecclesiae
3648 2177 3820 2230 comi-

2235 2257 2397 2317 tatus,
2425 2261 2479 2306 et
2505 2251 2645 2321 apud
2669 2251 2898 2319 Turres,
2929 2266 2984 2308 et
3009 2255 3150 2325 apud
3176 2257 3334 2313 Cizan
3363 2261 3385 2291 ²
3414 2270 3469 2316 et
3501 2265 3641 2333 apud
3681 2267 3819 2324 Ver-

2236 2340 2370 2396 balis
2391 2352 2605 2413 egerat,
2636 2358 2741 2398 non
2767 2342 2933 2399 fuisse
2958 2345 3125 2401 lector
3152 2349 3319 2417 possit
3345 2361 3435 2406 aut
3462 2353 3652 2411 debeat
3670 2358 3821 2428 judi-

2234 2433 2342 2487 cari
2373 2432 2471 2504 (a).
2503 2433 2570 2487 Et
2595 2433 2730 2488 sicut
2759 2449 2855 2489 nos
2876 2476 2889 2499 ,
2929 2436 3070 2504 quod
3113 2449 3295 2506 postea
3335 2442 3487 2498 nobis
3529 2445 3707 2504 invitis
3733 2451 3819 2503 fa-

2236 2531 2376 2576 ctum
2419 2530 2535 2587 est,
2565 2523 2675 2577 Deo
2699 2523 2918 2592 jubente
2959 2528 3323 2598 correximus;
3364 2533 3442 2588 sic
3485 2545 3539 2591 et
3578 2543 3633 2592 tu
3671 2541 3818 2610 quod

2235 2617 2383 2684 prius
2413 2625 2464 2670 te
2491 2615 2765 2671 nesciente
2793 2616 2985 2673 factum
3004 2627 3106 2686 eSt,
3129 2621 3315 2677 eodem
3330 2623 3548 2694 jubente
3573 2629 3821 2688 similiter

2235 2707 2459 2776 corrige.
2502 2706 2683 2776 Neque
2725 2708 2868 2762 enim
2911 2724 3102 2765 vereor
3125 2727 3194 2767 ne
3232 2722 3285 2768 tu
3327 2731 3509 2784 parum
3553 2719 3820 2793 intelligas

2234 2807 2460 2869 quantus
2484 2798 2656 2854 aditus
2677 2801 2911 2869 aperitur
2929 2801 2995 2856 ad
3023 2802 3416 2862 dissolvendum
3441 2811 3679 2869 ordinem
3709 2814 3819 2870 Ec.

2235 2890 2547 2945 clesiasticae
2595 2890 2920 2960 disciplima,
2950 2893 2995 2947 si
3035 2894 3249 2951 alterius
3296 2897 3544 2956 Ecclesia:
3587 2903 3817 2962 clericus

2235 2981 2548 3051 cuicumque
2566 2981 2823 3050 juraverit
2847 2983 2986 3053 quod
3010 2983 3077 3039 ab
3107 2984 3222 3055 ipso
3251 3002 3356 3066 non
3377 2990 3445 3044 sit
3471 3005 3812 3063 recessurus,

2235 3090 2357 3129 eum
2386 3090 2564 3130 secum
2591 3091 2710 3132 esse
2737 3078 3037 3148 permittat,
3067 3078 3186 3135 ideo
3212 3089 3272 3137 se
3308 3083 3482 3140 facere
3508 3085 3813 3159 affirmans,

2235 3181 2303 3220 ne
2328 3172 2512 3221 auctor
2538 3167 2607 3221 sit
2636 3167 2751 3238 ejus
2779 3169 3024 3238 perjurii;
3057 3185 3176 3224 cum
3207 3172 3442 3241 profecto
3465 3177 3554 3246 qui
3582 3177 3683 3233 hoc
3703 3196 3813 3235 non

2233 3258 2406 3324 sinet,
2449 3274 2548 3314 nec
2590 3258 2737 3313 illtttn
2783 3258 2925 3329 apud
2971 3260 3142 3330 ipsum
3190 3277 3464 3319 remanere
3507 3269 3811 3338 permittet,

2233 3348 2353 3417 quia
2380 3348 2448 3402 de
2473 3363 2552 3415 se,
2577 3365 2680 3404 non
2700 3348 2768 3403 de
2793 3349 2962 3404 altero
2987 3349 3170 3419 jurare
3191 3353 3379 3422 potuit,
3403 3353 3515 3425 ipse
3534 3357 3814 3426 pacificum

2234 3441 2467 3511 regulam
2495 3443 2609 3497 sine
2637 3441 2812 3511 aliqua
2839 3442 3248 3511 reprehensione
3276 3447 3557 3502 custodiat.

2653 3553 2987 3609 EPISTOLA
3025 3553 3187 3612 LXIV
3225 3562 3244 3582 ‘
3276 3556 3368 3630 (b).

2233 3643 2864 3718 Augustinus_Quintiano,
2893 3646 3059 3716 ipsum
3097 3648 3166 3701 ad
3203 3649 3496 3718 patientiam
3535 3653 3814 3712 adhortans

2302 3725 2350 3796 e‘t
2384 3716 2586 3796 iur-cllo
2623 3716 2854 3786 episcOpo
2879 3716 3255 3796 reconciliatum
3293 3722 3525 3796 cupiens,
3562 3739 3816 3796 agensque

2302 3785 2364 3864 de
2391 3784 2682 3864 Privatione
2705 3784 2850 3864 quem
2879 3786 2966 3864 ille
2992 3803 3098 3841 sua:
3124 3784 3368 3864 Ecclesia
3382 3784 3618 3864 clericum
3635 3784 3816 3864 quereb

2301 3854 2447 3908 batur
2467 3856 2516 3908 t'n
2543 3857 2900 3909 monasterium
2925 3856 3191 3927 Augustini
3219 3871 3500 3930 susceptum
3526 3854 3698 3932 fuisse.

2231 3945 2454 4002 Domino
2493 3946 2837 4023 dilectissimo
2877 3947 3040 4023 fratri
3071 3957 3136 4023 et_
3171 3952 3603 4023 compresbytero
3643 3957 3814 4022 Qum-

2434 4031 2610 4081 TIANO,
2640 4019 2994 4082 AUGUSTINUS,
3029 4018 3078 4072 in
3109 4019 3332 4074 Domino
3358 4018 3602 4080 salutem.

2303 4105 2356 4162 1.
2395 4107 2503 4163 Nos
2547 4122 2652 4162 non
2696 4107 3044 4178 dedignamur
3086 4111 3326 4180 aspicere
3365 4126 3590 4185 corpora
3633 4117 3815 4176 minus

2231 4199 2446 4269 pulchra
2465 4241 2480 4266 ,
2512 4199 2806 4269 prresertim
2833 4215 2953 4254 cunt
2984 4200 3112 4271 ipsa:
3131 4203 3321 4260 anima:
3349 4214 3544 4261 nostra:
3572 4209 3812 4265 nondum

2231 4291 2464 4360 pulchra:
2501 4291 2639 4355 sint,
2683 4291 2820 4344 sicut
2862 4305 2954 4346 eas
2991 4289 3195 4347 futuras
3239 4309 3545 4366 speramus,
3569 4313 3688 4352 cum
3719 4301 3814 4356 ille

2231 4381 2571 4437 ineffabiliter
2598 4382 2820 4451 pulcher
2849 4374 3000 4436 nobis
3025 4383 3357 4452 apparuerit,
3385 4385 3436 4440 in
3461 4401 3617 4456 quem
3647 4389 3811 4445 modo

2233 4492 2340 4530 non
2365 4475 2607 4529 videntes
2642 4473 2908 4528 credimus
2931 4491 2946 4528 :
2971 4483 3093 4529 tunc
3115 4475 3258 4530 enim
3281 4476 3482 4533 similes
3509 4480 3559 4534 ei
3584 4481 3806 4548 erimus,

2229 4567 2444 4638 quando
2463 4562 2762 4621 videbimus
2782 4580 2902 4620 cum
2923 4567 3077 4621 sicuti
3105 4577 3186 4622 est
3214 4567 3393 4638 (Joan.
3428 4586 3515 4638 nt,
3545 4572 3622 4644 2).
3653 4573 3810 4640 Quod

2226 4668 2280 4714 et
2309 4667 2365 4712 tu
2387 4658 2454 4712 de
2475 4658 2649 4710 anima
2675 4665 2784 4723 tua,
2815 4658 2859 4712 si
2887 4656 3117 4713 libenter
3143 4668 3197 4713 et
3219 4661 3450 4718 fraterne
3477 4680 3562 4719 me
3585 4667 3808 4736 accipis,

2227 4749 2574 4803 admonemus
2616 4756 2674 4802 ut
2711 4747 2941 4814 sentias,
2973 4763 3072 4803 nec
3099 4750 3338 4806 eamdem
3371 4753 3641 4822 pulchram
3684 4772 3812 4813 esse

2228 4856 2522 4914 prtesumas
2544 4882 2558 4905 ,
2591 4839 2684 4895 sed
2727 4840 3172 4910 quemadmodum
3217 4832 3500 4912 Apostolus
3529 4849 3767 4918 prmeipit
3791 4893 3808 4918 ,

2227 4937 2278 4990 in
2301 4951 2396 5006 spe
2420 4935 2668 5006 gaudeas,
2687 4945 2740 4990 et
2755 4937 2892 5007 quod
2913 4939 3150 5008 sequitur
3170 4940 3364 5005 facias;
3391 4942 3468 4996 sic
3488 4943 3627 4996 enim
3653 4943 3806 5009 dicit,

2226 5027 2334 5096 Spe
2360 5025 2654 5097 gaudentes,
2678 5027 2729 5079 in
2760 5027 3077 5083 tribulatione
3106 5030 3344 5100 patientes
3375 5029 3660 5102 (Rom.xrt,
3681 5035 3806 5105 19.);

2290 5145 2306 5172 ι
2331 5148 2463 5201 Lov.,
2487 5138 2911 5204 commuttionem.
2931 5147 3038 5204 Mss.
3063 5155 3251 5204 omnes,
3275 5144 3646 5197 conunationnn.

2285 5204 2306 5234 ⁸
2329 5211 2379 5251 tn
2410 5203 2569 5252 veteri
2593 5201 2758 5251 codice
2779 5204 2935 5261 Corh.,
2961 5201 3125 5253 Cizau.

2285 5266 2305 5283 ‘
2330 5266 2474 5340 epist.
2500 5271 2622 5340 ιτξίιν
2649 5271 2701 5314 et
2730 5270 2834 5311 va
2858 5263 2918 5312 ad
2939 5265 3077 5313 Corh.
3100 5265 3158 5316 ad
3176 5265 3302 5340 duos
3324 5274 3424 5317 vat.
3443 5276 3493 5319 et
3509 5269 3569 5319 ad
3591 5275 3700 5321 Lov.
3724 5285 3806 5321 re.

2314 5328 2426 5376 uita:
2446 5333 2576 5376 sunt.

2221 5338 2428 5450 ωίξὲζιῗῗι
2446 5338 2638 5450 huelglotli
2655 5386 2849 5450 videtur
2871 5387 3134 5450 praebuisse
3157 5338 3348 5437 causam
3367 5389 3542 5441 edendi
3578 5391 3708 5443 illius
3727 5400 3808 5444 ca—

2222 5446 2362 5499 nonis
2397 5451 2446 5499 in
2461 5446 2631 5499 conci].
2663 5446 2953 5512 Milevitaho,
2971 5449 3052 5512 die
3069 5448 3128 5498 ‘37
3150 5463 3261 5512 aug.
3296 5463 3374 5498 an.
3399 5452 3492 5502 40:?
3511 5455 3760 5505 celebrato
3784 5470 3800 5507 ε

2231 5530 2253 5558 ι
2277 5519 2329 5584 ut
2351 5513 2644 5584 quicumque
2661 5510 2710 5558 in
2733 5509 2937 5560 ecclesia
2954 5511 3035 5561 vel
3055 5509 3431 5574 semel'legerit,
3445 5516 3506 5564 ab
3528 5517 3622 5567 alia
3639 5518 3806 5568 eccle-

2229 5592 2253 5622 I
2268 5579 2338 5622 sia
2353 5584 2448 5620 uon
2465 5579 2706 5622 teneatur.
2727 5587 2750 5614 ν
3317 5592 3358 5628 ο

2286 5635 2355 5697 (b)
2374 5635 2603 5704 Alias
2613 5649 2632 5704 _:
2653 5645 2764 5704 quze
2788 5632 3030 5704 autemhdl
3054 5641 3177 5694 erat,
3201 5647 3326 5686 nunc
3347 5637 3421 5688 ‘22.
3456 5641 3636 5702 Scripta
3656 5641 3803 5704 [aulo

2224 5695 2562 5760 pest'bfatalem
2583 5695 2768 5757 Christi,
2801 5708 2880 5745 an.
2917 5695 3023 5745 401.
