4090 6356
256 366 374 423 233

257 495 352 549 spe
368 476 509 530 enim
559 474 687 530 salvi
730 474 854 545 facti
895 490 1103 542 sumus;
1143 473 1282 532 sicut
1328 491 1517 534 rursus
1564 479 1707 534 idem
1743 479 1859 548 ipse

256 571 411 637 dicit,
447 570 578 641 Spes
603 582 769 625 autent
794 589 906 642 quat
932 574 1144 641 videtur,
1178 591 1277 628 non
1296 584 1370 629 est
1398 592 1510 645 spes
1534 575 1703 646 :quod
1724 576 1855 630 enim

254 665 392 719 ridet
407 666 545 736 quis,
568 667 692 737 quid
715 668 924 734 sperat?
946 667 1007 722 Si
1030 677 1196 722 autem
1221 669 1357 740 quod
1381 686 1481 724 non
1508 670 1731 724 videmus
1751 685 1859 740 spe-

252 773 458 823 ramus,
486 774 578 826 per
607 759 898 829 patientiam
920 772 1264 829 exspectamus
1282 761 1455 832 (Rom.
1486 778 1599 827 vm,
1626 761 1716 829 24,
1733 760 1850 833 25).

250 848 383 904 Haec
407 850 666 919 patientia
697 852 749 905 in
778 860 831 907 te
856 868 963 907 non
989 853 1217 918 deficiat,
1241 864 1295 909 et
1322 856 1374 909 in
1401 855 1539 910 bona
1567 854 1852 909 conscien-

252 944 325 997 tia
355 944 568 999 sustine
598 944 880 999 Dominum
901 987 916 1010 ,
940 954 994 1001 et
1021 947 1248 1001 viriliter
1275 963 1372 1018 age
1396 991 1410 1015 ,
1441 957 1496 1003 et
1520 946 1850 1003 eonfortetur
1900 954 1905 981 έ

249 1050 348 1092 cor
378 1044 558 1101 tuum,
591 1046 645 1092 et
671 1038 875 1093 sustine
904 1037 1184 1095 Dominum
1211 1037 1380 1109 (Prol.
1411 1055 1559 1106 xxvr,
1592 1036 1705 1112 M).
1856 1052 1873 1115 ξ

246 1180 263 1187 -
322 1128 379 1182 2.
426 1129 767 1185 Manifestum
797 1130 1109 1201 estquidem
1139 1131 1281 1201 quod
1310 1130 1355 1185 si
1382 1129 1450 1186 ad
1480 1145 1577 1185 nos
1602 1128 1813 1185 venires
1832 1170 1848 1199 ,
1892 1136 1901 1146 ‘

249 1225 554 1280 venerabili
599 1227 853 1297 episcopo
897 1226 1115 1283 Aurelio
1155 1241 1262 1281 non
1307 1227 1726 1293 communicans,
1751 1241 1851 1281 nec

251 1317 395 1386 apud
429 1333 532 1372 nos
559 1334 748 1389 posses
774 1320 1202 1383 communicare;
1232 1319 1325 1374 sed
1356 1335 1417 1374 ea
1453 1319 1713 1374 cbaritate
1750 1333 1849 1373 nos

250 1408 590 1477 iaceremus‘,
619 1426 722 1481 qua
770 1420 826 1466 et
862 1411 1010 1466 illum
1052 1411 1225 1466 facere
1254 1426 1361 1466 non
1389 1410 1709 1466 dubitamus.
1739 1409 1850 1465 Nec

250 1500 369 1558 ideo
393 1512 577 1559 tamen
606 1520 867 1560 onerosus
891 1505 1048 1561 nobis
1085 1514 1229 1561 esset
1257 1505 1514 1560 adventus
1540 1513 1694 1571 tuus;
1725 1505 1847 1575 quia

252 1600 303 1647 et
332 1603 385 1647 te
416 1604 636 1663 oportet
673 1612 826 1667 aequo
859 1598 1038 1652 animo
1069 1598 1240 1653 facere
1268 1613 1365 1667 pro
1402 1596 1656 1653 Ecclesia:
1684 1596 1847 1653 disci-

252 1684 425 1755 plina,
455 1689 760 1757 praesertim
787 1692 928 1745 salva
959 1692 1314 1757 conscientia,
1337 1708 1497 1763 quam
1534 1702 1589 1747 tu
1625 1691 1765 1747 nosti
1794 1702 1850 1749 et

251 1777 413 1835 Deus.
446 1780 636 1853 Neque
661 1784 804 1839 enim
827 1793 877 1840 et
904 1785 992 1840 ille
1029 1786 1075 1841 si
1107 1802 1322 1841 causam
1367 1796 1508 1841 tuam
1552 1785 1846 1841 discutien-
1900 1784 1919 1829 U

253 1869 374 1925 dam
403 1871 637 1942 distulit,
659 1874 786 1931 odio
808 1876 881 1930 tui
911 1874 1057 1944 fecit,
1079 1886 1132 1933 et
1150 1871 1681 1933 non'necessitatibus
1701 1877 1843 1944 suis;

252 1977 385 2033 quas
415 1974 475 2020 tu
499 1966 545 2021 si
586 1968 661 2021 ita
689 1983 876 2024 nosses
901 1969 1346 2039 quemadmodum
1374 1978 1516 2025 tuam
1542 1971 1715 2037 nosti,
1749 1985 1849 2026 nec

252 2056 532 2114 mirareris
574 2075 676 2115 nec
718 2061 1134 2117 contristareris.
1177 2061 1328 2130 Quod
1366 2064 1523 2118 etiam
1554 2062 1620 2117 de
1649 2062 1849 2119 nostris

252 2151 489 2219 petimus
539 2152 763 2221 credas,
799 2156 922 2225 quia
964 2155 1209 2210 similiter
1234 2170 1326 2211 eas
1352 2172 1455 2210 non
1486 2164 1637 2225 potes
1662 2171 1843 2213 nosse.
1892 2212 1893 2219 η

252 2241 389 2298 Sunt
434 2255 615 2299 autem
658 2246 891 2317 majores
917 2248 1100 2314 nobis,
1134 2257 1189 2303 et
1212 2249 1525 2304 auctoritate
1554 2247 1842 2319 digniores,

252 2342 303 2389 et
329 2335 455 2391 loco
485 2336 777 2394 viciniores
816 2339 1081 2409 episcopi,
1111 2356 1205 2411 per
1244 2354 1378 2411 quos
1404 2340 1609 2395 facilius
1634 2341 1847 2411 possitis

249 2425 315 2480 ad
344 2442 536 2482 curam
564 2439 798 2484 vestram
832 2430 1148 2501 pertinentis
1177 2432 1429 2488 Ecclesia)
1468 2448 1654 2489 causas
1689 2448 1846 2490 exse-
1889 2501 1897 2505 ἓ

248 2520 359 2589 qui.
401 2521 516 2578 Nec
537 2539 636 2595 ego
662 2532 839 2580 tamen
869 2527 1007 2581 tacui
1034 2526 1173 2598 apud
1200 2527 1556 2582 venerabilem
1586 2535 1639 2582 et
1668 2527 1849 2585 debita

248 2613 384 2667 mihi
435 2632 535 2685 pro
583 2615 701 2686 ejus
744 2618 949 2673 meritis
1004 2619 1411 2674 honorificentia
1453 2620 1846 2690 suscipiendum

245 2702 473 2761 fratrem
502 2716 556 2762 et
578 2709 836 2779 collegam
871 2726 1051 2766 meum
1081 2728 1265 2768 senem
1294 2713 1587 2781 Aurelium,
1621 2713 1846 2769 tribula-

248 2798 454 2855 tionem
495 2810 726 2858 vestram
777 2814 831 2859 et
878 2806 1261 2876 querimoniam
1309 2808 1605 2864 litterarum
1643 2817 1847 2864 vestra-

248 2906 408 2955 rum:
437 2894 535 2950 sed
576 2912 671 2965 per
706 2899 1007 2969 exemplum
1048 2902 1285 2970 epistolae
1324 2911 1457 2969 tuae,
1489 2902 1861 2983 innocentiam}

254 2992 406 3040 tuam
431 2986 483 3041 ei
515 2987 752 3056 perferre
792 2992 993 3047 curavi.
1021 2991 1248 3048 Litteras
1278 3002 1459 3050 autem
1487 3002 1605 3050 tuas
1630 2996 1714 3051 vel
1742 2997 1848 3066 pri-

250 3074 362 3143 die,
391 3078 476 3132 vel
507 3088 631 3135 ante
658 3080 876 3136 biduum
907 3083 1105 3138 Natalis
1134 3085 1344 3141 Domini
1387 3088 1600 3157 accepi,
1635 3088 1846 3159 quando
1915 3147 1918 3157 ,
1946 3149 1950 3155 τ

1935 3171 2267 3245 Augustinus
2297 3177 2560 3253 Xantippo
2612 3184 2873 3245 Numidia:
2901 3192 3125 3262 primati,
3156 3203 3403 3254 rationem
3429 3200 3546 3258 red-

250 3169 403 3226 illum
443 3172 723 3229 insinuasti
758 3175 826 3231 ad
871 3176 1165 3233 Ecclesiam
1212 3179 1619 3235 Badesilitanam
1660 3190 1867 3245 ventus

250 3278 392 3329 rum,
436 3280 466 3317 a
517 3281 620 3336 qua
670 3267 867 3322 timetis
922 3268 1015 3323 Dei
1068 3270 1275 3339 plebem
1332 3272 1636 3327 conturbari
1686 3282 1845 3344 atque

250 3357 544 3426 corrumpi.
572 3356 903 3430 Quapropter
930 3376 1025 3430 per
1054 3360 1256 3417 litteras
1282 3364 1493 3434 quidem
1517 3366 1712 3438 alloqui
1734 3367 1848 3437 ple-

1463 360 1947 422 EPISTOLARUM
1973 362 2247 428 CLASSIS
2280 370 2350 429 Ῑῐ.

3441 391 3549 451 251

1963 477 2030 533 de
2075 482 2250 553 aliquo
2288 488 2614 546 monasterio
2658 492 2749 563 qui
2785 498 3143 569 recesserint,
3194 500 3277 557 vel
3323 507 3545 575 projecti

1965 571 2182 644 fuerint,
2212 594 2321 634 non
2347 579 2471 638 fiant
2498 584 2623 640 alibi
2651 588 2830 644 clerici
2854 600 2946 646 aut
2975 596 3241 665 praepositi
3270 571 3543 656 monaste-

1961 664 2181 721 riorum.
2217 669 2275 724 Si
2316 687 2444 744 ergo
2482 674 2547 731 de
2584 677 2883 738 Privatione
2912 683 2988 755 (a)
3016 694 3069 741 te
3090 664 3300 759 aliquid
3343 692 3541 760 movit,

1959 758 2099 814 scias
2128 775 2249 818 eum
2278 781 2307 820 a
2333 768 2485 824 nobis
2511 772 2744 829 nondum
2786 792 2904 833 esse
2940 790 3241 851 susceptum
3274 783 3327 838 in
3353 800 3542 841 mona-

1958 855 2210 925 stcrium;
2242 860 2334 915 sed
2361 876 2575 919 causam
2604 866 2770 937 ipsius
2795 870 2862 925 ad
2888 885 3070 928 senem
3096 876 3369 932 Aurelium
3398 879 3540 946 misi,

1956 952 2015 999 ut
2034 948 2174 1018 quod
2194 950 2261 1006 de
2282 952 2371 1007 illo
2392 957 2654 1026 statuerit,
2678 959 2777 1016 hoc
2798 962 3005 1018 faciam.
3026 964 3187 1022 Miror
3201 969 3343 1023 enim
3364 978 3543 1026 utrum

1952 1035 2062 1107 jam
2090 1050 2264 1109 potest
2288 1044 2457 1101 lector
2481 1048 2756 1120 deputari,
2783 1054 2871 1124 qui
2894 1058 3100 1113 nonnisi
3127 1062 3289 1115 semel
3312 1063 3541 1132 Scriptu-

1953 1142 2044 1185 ras
2065 1132 2225 1189 etiam
2256 1151 2366 1191 non
2389 1142 2671 1198 canonicas
2700 1144 2847 1215 legit.
2875 1147 2929 1203 Si
2957 1150 3097 1205 enim
3129 1162 3409 1223 propterea
3430 1155 3542 1224 jam

1955 1219 2046 1277 ille
2070 1224 2237 1281 lector
2260 1230 2672 1301 ecclesiasticus,
2703 1236 2937 1307 profecto
2967 1252 3021 1297 et
3048 1219 3142 1299 illa
3159 1219 3539 1316 scriptura'ec-

1956 1312 2248 1373 clesiastica
2286 1329 2386 1375 est.
2433 1321 2490 1378 Si
2528 1335 2703 1381 autem
2748 1328 2836 1383 illa
2877 1334 3135 1403 scriptura
3181 1312 3540 1397 ecclesiastica
3572 1334 3577 1409 ί

1956 1420 2062 1461 non
2090 1420 2190 1476 est,
2221 1413 2460 1484 quisquis
2483 1432 2601 1472 eam
2627 1422 2869 1490 quamvis
2889 1424 2941 1479 in
2968 1428 3190 1483 ecclesia
3216 1430 3426 1501 legerit,
3452 1447 3544 1489 ec-

1956 1498 2284 1558 clesiasticus
2306 1505 2474 1573 lector
2492 1525 2601 1564 non
2623 1520 2725 1566 est.
2747 1513 2947 1571 Tamen
2967 1516 3036 1572 de
3060 1518 3160 1574 isto
3181 1498 3543 1594 adolescente,
3579 1498 3590 1603 ξ

1955 1594 2099 1664 quod
2127 1609 2422 1658 memorato
2441 1604 2664 1662 antistiti
2687 1606 2863 1665 visum
2888 1608 3067 1681 fuerit,
3093 1613 3197 1671 hoc
3215 1625 3425 1687 oportet
3446 1617 3547 1674 ob-
3585 1594 3589 1619 ζ

1954 1698 2185 1742 servem.

2031 1771 2086 1826 4.
2104 1772 2261 1829 Plebs
2276 1786 2454 1834 autem
2473 1780 3112 1855 Vigesilitana,vobiscum
3127 1791 3279 1849 nobis
3300 1794 3352 1849 in
3368 1796 3543 1854 visce~

1954 1860 2100 1917 ribus
2114 1862 2307 1922 Christi
2320 1869 2704 1943 charissima,si
2715 1879 3021 1951 episcopum
3039 1881 3091 1938 in
3102 1885 3340 1954 plenario
3350 1887 3424 1942 Af
3422 1889 3545 1947 rica

1954 1957 2181 2014 concilio
2200 1960 2273 2033 (ὁ)
2291 1962 2631 2035 degradatum
2653 1973 2925 2044 suscipere
2947 1978 3195 2045 noluerit,
3218 1997 3349 2038 sano
3367 1984 3545 2056 capite

1954 2045 2133 2118 faciet,
2162 2060 2216 2107 et
2241 2070 2341 2110 nec
2367 2059 2484 2129 cogi
2507 2070 2698 2130 potest,
2728 2081 2828 2121 nec
2854 2067 3035 2125 debet.
3066 2071 3135 2126 Et
3155 2073 3396 2145 quisquis
3421 2045 3545 2133 eam

1954 2141 2218 2201 violenter
2243 2151 2497 2219 coegerit,
2527 2156 2772 2213 ostendet
2798 2161 2971 2230 qualis
3000 2163 3069 2217 sit
3096 2179 3112 2229 ;
3142 2141 3196 2220 et
3223 2141 3393 2237 qualis
3419 2177 3546 2228 ante

1956 2232 2138 2329 fuerit,
2170 2243 2383 2311 quando
2410 2245 2476 2301 de
2504 2263 2564 2304 se
2606 2250 2740 2306 nihil
2791 2254 2916 2309 mali
2953 2257 3097 2312 credi
3124 2232 3352 2329 volebat,
3385 2262 3546 2320 faciet

1954 2325 2198 2420 intelligi.
2252 2332 2442 2392 Nullus
2487 2340 2629 2395 enim
2671 2343 2750 2398 sic
2800 2345 3039 2415 proditur
3083 2351 3293 2420 qualem
3327 2325 3547 2412 causam

1956 2415 2222 2490 habuerit,
2253 2441 2410 2495 quam
2442 2429 2530 2485 ille
2566 2432 2658 2502 qui
2685 2448 2781 2502 per
2808 2415 3429 2512 szeculares‘potestates,
3457 2446 3548 2502 vel

1955 2513 2218 2582 quaslibet
2268 2518 2566 2588 violentias,
2619 2538 2740 2580 cum
2786 2529 3187 2598 perturbatione
3234 2543 3288 2589 et
3329 2537 3548 2606 querela

1954 2615 2177 2663 conatur
2212 2611 2453 2681 recipere
2499 2615 2758 2675 honorem
2796 2638 2953 2694 quem
2994 2627 3241 2696 perdidit.
3290 2628 3407 2685 Non
3434 2632 3547 2688 vult

1900 2738 1904 2745 λ
1955 2697 2097 2751 enim
2124 2700 2323 2757 volenti
2359 2704 2571 2763 Christo
2599 2711 2819 2779 servire,
2862 2715 2955 2769 sed
2980 2716 3291 2775 Christianis
3316 2721 3549 2778 nolenti-

1953 2786 2053 2842 bus
2075 2790 2356 2849 dominari.
2387 2797 2622 2866 Fratres,
2653 2804 2793 2859 cauti
2826 2815 2998 2863 estote
3030 2826 3043 2862 :
3094 2811 3319 2869 multum
3341 2822 3549 2874 astutus

1941 2887 2037 2965 est
2062 2882 2332 2956 diabolus;
2361 2879 2723 2953 sed‘Christus
2745 2897 2839 2955 Dei
2864 2899 3133 2972 Sapientia
3161 2914 3260 2965 est.

2444 3048 2776 3109 EPISTOLA
2813 3056 2955 3113 va
2981 3058 3078 3132 (c).

2029 3267 2151 3322 dens
2204 3287 2294 3324 cur
2328 3272 2651 3332 Abundantio
2706 3281 2993 3355 presbytero
3040 3286 3222 3360 infami
3258 3288 3544 3349 Ecclesiam

1956 3370 1957 3373 ‘
2029 3363 2337 3418 committere
2362 3365 2597 3423 noluerit.

254 3448 375 3504 bem
421 3458 660 3503 vestram
703 3466 808 3505 non
852 3452 1054 3518 audeo;
1096 3455 1391 3510 rescribere
1431 3465 1608 3511 autem
1647 3458 1725 3512 eis
1754 3448 1865 3530 quid
1946 3450 1954 3457 ’

253 3540 383 3594 mihi
414 3540 735 3609 scriberent,
760 3557 971 3612 possem
995 3560 1007 3595 :
1036 3546 1174 3599 ultro
1200 3556 1378 3601 autem
1400 3546 1466 3601 ad
1488 3548 1694 3616 plebem
1716 3550 1847 3604 scri-

248 3629 402 3697 bere,
433 3649 555 3703 quae
574 3633 960 3706 dispensationi
982 3651 1117 3693 mem
1143 3638 1427 3694 commissa
1446 3654 1555 3694 non
1584 3647 1685 3710 est,
1707 3640 1845 3697 unde

245 3737 463 3794 possem
478 3727 502 3780 ?

317 3817 375 3871 5.
415 3817 800 3876 Verumtamen
828 3821 967 3888 quod
999 3822 1092 3877 tibi
1126 3824 1217 3878 uni
1250 3822 1389 3893 dico,
1432 3824 1521 3897 qui
1550 3825 1679 3881 mihi
1708 3828 1889 3882 scri-L
1944 3822 1948 3825 ’

248 3908 435 3978 psisti,
469 3926 569 3979 per
609 3912 837 3983 teipsnm
880 3916 1153 3983 perveniat
1177 3917 1243 3971 ad
1270 3932 1362 3972 eos
1388 3918 1578 3989 quibus
1605 3935 1737 3989 opus
1764 3928 1846 3976 est
1872 3924 1890 3951 ‘~

248 3998 523 4056 dici.'\'os
554 4002 653 4072 ipsi
687 4006 833 4073 prius
860 4007 1026 4062 nolite
1057 4007 1108 4061 in
1134 4008 1441 4063 scandalum
1484 4012 1697 4067 mittere
1734 4011 1840 4066 Ec-

246 4090 507 4160 clesiam,
548 4093 772 4165 legendo
816 4098 872 4153 in
918 4101 1126 4169 populis
1169 4101 1457 4170 scripturas
1497 4118 1629 4173 quas
1672 4120 1843 4161 canon

244 4181 649 4240 ecclesiasticus
676 4203 780 4243 non
799 4190 1033 4260 recepit;
1062 4190 1143 4245 his
1171 4192 1310 4246 enim
1335 4192 1574 4259 heretici,
1599 4204 1652 4250 et
1675 4197 1843 4251 maxi-

240 4287 333 4328 me
366 4274 663 4347 Manichaei,
690 4280 861 4335 solent
889 4282 1163 4352 imperitas
1190 4293 1396 4339 mentes
1422 4296 1683 4368 evertere,
1707 4304 1843 4359 quos

184 4426 189 4431 ,
244 4362 298 4419 in
332 4381 530 4437 campo
558 4378 735 4425 vestro
766 4371 992 4429 libenter
1035 4375 1243 4430 latitare
1281 4376 1459 4432 audio.
1510 4362 1673 4434 Miror
1715 4396 1841 4451 ergo

243 4460 590 4529 prudentiam
632 4473 811 4532 tuam,
839 4468 979 4538 quod
1009 4486 1094 4524 me
1135 4470 1477 4528 admonueris
1524 4483 1581 4528 ut
1622 4473 1842 4544 jubeam

243 4568 355 4607 non
401 4556 570 4626 recipi
610 4573 703 4614 eos
741 4560 828 4630 qui
869 4561 935 4615 ad
980 4578 1076 4618 nos
1103 4578 1135 4619 a
1163 4563 1315 4620 vobis
1355 4565 1420 4619 ad
1460 4568 1842 4625 monasterium

243 4647 491 4714 veniunt,
515 4660 573 4703 ut
598 4651 741 4721 quod
771 4663 1024 4708 statutum
1054 4666 1134 4711 est
1158 4672 1186 4710 a
1215 4657 1368 4713 nobis
1392 4658 1444 4712 in
1474 4660 1700 4715 concilio
1721 4676 1842 4731 per-

242 4751 523 4809 maneret;
553 4752 605 4797 et
639 4753 693 4797 tu
724 4760 828 4800 non
857 4748 1163 4803 memineris
1193 4750 1246 4804 in
1271 4750 1496 4807 cencilio
1520 4752 1595 4824 (a)
1627 4753 1839 4809 institu-

247 4838 381 4893 tum,
412 4850 536 4903 qua:
563 4836 669 4890 sint
690 4837 975 4907 Scripturae
1003 4842 1273 4897 canonica;
1300 4860 1416 4913 quae
1447 4846 1498 4899 in
1524 4846 1720 4915 populo
1748 4847 1841 4902 Dei

245 4922 350 4995 legi
382 4925 635 4983 debeant.
670 4930 908 4988 Recense
936 4950 1064 5005 ergo
1091 4937 1372 4992 concilium
1395 4980 1409 5003 ,
1440 4948 1494 4994 et
1516 4941 1691 4995 omnia
1722 4955 1841 5011 qua:

242 5015 317 5071 ibi
348 5017 540 5089 legeris
561 5024 875 5078 commenda
906 5028 1177 5082 memoria:
1197 5046 1210 5092 ;
1230 5040 1283 5083 et
1308 5029 1378 5084 ibi
1399 5031 1558 5085 etiam
1579 5031 1837 5099 invenies,

244 5105 313 5161 de
343 5109 475 5164 solis
501 5113 708 5168 clericis
737 5116 897 5171 fuisse
922 5126 1175 5173 statutum
1209 5119 1306 5193 (ὁ),
1336 5138 1439 5177 non
1466 5123 1626 5177 etiam
1653 5123 1717 5177 de
1744 5123 1841 5179 lai-

244 5199 344 5266 cis,
378 5211 438 5257 ut
466 5204 839 5279 undecumque
866 5210 1141 5267 venientes
1169 5228 1275 5267 non
1298 5215 1619 5285 recipiantur
1648 5218 1695 5269 in
1724 5232 1841 5272 mo-

245 5296 566 5352 nasterium.
592 5298 705 5354 Non
733 5302 852 5370 quia
884 5306 1192 5360 monasterii
1223 5306 1359 5361 facta
1389 5310 1589 5364 mentio
1609 5318 1718 5376 est;
1744 5312 1839 5367 sed

244 5384 366 5453 quia
404 5386 485 5441 sic
522 5388 822 5447 institutum
858 5404 967 5459 est,
1009 5406 1064 5451 ut
1111 5398 1362 5453 clericum
1406 5400 1635 5456 alienum
1681 5420 1840 5459 nemo

249 5479 529 5551 suscipiat.
563 5482 787 5541 Recenti
813 5498 991 5544 autem
1020 5490 1247 5547 concilio
1278 5488 1347 5564 (c)
1373 5502 1628 5550 statutum
1652 5506 1764 5564 est,
1782 5504 1841 5552 ut

240 5678 715 5793 ea51(3):};ipponensi,
733 5698 813 5738 an.
837 5688 949 5751 393,
967 5702 1072 5741 can.
1089 5690 1179 5755 38;
1200 5698 1251 5744 et
1271 5692 1540 5758 Carthagin.
1561 5694 1610 5758 3,
1625 5709 1703 5749 an.
1726 5698 1838 5761 ⁸597,

331 5804 386 5866 b)
407 5807 549 5866 tbid.,
568 5821 673 5858 can.
694 5809 775 5861 at.

331 5805 361 5853 b
407 5807 549 5866 tbid.,
568 5821 673 5858 can.
694 5809 775 5861 at.

305 5805 386 5934 2c;
405 5870 694 5935 Carthagine
711 5874 891 5937 habito,
922 5875 981 5925 15
1002 5880 1313 5943 septembris,
1340 5894 1417 5931 an.
1441 5881 1554 5936 401,

613 5958 837 6025 SANCT.
887 5966 1164 6027 AUGUST.
1210 5966 1286 6028 II.

1959 3514 2185 3573 Domino
2216 3520 2525 3580 beatissimo
2550 3533 2603 3581 et
2628 3530 3001 3589 venerabiliter
3027 3537 3365 3609 suscipiendo
3404 3544 3546 3614 patri

1946 3635 1957 3641 -
2028 3618 2083 3664 et
2107 3616 2477 3672 consacerdoti
2502 3620 2615 3675 seni
2640 3620 2932 3695 XANTIPPO,
2973 3628 3325 3702 Aueusrmus,
3356 3634 3411 3691 in
3436 3636 3544 3692 Do-

1944 3701 1977 3733 έ
2023 3701 2169 3758 mino
2187 3706 2431 3762 salutem.

2029 3854 2080 3909 1.
2111 3853 2302 3913 Ofﬁcio
2325 3859 2506 3916 debito
2531 3866 2737 3922 meritis
2757 3869 2881 3937 tuis,
2917 3872 3153 3931 salutans
3176 3877 3542 3950 Dignationem

1951 3954 2117 4014 tuam,
2176 3950 2384 4021 tuisque
2425 3970 2512 4009 me
2560 3960 2888 4016 orationibus
2938 3967 3089 4021 valde
3137 3975 3540 4044 commendans,

1953 4039 2165 4096 insinuo
2209 4046 2502 4113 prudentiae
2551 4059 2674 4120 tute,
2719 4055 3112 4115 Abundantium
3160 4067 3442 4133 quemdam
3487 4073 3545 4125 in

1955 4130 2119 4187 fundo
2148 4134 2583 4195 Strabonianensi
2614 4146 2913 4211 pertinente
2950 4151 3014 4204 ad
3039 4130 3217 4207 curant
3263 4166 3499 4213 nostram
3523 4160 3542 4191 ί

1958 4226 2257 4282 ordinatum
2284 4230 2451 4286 fuisse
2482 4235 2871 4306 presbyterum.
2904 4239 3003 4306 Qui
3023 4258 3142 4296 eum
3174 4261 3279 4300 non
3302 4250 3545 4303 ambula-

1957 4326 2039 4371 ret
2068 4318 2178 4373 vias
2198 4334 2471 4376 servorum
2497 4324 2609 4392 Dei,
2645 4342 2748 4380 non
2774 4329 2961 4384 bonam
2994 4332 3182 4388 famam
3211 4335 3408 4396 habere
3431 4356 3543 4399 cte-

1955 4420 2107 4479 perat
2131 4429 2145 4477 ;
2174 4428 2277 4483 qua
2298 4430 2397 4485 ego
2423 4419 2762 4485 conterritus,
2798 4439 2900 4478 non
2929 4434 3103 4482 tamen
3127 4438 3323 4487 temere
3342 4434 3543 4506 aliquid

1953 4503 2201 4572 credens,
2234 4506 2328 4562 sed
2354 4509 2510 4578 plane
2531 4511 2808 4568 sollicitior
2836 4514 3023 4585 factus,
3068 4536 3283 4590 Operam
3314 4503 3457 4595 dedi,
3495 4531 3543 4586 si

1956 4610 2061 4665 quo
2103 4597 2263 4653 modo
2313 4616 2525 4669 possem
2584 4605 2653 4659 ad
2704 4608 2876 4678 aliqua
2923 4614 3075 4666 malae
3122 4608 3542 4677 conversationis

1953 4689 2068 4759 ejus
2101 4700 2246 4747 certa
2282 4693 2475 4749 indicia
2506 4701 2802 4766 pervenire.
2831 4703 2906 4758 Ac
2937 4706 3107 4774 primo
3133 4715 3387 4782 comperi,
3418 4732 3541 4773 eum

1955 4781 2235 4847 pecuniam
2266 4785 2540 4855 cujusdam
2561 4791 2814 4846 rusticani
2836 4794 3015 4852 divino
3028 4802 3166 4869 apud
3191 4819 3247 4857 se
3259 4781 3541 4864 commen-

1951 4870 2077 4927 dato
2120 4872 2506 4945 intervertisse,
2540 4880 2613 4935 ita
2655 4891 2709 4937 ut
2739 4886 2936 4941 nullam
2980 4889 3104 4945 inde
3146 4908 3323 4962 posset
3351 4882 3543 4968 proba;-

1946 4960 2106 5019 bilem
2136 4966 2359 5023 reddere
2384 4971 2665 5027 rationem.
2700 4975 2900 5033 Deinde
2925 4960 3205 5040 convictus
3230 4960 3387 5059 atque
3402 5007 3541 5046 con-

1948 5056 2120 5113 fessus
2142 5069 2241 5128 est,
2274 5062 2360 5118 die
2380 5063 2570 5135 jejunii
2596 5067 2797 5125 Natalis
2824 5072 3057 5144 Domini,
3085 5094 3191 5147 quo
3221 5056 3379 5137 etiam
3407 5084 3537 5155 Gip-

1948 5152 2124 5220 pitana
2154 5153 2391 5212 Ecclesia
2413 5157 2547 5213 sicut
2567 5168 2773 5217 caetera:
2789 5164 3120 5235 jejunabant,
3144 5187 3263 5226 eum
3289 5152 3538 5245 umquam

1948 5256 2287 5314 perrecturus
2330 5250 2397 5304 ad
2449 5251 2739 5310 Ecclesiam
2785 5274 2934 5314 suam
2964 5261 3291 5321 valefecisset
3318 5266 3537 5340 collega:

1950 5353 2048 5394 suo
2073 5342 2386 5414 presbytero
2408 5347 2711 5418 Gippitano,
2739 5350 2869 5409 hora
2896 5354 3062 5413 ferme
3087 5360 3288 5428 quinta,
3331 5373 3385 5417 et
3411 5379 3536 5420 cum

1948 5448 2127 5489 secum
2155 5437 2354 5492 nullum
2384 5440 2635 5497 clericum
2681 5444 2921 5518 haberet,
2958 5449 3010 5505 in
3037 5452 3224 5507 eodem
3253 5454 3417 5513 fundo
3444 5473 3535 5515 ne-

2010 5616 2026 5647 ί
2053 5614 2188 5678 Apud
2223 5623 2355 5677 Lov.,
2380 5622 2601 5668 vestram.
2625 5627 2681 5671 At
2698 5621 2747 5671 in
2769 5629 2897 5687 Mss,
2919 5630 3148 5677 nostram.

2029 5701 2080 5755 α)
2106 5704 2259 5755 Forte,
2289 5701 2574 5751 Privatiano.

2029 5713 2060 5745 α
2106 5704 2259 5755 Forte,
2289 5701 2574 5751 Privatiano.

2008 5697 2082 5827 Et);
2105 5762 2375 5827 Carthagitt.
2406 5764 2463 5812 15
2486 5766 2795 5827 septembris,
2821 5780 2899 5818 an.
2924 5770 3034 5821 401.

2010 5824 2078 5911 (c')
2120 5824 2368 5911 {inﬁgat}
2393 5840 2405 5876 :
2431 5824 2558 5889 quze'
2586 5836 2751 5881 autem
2774 5824 2835 5881 65
2859 5840 2983 5897 erat,
3001 5847 3134 5885 nunc
3153 5834 3232 5889 80.
3256 5840 3439 5904 Scripta
3461 5842 3533 5911 in:

1948 5896 2097 5942 eunte
2120 5898 2198 5940 an.
2224 5888 2331 5937 40:2.

2939 5984 3207 6061 {HuitJ
