4032 6334
525 470 746 533 stitisse,
782 459 835 523 el
855 465 992 534 apud
1037 463 1317 535 quamdam
1361 459 1513 514 malae
1549 458 1703 512 fama}
1732 457 2010 510 mulierem
2043 463 2095 510 et

527 561 804 633 primdisse
836 561 891 614 et
919 567 1180 623 cmuasse',
1207 563 1261 612 et
1289 556 1339 608 in
1365 563 1466 607 una
1496 551 1514 582 ⁸
1539 549 1699 605 domo
1736 549 2010 602 mansisse.
2041 545 2098 601 In

530 643 691 723 hujus
715 647 891 705 autem
913 643 1141 718 hospitio
1159 647 1268 718 jam
1294 642 1504 713 quidem
1529 640 1751 696 clericus
1771 647 1954 695 noster
1973 639 2099 708 Hip-

527 742 785 816 ponensis
806 748 1044 797 remutus
1068 747 1210 801 erat;
1231 735 1406 792 ethoc
1429 733 1551 804 quia
1584 732 1683 787 iste
1708 731 1906 800 optime
1936 745 2097 784 nove-

479 833 486 846 '
526 845 632 904 rat,
660 833 853 906 negare
874 849 979 888 non
1004 830 1190 904 potuit.
1220 828 1349 882 Nam
1373 842 1489 897 quae
1515 825 1743 896 negavit,
1767 825 1876 880 Deo
1899 822 2094 888 dimisi,

524 928 768 1000 judicans
791 941 909 999 qua:
936 925 1200 980 occultare
1242 919 1533 991 permissus
1557 933 1662 972 non
1709 923 1809 972 est.
1853 914 2025 970 Timui
2049 913 2099 968 ei

532 1020 867 1074 committere
895 1014 1207 1079 Ecclesiam,
1236 1011 1527 1082 praesertim
1556 1009 1694 1064 inter
1731 1006 2100 1062 haereticorum

531 1107 1040 1164 circumlatrantium
1069 1103 1267 1159 rabiem
1295 1103 1652 1158 constitutam.
1685 1099 1890 1153 Etcum
1912 1112 1998 1151 me
2021 1111 2104 1151 ro-

529 1209 679 1270 garet
720 1206 778 1252 ut
822 1197 888 1251 ad
931 1195 1294 1266 presbyterum
1339 1193 1486 1247 fundi
1531 1187 1960 1246 Armenianensis
1996 1188 2017 1218 ’
2045 1187 2103 1241 in

527 1303 718 1358 campo
754 1287 1006 1349 Bullensi,
1053 1285 1193 1339 unde
1234 1283 1302 1339 ad
1334 1298 1429 1338 nos
1453 1281 1758 1346 devenerat,
1785 1293 1941 1334 causa
1985 1277 2101 1347 ejus

524 1381 786 1436 insinuata
833 1379 1032 1434 litteras
1061 1379 1262 1443 darem,
1310 1392 1377 1432 ne
1406 1376 1528 1445 quid
1548 1375 1615 1430 de
1640 1375 1729 1429 illo
1747 1373 1978 1428 atrocius
2005 1387 2100 1426 su-

526 1471 838 1541 Spicaretur.
863 1479 920 1524 ut
940 1470 1047 1524 illic
1093 1469 1252 1535 vivat,
1298 1469 1341 1522 si
1390 1467 1504 1522 ﬁeri
1548 1474 1736 1536 potest,
1771 1465 1885 1519 sine
1925 1461 2099 1518 oflicio

527 1562 842 1635 presbyterii
887 1560 1198 1626 correctior,
1249 1556 1608 1614 misericordia
1650 1565 1945 1610 commotus
1976 1553 2096 1608 feci.

525 1653 654 1709 Haec
675 1662 850 1708 autem
872 1669 956 1708 me
974 1653 1238 1724 prmcipue
1254 1650 1544 1720 prudentire
1565 1659 1665 1704 tuae
1687 1649 1928 1704 intimare
1949 1663 2102 1718 opor-

493 1760 504 1762 '
529 1746 693 1814 lebat,
719 1760 788 1801 ne
812 1745 982 1815 aliqua
1013 1744 1106 1798 tibi
1133 1742 1338 1798 fallacia
1363 1741 1692 1809 subreperet.

597 1841 653 1894 2.
701 1838 892 1893 Audivi
937 1843 1112 1891 autem
1161 1851 1370 1890 causam
1417 1834 1551 1904 ejus,
1595 1845 1717 1890 cum
1745 1840 1959 1887 centum
1987 1830 2103 1886 dies

528 1940 707 1990 essent
731 1931 798 1985 ad
834 1930 1164 1984 Dominicum
1191 1928 1430 1992 Paschac,
1462 1927 1548 1996 qui
1581 1926 1783 1980 futurus
1812 1936 1893 1980 est
1917 1934 2102 1979 octavo

531 2021 649 2076 idus
679 2021 881 2090 aprilis.
915 2021 1026 2074 lloc
1065 2029 1284 2089 propter
1310 2018 1588 2072 concilium
1636 2017 1902 2072 insinuare
1925 2017 2103 2070 curavi

527 2112 923 2168 Venerabilitati
955 2119 1081 2175 tuae,
1113 2109 1254 2179 quod
1285 2110 1442 2163 etiam
1467 2108 1565 2177 ipsi
1593 2123 1696 2162 non
1721 2108 1907 2173 celaui,
1939 2107 2031 2161 sed
2053 2107 2103 2162 ei

526 2203 756 2258 ﬁdeliter
792 2201 916 2270 quid
938 2199 1232 2255 institutum
1261 2207 1402 2254 esset
1431 2199 1507 2268 (a)
1539 2197 1720 2267 aperui
1751 2215 1764 2251 ;
1796 2209 1851 2251 ut
1892 2199 1936 2252 si
1966 2198 2104 2252 intra

529 2307 730 2349 annum
753 2307 965 2347 causam
997 2307 1168 2356 suam,
1197 2291 1240 2346 si
1290 2291 1423 2345 forte
1465 2290 1566 2346 sibi
1606 2290 1799 2359 aliquid
1842 2289 2104 2358 agendum

526 2394 698 2458 putat,
721 2400 876 2454 agere
897 2382 1208 2453 neglexerit,
1233 2382 1480 2450 deinceps
1500 2381 1614 2449 ejus
1635 2396 1814 2434 vocem
1841 2396 1994 2434 nemo
2013 2395 2107 2434 au-

529 2477 659 2533 diat.
696 2476 806 2532 Nos
837 2485 1035 2540 autem,
1068 2473 1373 2528 beatissime
1397 2473 1611 2527 domine
1657 2480 1710 2526 et
1734 2470 2107 2526 venerabiliter

529 2566 863 2638 suscipiende
892 2575 1062 2636 pater,
1094 2566 1136 2621 si
1171 2566 1281 2620 hare
1302 2563 1493 2618 indicia
1516 2564 1670 2618 malae
1690 2562 2107 2617 conversationis

529 2660 865 2723 clericorum,
897 2658 1126 2712 maxime
1151 2673 1270 2712 cum
1301 2656 1440 2711 fama
1469 2671 1574 2711 non
1607 2655 1746 2710 bona
1771 2669 1863 2709 eos
1889 2653 2108 2724 coeperit

529 2750 794 2816 comitari,
823 2765 929 2804 non
968 2748 1327 2819 putaverimus
1351 2763 1415 2802 eo
1444 2747 1602 2801 modo
1638 2745 1972 2812 vindicanda,
2001 2759 2108 2814 quo

531 2841 589 2895 in
621 2841 845 2894 concilio
891 2840 1235 2895 constitutum
1279 2846 1396 2904 est;
1447 2838 1728 2908 incipimus
1755 2837 1870 2906 cogi
1901 2853 1960 2891 ea
1989 2852 2109 2907 quae

532 2931 654 2986 sciri
681 2948 786 2986 non
819 2939 1058 3001 possunt,
1091 2932 1225 2986 velle
1265 2931 1546 2994 discutere,
1577 2937 1739 2983 etaut
1772 2931 1968 2985 incerta
2011 2929 2108 2983 da-

532 3038 734 3087 mnare,
757 3031 850 3077 aut
874 3039 999 3078 vere
1027 3022 1291 3092 incognita
1319 3020 1628 3090 praeterire.
1655 3019 1767 3091 Ego
1813 3029 1956 3075 certe
1987 3036 2109 3090 pre-

533 3113 826 3183 sbyterum,
854 3125 907 3168 et
928 3113 1016 3183 qui
1057 3114 1143 3168 die
1162 3113 1368 3183 jejunii,
1411 3127 1515 3182 quo
1560 3111 1795 3181 ejusdem
1821 3112 1925 3166 loci
1951 3114 2106 3166 etiam

534 3193 769 3260 Ecclesia
812 3203 1100 3274 jejunabat,
1133 3195 1449 3258 valefaeiens
1485 3201 1700 3272 collega:
1737 3217 1833 3257 suo
1873 3204 2109 3272 ejusdem

533 3293 634 3348 loci
684 3294 1016 3364 presbytero,
1075 3295 1213 3361 apud
1270 3293 1521 3348 famosam
1571 3295 1864 3358 mulierem,
1908 3295 2109 3349 nullum

533 3399 714 3438 secum
745 3384 992 3437 clericum
1021 3383 1241 3446 habens,
1269 3399 1545 3438 remanere
1571 3393 1624 3437 et
1649 3385 1905 3453 prandere
1932 3396 1983 3440 et
2002 3401 2112 3442 caa-

535 3489 665 3526 nare
685 3487 842 3527 ausus
860 3481 961 3537 est,
991 3481 1047 3528 et
1070 3473 1123 3526 in
1142 3488 1243 3527 una
1267 3473 1426 3528 domo
1450 3473 1702 3542 dormire,
1729 3477 2110 3533 removendum

536 3565 603 3618 ab
629 3564 804 3618 officio
825 3564 1139 3636 presbyterii
1172 3565 1455 3619 arbitratus
1483 3580 1621 3629 sum,
1661 3568 1853 3621 timens
1880 3569 1926 3622 ei
1955 3569 2108 3624 dein-

537 3669 662 3723 ceps
681 3655 973 3709 Eccleslam
1000 3655 1092 3710 Dei
1113 3655 1464 3710 committere.
1505 3655 1654 3720 Quod
1680 3657 1726 3711 si
1764 3656 1898 3712 forte
1919 3660 2112 3728 judici-

537 3744 638 3799 bus
683 3745 1056 3800 ecclesiasticis
1104 3746 1243 3799 aliud
1290 3746 1518 3812 videtur,
1564 3747 1682 3814 quia
1726 3765 1819 3803 sex
1850 3753 2108 3821 episcopis

536 3848 751 3889 causam
801 3836 1095 3907 presbyteri
1145 3840 1414 3893 terminari
1467 3841 1692 3895 concilio
1730 3840 1800 3914 (ὁ)
1856 3853 2108 3902 statutum

535 3935 643 3993 est,
672 3927 967 3981 committat
1012 3929 1105 3995 illi,
1151 3931 1237 3998 qui
1285 3932 1414 3997 vult,
1471 3933 1759 3988 Ecclesiam
1817 3950 1925 3990 sua:
1969 3954 2108 3993 curre

538 4018 917 4072 commissam:
949 4033 1046 4089 ego
1090 4019 1303 4087 talibus,
1336 4022 1521 4090 fateor,
1569 4025 1855 4094 quamlibet
1899 4028 2107 4097 plebem

537 4111 868 4165 committere
911 4112 1090 4178 timeo,
1132 4116 1424 4182 praesertim
1459 4131 1592 4186 quos
1627 4118 1769 4172 nulla
1806 4119 1939 4174 bona
1969 4119 2106 4176 fama

530 4199 803 4268 defendit,
837 4215 896 4258 ut
929 4204 1029 4258 hoc
1064 4203 1144 4260 eis
1175 4207 1340 4274 possit
1366 4207 1597 4276 ignesci;
1621 4223 1686 4264 ne
1712 4210 1754 4264 si
1783 4211 1904 4281 quid
1932 4212 2109 4281 perni-

531 4293 734 4348 ciosius
748 4298 1004 4364 eruperit,
1031 4297 1288 4368 languens
1316 4300 1567 4368 imputem
1597 4302 1744 4356 mihi.

993 4407 1327 4464 EPISTOLA
1369 4409 1648 4485 LXVI‘(c).

545 4515 980 4587 Expertulat‘cum
1009 4517 1239 4589 Crispino
1281 4519 1583 4589 Coloniensi,
1614 4527 1697 4592 qui
1736 4525 2108 4599 Mappalienses

926 4616 1058 4663 metu
1077 4609 1307 4666 subactos
1332 4612 1681 4683 rebaptizarat.
1698 4616 1719 4646 ³

611 4721 663 4776 1.
706 4721 869 4775 Deum
901 4721 1108 4791 quidem
1139 4723 1322 4778 timere
1354 4724 1615 4791 debuisti;
1648 4727 1740 4781 sed
1787 4729 1906 4797 quia
1942 4731 1997 4785 in
2021 4747 2107 4787 re-

533 4808 859 4881 baptizandis
885 4813 1321 4883 Mappaliensibus
1347 4816 1454 4888 (d)
1476 4818 1614 4874 sicut
1638 4819 1796 4875 homo
1819 4824 1990 4878 timeri
2014 4839 2109 4881 vo-

599 4947 617 4976 ¹
642 4952 748 4996 Mss.
770 4959 940 4997 eomes
958 4948 1169 4999 habent:
1191 4956 1244 5001 Et
1261 4951 1313 5001 in
1337 4950 1491 5003 vicina
1511 4959 1558 5005 et
1591 4952 1642 5004 in
1662 4967 1719 5006 ea
1741 4956 1896 5008 demo.

527 5062 592 5082 π
645 5014 694 5055 1n
711 5013 815 5058 Mss.
843 5011 1016 5082 yatie,
1032 5009 1548 5082 ut_ad_presb_yter_ituu.
1572 5025 1688 5082 'mm
1711 5019 1759 5068 in
1782 5020 1937 5082 altero
1959 5034 2025 5073 ex
2043 5020 2106 5073 il-

529 5067 613 5136 lis,
636 5082 824 5136 necnon
846 5071 895 5118 in
919 5067 1055 5121 Corb.
1078 5067 1277 5136 legiiur,
1299 5067 1442 5136 fundi
1465 5067 1857 5131 Amwnianmsis.

585 5131 774 5212 Apud
915 5131 1640 5212 Mss.__titulus_istc.prteligitur;
1661 5140 1856 5212 libellus
1878 5152 1924 5194 ς.
1950 5153 2105 5212 Augu-

534 5191 648 5242 stini
667 5191 917 5256 catholici,
959 5203 1124 5247 contra
1144 5191 1888 5261 σνίιςρὺιίὶυηιηὶἐειιὶεηωιὶᾰιὴι.

594 5277 613 5295 '
634 5276 811 5347 collata
828 5279 886 5328 ad
910 5293 961 5347 a._
981 5281 1065 5344 bg.
1089 5295 1132 5332 c.
1157 5296 1225 5347 ec.
1243 5282 1299 5332 Ε.
1325 5297 1375 5347 g.
1400 5298 1481 5346 gv.
1505 5299 1554 5334 n.
1577 5299 1621 5336 r.
1645 5301 1688 5338 s.
1711 5290 1788 5340 sb.
1809 5303 1886 5341 vc.
1908 5289 2035 5343 duos
2060 5299 2100 5344 t.

532 5346 737 5401 quatuor
759 5354 806 5390 v.
832 5349 884 5391 et
904 5342 961 5390 ad
987 5342 1086 5392 Ain.
1109 5345 1218 5394 Bad.
1243 5342 1455 5395 Fr.'Lov.

615 5423 666 5490 ᾳ)
689 5427 738 5490 ln
753 5435 897 5490 c9ne._
913 5423 1077 5490 habito
1097 5427 1399 5490 Carthagine,
1425 5427 1485 5476 1³5
1505 5432 1769 5490 septembr.
1791 5445 1871 5481 an.
1895 5431 2005 5482 401.

613 5481 663 5554 ὸ)
683 5484 1060 5554 (ξηὴᾳεειιθηεὶ,
1084 5489 1176 5536 sub
1197 5481 1351 5554 Grato,
1375 5481 1453 5537 an.
1480 5481 1588 5550 318',
1613 5505 1701 5541 seu
1725 5493 1834 5552 549,
1859 5481 1973 5542 can.
1992 5481 2064 5546 ll.

530 5601 541 5610 _
591 5541 659 5602 (ι’)
682 5541 803 5593 Alias
826 5541 914 5596 1Ἷὸ
932 5561 944 5595 :
961 5541 1071 5609 quae
1092 5557 1257 5599 autem
1278 5541 1349 5598 66'
1363 5558 1484 5612 erat,
1499 5541 1624 5603 nunc
1647 5555 1753 5604 170.
1777 5541 1960 5618 Scripta

525 5600 654 5650 Idem
675 5611 883 5653 tempus.

675 5614 883 5666 tempus.

588 5662 671 5738 (tt)
690 5670 738 5713 In
904 5677 1076 5738 contra
1091 5672 1181 5722 litt.
1207 5671 1438 5738 petiliani,
1453 5686 1496 5722 c.
1513 5673 1590 5738 83,
1607 5689 1656 5725 n.
1684 5677 1789 5738 186,
1813 5677 1987 5738 lugere
2009 5683 2096 5731 ad-

525 5722 629 5802 huc
639 5737 706 5802 se
886 5735 1173 5802 augustinus
1206 5733 1388 5802 facinus
1419 5722 1565 5786 istud'
1579 5722 1789 5800 basim?
1810 5722 2095 5796 iiiiaiiiirisis

525 5788 738 5850 episcopi
758 5788 1025 5853 donatist'ae,
1047 5795 1132 5857 qui
1152 5809 1263 5848 cum
1287 5799 1487 5849 emisset
1509 5788 2095 5864 possessionemﬁondu:

1718 347 1774 402 S.
1815 330 2180 399 AUGUSTINI
2213 336 2516 399 EPISCOPI

3671 349 3783 406 2.56

2208 452 2368 520 luisti,
2397 470 2495 510 cur
2521 469 2625 511 non
2669 456 2841 512 valeat
2877 457 3048 526 jussio
3089 460 3279 530 regalis
3318 461 3374 517 in
3401 464 3692 532 provincia,
3738 467 3786 524 si

2210 555 2409 601 tantum
2437 547 2601 602 valuit
2617 547 2787 617 jussio
2808 549 3145 620 provincialis
3174 554 3225 606 in
3251 552 3417 608 villa?
3444 553 3495 610 Si
3525 570 3787 624 personas

2206 653 2506 710 compares,
2540 647 2593 694 tu
2622 655 2922 710 possessor,
2951 643 3037 698 ille
3069 643 3371 713 imperator.
3396 645 3451 701 Si
3489 646 3606 701 loca
3629 663 3787 703 corn-

2207 745 2380 799 pares,
2405 740 2459 785 tu
2488 732 2539 786 in
2566 731 2744 798 fundo,
2773 733 2865 788 ille
2911 734 2965 788 in
2992 749 3176 804 regno.
3205 735 3258 790 Si
3275 751 3460 792 causas
3479 753 3785 808 compares,

2207 822 2294 876 ille
2315 831 2369 876 ut
2392 823 2580 877 divisio
2605 824 2939 888 resarciatur,
2968 835 3023 879 tu
3048 834 3100 879 ut
3131 826 3302 881 unitas
3353 827 3634 882 dividatur.
3679 828 3789 884 Sed

2207 927 2306 966 nos
2335 924 2384 968 te
2407 913 2474 968 de
2505 913 2716 968 homine
2743 931 2844 968 non
2872 924 3154 970 terremus.
3179 916 3307 970 Nam
3334 932 3610 986 possemus
3626 935 3789 989 agere

2211 1012 2268 1056 ut
2295 1003 2480 1058 decem
2501 1005 2660 1058 libras
2680 1005 2793 1059 auri
2814 1007 3104 1062 secundum
3132 1007 3468 1077 imperatoria
3488 1010 3636 1078 jussa
3659 1027 3788 1080 per-

2205 1093 2459 1149 solveres.
2493 1097 2573 1150 An
2613 1095 2747 1151 forte
2775 1106 3049 1167 propterea
3083 1114 3188 1154 non
3231 1100 3396 1156 habes
3421 1101 3561 1158 unde
3590 1102 3792 1160 reddas

2207 1185 2345 1254 quod
2399 1187 2527 1242 dare
2576 1188 2706 1257 jussi
2746 1200 2868 1244 sunt
2911 1192 3342 1260 rebaptizatores,
3389 1195 3514 1249 dum
3556 1198 3790 1254 multum

2207 1292 2392 1347 erogas
2412 1288 2472 1333 ut
2498 1294 2645 1334 emas
2682 1297 2813 1350 quos
2838 1282 3168 1352 rebaptizes?
3191 1284 3296 1339 Sed
3326 1301 3421 1339 nos
3447 1297 3516 1351 te,
3566 1297 3625 1342 ut
3650 1288 3784 1356 dixi,

2205 1369 2273 1424 de
2299 1369 2514 1427 homine
2537 1389 2642 1427 non
2669 1382 2964 1440 terremus;
2990 1376 3233 1431 Christus
3280 1387 3330 1432 te
3360 1380 3533 1447 potius
3559 1388 3784 1436 terreat.

2205 1458 2302 1515 Cui
2323 1461 2444 1516 volo
2464 1464 2601 1517 scire
2626 1464 2749 1534 quid
2764 1466 3104 1534 respondeas,
3129 1468 3174 1521 si
3196 1469 3287 1522 tibi
3308 1469 3446 1524 dicat
3472 1488 3485 1524 :
3512 1469 3785 1541 Crispine,

2205 1565 2386 1605 carum
2417 1552 2511 1607 fuit
2537 1555 2760 1623 pretium
2787 1564 2930 1609 tuum
2959 1556 3023 1610 ad
3050 1558 3330 1613 emendum
3367 1561 3608 1616 timorem
3635 1563 3786 1633 Map-

2208 1644 2544 1713 paliensium,
2584 1655 2638 1701 et
2682 1647 2798 1701 vilis
2827 1664 2970 1702 mors
2998 1640 3114 1703 mea
3144 1650 3208 1705 ad
3239 1638 3516 1707 emendum
3543 1671 3785 1712 amorem

2207 1735 2442 1788 omnium
2470 1737 2739 1805 gentium?
2781 1739 2902 1807 plus
2947 1741 3111 1794 valuit
3151 1741 3536 1811 rebaptizandis
3578 1749 3786 1804 colonis

2208 1828 2310 1882 tuis
2331 1828 2470 1897 quod
2495 1838 2826 1884 numeratum
2858 1840 2940 1885 est
2967 1832 3033 1886 de
3061 1834 3272 1888 sacculo
3296 1843 3403 1899 tuo,
3421 1826 3577 1906 quam
3609 1837 3788 1909 bapti-

2213 1921 2396 1975 zandis
2427 1924 2632 1992 p0pulis
2653 1925 2786 1980 meis
2810 1925 2946 1994 quod
2978 1928 3206 1981 manavit
3221 1927 3286 1982 de
3307 1929 3468 1984 latere
3486 1931 3640 1985 meo?
3660 1933 3787 1988 Seio

2206 2021 2259 2068 te
2283 2014 2435 2084 plura
2458 2015 2640 2071 audire
2662 2033 2836 2086 posse,
2860 2019 2902 2072 si
2924 2018 3136 2074 Christo
3155 2037 3336 2075 aurem
3359 2023 3614 2092 praebeas,
3638 2033 3692 2080 et
3717 2041 3787 2080 ex

2206 2107 2318 2176 ipsa
2371 2118 2456 2163 tua
2499 2111 2832 2179 possessione
2879 2112 3149 2167 admoneri
3188 2131 3347 2184 quam
3394 2117 3550 2186 impia
3596 2129 3788 2174 contra

2207 2201 2472 2258 Christum
2505 2204 2811 2274 loquamini.
2843 2206 2899 2260 Si
2928 2208 3068 2261 enim
3106 2207 3336 2261 humano
3357 2210 3478 2279 jure
3505 2213 3788 2280 praasumis

2209 2297 2361 2353 ﬁrme
2406 2308 2456 2353 te
2498 2301 2770 2369 possidere
2813 2301 2952 2370 quod
2982 2303 3156 2356 emisti
3202 2312 3418 2371 argento
3443 2313 3552 2371 tuo,
3585 2315 3787 2372 quanto

2209 2389 2410 2444 firmius
2430 2390 2607 2444 divino
2645 2391 2763 2460 jure
2793 2391 3025 2460 possidet
3058 2391 3302 2447 Christus
3328 2393 3466 2462 quod
3509 2395 3636 2448 en.it
3660 2411 3786 2448 san-

2208 2485 2368 2555 guine
2394 2487 2524 2540 suo!
2555 2485 2623 2539 Et
2652 2486 2739 2539 ille
2766 2485 2978 2555 quidem
3027 2486 3340 2541 inconcusse
3386 2487 3671 2557 possidebit
3701 2499 3787 2543 to-

2212 2586 2322 2633 tum
2369 2577 2509 2647 quod
2553 2577 2702 2643 emit,
2741 2577 2807 2632 de
2833 2592 2938 2646 quo
2967 2577 3164 2632 dictum
3190 2586 3274 2632 est
3306 2596 3318 2629 :
3366 2578 3720 2632 Dominabitur
3755 2597 3790 2633 a

2217 2668 2347 2721 mari
2376 2684 2529 2736 usque
2558 2668 2624 2720 ad
2653 2684 2809 2730 mare,
2838 2679 2884 2721 et
2902 2685 2934 2721 a
2953 2669 3160 2737 [Iuntine
3185 2685 3335 2739 usque
3351 2669 3417 2721 ad
3443 2670 3675 2722 terminos
3704 2687 3791 2723 or-

2211 2761 2285 2814 bis
2313 2768 2459 2814 terra:
2485 2759 2654 2822 (Psal.
2693 2776 2837 2826 uxr,
2858 2761 2932 2832 8).
2957 2761 3061 2815 Sed
3086 2770 3231 2816 certe
3259 2761 3521 2831 quomodo
3563 2761 3818 2817 conlitﬁs'

2211 2867 2318 2906 non
2342 2859 2394 2907 te
2421 2852 2744 2920 perditurum
2775 2852 2911 2922 quod
2938 2854 2990 2906 in
3015 2853 3190 2907 Africa
3216 2853 3410 2908 videris
3433 2854 3646 2918 emisse,
3696 2855 3790 2923 qui

2213 2941 2478 2996 Christum
2508 2943 2638 2997 dicis
2663 2952 2772 2998 toto
2791 2944 2918 2998 orbe
2943 2945 3152 3014 perdito
3173 2944 3241 3000 ad
3260 2946 3426 3004 solam
3448 2944 3678 3000 Africam
3700 2963 3790 3001 rc-

2211 3033 2506 3088 mansisse?

2282 3123 2335 3176 2.
2373 3123 2510 3191 Quid
2537 3125 2740 3178 multa?
2786 3126 2841 3181 Si
2877 3127 3145 3182 voluntate
3186 3142 3279 3182 sua
3321 3128 3705 3200 Mappalienses
3736 3131 3793 3190 in

2215 3225 2358 3271 tuam
2373 3217 2800 3271 conu'nunionem
2837 3218 3176 3284 transierunt,
3212 3217 3396 3274 ambos
3425 3235 3523 3274 nos
3543 3221 3793 3286 audiant;

2213 3309 2286 3364 ita
2312 3317 2369 3363 ut
2399 3311 2697 3364 scribantur
2724 3325 2840 3378 qua:
2881 3310 3138 3375 dicemus,
3167 3320 3220 3366 et
3246 3327 3278 3366 a
3317 3312 3467 3366 nobis
3491 3313 3794 3382 subscripta

2212 3399 2292 3455 eis
2319 3401 2509 3470 punice
2536 3401 2962 3470 interpretentur,
2995 3410 3048 3456 et
3076 3413 3278 3457 remoto
3322 3404 3507 3458 timore
3543 3405 3796 3460 domi-a-

2215 3491 2375 3545 tionis
2406 3492 2601 3562 eligant
2627 3491 2765 3562 quod
2795 3491 3076 3546 voluerint.
3119 3492 3303 3549 Exiis
3329 3495 3470 3548 enim
3495 3511 3610 3564 quae
3641 3495 3794 3550 dice-

2213 3598 2332 3636 mus
2361 3583 2633 3652 apparebit
2685 3592 2856 3637 utrum
2904 3583 3073 3638 coacti
3117 3583 3168 3636 in
3203 3582 3426 3639 falsitate
3457 3595 3794 3653 remaneant,

2212 3689 2280 3727 an
2307 3673 2540 3727 volentes
2569 3683 2778 3728 teneant
2814 3675 3105 3729 veritatem.
3139 3675 3193 3729 Si
3217 3676 3358 3729 enim
3399 3674 3512 3729 Ι)ωο
3555 3690 3659 3728 ιιοη
3706 3676 3796 3730 in-

2214 3769 2475 3837 telligunt,
2498 3784 2597 3837 qua
2631 3769 2926 3825 temeritate
2951 3769 3226 3823 traduxisti
3263 3785 3369 3823 non
3404 3768 3797 3838 intelligenles?

2213 3857 2269 3914 Si
2292 3869 2466 3914 autem
2490 3859 2805 3929 intelligunt,
2833 3860 3035 3926 ambos,
3061 3871 3118 3914 ut
3147 3860 3277 3928 dixi,
3301 3860 3535 3926 audiant,
3563 3869 3618 3914 et
3645 3860 3796 3930 quod

2215 3949 2703 4004 voluerintfaciant.
2732 3951 2785 4006 Si
2827 3967 2944 4021 quae
2970 3953 3127 4007 etiam
3158 3953 3336 4021 plebes
3362 3967 3392 4006 a
3422 3952 3567 4021 vobis
3596 3951 3662 4005 ad
3695 3969 3796 4006 nos

2216 4043 2553 4106 transierunt,
2584 4059 2714 4112 quas
2736 4051 2890 4114 putas
2917 4059 2946 4097 a
2972 4043 3200 4098 dominis
3227 4052 3457 4109 coactas,
3496 4042 3596 4096 hoc
3632 4054 3686 4097 et
3721 4043 3794 4097 ibi

2213 4133 2336 4198 ﬁat;
2362 4134 2544 4188 ambos
2574 4149 2671 4188 nos
2699 4134 2932 4201 audiant,
2959 4144 3013 4189 et
3041 4135 3232 4205 eligant
3257 4135 3396 4204 quod
3426 4134 3702 4203 placuerit.
3737 4133 3794 4188 Si

2213 4235 2390 4280 autem
2421 4241 2524 4280 non
2558 4209 2763 4281 vis-hoc
2793 4227 2926 4294 fieri,
2955 4227 3037 4282 cui
3068 4243 3170 4281 non
3196 4235 3445 4297 appareat
3465 4218 3566 4279 non
3602 4241 3695 4279 vos
3723 4224 3793 4280 de

2213 4317 2434 4370 veritate
2465 4317 2817 4386 prtnsumere?
2847 4316 2951 4371 Sed
2995 4317 3226 4371 cavenda
3251 4326 3333 4371 est
3363 4317 3436 4370 ira
3478 4315 3588 4379 Dei,
3622 4324 3675 4368 et
3705 4314 3796 4370 hic

2211 4415 2264 4460 et
2293 4407 2343 4460 in
2371 4405 2544 4461 futuro
2569 4408 2784 4463 sacculo.
2807 4407 3006 4477 Adjuro
3027 4417 3078 4463 te
3095 4423 3191 4478 per
3210 4407 3494 4474 Christum,
3521 4417 3579 4462 ut
3598 4405 3659 4461 ad
3688 4406 3797 4461 isLa

2209 4499 2554 4569 respondeas.

2649 4609 2978 4667 EPISTOLA
3014 4609 3220 4666 LXVII“
3244 4609 3341 4684 (a).

2213 4723 2524 4794 Augustinus
2558 4721 2865 4794 Hieronymo
2892 4738 2910 4776 :
2934 4739 3122 4792 negans
3147 4739 3200 4776 se
3225 4723 3483 4788 scripsisse
3526 4721 3709 4776 librum
3736 4725 3795 4779 in

2281 4833 2426 4882 eum;
2451 4819 2508 4871 in
2533 4818 2626 4871 hoc
2651 4817 2828 4889 falsus,
2858 4815 2993 4885 quod
3020 4816 3203 4888 aliquis
3233 4816 3482 4886 prolixam
3519 4817 3792 4887 epistolam

2282 4909 2466 4963 librum
2494 4909 2819 4980 appellasset.

2224 5001 2449 5055 Domino
2483 5001 2797 5055 charissimo
2823 5008 2878 5055 et
2904 4998 3370 5064 desideratissimo,
3395 5008 3452 5054 et
3476 4997 3795 5052 honorando

2278 5094 2337 5146 in
2361 5092 2572 5146 Christo
2602 5091 2749 5145 fratri
2778 5099 2833 5146 et
2857 5091 3288 5161 compreshytero
3324 5090 3648 5156 HIERONYIO,
3679 5092 3799 5144 Au-

2278 5198 2547 5250 cus'rmus,
2571 5185 2623 5236 in
2652 5183 2876 5238 Domino
2901 5183 3147 5237 salutem.

2277 5294 2501 5350 CAPUT
2529 5295 2942 5351 PRIMUM.——l.
2972 5293 3158 5348 Audivi
3179 5294 3485 5362 pervenisse
3515 5292 3568 5345 in
3597 5303 3797 5346 manus

2202 5411 2398 5470 bitavit,
2441 5423 2606 5469 «uno,
2651 5417 2706 5460 ut
2741 5409 2824 5468 ait,
2869 5410 3069 5458 terroris
3114 5409 3295 5470 impetu
3342 5406 3794 5470 octogintaferme

2211 5490 2234 5520 ι
2248 5474 2429 5522 animas
2451 5472 2711 5522 miserabili
2734 5472 2920 5536 gemitu
2950 5469 3285 5531 mussitantes,
3307 5469 3644 5532 rebaptizando
3663 5471 3793 5519 διώ-

2211 5552 2232 5580 ε
2247 5547 2493 5598 mergere.
2507 5551 2528 5580 s

2269 5621 2284 5636 ‘
2310 5627 2436 5669 Hanc
2457 5619 2791 5669 recensuimus
2813 5616 2870 5664 ad
2895 5629 2937 5663 a.
2964 5615 3032 5663 bl.
3055 5617 3137 5664 bn.
3162 5629 3231 5665 oc.
3258 5615 3314 5665 fs.
3333 5615 3371 5676 j.
3390 5628 3479 5662 mr.
3505 5628 3547 5662 r.
3567 5615 3643 5663 sb.
3669 5621 3706 5664 t.
3727 5622 3792 5666 tt.

2201 5696 2275 5733 vc.
2301 5683 2473 5731 decem
2492 5695 2540 5731 ν.
2567 5688 2619 5730 et
2637 5682 2694 5728 ad
2718 5689 2816 5728 Am.
2842 5677 2948 5726 Bad.
2973 5683 3047 5724 Er.
3072 5685 3181 5726 ων.

2261 5741 2482 5856 (ambas
2520 5742 2604 5791 12:
2633 5757 2742 5805 quae
2757 5749 2920 5791 autem
2941 5739 3001 5788 67
3028 5748 3150 5800 erat,
3177 5754 3302 5790 nunc
3329 5739 3433 5788 9.27.
3454 5741 3634 5801 Scripta
3656 5739 3796 5793 circa

2199 5819 2261 5857 an
