4090 6356
269 473 384 514 tuas
411 457 615 514 litteras
635 470 819 523 meas;
841 455 956 522 sed,
974 454 1114 527 quod
1135 455 1306 510 adhuc
1320 455 1572 525 rescripta
1605 469 1707 507 non
1734 468 1848 508 me-

269 553 371 618 rui,
400 566 731 621 nequaquam
770 551 1138 619 imputaverim
1166 549 1436 605 dilectioni
1467 559 1570 605 tua:
1601 567 1614 603 ε
1649 550 1844 618 aliquid

265 643 448 713 procul
502 643 662 698 dubio
703 643 1066 713 impedimenti
1110 641 1226 697 fuit.
1279 641 1431 698 Unde
1463 655 1736 711 agnoscoa
1758 655 1844 694 me

264 737 549 792 Dominum
569 737 742 806 potius
765 737 1175 808 deprecandum,
1194 745 1250 792 ut
1277 745 1378 792 tua;
1392 734 1646 790 voluntati
1670 734 1760 789 det
1778 734 1846 788 fa-

263 833 512 887 cultatem
532 832 772 887 mittendi
795 832 937 903 quod
961 831 1332 900 rescripseris:
1365 845 1486 884 nam
1516 827 1842 884 rescribendi

255 929 363 995 jam
387 923 534 978 dedit
555 925 702 994 quia,
733 940 854 978 cum
883 924 1136 991 volueris,
1165 922 1412 977 facillime
1442 920 1659 991 poteris.

326 1016 484 1071 CAP.
513 1014 651 1069 [l.-—
665 1015 718 1070 2.
738 1015 908 1070 Etiam
923 1016 1042 1081 hoc,
1058 1015 1124 1070 ad
1137 1030 1222 1069 me
1232 1029 1358 1068 sane
1370 1013 1648 1083 perlatum,
1663 1020 1841 1065 utrum

260 1110 472 1180 quidem
497 1110 774 1165 crederem
820 1109 1088 1174 dubitavi;
1120 1107 1213 1164 sed
1240 1109 1361 1163 hinc
1384 1121 1595 1178 quoque
1624 1106 1717 1160 tibi
1746 1105 1843 1159 ali-

258 1205 380 1274 quid
405 1214 581 1259 utrum
617 1204 927 1266 scriberem,
968 1204 1208 1259 dubitare
1235 1217 1341 1257 non
1371 1201 1528 1258 debui
1561 1219 1573 1254 :
1608 1200 1707 1254 hoc
1747 1215 1842 1254 au-

258 1305 362 1350 tem
401 1297 550 1352 brevi
588 1306 893 1368 suggestum
914 1312 1034 1352 esse
1053 1296 1308 1352 Charitati
1333 1304 1436 1350 tua:
1462 1310 1491 1349 a
1519 1294 1698 1350 nescio
1719 1293 1838 1363 qui-

261 1393 355 1446 bus
386 1391 657 1457 fratribus,
691 1392 821 1447 mihi
845 1392 1043 1448 dictum
1065 1401 1162 1457 est,
1196 1391 1336 1463 quod
1367 1391 1555 1446 librum
1585 1390 1840 1446 adversus

259 1495 308 1540 te
335 1485 664 1556 Scripserim,
710 1485 1038 1556 Romamque
1067 1485 1323 1540 miserim.
1355 1485 1468 1540 Hoc
1503 1484 1692 1539 falsum
1721 1497 1841 1539 esse

260 1579 506 1643 noveris;
539 1577 704 1634 Deum
733 1587 975 1634 nostrum
1014 1587 1198 1645 teStor,
1234 1577 1336 1633 hoc
1362 1592 1450 1632 me
1489 1591 1593 1631 non
1627 1575 1836 1630 fecisse.

257 1670 360 1726 Sed
387 1672 430 1724 si
458 1670 594 1726 forte
620 1671 793 1741 aliqua
821 1671 872 1725 in
887 1671 1148 1740 aliquibus
1165 1670 1378 1740 scriptis
1401 1670 1534 1724 meis
1560 1667 1839 1738 reperiun-

260 1771 362 1827 tur,
409 1761 463 1815 in
506 1763 698 1832 quibus
737 1763 895 1818 aliter
931 1763 1127 1833 aliquid
1155 1777 1310 1832 quam
1335 1769 1391 1816 tu
1417 1762 1648 1816 sensisse
1681 1774 1834 1829 repe-

260 1854 383 1920 riar,
414 1869 522 1907 non
559 1862 744 1908 contra
772 1862 825 1909 te
849 1853 1068 1921 dictum,
1114 1854 1208 1909 sed
1233 1853 1372 1924 quod
1408 1852 1538 1906 mihi
1567 1850 1843 1905 videbatur

259 1959 286 1997 a
306 1961 393 1999 me
414 1945 674 2014 scriptum
701 1960 840 2012 esse,
881 1952 1010 2014 puto
1039 1952 1093 1999 te
1116 1943 1314 2000 debere
1349 1957 1700 2013 cognoscere;
1751 1949 1843 1995 aut

260 2037 300 2090 si
326 2037 578 2106 cognosci
606 2052 711 2090 non
735 2045 930 2106 potest,
957 2035 1193 2103 credere.
1225 2035 1298 2089 lta
1320 2048 1447 2088 sane
1468 2033 1569 2088 hoc
1591 2032 1836 2099 dixerim,

261 2141 312 2181 ut
336 2143 433 2198 ego
462 2143 570 2181 non
605 2136 807 2182 tantum
828 2129 1192 2198 paratissimus
1211 2127 1334 2194 sim,
1357 2127 1400 2180 si
1424 2125 1548 2196 quid
1572 2134 1622 2180 te
1640 2127 1690 2179 in
1708 2125 1842 2181 meis

259 2220 472 2289 scriptis
489 2221 738 2286 moverit,
759 2220 991 2275 fraterne
1016 2220 1260 2289 accipere
1279 2218 1404 2289 Quid
1423 2226 1610 2273 contra
1623 2219 1839 2285 sentias,

257 2321 339 2366 aut
365 2313 432 2366 de
457 2314 791 2368 correctione
821 2329 958 2378 mea,
993 2321 1085 2368 aut
1122 2312 1189 2368 de
1212 2313 1324 2383 ipsa
1363 2321 1448 2366 tua
1479 2313 1842 2369 benevolentia

256 2404 564 2474 gavisurus;
599 2421 784 2461 verum
825 2407 984 2463 etiam
1023 2406 1127 2462 hoc
1161 2421 1192 2462 a
1232 2414 1284 2461 te
1319 2406 1606 2476 postulem,
1647 2414 1701 2460 et
1749 2405 1844 2459 ﬂa-

255 2497 432 2568 gitem.
578 2577 583 2578 γ
1283 2573 1286 2578 ι

322 2590 378 2643 3.
409 2587 455 2642 Ο
484 2589 530 2642 si
572 2577 841 2659 licuisset,
873 2592 971 2646 etsi
1011 2606 1116 2646 non
1143 2591 1507 2657 cohabitante,
1541 2592 1725 2646 saltem
1761 2591 1842 2647 vi-

239 2678 373 2752 cino
403 2689 456 2734 te
488 2680 542 2734 in
586 2681 808 2737 Domino
829 2682 1026 2752 perfrui
1048 2685 1114 2738 ad
1142 2684 1389 2739 crebrum
1418 2692 1471 2739 et
1490 2684 1644 2738 dulce
1677 2683 1842 2739 collo-

256 2769 466 2839 quium!
496 2771 602 2827 Sed
627 2774 750 2842 quia
771 2774 822 2828 id
845 2789 948 2829 non
976 2787 1057 2831 est
1079 2776 1281 2840 datum,
1306 2785 1432 2845 peto
1451 2784 1508 2830 ut
1525 2775 1626 2830 hoc
1647 2776 1841 2844 ipsum,

257 2865 397 2935 (ιιιοά
433 2866 490 2919 in
521 2866 745 2920 Domino
777 2882 933 2937 quam
963 2881 1245 2938 possumus
1267 2869 1425 2924 simul
1456 2883 1670 2936 sumus,
1710 2884 1842 2924 con-

256 2957 455 3012 servari
507 2959 752 3025 studeas,
806 2967 861 3015 et
905 2961 1085 3030 augeri
1125 2976 1188 3016 ac
1233 2961 1447 3032 perfici,
1491 2971 1546 3017 et
1588 2962 1844 3030 rescripta

257 3050 502 3117 quamvis
526 3065 648 3104 rara
673 3065 778 3106 non
805 3067 1077 3120 spernere.
1108 3053 1289 3108 Saluta
1313 3054 1569 3124 obsequio
1583 3070 1704 3108 meo
1723 3069 1846 3107 san-

258 3150 401 3196 etum
432 3142 670 3197 fratrem
695 3144 1090 3209 Paulinianum,
1131 3153 1185 3200 et
1205 3158 1393 3199 omnes
1415 3144 1605 3199 fratres
1649 3145 1738 3214 qui
1763 3155 1844 3199 te-

257 3248 376 3288 cum
400 3249 463 3289 ac
483 3235 552 3289 de
583 3236 707 3291 tein
735 3237 958 3291 Domino
983 3238 1216 3308 gaudent
1243 3237 1281 3290 ί.
1324 3237 1526 3291 Μειηοι·
1553 3237 1720 3291 nostri
1747 3253 1844 3292 ex-

259 3326 500 3381 audiaris
525 3343 555 3381 a
583 3328 813 3384 Domino
841 3330 894 3383 in
924 3330 1066 3384 omni
1093 3339 1278 3385 sancto
1303 3329 1570 3386 desiderio
1596 3340 1685 3385 tuo
1703 3372 1716 3395 ,
1743 3331 1845 3385 do-

258 3419 398 3474 mine
429 3419 748 3477 charissime
770 3429 824 3476 et
857 3421 1338 3491 desidet-stissimo,
1374 3431 1431 3479 et
1455 3421 1763 3478 honorande
1791 3422 1847 3478 in

257 3508 470 3566 Christo
498 3511 680 3568 frater.

686 3625 1013 3686 EPISTOLA
1049 3629 1295 3687 vanr
1320 3631 1419 3706 (a).

265 3740 614 3812 Hieronymus
651 3742 934 3815 Augustino
959 3785 973 3809 ,
995 3745 1110 3816 jam
1133 3753 1334 3816 accepta
1359 3744 1570 3815 epistola
1592 3759 1705 3813 qum
1730 3760 1850 3797 con-

330 3835 460 3888 tinet
488 3837 816 3905 quwstionem
841 3838 902 3892 de
929 3838 1192 3893 mendacio
1219 3840 1434 3909 oﬂicioso
1451 3881 1465 3904 ,
1499 3839 1586 3893 sed
1615 3838 1848 3892 dubitans

327 3929 612 3982 etiamnum
653 3947 720 3983 an
763 3931 827 3984 sit
854 3930 1154 4001 Augustini,
1200 3941 1349 4004 negat
1392 3949 1446 3986 se
1492 3949 1850 4003 responsurum

327 4016 430 4073 nisi
464 4018 532 4072 sit
581 4027 742 4074 certus
776 4021 838 4075 de
877 4031 1098 4076 auctore.
1136 4021 1371 4076 Meminit
1407 4031 1453 4077 et
1493 4023 1683 4093 Ru/ﬁni
1730 4023 1848 4091 ﬁcto

327 4126 556 4164 nomine.

264 4221 502 4279 Domino
526 4238 651 4280 vere
677 4235 880 4293 sancto,
904 4241 968 4282 ac
1003 4226 1312 4282 beatissimo
1346 4243 1496 4297 papae
1522 4229 1846 4296 Aucusnxo,

572 4317 946 4386 HIERONYIUS,
977 4321 1032 4373 in
1061 4320 1270 4374 Christo
1299 4321 1542 4374 salutem.

333 4427 387 4479 1.
422 4426 493 4480 1η
538 4428 649 4497 ipso
695 4429 1015 4498 profectionis
1057 4431 1303 4497 articulo,
1354 4432 1516 4486 sancti
1555 4432 1649 4501 ﬁlii
1690 4434 1850 4486 nostri

256 4517 445 4570 Asterii
483 4518 854 4588 hypodiaconi,
892 4523 1156 4576 necessarii
1182 4523 1279 4575 mei
1299 4515 1340 4590 ί,
1381 4523 1713 4578 Beatitudinis
1752 4533 1852 4579 tua:

264 4609 452 4662 littere
484 4623 902 4681 supervenerunt,
931 4613 1112 4684 quibus
1136 4617 1386 4686 satisfacis
1417 4625 1463 4670 te
1485 4625 1659 4670 contra
1688 4617 1854 4687 parvi-

257 4707 416 4753 tatem
455 4718 618 4755 meam
656 4704 838 4758 librum
874 4705 1091 4760 Romam
1121 4724 1220 4761 non
1247 4709 1456 4763 misisse.
1510 4709 1620 4762 Hoc
1645 4726 1734 4763 nec
1762 4727 1852 4782 ego

260 4794 460 4861 factum
489 4795 791 4862 audieram;
819 4797 907 4851 sed
931 4799 1153 4868 epistola:
1182 4801 1478 4871 cujusdam,
1509 4803 1651 4873 quasi
1676 4801 1744 4856 ad
1776 4819 1853 4858 me

262 4884 504 4952 scripta,
533 4902 622 4954 per
641 4887 849 4954 fratrem
879 4900 1105 4944 nostrum
1134 4891 1431 4962 Sysinnium
1465 4895 1730 4948 diaconum
1755 4896 1852 4949 huc

256 4976 571 5045 exemplaria
599 4989 938 5048 pervenerunt.
970 4980 1038 5035 In
1065 4997 1164 5053 qua
1192 4981 1406 5038 hortaris
1434 5002 1535 5046 me,
1571 4993 1624 5038 ut
1654 4996 1854 5058 παλινῳο

265 5069 378 5119 δίαν
402 5085 558 5137 super
583 5073 800 5141 quodam
829 5073 1055 5144 Apostoli
1091 5078 1310 5146 capitulo
1349 5094 1529 5132 canam
1549 5119 1562 5143 ,
1608 5087 1654 5132 et
1692 5079 1855 5133 imiter

265 5157 655 5229 Stesichorum,
686 5165 813 5217 inter
841 5167 1222 5235 vituperationes
1249 5178 1296 5222 et
1317 5170 1489 5224 laudes
1525 5168 1732 5222 Helena:
1750 5171 1853 5239 ﬂu-

268 5261 528 5305 ctuantem
549 5271 568 5318 ;
588 5263 649 5307 ut
662 5257 746 5321 qui
760 5256 1066 5312 detrahendo
1087 5260 1256 5313 oculos
1276 5261 1578 5329 perdiderat,
1599 5260 1855 5314 laudando

264 5345 541 5410 receperit.
571 5344 684 5416 Ego
719 5349 1013 5420 simpliciter
1053 5351 1215 5421 fateor
1255 5351 1543 5422 Dignationi
1577 5362 1704 5420 tute,
1743 5351 1856 5407 licet

331 5454 350 5518 ξ
375 5460 484 5504 Mss.
510 5463 652 5518 octo,
678 5459 960 5518 gloriantur.

328 5517 350 5546 ³
375 5523 424 5564 tn
445 5523 556 5567 uss.
592 5517 816 5570 undecim
837 5524 1090 5584 omittitur,
1114 5523 1372 5576 necessarii
1392 5525 1501 5577 mei.

331 5605 369 5670 '_
389 5605 646 5670 Remguila
669 5605 825 5670 estad
845 5617 889 5654 a.
914 5605 983 5670 bl.
1010 5607 1092 5655 bu.
1117 5620 1188 5656 cc.
1217 5605 1274 5656 fs.
1295 5607 1333 5670 j.
1359 5622 1449 5657 mr.
1472 5619 1514 5657 r.
1538 5610 1613 5658 sb.
1635 5615 1671 5660 t.
1695 5615 1751 5660 tt.
1776 5623 1851 5660 vc.

261 5665 500 5712 undecim
516 5679 567 5713 v.
591 5673 642 5714 et
677 5667 735 5715 ad
758 5676 858 5716 Am.
883 5669 991 5717 Bad.
1013 5675 1086 5716 Er.
1112 5676 1220 5720 Iov.

326 5747 406 5821 (ᾳ)
424 5748 560 5821 ΑΒδο
577 5751 635 5799 15
658 5763 672 5801 :
698 5766 808 5815 qua
830 5762 994 5806 autem
1016 5754 1079 5805 68
1101 5761 1225 5816 erat,
1249 5767 1375 5806 nunc
1395 5754 1472 5805 88.
1499 5757 1676 5818 Scripm
1713 5755 1853 5819 paulo

259 5815 376 5868 νωι
396 5815 718 5875 superiorem.

1274 6015 1280 6021 .
1295 6011 1338 6020 ηις
1373 6012 1425 6023 ‘-

1415 339 1892 400 EPISTOLARUM
1927 340 2201 400 CLASSIS
2235 345 2302 401 ll.

1955 454 2098 507 stilus
2126 464 2172 508 et
2193 463 2546 529 ἐπιχειρήματα
2575 471 2662 517 tua
2705 466 2830 520 mihi
2865 470 3175 541 uiderentur,
3221 486 3386 533 tamen
3434 500 3534 538 non

1955 553 2134 598 temere
2163 551 2524 619 mmplaribus
2564 555 2841 613 litterarum
2871 562 3170 619 credendum
3217 573 3424 638 putavi;
3472 593 3534 631 nc

1953 634 2110 735 forte,
2156 655 2232 692 me
2257 645 2586 710 respondente
2626 648 2805 716 laesus,
2837 653 2975 722 juste
2996 634 3367 728 expostulares,
3399 634 3532 735 quod

1953 727 2163 798 probare
2188 740 2302 786 ante
2329 734 2601 790 debuissem
2629 749 2768 796 tuum
2798 760 2903 798 esse
2930 727 3234 818 sermonem,
3263 763 3308 806 et
3338 727 3420 809 sic.
3446 775 3527 811 rc-

1951 822 2184 878 scribere.
2213 826 2427 882 Accessit
2462 831 2528 883 ad
2551 849 2740 887 moram
2759 847 2946 892 sancta:
2970 849 3015 892 et
3034 846 3324 900 venerabilis
3347 846 3530 904 Paulte

1952 911 2101 983 longa
2143 916 2430 985 inﬁrmitas.
2483 921 2616 975 Dum
2655 929 2785 978 enim
2815 925 3072 998 languenti
3115 933 3270 987 multo
3309 946 3529 1007 tempore

1949 1006 2254 1075 assidemus,
2293 1027 2416 1080 pene
2446 1013 2669 1079 epistolae
2693 1026 2820 1086 tute,
2856 1020 2934 1073 vel
2961 1022 3068 1092 ejus
3096 1026 3180 1094 qui
3201 1027 3291 1079 sub
3319 1006 3526 1083 tuoinc-

1948 1099 2081 1153 mine
2103 1103 2399 1171 scripserat,
2427 1106 2564 1159 obliti
2591 1125 2762 1164 sumus
2780 1152 2796 1177 ,
2827 1129 3067 1170 memores
3096 1118 3229 1172 illius
3255 1122 3486 1176 uersiculi
3507 1139 3528 1178 :

1955 1205 1978 1285 «—
2005 1189 2204 1244 Musica
2227 1194 2279 1246 in
2298 1195 2454 1261 luctu,
2485 1197 2771 1267 importuna
2795 1208 3015 1260 narratio
3044 1208 3254 1278 »(Εεειὶ.
3284 1228 3416 1281 xxu,
3447 1216 3521 1285 6).

1949 1277 2148 1351 Itaque,
2173 1285 2217 1337 si
2236 1294 2322 1338 tua
2341 1295 2413 1340 est
2436 1291 2672 1359 epistola,
2697 1305 2865 1362 aperte
2889 1299 3064 1366 scribe,
3084 1277 3172 1355 rel
3193 1305 3326 1358 mitte
3351 1277 3523 1361 enem-

1950 1374 2114 1442 plaria
2141 1379 2364 1444 veriora;
2389 1391 2444 1433 ut
2467 1383 2651 1453 absque
2676 1387 2780 1441 ullo
2808 1406 3015 1445 rancore
3039 1398 3280 1450 stomachi
3306 1398 3356 1452 in
3383 1399 3525 1454 Scri-

1948 1473 2212 1534 pturarum
2228 1469 2566 1546 disputatione
2590 1490 2859 1544 versemur,
2879 1490 2926 1534 et
2945 1483 3020 1535 vel
3038 1494 3260 1538 nostrum
3290 1490 3521 1544 emende-

1946 1574 2056 1612 mus
2081 1577 2330 1630 errorem,
2355 1565 2430 1618 vel
2450 1567 2606 1620 alium
2625 1569 2814 1637 frustra
2837 1577 3210 1644 reprehendisse
3239 1579 3519 1636 doceamus.

2017 1649 2072 1702 2.
2104 1651 2244 1705 Absit
2272 1665 2436 1709 autem
2463 1675 2492 1710 a
2526 1675 2634 1724 me,
2670 1672 2724 1714 ut
2745 1663 3014 1732 quidquam
3041 1667 3102 1719 de
3129 1668 3266 1722 libris
3295 1669 3523 1726 Beatitu-

1947 1739 2079 1793 diuis
2105 1750 2202 1795 tua:
2225 1746 2464 1816 attingere
2491 1750 2722 1805 audeant.
2772 1754 2966 1824 Suﬂicit
2994 1759 3123 1810 enim
3164 1761 3287 1813 mihi
3313 1764 3524 1830 probare

1946 1847 2087 1896 mea,
2123 1841 2168 1885 et
2193 1834 2359 1889 aliena
2386 1855 2485 1892 non
2515 1856 2736 1911 carpere.
2770 1843 3013 1899 Caeterum
3043 1852 3225 1917 optime
3245 1855 3378 1907 novit
3398 1873 3523 1925 pru-

1947 1925 2115 1978 dentia
2153 1935 2271 1994 tua,
2308 1947 2701 2004 unumquemque
2729 1937 2779 1990 in
2831 1957 2920 1991 suo
2964 1959 3112 1994 sensu
3156 1943 3438 2010 abundare,
3481 1957 3527 2001 et

1947 2019 2154 2086 puerilis
2191 2037 2295 2075 esse
2321 2024 2618 2092 jactantite,
2659 2030 2793 2095 quod
2819 2032 2940 2083 olim
2979 2032 3334 2090 adolescentuli
3364 2038 3528 2106 facere

1947 2120 2300 2164 consueuerant
2317 2153 2331 2177 ,
2358 2118 2644 2171 accusando
2677 2119 2895 2174 illustres
2924 2123 3051 2175 viros
3070 2165 3083 2190 ,
3111 2141 3203 2177 suo
3223 2131 3414 2182 nomini
3442 2137 3530 2200 fa-~

1949 2216 2081 2253 mam
2111 2220 2349 2272 quwrere.
2379 2207 2489 2261 Nec
2515 2219 2616 2262 tam
2659 2215 2840 2267 stultus
2869 2233 2978 2267 sum
2997 2257 3011 2282 ,
3044 2226 3097 2269 ut
3124 2217 3407 2276 diversitate
3437 2241 3527 2279 ea:-

1949 2292 2296 2361 planationum
2313 2307 2513 2352 tuarum
2534 2319 2610 2354 me
2626 2303 2742 2356 laedi
2759 2315 2923 2374 putem
2941 2323 2958 2370 ,'
2979 2308 3099 2379 quia
3124 2326 3216 2367 nec
3235 2321 3289 2365 tu
3307 2312 3526 2377 hederis,

1947 2385 1991 2436 si
2019 2401 2110 2439 nos
2135 2389 2390 2442 contraria
2417 2394 2734 2449 senserimus.
2767 2395 2874 2450 Sed
2892 2398 2980 2452 illa
3005 2407 3078 2454 est
3102 2417 3218 2456 vera
3245 2405 3375 2460 inter
3393 2408 3525 2460 ami-

1948 2493 2032 2531 cos
2058 2481 2406 2550 reprehensio,
2437 2485 2480 2538 si
2509 2495 2732 2541 nostram
2752 2507 2925 2560 peram
2957 2493 2973 2522 ί
3004 2509 3103 2546 non
3124 2495 3374 2562 uidentes,
3401 2499 3530 2553 alio-

1945 2586 2060 2624 rum
2075 2573 2229 2642 juxta
2259 2573 2526 2646 Persium,
2560 2583 2829 2636 manticam
2866 2587 3253 2643 consideratius.
3288 2591 3530 2662 Superest

1950 2671 2005 2715 ut
2039 2663 2221 2734 diligas
2250 2668 2537 2738 diligentem
2563 2683 2638 2740 te,
2668 2683 2713 2728 et
2736 2677 2787 2728 in
2817 2675 3200 2749 Scripturarum
3237 2701 3413 2754 campo
3441 2687 3529 2753 ju-

1947 2759 2084 2812 venis
2107 2776 2273 2813 senem
2314 2779 2411 2816 non
2443 2782 2696 2834 provoces.
2740 2767 2851 2822 Nos
2889 2780 3058 2824 nastra
3101 2773 3367 2829 habuimus
3407 2787 3530 2831 tem-

1949 2865 2074 2918 pora
2093 2892 2106 2916 ,
2140 2861 2185 2904 et
2214 2855 2523 2908 cucurrimus
2547 2867 2787 2925 quantum
2816 2862 3085 2928 potuimus.
3129 2863 3310 2932 Nunc,
3342 2875 3387 2919 te
3407 2884 3528 2921 cur-

1949 2949 2113 3003 rente,
2143 2950 2189 2994 et
2209 2941 2359 3011 longa
2375 2945 2539 3012 spatia
2565 2956 2923 3016 transmeante,
2951 2951 3092 3004 nobis
3112 2952 3314 3006 debetur
3333 2957 3487 3009 otium
3511 2973 3530 3011 :

1949 3031 2196 3102 simulque
2222 3034 2299 3106 (ut
2336 3053 2449 3089 cum
2475 3039 2616 3091 venia
2645 3049 2690 3092 et
2727 3041 2914 3094 honore
2938 3053 3023 3096 tuo
3049 3044 3281 3117 dimerim)
3311 3065 3370 3100 ne
3390 3049 3529 3104 solus

1949 3128 2074 3180 mihi
2098 3130 2160 3182 de
2203 3132 2359 3198 poetis
2398 3133 2592 3204 aliquid
2637 3137 2955 3205 proposuisse
2996 3121 3237 3204 videaris,
3286 3153 3529 3198 memento

1947 3219 2149 3275 Daretis
2192 3231 2236 3274 ct
2281 3224 2468 3280 Entelli
2489 3225 2584 3297 (α),
2616 3237 2662 3280 et
2699 3229 2917 3297 vulgaris
2955 3233 3232 3300 proverbii,
3275 3234 3408 3303 quod
3442 3233 3530 3289 bos

1949 3313 2116 3368 lassus
2140 3317 2320 3384 fortius
2350 3319 2472 3387 ﬁgat
2503 3319 2698 3387 pedem.
2727 3319 2918 3374 Tristes
2940 3323 3046 3375 haec
3072 3323 3385 3377 dictavimus.
3417 3324 3531 3380 Uti-

1948 3422 2070 3461 nam
2103 3423 2405 3462 mereremur
2442 3411 2729 3478 complexus
2768 3421 2911 3478 tuos,
2958 3423 3005 3467 et
3047 3414 3314 3468 collatione
3356 3425 3531 3469 mutua

1947 3498 2026 3552 uel
2051 3500 2339 3554 duceremus
2364 3502 2532 3570 aliqua
2550 3543 2565 3567 ,
2594 3502 2670 3556 uel
2696 3504 3035 3558 disceremus!
3284 3553 3290 3556 _

2021 3593 2078 3648 '5.
2119 3592 2263 3646 Misit
2300 3595 2448 3660 mihi,
2483 3595 2756 3670 temeritate
2783 3595 2965 3661 solita,
3009 3598 3276 3652 maledicta
3301 3615 3394 3654 sua
3414 3597 3533 3654 Cal-

1954 3684 2202 3754 phurm'us
2226 3687 2246 3717 ’
2275 3696 2598 3757 cognomento
2623 3685 2872 3740 Lanarius
2890 3729 2905 3753 ,
2933 3705 3046 3758 quae
3065 3689 3134 3742 ad
3164 3692 3383 3760 Africam
3409 3708 3532 3760 quo-

1949 3793 2045 3845 que
2082 3778 2249 3831 studio
2278 3779 2389 3847 ejus
2431 3778 2586 3832 didici
2629 3780 2924 3847 pervenisse.
2955 3780 3038 3834 Ad
3077 3797 3191 3851 qua:
3231 3783 3438 3836 breviter
3471 3800 3533 3837 ea:

1951 3882 2094 3944 parte
2114 3873 2385 3941 respondi;
2412 3882 2458 3925 et
2485 3870 2638 3926 libelli
2666 3873 2776 3942 ejus
2802 3873 2937 3926 vobis
2953 3874 3066 3926 misi
3086 3875 3390 3944 exemplaria
3409 3915 3422 3938 ,
3459 3874 3533 3926 la-

1950 3967 2051 4020 tius
2089 3983 2247 4036 opzts,
2293 3982 2406 4019 cum
2457 3976 2795 4036 opportunum
2849 3968 3026 4035 fuerit,
3078 3968 3239 4036 primo
3290 3967 3534 4020 missurus

1953 4067 2193 4126 tempore.
2222 4055 2290 4109 In
2317 4073 2416 4126 quo
2452 4056 2580 4110 illud
2606 4058 2746 4122 cavi,
2772 4073 2833 4109 nc
2857 4057 2908 4108 in
2934 4073 3178 4128 quoquam
3200 4057 3532 4111 existimatio-

1953 4163 2068 4201 nem
2091 4149 2321 4201 la’derem
2351 4147 2706 4210 christianum,
2735 4149 2823 4201 sed
2852 4158 3044 4200 tantum
3075 4158 3127 4200 ut
3151 4148 3412 4201 delirantis
3441 4151 3534 4200 im-

1952 4240 2196 4310 peritique
2219 4238 2531 4291 mendacium
2554 4255 2613 4290 ac
2627 4238 2906 4291 vecordiam
2927 4242 3256 4308 confutarem.
3278 4238 3533 4293 Memento

1953 4333 2050 4386 mei
2066 4373 2080 4398 ,
2102 4342 2274 4385 sancte
2299 4347 2357 4384 ac
2381 4330 2671 4384 uenerabilis
2697 4348 2850 4401 papa.
2891 4329 3015 4383 Vide
3033 4373 3046 4396 ,
3079 4341 3319 4414 quantum
3340 4340 3389 4385 te
3411 4333 3533 4386 dilic-

1953 4443 2071 4498 gam
2090 4467 2104 4492 ,
2131 4435 2186 4478 ut
2209 4442 2270 4478 ne
2293 4433 2585 4494 provocatus
2611 4423 2809 4494 quidem
2833 4421 3072 4476 voluerim
3093 4423 3415 4491 respondere,
3447 4441 3537 4478 nec

1956 4520 2158 4574 credam
2186 4529 2324 4571 tuum
2366 4533 2471 4570 esse
2498 4516 2632 4587 quod
2662 4516 2712 4567 in
2753 4515 2909 4567 altero
2941 4518 3067 4580 forte
3104 4515 3533 4586 reprehenderem.

1956 4611 2140 4666 Frater
2168 4609 2456 4664 Communis
2473 4607 2770 4676 suppliciter
2799 4615 2844 4658 te
2869 4605 3072 4659 salutat.

2390 4739 2715 4797 EPISTOLA
2754 4738 2959 4792 LXIX‘
3001 4738 3095 4811 (ιι).

1956 4841 2168 4912 Alypius
2197 4846 2244 4891 et
2268 4833 2575 4914 Augustinus
2601 4830 2824 4914 (μηδέωνξο
2844 4871 2868 4910 ,.
2902 4830 3081 4914 ipim”.
3114 4829 3374 4914 hortantes
3395 4840 3447 4914 ut
3487 4831 3536 4883 in

2027 4893 2315 4980 episcopatu
2348 4893 3250 4980 Vaqinensis‘Ecclesiaz'Maximiano
3275 4902 3422 4972 fratri
3446 4917 3537 4953 suo

2028 4972 2244 5055 gloriose
2271 4974 2461 5030 cedenti
2484 4972 2735 5027 succedat.

2023 5097 2039 5127 ί
2065 5101 2194 5151 ι,ον.,
2217 5092 2380 5138 nostra
2400 5099 2563 5152 opera:
2588 5083 2677 5152 Sed
2702 5082 2978 5152 castigatius
2999 5087 3095 5141 Er.,
3115 5087 3322 5152 nostram
3351 5092 3532 5152 petram.

1958 5159 2138 5217 quippe
2166 5142 2480 5213 hieronymus
2502 5147 2670 5197 alludit
2690 5145 2749 5194 ad
2789 5142 3044 5206 apologum
3080 5145 3237 5217 Aisopi
3256 5181 3269 5200 ,
3289 5142 3371 5205 qui
3403 5142 3538 5217 {insit

1958 5215 2227 5270 mortalium
2251 5225 2497 5275 quemque
2522 5221 2684 5275 peram
2728 5219 2862 5255 suam
2881 5240 2895 5265 ,
2919 5220 3007 5255 seu
3043 5215 3293 5275 manticam
3338 5216 3540 5265 ιιτοιηιιε

1958 5268 2086 5331 vitiis
2108 5268 2300 5340 plenatii
2323 5268 2461 5340 retro
2478 5268 2771 5334 pendentem
2792 5277 3019 5340 gestare,
3044 5268 3247 5340 aliorum
3265 5279 3393 5340 fert).
3411 5277 3540 5340 mauf

1957 5328 2234 5394 ticam'aute
2256 5351 2311 5386 se
2335 5328 2600 5396 reSpiéere.
2625 5341 2724 5389 Quo
2747 5328 2943 5396 spectat
2957 5328 3072 5378 illud
3097 5329 3240 5377 Persii
3265 5328 3537 5390 insatyris:

2112 5409 2167 5450 Ut
2182 5414 2327 5449 nemo
2351 5400 2399 5446 in
2413 5390 2529 5446 sese
2555 5401 2710 5444 tentat
2732 5390 3056 5448 descendere,
3077 5403 3251 5450 nemo;

2112 5464 2200 5512 Sed
2243 5458 2539 5523 przecedcuti
2564 5463 2809 5523 spectatur
2833 5453 3036 5523 mantica
3063 5451 3228 5514 tergo!

2022 5529 2041 5558 ²
2065 5534 2114 5574 In
2139 5514 2254 5573 Mss:
2269 5522 2506 5572 tredecim
2527 5514 2772 5576 scribitur,
2803 5514 3106 5578 Calpurnius.

2024 5610 2038 5626 ’
2064 5607 2321 5669 necognita
2343 5604 2401 5652 ad
2417 5604 2494 5652 cb.
2520 5602 2595 5651 sb.
2616 5601 2740 5650 duos
2760 5612 2807 5646 v.
2833 5604 2887 5647 et
2907 5604 3016 5646 Lov.

2040 5686 2446 5760 <3)"ifg':‘§Beid'
2471 5684 2644 5760 ubi":
2691 5759 2694 5760 ν
2728 5743 2786 5760 ηρ.
2958 5753 3083 5760 _--_-
3107 5739 3198 5760 οη.

2040 5705 2071 5741 a
2115 5691 2242 5749 Virg.
2263 5691 2446 5735 dinem.
2472 5691 2620 5733 lib.v.
3333 5743 3341 5752 _

1958 5691 2342 5868 ωὲίῗέωὲ
2369 5761 2380 5797 :
2405 5760 2515 5810 quae
2535 5752 2703 5796 autem
2726 5743 2788 5792 69
2814 5748 2934 5802 erat,
2958 5753 3085 5792 nunc
3107 5739 3213 5793 249.
3251 5747 3425 5804 Scripta
3451 5752 3526 5790 ex-
