4090 6356
314 428 411 485 3M

307 554 429 602 erat
454 544 670 617 quando
694 545 973 601 damnatus
1011 556 1111 613 est,
1153 559 1320 617 quare
1342 547 1641 618 posteriore
1667 557 1907 621 tempore

308 654 434 693 cum
460 639 725 693 scelerato
750 638 1068 712 Maximiano
1088 642 1488 695 communicans
1519 640 1712 697 mullos
1739 642 1909 712 bapti-

307 731 453 784 zavit
478 739 633 784 extra
662 710 1092 786 communionem
1122 734 1395 802 ipsorum?
1422 734 1608 788 Testes
1635 745 1755 790 sunt
1784 737 1905 807 ipsi,

305 822 397 892 qui
445 833 674 893 egerunt
712 824 849 893 apud
892 825 1391 893 proconsulem,,ut
1436 826 1574 881 idem
1607 827 1906 887 Felicianus

306 924 564 986 tanquam
609 932 732 971 cum
775 916 1095 973 Ma'ximiano
1133 918 1201 973 de
1240 919 1464 975 Basilica
1514 921 1899 978 excluderetur.

305 1010 503 1064 Parum
526 1024 659 1080 ergo
680 1019 795 1064 erat
812 1009 1096 1065 damnasse
1117 1011 1412 1078 absentem,
1443 1013 1726 1070 damnasse
1754 1015 1905 1070 inau-

302 1101 501 1167 ditum,
526 1102 833 1168 damnasse,
854 1102 991 1157 sicut
1007 1102 1205 1167 dicunt,
1226 1104 1591 1171 innocentem;
1612 1106 1829 1175 insuper
1848 1114 1904 1162 et

300 1192 483 1246 aditus
510 1200 594 1246 est
617 1200 805 1245 contra
832 1191 979 1246 illum
1020 1194 1324 1262 proconsul,
1368 1202 1425 1248 ut
1448 1194 1516 1249 de
1558 1196 1782 1249 ecclesia
1808 1212 1902 1252 ex-

299 1285 612 1354 pelleretur.
634 1284 732 1339 Vel
756 1295 878 1339 tunc
894 1285 1108 1355 quando
1126 1286 1273 1339 illum
1293 1288 1628 1356 expellebant
1642 1287 1709 1342 de
1730 1289 1901 1344 eccle-

300 1380 399 1445 sia,
450 1378 684 1433 fatentur
727 1379 848 1449 quia
890 1380 1029 1434 inter
1075 1379 1354 1435 damnatos
1410 1388 1465 1435 et
1510 1382 1800 1438 sceleratos
1845 1391 1900 1439 et

299 1471 724 1525 Maximianistas
764 1487 884 1525 eum
930 1472 1336 1541 deputaverunt.
1380 1474 1603 1540 Quando
1644 1490 1769 1543 ergo
1806 1475 1897 1532 ille

299 1564 606 1632 baptizabat
632 1564 898 1632 homines,
935 1566 1251 1621 Maximiano
1278 1568 1695 1633 communicans,
1724 1568 1896 1637 bapti-

297 1670 475 1709 smum
498 1672 684 1709 verum
718 1657 877 1711 dabat
904 1673 975 1710 an
1013 1656 1239 1712 falsum?
1264 1658 1319 1714 Si
1360 1675 1545 1713 verum
1572 1659 1893 1727 baptismum

298 1746 456 1800 dabat
482 1748 572 1816 qui
595 1763 717 1801 cum
741 1749 1060 1804 Maximiano
1080 1752 1523 1816 communicabat,
1548 1767 1712 1821 quare
1738 1767 1894 1806 accu-

299 1848 445 1891 satur
462 1839 760 1907 baptismus
776 1842 919 1895 orbis
938 1842 1231 1896 terrarum?
1252 1844 1303 1897 Si
1326 1853 1502 1896 autem
1521 1842 1709 1897 falsum
1730 1844 1893 1913 bapti-

299 1946 474 1985 smum
504 1932 684 1999 dabat,
708 1934 919 2003 quando
943 1938 1368 1991 communicabat
1399 1953 1519 1991 cum
1550 1937 1884 2005 Maximiano,

300 2039 461 2089 quare
502 2024 581 2078 sic
618 2035 742 2078 sunt
783 2030 982 2097 recepti
1024 2045 1144 2082 cum
1194 2029 1283 2082 illo
1328 2044 1461 2099 quos
1506 2030 1557 2083 in
1605 2030 1889 2087 schismate

300 2114 603 2169 Maximiani
646 2118 950 2187 baptizavit,
994 2128 1049 2175 et
1081 2134 1238 2175 nemo
1278 2135 1371 2176 eos
1406 2121 1461 2175 in
1491 2130 1641 2190 parte
1678 2122 1887 2177 vestra1

298 2209 684 2279 rebaptizavit?

740 2342 1071 2399 EPISTULA
1111 2344 1321 2399 LXXI‘
1352 2343 1450 2417 (a).

293 2450 606 2520 Augustinus
653 2451 992 2523 Hieronymo,
1024 2453 1294 2508 dehortans
1338 2470 1370 2507 a
1418 2454 1559 2510 libris
1587 2454 1887 2511 Testamenti

361 2545 542 2597 veteris
582 2561 645 2598 ex
675 2546 869 2599 hebrazo
898 2546 1164 2611 vertendis,
1206 2554 1254 2600 et
1288 2547 1557 2601 exhortans
1583 2557 1639 2601 ut
1669 2550 1887 2620 Septua-

360 2636 507 2706 ginta
535 2639 809 2691 versionem
836 2639 961 2691 mire
979 2640 1302 2707 depravatum
1333 2656 1394 2692 ac
1414 2640 1687 2695 variantem
1708 2642 1887 2697 reddat

359 2744 470 2780 sua:
511 2729 724 2782 veritati.
772 2728 979 2784 Novum
1007 2729 1377 2785 Testamentum
1401 2732 1464 2786 ab
1492 2748 1548 2787 eo
1588 2734 1885 2805 castigatum

360 2822 561 2891 probat.

290 2960 523 3015 Domino
560 2958 873 3027 venerabili,
922 2969 978 3015 et
1018 2961 1354 3017 desiderabili
1395 2970 1579 3017 sancto
1616 2961 1787 3029 fratri,
1827 2971 1884 3018 et

360 3052 798 3123 compresbytero
830 3053 1140 3110 Hisnonnto
1167 3056 1523 3123 AUGUSTINUS,
1563 3056 1618 3108 in
1657 3054 1882 3110 Domino

358 3145 609 3199 salutem.

358 3262 516 3320 CAP.
539 3262 955 3318 PRIMUM—1.
978 3264 1056 3317 Ex
1086 3278 1190 3334 quo
1216 3264 1351 3333 coepi
1380 3263 1445 3317 ad
1472 3270 1525 3318 te
1554 3261 1787 3318 scribere
1815 3276 1880 3319 ac

288 3360 373 3405 tua
403 3353 601 3422 scripta
628 3353 950 3418 desiderare,
977 3370 1247 3429 nunquam
1274 3354 1403 3407 mihi
1433 3354 1619 3407 melior
1647 3353 1880 3407 occurrit

287 3446 524 3509 occasio,
544 3462 697 3513 quam
718 3456 773 3499 ut
802 3462 897 3514 per
916 3447 1004 3501 Dei
1028 3461 1240 3500 servum
1267 3461 1327 3500 ac
1346 3444 1644 3499 ministrum
1679 3444 1878 3500 fidelis-

286 3539 507 3600 simum,
538 3537 775 3606 mihique
797 3536 1169 3591 cbarissimum
1201 3552 1315 3590 mea
1342 3536 1436 3591 tibi
1466 3535 1745 3591 aﬂ‘erretur
1765 3535 1879 3604 epi-

286 3629 444 3687 Stola,
491 3628 663 3695 qualis
718 3637 808 3710 est.
851 3628 989 3681 ﬁlius
1035 3637 1214 3710 noster
1262 3627 1556 3710 Cyprianus
1598 3628 1873 3710 diaconus.

286 3698 389 3752 Per
432 3698 573 3751 hunc
610 3709 754 3752 certe
796 3700 866 3752 ita
899 3715 1055 3768 spero
1084 3700 1287 3753 litteras
1317 3709 1451 3764 tuas,
1498 3707 1555 3751 ut
1588 3700 1782 3752 certius
1821 3700 1877 3753 in

283 3789 386 3844 hoc
410 3806 593 3844 rerum
614 3806 806 3859 genere
827 3792 1110 3861 quidquam
1138 3806 1351 3860 sperare
1377 3806 1479 3845 non
1500 3791 1720 3859 possim.
1743 3790 1874 3845 Nam

285 3898 383 3936 nec
412 3882 647 3935 studium
674 3883 725 3935 in
757 3882 999 3950 petendis
1027 3884 1295 3952 rescriptis
1321 3892 1615 3937 memorato
1642 3882 1750 3936 filio
1779 3896 1877 3937 no-

284 3984 396 4028 stro
423 3974 616 4033 deerit.
650 3990 745 4027 nec
770 3976 936 4044 gratia
965 3976 1016 4027 in
1050 3974 1437 4044 promerendis,
1480 3990 1577 4028 nec
1604 3973 1873 4043 diligentia

282 4070 335 4122 in
358 4069 745 4136 custodiendis,
769 4085 867 4124 nec
891 4070 1137 4123 alacritas
1164 4070 1217 4123 in
1240 4070 1585 4139 perferendis,
1618 4085 1715 4125 nec
1742 4071 1873 4128 fides

282 4165 335 4217 in
372 4164 656 4218 reddendis
685 4184 697 4219 :
724 4175 923 4219 tantum
952 4167 995 4219 si
1024 4167 1199 4235 aliquo
1224 4168 1381 4221 modo
1404 4184 1631 4233 merear,
1659 4169 1873 4237 adjuvet

282 4253 567 4317 Dominus,
597 4266 649 4307 et
671 4255 806 4309 adsit
830 4256 977 4310 cordi
1005 4266 1092 4310 tuo
1128 4266 1179 4309 et
1201 4256 1464 4311 desiderio
1493 4274 1634 4322 meo,
1674 4268 1731 4312 ut
1760 4259 1871 4313 fra-

281 4354 490 4399 ternam
516 4348 838 4401 voluntatem
869 4349 1009 4401 nulla
1040 4349 1207 4417 major
1229 4350 1468 4403 voluntas
1491 4350 1760 4419 impediat.

351 4436 406 4488 2.
454 4438 583 4504 Quia
613 4454 739 4506 ergo
768 4439 899 4491 duas
929 4442 1037 4507 jam
1075 4441 1327 4508 epistolas
1366 4442 1505 4506 misi,
1544 4442 1739 4497 nullam
1771 4459 1867 4497 au-

277 4536 386 4582 tem
418 4539 563 4582 tuam
591 4540 771 4597 postea
802 4531 1000 4598 recepi,
1034 4531 1243 4584 easdem
1277 4532 1419 4601 ipsas
1448 4549 1631 4587 rursus
1658 4534 1868 4591 mittere

279 4621 446 4685 volui,
481 4622 706 4675 credens
737 4637 826 4673 eas
853 4637 956 4675 non
983 4623 1304 4690 pervenisse.
1336 4623 1463 4689 Quze
1491 4627 1588 4679 etsi
1614 4643 1869 4696 pervene-

279 4723 424 4775 runt,
459 4728 522 4766 ac
550 4712 776 4768 fortasse
809 4723 909 4767 tua:
941 4715 1114 4782 potius
1143 4715 1209 4768 ad
1240 4731 1324 4769 me
1352 4718 1628 4785 pervenire
1650 4721 1867 4776 minime

279 4814 590 4873 potuerunt,
635 4820 695 4859 ea
742 4807 854 4875 ipsa
898 4808 1095 4875 scripta
1137 4823 1255 4877 quae
1279 4809 1387 4876 jam
1418 4810 1627 4873 misisti,
1673 4811 1865 4866 iterum

277 4896 451 4953 mitte.
482 4896 530 4949 si
557 4896 690 4951 forte
714 4907 980 4952 reservata
1002 4909 1158 4963 sunt;
1190 4899 1270 4953 sin
1299 4901 1492 4968 minus,
1519 4916 1702 4955 rursus
1728 4902 1866 4959 dicta

283 4988 423 5056 quod
455 4988 649 5057 legam.
682 4990 806 5043 dum
840 4998 1018 5045 tamen
1049 4992 1130 5047 his
1161 4993 1480 5061 respondere
1508 5010 1574 5048 ne
1607 4997 1860 5064 graveris,

278 5080 421 5147 quod
447 5080 557 5149 jam
590 5080 679 5134 diu
712 5092 793 5135 est
834 5090 889 5136 ut
915 5093 1185 5151 exspecto.
1218 5084 1422 5139 Primas
1455 5086 1611 5140 etiam
1638 5103 1769 5157 quas
1797 5088 1865 5142 ad

280 5178 332 5223 te
373 5171 549 5225 adhuc
584 5173 860 5243 presbyter
892 5174 1093 5227 litteras
1123 5190 1541 5245 praeparaveram
1583 5180 1864 5235 mittendas

278 5277 373 5333 per
402 5264 687 5333 quemdam
714 5264 930 5320 fratrem
962 5275 1197 5320 nostrum
1222 5267 1580 5335 Profuturum,
1609 5273 1695 5340 qui
1722 5283 1866 5341 post-

283 5372 343 5410 ea
382 5358 585 5428 collega
631 5360 786 5415 nobis
832 5358 1021 5425 factus,
1061 5360 1171 5429 jam
1207 5377 1273 5415 ex
1320 5362 1419 5418 hac
1460 5364 1562 5417 vita
1598 5366 1862 5435 migravit,

281 5465 379 5505 nec
407 5467 499 5507 eas
531 5461 657 5508 tunc
685 5454 800 5525 ipse
822 5453 1058 5524 perferre
1088 5455 1275 5524 potuit,
1305 5456 1424 5525 quia
1459 5459 1711 5515 continuo
1736 5460 1863 5515 dum

345 5613 361 5643 ι
387 5619 519 5671 Lov.,
543 5611 594 5682 in
632 5618 771 5682 parte
815 5617 978 5665 nostra
1012 5610 1337 5678 rebaptizavit.
1368 5619 1425 5665 At
1455 5621 1536 5664 Ms.
1583 5616 1661 5677 cb,
1690 5622 1864 5682 vestra,

281 5686 391 5738 quae
416 5688 536 5724 vera
560 5677 704 5727 lectio
727 5684 820 5728 est.

350 5756 367 5772 '
394 5756 460 5821 ad
484 5770 532 5806 a.
557 5756 625 5805 bl.
650 5759 732 5807 bn.
759 5772 802 5808 c.
848 5771 920 5808 ec.
951 5756 1011 5808 fs.
1036 5771 1119 5821 gg.
1137 5757 1175 5819 j.
1200 5771 1291 5808 mr.
1316 5758 1391 5809 sb.
1416 5764 1455 5811 t.
1488 5771 1564 5809 vc.
1606 5759 1781 5811 decem
1815 5776 1864 5814 ν.

285 5824 338 5871 et
357 5818 420 5867 ad
444 5829 545 5867 Am.
571 5821 661 5868 Bad
703 5827 775 5870 Er.
802 5828 910 5871 ιω.
934 5818 1199 5884 ι’θεοξυίω.

345 5923 426 5987 (α)
448 5922 575 5977 Alia
599 5924 657 5976 to
681 5938 694 5979 :
715 5938 826 5989 quae
840 5933 1005 5982 autem
1020 5928 1079 5980 7t
1108 5933 1233 5994 erat,
1247 5939 1377 5985 nunc
1393 5928 1444 5981 ϐ.
1468 5928 1646 5991 scripta
1659 5940 1738 5985 an.
1756 5931 1864 5987 405.

1526 428 2011 493 EPISTOLARUM
2044 434 2323 495 CLASSIS
2358 437 2425 495 ll.

3490 462 3597 520 242

2016 554 2280 624 proficisci
2319 556 2573 628 disponit,
2625 564 2958 637 episcopatus
2995 570 3202 627 sarcina
3230 572 3493 644 detentus,
3533 593 3597 637 ac

2012 937 2200 981 sensus
2228 930 2466 999 corporis
2497 933 2591 998 tui,
2617 950 2711 1004 per
2732 952 2864 1007 quos
2898 940 3044 996 adire
3071 944 3237 1011 possit
3264 946 3331 1000 ad
3358 948 3592 1006 animum

2009 1022 2156 1071 tuum
2192 1020 2401 1075 animus
2438 1039 2609 1092 meus,
2653 1028 2725 1081 mi
2764 1028 2929 1086 frater
2956 1032 3285 1106 dulcissime,
3314 1044 3369 1093 et
3404 1038 3459 1094 in
3488 1038 3592 1096 Do-

2006 1110 2139 1164 mini
2167 1114 2419 1170 membris
2441 1116 2773 1178 honorande.

2080 1200 2306 1295 CaPUT
2342 1204 2478 1258 ll.—-
2499 1208 2552 1262 ’5.
2594 1209 2652 1264 In
2678 1210 2780 1267 hac
2819 1222 2995 1272 autem
3024 1219 3248 1289 epistola
3296 1222 3399 1279 hoc
3426 1224 3588 1295 addo,

2005 1292 2147 1362 quod
2174 1302 2356 1363 postea
2390 1296 2692 1369 didicimus,
2733 1303 2833 1359 Job
2857 1322 2923 1361 ex
2946 1308 3160 1368 hebraeo
3193 1328 3223 1368 a
3250 1321 3303 1368 te
3324 1292 3589 1387 interpre;

2005 1391 2196 1451 tatum,
2234 1402 2353 1441 cum
2377 1388 2487 1457 jam
2524 1394 2805 1461 quamdam
2850 1397 3167 1459 haberemus
3200 1406 3590 1477 interpretatio-

2002 1491 2149 1542 nem,
2185 1487 2327 1533 tuam
2366 1480 2606 1550 ejusdem
2643 1487 2915 1556 prophetae
2940 1507 3007 1547 ex
3037 1510 3210 1563 graeco
3237 1499 3450 1570 eloquio
3470 1516 3588 1557 ver-

2001 1581 2116 1623 sam
2145 1570 2197 1624 in
2234 1571 2451 1628 latinum
2478 1593 2491 1628 :
2515 1576 2603 1631 ubi
2638 1587 2810 1635 tamen
2852 1586 3120 1643 asteriscis
3159 1594 3352 1647 notasti
3383 1611 3501 1665 quas
3530 1596 3587 1651 in

2001 1659 2217 1716 hebra-o
2262 1674 2402 1731 sunt,
2452 1668 2593 1723 etin
2632 1686 2806 1741 grzeco
2851 1674 3075 1743 desunt;
3121 1681 3368 1737 obeliscis
3399 1659 3584 1743 autem

2000 1769 2119 1824 qua:
2141 1756 2191 1810 in
2214 1773 2386 1835 grzpco
2408 1761 2765 1832 inveniuntur,
2789 1776 2843 1822 et
2866 1769 2917 1822 in
2944 1770 3159 1828 hebrzeo
3179 1790 3286 1830 non
3310 1786 3452 1845 sunt,
3479 1790 3586 1836 tam

1998 1848 2227 1902 mirabili
2266 1851 2556 1923 diligentia,
2601 1866 2657 1911 ut
2701 1859 3011 1927 quibusdam
3052 1865 3103 1917 in
3152 1866 3280 1921 locis
3313 1867 3380 1923 ad
3419 1871 3583 1927 verba

1998 1937 2225 2007 singula,
2247 1942 2479 2012 singulas
2499 1946 2682 2001 stellas
2702 1948 2994 2018 videamus,
3020 1954 3377 2023 significantes
3398 1960 3584 2015 eadem

1996 2031 2159 2085 verba
2182 2047 2298 2087 esse
2323 2035 2373 2087 in
2400 2036 2635 2103 hcbraeo,
2658 2040 2710 2093 in
2731 2056 2903 2110 graeco
2925 2053 3099 2100 autem
3128 2062 3232 2101 non
3255 2064 3394 2104 esse.
3415 2051 3585 2108 Porro

1996 2119 2049 2174 in
2082 2122 2182 2177 hac
2222 2128 2517 2193 posteriore
2553 2130 3015 2202 interpretatione,
3056 2152 3174 2207 quze
3198 2154 3352 2194 versa
3395 2150 3479 2196 est
3516 2157 3585 2198 ex

1995 2212 2229 2280 hebraeo,
2263 2234 2368 2272 non
2398 2219 2583 2274 eadem
2614 2223 3055 2281 verborum-fides
3085 2232 3334 2296 occurrit,
3366 2248 3467 2288 nec
3485 2249 3580 2304 pa-

1993 2320 2112 2359 rum
2137 2309 2310 2363 turbat
2335 2312 2676 2381 cogitantem,
2706 2315 2791 2369 vel
2812 2331 2905 2371 cur
2930 2318 2983 2372 in
3012 2319 3099 2373 illa
3130 2322 3299 2391 prima
3327 2330 3472 2379 tanta
3501 2325 3584 2381 di-

1994 2396 2209 2467 ligentia
2244 2400 2472 2470 figantur
2498 2405 2757 2472 asterisci,
2797 2415 2855 2461 ut
2890 2410 3135 2466 minimas
3162 2413 3319 2469 etiam
3350 2417 3582 2485 particu-

1991 2487 2072 2543 las
2104 2492 2362 2547 orationis
2402 2493 2635 2549 indicent
2675 2496 2862 2553 deesse
2904 2501 3177 2557 codicibus
3210 2505 3416 2574 graecis,
3462 2521 3582 2577 quae

1991 2592 2116 2637 sunt
2160 2584 2211 2637 iu
2246 2585 2507 2654 hebraeis;
2554 2590 2637 2644 vel
2676 2606 2770 2645 cur
2798 2592 2852 2646 in
2898 2594 2997 2649 hac
3038 2597 3201 2652 altera
3231 2615 3349 2669 quae
3388 2615 3453 2655 ex
3482 2601 3580 2657 he-

1990 2671 2153 2728 braeis
2176 2686 2277 2742 est,
2304 2679 2652 2749 negligentius
2675 2683 2775 2738 hoc
2801 2697 3040 2742 curatum
3069 2690 3157 2755 sit,
3188 2699 3245 2745 ut
3266 2692 3348 2746 ha:
3377 2693 3579 2748 easdem

1989 2765 2262 2833 particula:
2293 2769 2421 2824 locis
2442 2772 2552 2827 suis
2579 2774 2962 2833 invenirentur.
2989 2780 3205 2852 Aliquid
3231 2783 3371 2851 inde,
3398 2800 3580 2840 exem-

1988 2856 2061 2925 pli
2097 2860 2287 2927 gratia,
2330 2862 2470 2916 volui
2500 2880 2729 2934 ponere;
2771 2869 2864 2923 sed
2912 2870 3042 2925 mihi
3076 2875 3144 2926 ad
3181 2873 3367 2929 horam
3410 2874 3580 2931 codex

1988 2946 2175 3014 defuit,
2208 2951 2295 3020 qui
2326 2967 2392 3006 ex
2420 2954 2632 3011 hebran
2674 2968 2771 3012 est.
2803 2959 3181 3017 Verumtamen
3210 2965 3329 3033 quia
3368 2980 3577 3033 praevo-

1986 3038 2065 3093 las
2104 3041 2336 3111 ingenio,
2378 3061 2485 3099 non
2529 3048 2698 3101 solum
2739 3051 2897 3118 quid‘
2926 3052 3173 3121 dixerim,
3204 3069 3386 3109 verum
3415 3057 3577 3111 etiam

1985 3131 2111 3200 quid
2137 3132 2316 3189 dicere
2354 3137 2636 3203 voluerim,
2679 3141 2829 3207 satis,
2860 3150 2917 3196 ut
2959 3144 3167 3213 opinor,
3198 3145 3467 3218 intelligis,
3496 3156 3572 3213 ut,

1983 3236 2143 3278 causa
2168 3226 2393 3294 reddita,
2426 3230 2565 3299 quod
2596 3242 2771 3287 movet
2801 3234 3083 3291 edisseras.

1990 3304 2035 3353 τ’
2053 3316 2108 3370 4.
2150 3316 2260 3384 Ego
2286 3333 2414 3373 sane
2436 3328 2485 3373 te
2510 3322 2724 3377 mallem
2747 3339 2947 3393 graecas
2972 3327 3145 3396 potius
3164 3329 3446 3385 canonicas
3472 3346 3576 3386 no-

1982 3403 2066 3460 bis
2113 3405 2449 3477 interpretari
2492 3408 2822 3481 Scripturas,
2854 3431 2972 3485 qua:
3014 3418 3357 3490 Septuaginta
3400 3422 3572 3477 inter-

1982 3506 2192 3565 pretum
2212 3500 2231 3529 ²
2265 3500 2630 3569 perhibentur.
2661 3505 2955 3561 Perdurum
2983 3510 3083 3563 erit
3109 3512 3272 3577 enim,
3301 3512 3347 3566 si
3373 3521 3461 3567 tua
3487 3514 3574 3569 in-

1983 3592 2294 3660 terpretatio
2332 3608 2429 3661 per
2466 3594 2661 3649 multas
2696 3597 2948 3653 ecclesias
2980 3600 3307 3670 frequentius
3350 3606 3572 3674 coeperit

1980 3679 2227 3745 lectitari,
2257 3682 2399 3751 quod
2434 3698 2463 3736 a
2493 3685 2680 3753 graecis
2706 3688 2945 3744 ecclesiis
2983 3690 3161 3746 latinae
3195 3694 3434 3749 ecclesiae
3459 3696 3543 3751 dis
3568 3723 3576 3740 -

1979 3771 2264 3840 sonabunt,
2305 3774 2537 3830 maxime
2563 3778 2683 3846 quia
2716 3777 2868 3834 facile
2907 3784 3265 3839 contradictor
3297 3788 3570 3844 convinci-

1980 3868 2066 3914 tur
2084 3876 2258 3931 graeco
2280 3864 2485 3932 prolato
2507 3866 2659 3932 libro,
2690 3867 2742 3922 id
2758 3878 2842 3923 est
2861 3870 3053 3940 linguae
3079 3875 3386 3931 notissimae.
3410 3878 3570 3944 Quis-

1978 3953 2097 4021 quis
2112 3963 2289 4008 autem
2314 3954 2367 4008 in
2385 3971 2450 4011 eo
2466 3958 2609 4026 quod
2624 3974 2689 4013 ex
2706 3959 2921 4017 hebran
2936 3966 3245 4021 translatum
3272 3977 3375 4033 est,
3395 3971 3571 4041 aliquo

1976 4042 2193 4097 insolito
2238 4055 2512 4113 permotus
2554 4049 2743 4116 fuerit,
2798 4060 2853 4106 et
2898 4052 3016 4107 falsi
3066 4056 3269 4111 crimen
3320 4058 3569 4115 intende-

1977 4135 2066 4197 rit,
2089 4136 2175 4189 vix
2202 4146 2293 4191 aut
2320 4154 2589 4208 nunquam
2620 4142 2686 4195 ad
2709 4143 2919 4198 hebraza
2954 4148 3256 4205 testimonia
3286 4155 3567 4220 pervenie-

1976 4232 2083 4291 tur,
2109 4228 2300 4296 quibus
2330 4230 2647 4286 defendatur
2676 4234 2964 4304 objectum.
2994 4240 3147 4306 Quod
3178 4243 3222 4297 si
3250 4246 3410 4300 etiam
3438 4264 3566 4318 per-

1938 4348 1941 4351 -
1974 4327 2190 4373 ventum
2220 4321 2395 4389 fuerit,
2425 4332 2502 4377 tot
2532 4327 2723 4381 latinas
2753 4337 2808 4383 et
2851 4346 3052 4401 grrecas
3092 4340 3438 4396 auctoritates
3475 4343 3568 4398 da-

1973 4413 2147 4465 mnari
2196 4414 2313 4483 quis
2351 4415 2522 4470 ferat?
2559 4419 2673 4474 Huc
2712 4424 2918 4478 accedit
2957 4427 3079 4495 quia
3123 4432 3286 4485 etiam
3337 4438 3567 4493 consulti

1974 4501 2183 4558 Hebrazi
2215 4516 2436 4574 possunt
2458 4510 2601 4563 aliud
2632 4515 2955 4583 respondere
2988 4536 3001 4573 :
3035 4528 3092 4574 ut
3119 4530 3173 4575 tu
3199 4524 3345 4579 solus
3378 4542 3567 4583 neces-

1972 4593 2147 4649 sarius
2188 4595 2441 4665 videaris,
2476 4602 2566 4670 qui
2606 4604 2765 4658 etiam
2809 4606 2967 4681 ipsos,
2989 4612 3162 4679 possis
3204 4618 3560 4688 convincere;

1971 4684 2064 4739 sed
2097 4695 2272 4742 tamen
2293 4705 2399 4758 quo
2414 4690 2593 4759 judice
2619 4694 2810 4749 mirum
2839 4699 2885 4751 si
2910 4704 3144 4769 potueris
3173 4705 3433 4766 invenire.

2044 4778 2274 4836 CAPUT
2307 4783 2525 4840 [IL—5.
2548 4786 2682 4841 Nam
2711 4791 2924 4858 quidam
2954 4795 3118 4854 frater
3142 4812 3324 4859 noster
3348 4808 3560 4878 episco-

1972 4887 2091 4942 pus,
2118 4889 2242 4928 cum
2278 4876 2502 4931 lectitari
2533 4878 2849 4939 instituisset
2876 4888 2931 4941 in
2960 4892 3187 4949 ecclesia
3224 4898 3308 4952 cui
3338 4876 3555 4972 praeest,

1970 4964 2461 5033 interpretationem
2507 4979 2671 5039 tuam,
2712 4977 2880 5032 movit
2919 4981 3168 5049 quiddam
3211 4964 3367 5060 longe
3406 4964 3560 5049 aliter

1969 5054 2067 5109 abs
2092 5062 2145 5110 te
2176 5057 2403 5126 positum
2443 5061 2581 5129 apud
2613 5062 2803 5120 Jonam
2834 5073 3147 5141 prophetam
3169 5054 3341 5146 (Jonas
3363 5097 3439 5145 ιν,
3474 5084 3554 5154 6),

1969 5160 2126 5215 quam
2166 5155 2280 5202 erat
2320 5152 2554 5207 omnium
2593 5157 2839 5214 sensibus
2879 5167 3255 5238 memorizeque
3293 5152 3557 5228 invetera-

1969 5244 2103 5304 tum,
2127 5245 2182 5293 et
2201 5247 2278 5293 tot
2296 5250 2509 5297 aetatum
2526 5249 2948 5307 suocessionibus
2974 5255 3330 5318 decantatum.
3362 5263 3556 5323 Factus

1970 5341 2051 5386 est
2078 5340 2255 5388 tantus
2282 5338 2539 5394 tumultus
2564 5340 2618 5395 in
2646 5343 2800 5413 plebe
2826 5349 3057 5406 maxime
3078 5355 3266 5422 graecis
3293 5360 3556 5428 arguenti-

1968 5422 2068 5479 bus
2103 5434 2157 5479 et
2181 5427 2621 5487 inclamantibus'
2662 5436 2980 5494 calumniam
3008 5442 3270 5513 falsitatis,
3314 5422 3382 5503 ut
3398 5466 3555 5522 coge-

1970 5524 2117 5573 retur
2160 5520 2439 5592 episcopus
2480 5522 2611 5595 (Oéa
2659 5529 2854 5601 quippe
2898 5533 3083 5591 civitas
3126 5538 3299 5611 erat)‘
3341 5520 3555 5603 Judan-

2035 5628 2055 5704 ξ
2077 5630 2446 5704 §i9_quindecim
2476 5636 2589 5687 Cdd.
2616 5638 2805 5704 [quod]

1972 5689 2211 5803 ﬁt;
2230 5692 2543 5760 interpretum
2890 5709 2949 5755 At
2978 5711 3085 5760 uss.
3124 5723 3222 5763 non
3252 5714 3435 5773 habent
3466 5736 3553 5776 au-

2034 5813 2055 5893 :
2078 5820 2207 5893 liam,
2662 5824 2814 5889 Aliqui
2833 5826 2967 5893 Οὐὰ,
2986 5831 3363 5893 inclamamibus.

1975 5874 2381 5995 macet
2400 5874 2498 5937 duo
2528 5874 2655 5952 Vat",
2673 5874 3431 5971 cogitaretur
3464 5915 3552 5960 Ια-

2204 5974 2220 6005 ,
2325 5978 2338 5993 .
