4032 6334
484 424 594 489 245

490 555 612 601 rum
642 536 1002 609 testimonium
1030 530 1287 605 ﬂagitare.
1318 526 1506 585 Utrum
1540 525 1721 585 autem
1754 515 1835 573 illi
1858 510 2076 583 imperi-

492 634 565 703 tia
592 647 660 691 an
683 628 907 693 malitia,
938 625 1039 681 hoc
1064 639 1181 680 esse
1206 623 1259 681 in
1289 615 1515 675 hebraeis
1544 609 1816 673 codicibus
1847 618 2075 703 respon-

490 698 707 792 derunt,
741 720 882 793 quod
922 728 976 775 et
1003 716 1161 790 δι’ωεί
1196 722 1251 771 et
1276 711 1423 768 latini
1449 706 1716 765 habebam
1739 712 1897 774 atque
1933 698 2077 793 dicef

491 818 640 879 bant.
670 789 804 888 Quid
840 811 1027 887 plura?
1064 808 1292 865 Coactus
1320 813 1401 860 est
1437 802 1599 857 homo
1625 798 1767 853 velut
1804 789 2075 888 mendosi-

494 925 658 972 tatem
696 884 996 981 corrigere,
1046 903 1250 968 volens,
1298 905 1418 969 post
1460 906 1711 963 magnum
1746 884 2073 981 periculum,

492 1024 602 1067 non
642 976 922 1065 remanere
951 999 1066 1057 sine
1095 994 1268 1065 plebe.
1296 988 1449 1046 Unde
1477 986 1635 1043 etiam
1670 981 1825 1037 nobis
1849 976 2073 1067 videtur,

494 1065 789 1169 aliquando
813 1100 865 1147 te
904 1102 1115 1160 quoque
1154 1082 1209 1139 in
1252 1078 1520 1159 nonnullis
1566 1074 1674 1133 falli
1715 1068 1971 1145 potuisse.

493 1166 617 1249 vide
656 1188 759 1243 hoc
781 1183 936 1256 quale
976 1182 1077 1245 sit,
1122 1178 1180 1249 in
1210 1176 1289 1233 eis
1329 1171 1518 1241 litteris
1554 1182 1674 1239 quae
1711 1179 1816 1231 non
1859 1166 2079 1256 possunt

500 1280 710 1337 collatis
745 1251 1060 1333 usitatarum
1097 1270 1391 1338 linguarum
1426 1257 1745 1321 testimoniis
1785 1251 2076 1311 emendari.

569 1368 793 1427 CAPUT
824 1367 990 1423 lV.-—-
1015 1364 1067 1423 6.
1093 1358 1324 1429 Proinde
1368 1371 1475 1412 non
1518 1364 1708 1424 parvas
1745 1349 1856 1407 Deo
1884 1344 2079 1418 gratias

457 1476 461 1481 '
496 1462 702 1534 agimus
737 1459 805 1515 de
845 1471 1007 1528 opere
1037 1464 1146 1520 tuo,
1174 1466 1282 1525 quo
1317 1444 1662 1518 Evangelium
1701 1457 1766 1497 ex
1791 1453 1965 1534 graeco
1996 1439 2081 1534 in-

497 1529 822 1628 terpretatus
852 1566 931 1615 es,
963 1548 1085 1621 quia
1113 1560 1251 1619 pene
1292 1542 1346 1600 in
1389 1538 1640 1597 omnibus
1682 1529 2082 1628 nulla_oﬂ‘ensio

482 1624 602 1713 est,
632 1661 753 1707 cum
791 1642 1117 1714 scripturam
1147 1650 1375 1711 graecam
1401 1629 1799 1691 contulerimus.
1834 1624 2003 1690 Unde,
2036 1624 2083 1680 si

496 1739 780 1811 quisquam
807 1733 973 1791 veteri
1004 1730 1219 1787 falsitati
1243 1725 1610 1797 contentiosus
1628 1719 1835 1787 faverit,
1863 1716 2083 1811 prolatis

497 1806 812 1903 collatisque
835 1824 1125 1891 codicibus,
1162 1820 1247 1876 vel
1267 1819 1489 1879 docetur
1511 1812 1783 1908 facillime,
1809 1809 1896 1866 vel
1924 1806 2083 1908 refel—

498 1921 647 1977 litur.
687 1919 757 1974 Et
797 1919 843 1973 si
880 1913 1120 1987 quaedam
1165 1909 1435 1973 rarissima
1464 1906 1655 1962 merito
1687 1908 1936 1968 movent,
1968 1906 2085 1970 quis

500 2021 609 2069 tam
641 2011 807 2066 durus
848 2016 948 2073 est,
977 2005 1067 2077 qui
1104 2002 1272 2059 labori
1315 2010 1422 2061 tam
1453 1998 1567 2057 utili
1596 2012 1702 2057 non
1750 1994 1907 2050 facile
1933 1992 2085 2064 igno-

499 2112 634 2169 scat,
671 2102 757 2158 cui
787 2101 954 2155 vicem
998 2096 1172 2153 laudis
1199 2092 1399 2151 referre
1429 2107 1535 2147 non
1570 2088 1804 2157 sufﬁcit?
1830 2086 1965 2154 Quid
1994 2084 2086 2141 tibi

501 2203 680 2253 autem
702 2192 962 2257 videatur,
990 2205 1085 2247 cur
1108 2190 1162 2243 in
1188 2184 1367 2243 multis
1388 2183 1542 2245 aliter
1561 2196 1619 2238 se
1639 2180 1831 2237 habeat
1851 2177 2090 2233 hebraea-

495 2297 623 2349 rum
648 2285 887 2341 codicum
920 2282 1227 2343 auctoritas,
1260 2278 1414 2335 aliter
1433 2290 1726 2347 graecorum
1753 2288 1872 2343 qua:
1897 2270 2088 2327 dicitur

502 2377 872 2449 Septuaginta,
904 2374 1095 2430 vellem
1123 2370 1418 2443 dignareris
1457 2367 1681 2439 aperire.
1724 2364 1905 2434 Neque
1946 2362 2089 2419 enim

494 2482 725 2538 parvum
751 2465 958 2537 pondus
982 2463 1145 2519 habet
1163 2462 1252 2516 illa
1274 2475 1395 2533 quae
1422 2458 1500 2513 sic
1520 2456 1715 2512 meruit
1733 2452 2013 2521 dilfamari,
2036 2460 2091 2508 et

504 2572 607 2629 qua
653 2572 778 2613 usos
806 2555 1108 2626 Apostolus,
1142 2567 1251 2611 non
1288 2551 1459 2606 solum
1494 2564 1579 2605 res
1609 2548 1722 2618 ipsa
1752 2545 1967 2613 indicat,
1998 2544 2090 2599 sed

505 2649 667 2703 etiam
693 2656 747 2703 te
783 2654 1090 2703 attestatum
1127 2658 1249 2703 esse
1274 2641 1513 2698 memini.
1543 2640 1619 2696 Ac
1645 2654 1742 2712 per
1786 2638 1886 2693 hoc
1913 2636 2093 2708 pluri-

505 2754 652 2792 mum
694 2737 974 2807 profueris,
1021 2737 1067 2791 si
1110 2751 1229 2809 eam
1270 2747 1496 2806 graecam
1544 2733 1895 2802 Scripturam,
1934 2742 2092 2799 quam

506 2829 849 2900 Septuaginta
888 2827 1089 2899 operati
1127 2834 1269 2894 sunt,
1311 2826 1490 2881 latinae
1515 2823 1723 2879 veritati
1758 2820 2088 2889 reddideris:

507 2936 627 2992 qua:
652 2921 702 2976 in
731 2920 957 2975 diversis
984 2918 1258 2993 codicibus
1285 2918 1357 2973 ita
1376 2916 1523 2971 varia
1547 2924 1651 2982 est,
1685 2922 1742 2970 ut
1768 2914 1980 2997 tolerari
2005 2913 2093 2968 vix

504 3012 707 3086 possit;
740 3021 795 3069 et
828 3011 900 3067 ita
930 3020 1197 3082 suspecta,
1235 3026 1303 3067 ne
1325 3011 1379 3065 in
1406 3023 1579 3081 graeco
1604 3007 1747 3075 aliud
1774 3007 2090 3074 inveniatur,

508 3114 567 3160 ut
606 3104 730 3162 inde
764 3104 962 3177 aliquid
1002 3103 1229 3175 proferri
1266 3111 1358 3157 aut
1400 3100 1611 3171 probari
1642 3098 1931 3169 dubitatur.
1965 3098 2095 3154 Bre-

507 3211 628 3251 vem
668 3198 919 3266 putabam
960 3196 1190 3252 futuram
1240 3195 1379 3253 hanc
1416 3194 1729 3265 epistolam;
1776 3192 1870 3250 sed
1914 3191 2093 3249 nescio

508 3288 775 3361 quomodo
800 3289 871 3349 ita
902 3288 1032 3343 mihi
1060 3287 1215 3343 dulce
1239 3286 1434 3343 factum
1458 3295 1542 3343 est
1560 3287 1613 3341 in
1643 3301 1705 3343 ea
1734 3286 2001 3358 progredi,
2030 3300 2095 3341 ac

511 3379 559 3439 si
587 3390 758 3437 tecum
796 3378 1064 3451 loquerer.
1102 3378 1207 3436 Sed
1232 3379 1455 3435 obsecro
1482 3386 1537 3435 te
1568 3395 1663 3450 per
1695 3379 1995 3443 Dominum,
2028 3390 2095 3437 ne

516 3476 571 3526 te
616 3469 791 3542 pigeat
838 3471 905 3525 ad
951 3471 1131 3527 omnia
1173 3471 1515 3541 respondere,
1561 3480 1617 3528 et
1653 3479 1906 3543 praestare
1940 3470 2091 3541 mihi,

510 3567 765 3631 quantum
791 3561 1045 3639 potueris,
1078 3561 1411 3635 praesentiam
1432 3568 1599 3621 tuam.

935 3672 1264 3730 EPISTOLA
1304 3672 1495 3728 LXXII
1523 3676 1543 3698 “
1570 3672 1671 3747 (a).

515 3763 861 3837 Hieronymus
881 3766 1165 3838 Augustino
1196 3767 1520 3838 expostulem
1538 3768 1602 3821 de
1618 3766 1759 3821 illius
1777 3765 1989 3838 epistola
2009 3783 2098 3837 per

584 3855 795 3915 Italiam
819 3874 1001 3929 sparsa
1017 3897 1035 3926 ,
1065 3875 1167 3928 qua
1191 3860 1459 3915 tamabatur
1483 3860 1620 3914 locus
1642 3876 1744 3914 non
1774 3867 1906 3914 recte
1941 3875 2098 3931 apo-

589 3950 718 4006 situs
741 3950 796 4007 in
815 3948 1049 4020 Epistola
1071 3951 1140 4005 ad
1170 3950 1398 4007 Galatas.

552 4039 780 4099 Domino
807 4055 935 4097 vere
960 4051 1145 4098 sancto
1162 4052 1218 4098 et
1237 4042 1543 4099 beatissimo
1562 4056 1713 4112 papae
1735 4041 2058 4111 Aususrmo,

810 4155 1179 4227 Bienonvuus,
1210 4158 1265 4214 in
1295 4157 1520 4214 Domino
1549 4157 1791 4214 salutem.

593 4269 746 4326 CAP.
775 4271 1061 4361 PRIMUM.
1083 4275 1190 4329 -1
1206 4317 1218 4330 .
1238 4272 1448 4330 Crebras
1467 4273 1535 4326 ad
1555 4290 1633 4328 me
1648 4274 1885 4345 epistolas
1899 4274 2095 4347 dirigis,

517 4372 568 4418 et
588 4379 722 4430 stepe
745 4365 1002 4438 compellis
1030 4367 1048 4398 ³
1077 4377 1133 4419 ut
1157 4366 1487 4437 respondeam
1506 4367 1708 4421 cuidam
1736 4367 1959 4441 epistolae
1978 4378 2092 4439 tute,

517 4455 666 4525 cujus
692 4457 761 4509 ad
782 4473 880 4524 me,
907 4466 960 4509 ut
979 4466 1096 4511 ante
1109 4459 1223 4527 jam
1244 4458 1439 4527 scripsi,
1467 4475 1553 4526 per
1573 4459 1780 4528 fratrem
1803 4459 2098 4530 Sysinnium

522 4546 795 4602 diaconum
819 4549 1127 4620 exemplaria
1154 4558 1498 4621 pervenerant,
1530 4550 1715 4618 absque
1741 4550 2101 4621 subscriptione

519 4639 608 4685 tua
627 4672 642 4695 ,
669 4641 716 4687 et
742 4647 855 4703 quae
878 4633 1097 4704 primum
1122 4648 1211 4703 per
1237 4633 1442 4702 fratrem
1469 4631 1839 4705 Profuturum,
1882 4636 2097 4690 secundo

515 4739 607 4795 per
624 4724 890 4795 quemdam
903 4724 1059 4778 alium
1084 4733 1129 4778 te
1143 4723 1335 4778 misisse
1352 4724 1608 4797 signiﬁcas
1630 4744 1651 4792 ;
1676 4736 1723 4781 et
1747 4716 1944 4782 interim
1967 4727 2101 4783 Pro-

522 4818 755 4885 futurum
777 4823 1044 4869 retractum
1065 4815 1128 4870 de
1150 4814 1344 4881 itinere,
1372 4825 1416 4869 et
1440 4817 1731 4889 episcopum
1753 4822 2096 4889 constitutum,

519 4906 679 4961 veloci
698 4916 856 4962 morte
879 4907 1185 4961 subtractum
1203 4924 1221 4974 ;
1247 4907 1393 4962 illum
1411 4909 1557 4981 cujus
1575 4926 1757 4963 nomen
1777 4913 1970 4979 retices,
1993 4930 2102 4969 ma-

516 4998 591 5052 ris
605 4998 829 5053 timuisse
846 4998 1154 5067 discrimina,
1177 4992 1223 5055 et
1238 5000 1568 5075 navigationis
1584 5011 1800 5077 mutasse
1814 5005 2095 5062 consilium.

524 5086 651 5155 Quae
678 5106 792 5143 cum
820 5090 891 5144 ita
918 5080 1049 5156 sint,
1094 5092 1216 5145 satis
1252 5090 1427 5146 mirari
1464 5109 1650 5165 nequeo
1691 5098 1941 5165 quomodo
1987 5099 2101 5168 ipsa

515 5184 728 5254 epistola
753 5194 801 5239 et
828 5174 1013 5239 Romae
1032 5194 1080 5239 et
1102 5184 1154 5238 in
1182 5182 1336 5238 Italia
1362 5182 1530 5239 haberi
1554 5203 1584 5238 η
1615 5189 1862 5258 plerisque
1881 5172 2098 5256 dicatur,

517 5285 566 5331 et
589 5274 658 5330 ad
681 5290 760 5329 me
785 5276 949 5330 solum
971 5292 1073 5330 non
1100 5262 1392 5347 pervenerit,
1425 5278 1505 5331 cui
1534 5277 1630 5332 soli
1654 5281 1806 5334 missa
1832 5290 1941 5343 est;
1965 5296 2099 5351 prte-

515 5356 691 5422 scrtim
718 5380 832 5422 cum
849 5362 984 5421 idem
1007 5366 1162 5439 frater
1181 5365 1453 5439 Sysinnius
1476 5370 1603 5422 inter
1632 5381 1836 5424 steteras
1861 5379 2102 5427 tractatus

462 5523 473 5539 .
524 5468 634 5513 tuos
660 5460 842 5515 dixerit
867 5477 975 5516 eam
1004 5477 1057 5515 se
1084 5477 1182 5515 non
1212 5462 1263 5515 in
1292 5462 1494 5533 Africa,
1540 5479 1640 5517 non
1677 5462 1815 5531 apud
1842 5471 1904 5528 te,
1935 5462 2023 5516 sed
2050 5445 2104 5543 in

585 5572 603 5601 ¹
629 5571 780 5621 Editto
793 5577 971 5623 Erasm.
1011 5586 1213 5637 operum
1243 5582 1288 5625 s.
1312 5577 1530 5639 Hierom,
1549 5582 1594 5627 et
1615 5588 1743 5639 sirpe
1767 5574 2039 5640 compellas.

582 5654 601 5670 '
628 5653 693 5721 Ad
713 5668 757 5721 a.
783 5654 851 5709 bl.
885 5658 969 5705 bu.
992 5657 1148 5721 ocis.
1186 5659 1225 5721 j.
1250 5672 1343 5709 mr.
1373 5673 1418 5713 r.
1441 5661 1516 5711 sb.
1540 5674 1614 5713 vc.
1640 5661 1865 5712 undecim
1884 5676 1932 5715 v.
1970 5673 2023 5718 et
2042 5667 2104 5718 ad

519 5722 619 5763 Am.
642 5716 751 5764 Bad.
781 5722 857 5767 Er.
883 5725 994 5769 nov.
1018 5716 1203 5772 collata
1223 5730 1316 5773 εει.

474 5808 479 5815 ·
517 5796 804 5917 “gamma
823 5800 914 5853 ll:
937 5811 1229 5869 quassatam
1248 5805 1313 5859 78
1332 5812 1466 5870 erat,
1486 5817 1617 5859 nunc
1633 5807 1686 5861 ’1.
1703 5808 1889 5872 scripta
1908 5824 1988 5866 an.
2011 5814 2106 5869 403

1758 399 1820 458 8.
1863 387 2226 467 Αυαυετιω
2262 388 2561 459 EPISCOPI

3653 393 3760 453 BH

2181 508 2351 581 insula
2373 508 2547 565 Adi-its
2562 549 2580 578 ,
2608 516 2727 565 ante
2773 509 2871 566 hoc
2896 512 3054 582 ferme
3078 509 3469 582 quinquennium
3488 511 3756 581 repetisse.

2202 610 2205 613 '
2250 602 2306 660 2.
2344 601 2423 658 De
2447 602 2669 658 amicitia
2692 602 2852 658 omnis
2877 601 3103 657 tollenda
3121 602 3339 673 suspicio
3360 610 3457 669 est,
3483 611 3528 658 et
3552 602 3628 657 sic
3641 618 3759 657 cum

2179 697 2364 762 amico,
2390 697 2534 767 quasi
2562 711 2676 750 cum
2703 694 2860 751 altera
2894 686 3096 762 se,°est
3138 693 3458 764 loquendum.
3505 693 3761 751 Nonnulli

2183 787 2458 863 familiares
2486 787 2603 855 mei,
2630 795 2677 840 et
2706 801 2827 847 vasa
2854 785 3036 841 Christi
3059 826 3074 852 ,
3102 802 3314 855 quorum
3351 784 3686 857 Jerosolgmis
3712 795 3763 841 et

2182 880 2237 937 in
2277 881 2462 941 sanctis
2505 881 2628 935 locis
2668 895 2943 952 permagna
2986 878 3133 950 copia
3173 886 3274 946 est,
3303 877 3634 949 suggerebant
3659 896 3764 934 non

2182 972 2401 1046 simplici
2425 989 2455 1027 a
2481 980 2527 1027 te
2552 972 2720 1027 animo
2747 976 2952 1045 factum,
2983 970 3073 1027 sed
3094 971 3292 1029 laudem
3317 980 3463 1040 atque
3490 987 3763 1025 rumuscu-

2184 1063 2259 1122 los
2284 1073 2330 1127 et
2354 1065 2618 1134 gloriolam
2642 1065 2815 1136 populi
2840 1065 3137 1135 requirente,
3162 1072 3213 1119 ut
3242 1063 3463 1129 donabis
3490 1077 3764 1128 cresceres;

2183 1164 2238 1213 ut
2264 1156 2408 1213 multi
2431 1166 2779 1228 cognoscerent
2808 1166 2854 1211 te
2887 1171 3154 1227 provocare
3172 1195 3189 1223 ,
3223 1172 3302 1213 me
3325 1156 3530 1221 tiniae;
3556 1164 3605 1209 te
3630 1154 3763 1213 acri-

2185 1246 2297 1319 bere
2321 1258 2373 1307 ut
2399 1248 2598 1305 doctum
2617 1288 2635 1316 ,
2674 1265 2752 1303 me
2782 1256 2942 1303 tacere
2967 1256 3023 1303 ut
3050 1247 3356 1316 imperitum,
3382 1255 3427 1301 et
3452 1244 3657 1299 tandem
3679 1261 3765 1300 re-

2186 1341 2392 1412 perisse,
2419 1340 2503 1413 qui
2528 1341 2812 1413 garrulitati
2837 1356 2961 1394 mete
2984 1338 3189 1395 modum
3212 1339 3504 1409 imponeret.
3528 1335 3642 1408 Ego
3670 1353 3767 1391 au-

2186 1440 2283 1487 tem
2302 1472 2320 1497 ,
2350 1440 2403 1487 ut
2431 1431 2723 1503 simpliciter
2750 1430 2914 1502 fatear
2933 1471 2949 1495 ,
2979 1428 3272 1501 Dignationi
3307 1438 3407 1485 tute
3430 1428 3650 1501 primum
3679 1426 3766 1480 id-

2186 1523 2318 1578 circo
2345 1524 2646 1594 respondere
2675 1524 2833 1588 nolui,
2857 1523 2978 1595 quia
2998 1532 3135 1577 tuam
3156 1521 3347 1595 liquido
3373 1520 3637 1593 epistolam
3663 1535 3768 1574 non

2186 1614 2444 1679 credebam
2463 1658 2477 1682 ,
2518 1632 2607 1671 nec
2633 1618 2718 1685 (ut
2741 1615 2876 1689 vulgi
2905 1615 2967 1675 de
2990 1614 3290 1686 quibusdam
3316 1614 3630 1684 proverbium
3657 1612 3767 1684 est)

2188 1706 2330 1761 litant
2358 1708 2506 1765 melle
2529 1708 2773 1779 gladium.
2795 1707 2991 1762 Deinde
3011 1706 3143 1763 illud
3167 1704 3419 1773 cavebant,
3452 1722 3513 1769 ne
3531 1706 3769 1778 episeopo

2188 1800 2548 1875 communionis
2569 1815 2692 1856 mea:
2720 1801 2909 1865 viderer
2940 1800 3218 1871 procaciter
3240 1798 3558 1870 respondere,
3589 1807 3637 1859 et
3664 1797 3769 1863 uli-

2187 1909 2288 1963 qua
2316 1894 2369 1949 in
2393 1892 2797 1964 repreltende'ntis
2826 1892 3039 1965 epistola
3062 1892 3461 1962 reprehendere;
3488 1891 3773 1963 praesrtim

2189 2002 2306 2041 cum
2332 1986 2562 2057 quwdam
2592 1988 2645 2042 in
2670 1988 2761 2042 illa
2785 1988 3021 2045 hwretica
3033 1986 3341 2058 judicarem.

2262 2072 2488 2137 CAPUT
2519 2077 2711 2132 ll.—5.
2733 2076 2815 2131 Ad
2834 2087 3109 2132 extremum
3132 2087 3267 2133 netu
3282 2077 3407 2151 jure
3427 2076 3773 2149 expostulata

2191 2177 2239 2223 et
2263 2168 2472 2234 diceres,
2504 2167 2638 2234 Quid
2664 2170 2834 2223 enim?
2861 2169 3123 2239 epistolam
3148 2184 3309 2222 meam
3337 2168 3551 2235 videras,
3571 2176 3620 2225 st
3639 2175 3775 2229 notes

2194 2259 2281 2314 tibi
2304 2276 2481 2315 manus
2509 2261 2561 2312 in
2585 2260 2945 2339 subscriptione
2969 2261 3115 2332 signa
3142 2260 3561 2335 deprehenderas,
3592 2268 3649 2311 ut
3666 2267 3776 2312 tam

2194 2358 2346 2428 facile
2369 2358 2587 2410 amicum
2626 2356 2864 2423 hederas,
2909 2365 2955 2411 et
2989 2356 3198 2411 alterius
3240 2354 3486 2409 malitiam
3523 2356 3574 2409 in
3608 2370 3777 2407 meam

2192 2456 2405 2501 verteres
2431 2448 2822 2502 contumeliam?
2845 2445 3011 2519 Igitur
3044 2454 3101 2500 ut
3139 2454 3254 2501 ante
3278 2432 3397 2516 jam.
3430 2446 3610 2515 scripsi
3630 2485 3647 2512 ,
3686 2454 3778 2499 aut

2195 2540 2333 2595 mitte
2359 2540 2585 2594 eamdem
2612 2540 2872 2611 epistolam
2900 2549 2985 2593 tua
3006 2540 3342 2609 subscriptam
3369 2554 3555 2604 ntanu;
3579 2546 3668 2592 aut
3692 2553 3777 2591 se-

2195 2648 2309 2687 nem
2352 2634 2629 2687 latitantem
2670 2634 2723 2687 in
2761 2632 2943 2687 cellula
2987 2632 3227 2686 lacessere
3249 2632 3439 2685 desine.
3471 2629 3568 2686 Sin
3608 2639 3780 2683 autem

2198 2733 2335 2777 tuam
2364 2726 2437 2778 vis
2465 2724 2541 2779 vel
2569 2741 2821 2789 exercere,
2853 2725 2929 2779 vel
2960 2733 3208 2778 ostentare
3253 2722 3562 2787 doctrinam,
3607 2737 3780 2792 quare

2186 2817 2420 2887 juvenes,
2448 2826 2495 2870 et
2524 2816 2755 2884 disertos,
2785 2825 2830 2870 et
2856 2815 3065 2882 nobiles,
3096 2830 3309 2885 quorum
3337 2814 3514 2868 Romae
3540 2813 3781 2867 dicuntur

2196 2922 2303 2962 esse
2335 2923 2487 2978 quam
2524 2906 2763 2977 plurimi,
2805 2906 2891 2973 qui
2929 2906 3119 2977 possint
3142 2913 3187 2959 et
3216 2904 3435 2962 audeant
3460 2913 3621 2961 tecum
3650 2919 3780 2957 con—

2194 2988 2358 3069 gredi,
2391 3006 2437 3051 et
2466 2997 2516 3051 in
2547 2994 2886 3067 disputatione
2909 3006 3199 3067 sanctarum
3230 2994 3643 3066 Scripturarum,
3676 2996 3781 3065 ju-

2198 3105 2318 3161 gum
2347 3106 2461 3142 cum
2489 3072 2724 3161 episcopo
2751 3089 2951 3146 ducere.
2993 3086 3105 3158 Ego
3131 3087 3387 3157 quondam
3424 3086 3565 3140 miles
3587 3128 3603 3151 ,
3641 3102 3783 3140 nunc

2199 3192 2491 3249 veteranus,
2531 3193 2578 3237 et
2618 3193 2730 3239 tuas
2770 3194 2817 3239 et
2855 3184 3072 3238 aliorum
3110 3184 3260 3239 debeo
3290 3185 3498 3239 laudare
3521 3185 3782 3252 victorias,

2198 3262 2299 3326 non
2325 3264 2433 3343 ipse
2456 3289 2629 3329 rursus
2656 3273 2803 3342 e/I‘eto
2829 3291 3037 3344 corpore
3065 3274 3333 3341 dimicare;
3361 3292 3454 3341 ne,
3484 3275 3530 3328 si
3566 3291 3646 3328 me
3675 3277 3785 3346 fre-

2197 3348 2399 3433 quenter
2424 3363 2492 3417 ad
2516 3366 2885 3420 rescribendum
2910 3367 3191 3437 impuleris,
3217 3365 3355 3420 illius
3374 3366 3607 3421 recorder
3626 3367 3788 3422 histo-

2195 3456 2303 3522 τίω,
2332 3456 2467 3527 quod
2492 3456 2788 3512 Annibalem
2800 3459 3093 3531 juvenilitcr
3120 3459 3471 3526 exsultantem,
3506 3459 3570 3526 Q.
3605 3452 3786 3515 Maxi-

2199 3544 2308 3601 mus
2334 3548 2573 3619 patientia
2594 3565 2689 3602 sua
2716 3550 2918 3623 fregerit
2944 3534 3076 3623 '(Tit.
3108 3548 3219 3605 Liv.
3256 3549 3473 3611 Decedis
3498 3551 3552 3619 5,
3580 3551 3668 3606 lib.
3699 3551 3785 3624 2).

2288 3659 2454 3710 omnia
2475 3658 2572 3726 fert
2592 3666 2729 3721 aetas,
2750 3661 3189 3726 animumquoque.
3211 3668 3351 3726 saepe
3375 3674 3470 3726 ego
3491 3660 3663 3726 longos

2289 3722 2529 3771 Cantando
2552 3736 2757 3783 puerum
2778 3723 2977 3773 memini
2994 3721 3316 3774 ine'condere
3338 3721 3501 3773 solbs:

2291 3789 2429 3849 Nune
2441 3783 2593 3849 oblita
2609 3785 2727 3835 mihi
2748 3791 2822 3837 tot
2841 3788 3085 3849 carmina;
3112 3799 3206 3836 vox
3227 3798 3427 3849 quoque
3448 3787 3631 3837 nterim

2286 3851 2391 3913 tam
2407 3845 2531 3911 fugit
2550 3847 2672 3910 ipsa.

3097 3908 3256 3976 (Virg.
3275 3907 3404 3962 Eccl.
3428 3909 3500 3976 9.)

2201 4009 2292 4079 Et,
2319 4020 2376 4065 ut
2398 4012 2558 4083 magis
2582 4013 2645 4069 de
2666 4013 2946 4087 Scripturis
2974 4017 3160 4071 sanctis
3197 4018 3395 4088 loquar,
3420 4015 3671 4073 Bersellai
3696 4016 3792 4072 ills

2203 4101 2516 4183 Galaadites,
2548 4106 2679 4178 regis
2705 4105 2870 4160 David
2896 4108 3135 4178 beneﬁcia
3169 4125 3436 4179 omnesque
3462 4109 3671 4165 delicias
3687 4109 3791 4179 ju-

2199 4197 2310 4251 veni
2333 4196 2568 4269 delegans
2597 4199 2703 4268 ﬁlio
2737 4198 2800 4272 (ll
2832 4200 2955 4272 Reg.
2990 4218 3107 4267 XIX,
3148 4200 3363 4273 52—37),
3398 4200 3609 4258 ostendit
3636 4216 3793 4256 sense

2199 4300 2381 4345 ctutem
2410 4292 2516 4346 haec
2545 4303 2775 4365 appetere
2799 4310 2900 4349 non
2927 4295 3122 4361 debere,
3157 4312 3247 4349 nec
3267 4295 3433 4350 oblata
3451 4295 3726 4364 suscipere.

2272 4376 2325 4438 4.
2371 4382 2517 4450 Quod
2554 4394 2721 4438 autent
2752 4386 2905 4457 juras
2951 4395 2999 4439 te
3044 4385 3309 4443 adversum
3346 4401 3424 4439 me
3464 4384 3649 4439 librum
3685 4402 3794 4439 non

2201 4472 2489 4545 scripsisse,
2512 4470 2678 4543 neque
2713 4476 2927 4530 Romam
2957 4475 3149 4530 misisse
3173 4491 3321 4544 quem
3357 4491 3459 4529 non
3492 4474 3789 4546 scripseris,

2200 4565 2288 4620 sed
2313 4566 2356 4619 si
2381 4570 2511 4638 forte
2532 4567 2706 4637 aliqua
2725 4568 2777 4621 in
2801 4569 2899 4621 tuis
2917 4568 3119 4637 scriptis
3140 4568 3478 4639 reperiantur,
3494 4584 3606 4638 qua:
3624 4585 3657 4622 a
3678 4584 3793 4624 meo

2201 4673 2349 4711 sensu
2378 4658 2678 4730 discrepent,
2707 4676 2805 4713 non
2834 4676 2909 4712 me
2936 4675 2967 4711 a
2994 4669 3038 4714 te
3067 4658 3271 4728 laesum,
3300 4658 3389 4714 sed
3414 4675 3445 4712 a
3471 4667 3517 4713 te
3543 4659 3795 4729 scriptum

2204 4749 2339 4822 quod
2369 4749 2454 4805 tibi
2485 4762 2675 4805 rectum
2706 4752 3006 4821 videbatur:
3033 4769 3201 4824 quaeso
3229 4762 3281 4807 ut
3303 4768 3381 4807 me
3410 4734 3660 4823 patienter
3687 4768 3793 4807 au-

2202 4844 2332 4899 dias.
2366 4843 2487 4898 Non
2514 4845 2759 4916 scripsisti
2785 4845 3001 4910 librum;
3029 4854 3076 4902 et
3099 4843 3344 4915 quomodo
3373 4844 3497 4898 mihi
3518 4845 3796 4915 reprehen-

2204 4938 2359 4992 sionis
2385 4955 2417 4991 a
2446 4947 2493 4991 te
2521 4954 2645 4993 mea:
2672 4955 2760 5010 per
2780 4940 2904 4994 alios
2925 4939 3115 5011 scripta
3139 4940 3306 4994 delata
3331 4940 3487 4997 sunt?
3523 4955 3615 4992 cur
3640 4936 3793 4993 habet

2206 5024 2363 5083 Italia
2391 5029 2525 5100 quod
2551 5038 2604 5082 tu
2633 5045 2733 5083 non
2772 5030 3056 5101 scripsisti?
3092 5048 3191 5101 qua
3209 5032 3405 5086 ratione
3433 5030 3594 5103 poscis
3616 5039 3672 5083 ut
3700 5045 3792 5084 re-

2203 5122 2418 5177 scribam
2441 5123 2511 5177 ad
2532 5140 2594 5177 ea
2613 5138 2725 5193 qua:
2741 5122 3000 5195 scripsisse
3027 5133 3075 5179 te
3100 5124 3351 5199 deneges?
3376 5120 3489 5180 Nec
3508 5132 3611 5177 tam
3640 5120 3794 5178 hebes

2203 5231 2317 5293 sum
2343 5224 2415 5281 ut,
2439 5216 2482 5270 si
2503 5216 2697 5270 diversa
2720 5218 2952 5284 senseris,
2974 5234 3053 5272 me
3074 5234 3106 5271 a
3127 5227 3173 5289 te
3198 5216 3374 5274 laesum
3397 5227 3586 5291 putem.
3617 5215 3727 5272 Sed
3745 5232 3795 5273 ss

2205 5326 2316 5365 mea
2341 5309 2568 5364 cominus
2594 5310 2728 5364 dicta
2756 5311 3110 5383 reprehendas,
3139 5319 3186 5364 et
3213 5311 3459 5387 rationem
3486 5312 3795 5381 scriptorum

2207 5410 2409 5473 expetas
2429 5442 2444 5469 ,
2482 5412 2529 5456 et
2564 5418 2679 5474 qua:
2705 5403 2989 5474 scripserim
3024 5402 3291 5458 emendare
3316 5402 3607 5474 compellas,
3639 5411 3685 5456 et
3719 5400 3796 5457 ad

2207 5480 2492 5566 παᾷινῳδίαν
2522 5514 2785 5567 provoces,
2817 5507 2861 5553 et
2886 5497 3056 5551 oculos
3083 5496 3207 5550 mihi
3234 5496 3458 5562 reddas;
3495 5497 3550 5550 in
3575 5497 3670 5551 hoc
3694 5495 3796 5551 ιω-

2207 5590 2344 5647 ditur
2372 5592 2626 5659 amicitia,
2659 5592 2712 5645 in
2738 5592 2832 5645 hoc
2857 5589 3230 5644 necessitudinis
3257 5590 3385 5661 jura
3406 5588 3676 5643 violantur.
3705 5588 3798 5644 Nc

2206 5683 2465 5739 videamur
2492 5694 2684 5739 certare
2708 5681 2965 5756 pueriliter
2987 5692 3035 5736 et
3065 5682 3342 5752 fautoribus
3372 5680 3581 5736 invicem
3599 5680 3678 5736 vel
3704 5681 3795 5736 de-

2209 5777 2505 5833 tractoribus
2530 5778 2715 5833 nostris
2752 5776 2967 5832 tribuere
2994 5776 3256 5833 materiam
3279 5774 3645 5841 contendendi;
3682 5775 3798 5831 hac

2208 5871 2403 5957 ερτίῡο,
2447 5871 2568 5953 quia
2604 5879 2652 5927 ιε
2689 5886 2814 5951 rure
2845 5878 2893 5955 ςξ
2931 5869 3205 5949 claudiae?
3249 5868 3461 5949 diligere
3483 5865 3668 5947 δβνερ.
3697 5882 3797 5924 κιο
