4090 6356
295 363 423 420 ’.ιε

299 475 590 546 quidquam
612 473 666 527 in
685 487 795 530 mea
815 477 976 528 mente
993 470 1202 526 retinere
1218 468 1352 540 quod
1365 468 1512 523 distet
1530 483 1562 522 a
1578 467 1742 521 labiis.
1768 464 1892 520 Non

301 571 452 622 enim
479 566 703 621 convenit
731 575 782 617 ut
803 563 863 618 ab
884 563 1216 618 adolescentia
1242 577 1393 630 usque
1416 561 1484 615 ad
1507 561 1636 614 hanc
1662 568 1857 614 tetatem
1873 597 1889 623 ,

304 660 369 712 in
401 655 754 716 monasteriolo
782 672 896 710 cum
923 655 1107 709 sanctis
1148 653 1384 726 fratribus
1425 652 1592 707 labore
1620 651 1890 717 desudans,

305 751 514 821 aliquid
537 758 707 804 contra
726 749 1015 820 episcopum
1040 747 1401 802 communionis
1424 761 1547 801 meo:
1568 744 1780 800 scribere
1799 760 1893 797 au-

306 846 467 897 deam
487 882 504 906 ,
544 850 589 893 et
617 855 728 894 eum
755 825 1044 909 episcopum
1081 855 1224 908 quem
1251 847 1366 891 ante
1392 837 1519 904 coepi
1550 851 1720 890 amare
1746 850 1896 904 quam

307 950 490 998 nosse,
518 932 603 1002 qui
628 948 704 986 me
728 932 868 1001 prior
896 929 962 984 ad
980 930 1251 984 amicitiam
1281 928 1582 999 provocavit,
1615 942 1759 996 quem
1784 933 1897 995 post

309 1041 400 1078 me
428 1025 669 1077 orientem
707 1022 760 1074 in
806 1021 1186 1092 Scripturarum
1229 1018 1507 1073 eruditione
1541 1018 1736 1072 ltvtatus
1763 1031 1892 1069 sum.

311 1113 496 1185 Igitur
529 1123 615 1166 aut
642 1123 780 1166 tuum
807 1122 983 1182 negato
1010 1111 1208 1174 librum,
1237 1111 1282 1164 si
1314 1114 1438 1180 forte
1462 1127 1559 1164 non
1581 1118 1693 1164 tuus
1719 1116 1790 1162 est
1807 1149 1822 1172 ,
1853 1115 1898 1162 et

310 1205 497 1258 desine
520 1205 750 1274 ﬂagitare
771 1203 1064 1271 rescriptum
1083 1201 1149 1256 ad
1169 1217 1227 1254 ea
1247 1217 1360 1270 qua:
1378 1216 1476 1254 non
1501 1199 1742 1268 scripsisti
1763 1216 1781 1263 ;
1810 1205 1899 1250 aut

315 1297 365 1358 si
395 1307 519 1352 tuus
547 1308 646 1360 est,
674 1295 888 1366 ingenue
913 1295 1148 1363 conﬁtere
1170 1333 1185 1358 ,
1217 1300 1271 1347 ut
1295 1293 1338 1347 si
1362 1292 1417 1346 in
1443 1290 1779 1362 defensionem
1803 1289 1898 1343 mei

312 1388 499 1444 aliqua
525 1387 799 1455 scripsero,
829 1385 882 1438 in
911 1394 957 1444 te
982 1384 1134 1456 culpa
1171 1384 1235 1439 sit
1277 1383 1361 1454 qui
1393 1382 1690 1452 provocasti,
1719 1397 1820 1436 non
1846 1381 1898 1436 in

313 1494 399 1530 me
422 1478 514 1545 qui
543 1476 845 1546 respondere
866 1476 1152 1548 eontpulsus
1180 1491 1309 1530 sum.

392 1567 624 1622 CAPUT
649 1566 861 1622 IIl.—5.
885 1567 1043 1620 Addis
1065 1575 1303 1635 praeterea
1323 1574 1370 1620 te
1387 1572 1617 1635 paratum
1637 1579 1739 1618 esse
1761 1573 1836 1632 ut,
1857 1565 1901 1620 si

315 1658 444 1724 quid
468 1673 545 1708 me
574 1659 623 1710 in
655 1658 751 1710 tuis
775 1657 972 1727 scriptis
1011 1657 1245 1722 moverit,
1286 1664 1376 1709 aut
1407 1655 1652 1724 corrigere
1675 1655 1896 1721 voluero,

320 1753 550 1817 fraterne
574 1749 798 1817 accipias
816 1790 829 1814 ,
870 1757 915 1801 et
949 1765 1047 1802 non
1091 1747 1255 1802 solum
1280 1763 1389 1800 mea
1416 1748 1469 1800 in
1498 1755 1543 1801 te
1570 1746 1901 1800 benevolentia

315 1840 633 1910 gavisurum,
655 1839 742 1892 sed
759 1847 810 1892 ut
831 1838 923 1892 hoc
943 1838 1110 1908 ipsum
1133 1839 1338 1910 faciam,
1361 1837 1658 1908 depreceris.
1682 1837 1902 1892 Rursum

225 1956 230 1963 -
318 1931 438 1981 dico
471 1929 605 1994 quod
630 1930 787 1984 sentio
812 1945 831 1983 :
857 1946 1093 2000 provocas
1121 1945 1289 1984 senem
1310 1968 1327 1995 ,
1369 1937 1612 1982 tacentem
1651 1928 1898 1995 stimulas,

319 2021 511 2074 videris
544 2022 746 2092 jactare
783 2020 1082 2074 doctrinam.
1130 2019 1250 2073 Non
1276 2029 1348 2076 est
1379 2029 1543 2072 autem
1567 2020 1726 2072 celatis
1756 2035 1897 2083 metu,

321 2113 500 2182 putari
519 2112 819 2170 malevolum
846 2129 962 2182 ergo
990 2128 1103 2165 eum
1122 2111 1202 2164 cui
1221 2112 1380 2182 magis
1403 2115 1622 2183 favorem
1646 2109 1813 2164 debeo.
1838 2109 1905 2164 Et

321 2201 367 2253 si
393 2201 447 2253 in
475 2200 762 2272 Evangeliis
786 2218 844 2254 ac
865 2199 1135 2274 Prop/telis
1160 2202 1373 2272 perversi
1401 2201 1625 2255 homines
1652 2202 1905 2256 inveniunt

322 2291 462 2358 quod
493 2293 716 2344 nitantur
741 2292 1134 2360 reprehendere,
1163 2292 1362 2348 miraris
1384 2291 1426 2346 si
1453 2291 1506 2344 in
1535 2291 1632 2345 tuis
1673 2290 1831 2358 libris,
1860 2301 1906 2347 et

324 2382 550 2434 maxime
579 2383 630 2435 in
657 2382 1035 2456 Scripturarum
1062 2383 1387 2454 expositione,
1416 2399 1529 2454 qua:
1551 2385 1625 2436 vel
1655 2382 1903 2437 obscuris-

323 2473 472 2526 simw
496 2481 612 2527 sunt
637 2515 652 2539 ,
679 2473 910 2543 quaedam
932 2491 963 2527 a
991 2475 1110 2528 recti
1130 2462 1271 2528 linea
1296 2476 1579 2544 discrepare
1600 2474 1862 2528 videantur
1881 2475 1907 2528 ?

327 2563 394 2618 Et
413 2565 509 2618 hoc
529 2565 662 2632 dico,
687 2583 783 2620 non
805 2567 940 2637 quod
962 2567 1014 2620 in
1036 2566 1265 2638 operibus
1285 2568 1380 2620 tuis
1400 2566 1627 2637 qutedam
1647 2567 1905 2638 reprehen-

327 2655 498 2708 denda
507 2657 624 2727 jam
648 2675 892 2711 censeam.
919 2657 1096 2727 Neque
1116 2659 1246 2712 enim
1271 2658 1467 2712 lectioni
1493 2674 1661 2711 eorum
1687 2671 1907 2726 unquam

328 2762 540 2817 Operam
561 2748 677 2801 dedi
700 2765 717 2801 :
743 2766 833 2803 nec
861 2750 1038 2803 Iterum
1057 2749 1475 2820 exemplariorum
1494 2749 1630 2818 apud
1654 2765 1742 2801 nos
1764 2748 1908 2818 copia

331 2847 421 2903 est,
477 2850 662 2907 pra'ter
691 2839 1088 2911 Soliloquiorum
1125 2850 1323 2895 tuorum
1362 2842 1548 2907 libros,
1591 2851 1635 2893 et
1664 2839 1908 2914 quosdam

332 2931 735 2987 Connuentarios
759 2937 809 2987 in
833 2932 1066 2988 Psalmos
1079 2951 1099 3000 ;
1123 2951 1244 3004 quos
1267 2935 1309 2988 si
1329 2932 1501 2987 vellem
1523 2932 1784 2995 discutere,
1809 2947 1908 2985 non

334 3021 503 3074 dicam
527 3040 560 3075 a
589 3040 686 3090 me,
717 3023 803 3095 qui
843 3025 971 3077 nihil
1003 3041 1113 3077 sum
1132 3065 1145 3089 ,
1192 3023 1279 3078 sed
1312 3040 1342 3076 a
1371 3032 1587 3076 veterum
1619 3022 1908 3076 Graecorum

333 3113 568 3166 docerem
595 3115 1080 3185 interpretationibus
1107 3115 1409 3184 discrepare.
1448 3113 1588 3180 Vale,
1619 3115 1686 3167 mi
1715 3114 1904 3180 amice,

333 3202 652 3270 charissime,
680 3215 826 3260 wtate
856 3206 952 3275 ﬁli,
974 3206 1216 3276 dignitate
1239 3221 1418 3274 parens
1443 3219 1461 3258 :
1484 3215 1532 3260 et
1557 3203 1648 3257 hoc
1673 3221 1703 3256 a
1729 3220 1807 3260 me
1826 3219 1909 3257 ro-

331 3304 483 3361 gatus
514 3295 750 3362 observa,
792 3305 845 3349 ut
881 3297 1123 3370 quidquid
1148 3297 1270 3350 mihi
1298 3295 1574 3367 scripseris,
1606 3295 1672 3348 ad
1698 3311 1776 3348 me
1800 3297 1908 3366 pri-

327 3401 471 3439 mum
503 3386 666 3456 facias
695 3389 967 3462 pervenire.

749 3478 1072 3534 EPISTOLA
1101 3477 1310 3534 LXXIII
1338 3481 1356 3501 ί
1391 3477 1487 3550 (a).

333 3564 704 3638 Hieronymum
743 3570 917 3623 litteris
955 3570 1059 3623 suis
1099 3569 1326 3622 nonnihil
1365 3567 1609 3636 o/fensunz
1636 3567 1912 3622 demulcere

399 3659 568 3711 studet
598 3660 927 3732 Augustinus.
960 3660 1258 3732 Apologiam
1285 3661 1420 3714 illius
1449 3671 1621 3713 contra
1650 3659 1910 3730 Ru/ﬁnum

399 3751 655 3819 accepisse
699 3768 752 3804 se
798 3761 1034 3818 testatur,
1081 3751 1351 3822 deplorans
1397 3760 1558 3804 tantos
1607 3750 1734 3804 inter
1779 3752 1910 3804 viros

398 3843 658 3910 quondam
703 3842 1032 3897 amicissimos
1071 3852 1168 3895 tam
1214 3841 1575 3896 amarulentam
1607 3842 1910 3895 discordiam

402 3935 661 3990 incidisse.

327 4026 559 4080 Domino
602 4026 907 4083 venerando
952 4034 1006 4082 et
1043 4023 1489 4080 desideratissimo
1537 4024 1713 4091 fratri,
1760 4039 1908 4079 com-

403 4118 716 4188 presbytero
763 4119 1102 4183 HIERONYIIO,
1152 4119 1514 4181 AUGUSTINUS,
1568 4116 1621 4169 in
1688 4115 1910 4169 Domino

403 4209 648 4264 salutem.

402 4298 557 4355 CAP.
585 4299 995 4356 PRIMUM.—l.
1013 4297 1261 4368 Quamvis
1286 4297 1603 4364 existimem,
1630 4305 1910 4366 antequam

331 4393 465 4447 istas
480 4408 741 4457 sumeres,
754 4395 963 4448 venisse
977 4394 1030 4447 in
1049 4407 1232 4446 manus
1245 4400 1358 4446 tuas
1374 4391 1578 4445 litteras
1598 4404 1762 4454 meas,
1781 4404 1911 4459 quas

333 4501 430 4554 per
454 4486 547 4540 Dei
573 4501 805 4552 servum,
831 4485 990 4539 lilium
1014 4493 1271 4546 nostrum,
1296 4482 1612 4554 Cyprianum
1633 4480 1910 4534 diaconum

332 4575 484 4640 misi;
513 4577 704 4645 quibus
723 4576 1019 4630 certissime
1043 4587 1357 4644 agnosceres
1383 4588 1553 4626 meam
1579 4586 1696 4625 esse
1718 4570 1914 4640 episto-

333 4668 440 4721 lam
461 4710 474 4732 ,
503 4669 656 4738 cujus
682 4667 1001 4738 exemplaria
1033 4666 1156 4721 illuc
1184 4665 1487 4736 pervenisse
1524 4678 1911 4719 commemora-

335 4759 440 4821 sti;
470 4761 611 4813 unde
632 4759 740 4829 jam
769 4775 852 4814 me
878 4759 1106 4813 arbitror
1123 4757 1394 4827 rescriptis
1419 4760 1540 4819 tuis,
1567 4755 1710 4809 velut
1734 4753 1912 4808 Entelv

336 4850 461 4906 linis
497 4843 792 4921 'glandibus
849 4845 1004 4921 atque
1059 4851 1266 4906 acribus
1331 4846 1611 4912 caestibus,
1667 4855 1908 4914 tanquam

335 4943 592 4998 audacem
617 4945 857 5000 Daretem
873 4945 1098 5011 ccepisse
1117 4939 1316 5012 pulsari
1340 4948 1497 5008 atque
1517 4937 1716 4991 versari
1736 4954 1747 4989 :
1774 4950 1914 4991 nunc

339 5041 518 5088 tamen
546 5034 624 5088 eis
651 5035 779 5104 ipsis
807 5033 1101 5102 respondeo
1141 5031 1329 5085 litteris
1357 5030 1478 5095 tuis,
1505 5043 1635 5098 quas
1661 5027 1788 5080 mihi
1820 5041 1914 5094 per

335 5133 583 5178 sanctum
613 5125 774 5178 lilium
798 5133 1033 5178 nostrum
1057 5122 1321 5177 Asterium
1342 5121 1551 5174 mittere
1572 5119 1812 5188 dignatus
1832 5132 1909 5182 es;

338 5218 391 5271 in
419 5219 612 5286 quibus
643 5219 807 5274 multa
829 5219 880 5272 in
900 5234 987 5273 me
1010 5215 1245 5285 comperi
1273 5223 1377 5269 tute
1403 5211 1912 5268 benevolentissimas

339 5310 650 5376 ebaritatis,
681 5319 731 5365 et
773 5327 958 5365 rursus
985 5309 1224 5380 quaedam
1252 5307 1555 5362 nonnullius
1579 5322 1608 5360 a
1647 5321 1732 5360 me
1763 5306 1780 5337 ¹
1811 5315 1912 5360 tuae

335 5444 433 5554 tu;
445 5444 519 5493 sic
540 5444 648 5494 Bad.
685 5451 760 5493 Er.
786 5451 839 5496 et
869 5444 1119 5495 sexdecim
1154 5448 1263 5492 Mss.
1309 5445 1364 5491 At
1389 5446 1501 5491 ιον.
1544 5439 1709 5499 habet,
1739 5437 1914 5510 animae

397 5586 418 5604 ⁹
441 5592 492 5635 ιιι
522 5585 614 5636 hac
635 5587 936 5637 emendanda
954 5587 1033 5636 usi
1055 5596 1221 5637 sumus
1241 5596 1285 5633 a.
1314 5582 1383 5633 bl.
1420 5583 1505 5632 bn.
1525 5582 1564 5645 j.
1588 5595 1680 5632 mr.
1701 5596 1743 5632 r.
1767 5595 1810 5633 s.
1834 5583 1911 5632 sb.

333 5654 372 5696 t.
398 5661 472 5697 vc.
499 5649 692 5698 duobus
711 5663 782 5699 ec.
807 5650 1032 5698 undecim
1053 5663 1098 5698 v.
1121 5657 1218 5696 Am.
1246 5645 1354 5695 Bad.
1380 5651 1453 5693 Er.
1474 5651 1584 5693 Lov.

331 5730 470 5843 wl’a)
494 5733 619 5784 Alias
657 5735 714 5791 13
737 5747 750 5783 :
775 5747 883 5795 qua:
907 5740 1071 5784 autem
1097 5733 1159 5782 75
1183 5738 1313 5791 erat,
1349 5742 1476 5780 nunc
1498 5727 1607 5780 245.
1630 5728 1810 5790 Scripta
1832 5739 1910 5777 an.

1486 346 1968 412 EPISTOLARUM
2005 341 2274 400 CLASSIS
2306 344 2372 400 ll.

1997 461 2305 518 otl'ensioms
2330 461 2539 518 indicia.
2575 462 2751 534 Itaque
2769 506 2783 530 ,
2807 465 2898 520 ubi
2924 465 3196 522 muleebar
3228 465 3444 537 legens,
3481 468 3562 526 ibi

1997 557 2252 614 continuo
2276 555 2538 622 feriebar;
2582 558 2683 611 hoc
2723 572 2850 614 sane
2886 559 2970 614 vel
3014 560 3243 614 maxime
3267 558 3560 628 admirans,

1998 647 2142 718 quod
2167 661 2289 706 cum
2317 647 2462 702 dicas
2486 655 2539 703 te
2567 649 2954 719 exemplaribus
2985 651 3278 706 litterarum
3323 665 3561 706 olearum

1999 738 2120 794 ideo
2149 747 2349 795 temere
2377 753 2481 794 non
2517 747 2726 808 putasse
2751 740 3072 798 credendum
3091 782 3108 808 ,
3135 756 3202 796 ne
3225 740 3364 796 forte
3394 751 3445 796 te
3469 756 3562 797 re-

1999 828 2292 898 spondente
2332 830 2491 885 laesus
2525 830 2666 900 iuste
2701 831 3090 901 expostularem
3109 871 3126 900 ,
3169 831 3312 902 quod
3339 831 3566 902 probare

1999 928 2122 976 ante
2138 920 2408 977 debuisses
2429 938 2602 977 meum
2624 938 2740 978 esse
2759 938 3057 979 sermonem
3075 931 3129 978 et
3150 923 3227 979 sic
3247 923 3562 990 rescribere,

2001 1013 2183 1081 pbstea
2201 1011 2411 1081 jubeas,
2433 1014 2476 1068 si
2498 1029 2611 1071 mea
2637 1022 2719 1070 est
2733 1016 2979 1084 epistola,
3001 1026 3181 1085 aperte
3199 1031 3286 1071 me
3305 1015 3564 1084 scribere,

2002 1113 2093 1160 aut
2119 1105 2328 1161 mittere
2361 1107 2679 1176 exemplaria
2718 1110 2922 1166 veriora
2943 1150 2959 1175 ,
2993 1117 3052 1164 ut
3077 1110 3278 1180 absque
3299 1111 3408 1166 ullo
3435 1126 3563 1166 ran-

2003 1213 2127 1254 core
2149 1197 2408 1254 stomachi
2423 1200 2475 1254 in
2497 1199 2884 1268 Scripturarum
2903 1200 3254 1270 disputatione
3271 1217 3565 1257 versemur.

2001 1290 2118 1358 Quo
2158 1299 2312 1361 pacto
2353 1292 2494 1348 enim
2537 1308 2816 1362 possumus
2843 1295 2896 1348 in
2932 1293 3030 1348 hac
3068 1294 3416 1365 disputatione
3453 1296 3569 1350 sine

2002 1397 2226 1440 rancore
2249 1384 2466 1451 versari,
2487 1383 2533 1438 si
2557 1398 2643 1439 me
2665 1384 2858 1440 laedere
2875 1383 3067 1454 paras?
3092 1393 3182 1439 aut
3197 1385 3242 1441 si
3263 1400 3366 1440 non
3385 1399 3564 1454 paras,

2002 1477 2269 1547 quomodo
2307 1492 2438 1548 ego,
2484 1486 2537 1533 te
2579 1494 2685 1533 non
2716 1477 2968 1542 laedente,
3013 1477 3108 1532 abs
3152 1487 3201 1533 te
3243 1479 3401 1534 laesus
3427 1478 3570 1548 justo

2003 1569 2422 1640 expostularem,
2460 1570 2601 1641 quod
2640 1573 2864 1640 probare
2901 1579 3022 1626 ante
3061 1569 3362 1636 debuisses,
3391 1584 3567 1625 meum

2005 1673 2122 1714 esse
2150 1675 2450 1716 sermonem
2467 1702 2483 1726 ,
2517 1669 2574 1717 et
2610 1662 2687 1717 sic
2712 1661 3004 1716 rescribere
3021 1701 3037 1726 ,
3068 1660 3170 1716 hoc
3191 1671 3273 1716 est
3296 1670 3350 1715 et
3373 1661 3449 1715 sic
3474 1661 3570 1716 la:-

2005 1755 2166 1814 dere?
2193 1755 2301 1810 Nisi
2325 1755 2467 1812 enim
2490 1753 2832 1810 rescribendo
2853 1752 3100 1815 laesisses,
3128 1766 3227 1821 ego
3250 1752 3388 1822 iuste
3413 1767 3574 1822 expo-

2005 1849 2202 1903 stulare
2242 1862 2345 1902 non
2381 1861 2610 1915 possem.
2653 1845 2882 1899 Proinde
2921 1860 3039 1898 cum
3077 1844 3148 1898 ita
3186 1843 3472 1909 rescribis,
3517 1851 3576 1896 ut

2006 1940 2201 2006 laedas,
2245 1939 2362 2008 quis
2400 1938 2548 1994 locus
2590 1937 2740 1992 nobis
2778 1937 3091 2006 relinquitur
3127 1937 3179 1989 in
3220 1935 3576 2005 disputatione

2006 2031 2397 2101 Scripturarum
2420 2031 2533 2084 sine
2559 2029 2665 2082 ullo
2685 2043 2905 2084 rancore
2928 2026 3206 2082 versandi?
3230 2027 3342 2096 Ego
3360 2026 3574 2096 quidem
3593 2065 3600 2072 .

2009 2126 2146 2179 absit
2183 2134 2240 2178 ut
2277 2123 2469 2188 lmdar,
2514 2121 2711 2176 si'mihi
2740 2128 2882 2174 certa
2911 2120 3115 2175 ratione
3140 2118 3366 2172 volueris
3394 2126 3450 2172 et
3478 2132 3576 2186 po-

2008 2218 2174 2273 tueris
2193 2217 2558 2272 demonstrare
2577 2215 2703 2269 illud
2723 2229 2788 2269 ex
2811 2212 3042 2282 Epistola
3062 2211 3320 2281 Apostoli,
3349 2211 3434 2265 vel
3451 2209 3579 2280 quid

2009 2311 2149 2364 aliud
2187 2308 2575 2378 Scripturarum
2616 2314 2916 2360 sanctarum
2945 2312 2996 2359 te
3023 2303 3198 2358 verius
3235 2301 3577 2368 intellexisse,

2009 2416 2169 2471 quam
2199 2415 2284 2455 me
2317 2417 2328 2452 ε
2361 2399 2468 2453 imo
2504 2412 2631 2454 vero
2672 2395 2846 2463 absit,
2887 2402 2945 2448 ut
2985 2409 3091 2448 non
3134 2408 3254 2450 cum
3295 2392 3581 2462 gratiarqu

2010 2494 2217 2548 actione
2245 2492 2405 2546 lucris
2431 2489 2566 2546 meis
2591 2488 2836 2559 deputem
2856 2527 2871 2553 ,
2901 2485 2946 2540 si
2980 2486 3130 2542 fuero
3153 2493 3206 2542 te
3227 2484 3452 2540 docente
3494 2483 3581 2539 in-

2011 2593 2263 2650 structus,
2289 2591 2379 2638 aut
2404 2580 2716 2637 emendante
2741 2586 3032 2634 correctus.

2082 2673 2136 2728 2.
2175 2672 2548 2730 Verumtamen
2567 2711 2582 2736 ,
2613 2678 2670 2724 tu
2696 2669 2825 2724 mihi
2852 2669 3013 2728 frater
3040 2667 3371 2734 charissime,
3398 2666 3498 2723 nisi
3524 2672 3582 2722 te

2009 2776 2227 2838 putares
2270 2767 2453 2820 Iazsum
2500 2762 2710 2832 scriptis
2751 2760 2918 2828 meis,
2950 2774 3054 2820 non
3083 2774 3172 2815 me
3207 2767 3421 2828 putares
3463 2757 3584 2816 ιδεᾱί

2011 2875 2172 2932 posse
2211 2857 2481 2928 rescriptis
2523 2855 2645 2911 tuis.
2677 2853 2830 2908 Nullo
2857 2852 2997 2908 enim
3027 2851 3186 2907 modo
3215 2850 3268 2906 id
3293 2851 3361 2906 de
3387 2859 3437 2905 te
3463 2849 3582 2918 opi—

2013 2960 2169 3008 natus
2191 2950 2340 3006 fuero
2360 2992 2372 3011 ,
2397 2947 2536 3018 quod
2566 2963 2669 3002 non
2700 2954 2752 3000 te
2775 2944 3046 3000 arbitraris
3083 2943 3296 3009 laesum,
3329 2941 3372 2994 si
3401 2939 3479 2994 sic
3505 2947 3583 2993 ta-

2014 3059 2137 3098 men
2165 3040 2410 3096 rescribis
2435 3047 2493 3094 ut
2521 3037 2701 3091 laedas.
2733 3037 2838 3089 Aut
2861 3035 2906 3088 si
2935 3042 3114 3106 te.non
3137 3033 3213 3086 sic
3240 3031 3583 3096 rescribente,

2013 3153 2112 3207 ego
2141 3142 2356 3204 propter
2378 3131 2593 3186 nimiam
2609 3128 2884 3184 stultitiam
2903 3141 3074 3181 meam
3103 3125 3222 3180 laedi
3247 3137 3400 3193 posse
3425 3132 3581 3193 puta-

2015 3236 2098 3284 tus
2124 3240 2272 3288 sum,
2300 3223 2399 3277 hoc
2432 3223 2546 3290 ipso
2572 3219 2753 3274 ltesisti
2782 3219 2955 3288 plane,
2983 3214 3125 3286 quod
3150 3215 3217 3270 de
3242 3230 3326 3270 me
3363 3215 3432 3268 ita
3463 3228 3583 3269 sen-

2013 3319 2147 3375 sisti.
2177 3315 2281 3372 Sed
2312 3314 2454 3371 nuIlo
2478 3312 2635 3367 modo
2664 3319 2722 3366 tu
2750 3325 2868 3376 me,
2919 3324 3073 3378 quem
3115 3322 3382 3378 nunquam
3426 3305 3585 3360 talem

2014 3417 2263 3482 expertus
2289 3421 2378 3471 es,
2410 3413 2609 3459 temere
2652 3403 2808 3457 talem
2849 3400 3123 3464 crederes,
3164 3399 3253 3468 qui
3292 3399 3585 3453 litterarum

2015 3517 2252 3557 mearum
2282 3495 2699 3566 exemplaribus,
2730 3492 2888 3547 etiam
2914 3506 3033 3546 cum
3063 3489 3241 3544 stilum
3263 3503 3440 3544 meum
3465 3502 3586 3542 nos-

2014 3608 2122 3656 ses,
2155 3600 2354 3645 temere
2380 3586 2596 3641 credere
2619 3581 2849 3640 noluisti.
2891 3580 2946 3636 Si
2986 3581 3129 3636 enim
3173 3595 3280 3647 non
3322 3577 3587 3634 immerito

2014 3684 2194 3740 vidisti
2222 3695 2308 3736 me
2335 3681 2477 3750 juste
2501 3675 2952 3746 expostulaturum
2978 3671 3159 3736 fuisse,
3183 3671 3227 3725 si
3250 3679 3450 3726 temere
3471 3684 3586 3725 cre-

2016 3777 2171 3832 deres
2191 3789 2308 3829 esse
2329 3772 2529 3826 litteras
2551 3781 2715 3834 meas,
2739 3780 2854 3834 qua:
2875 3779 2980 3818 non
3003 3769 3181 3818 essent
3204 3776 3366 3824 meae;
3387 3768 3605 3831 quanto

2010 3851 2207 3940 iustius
2231 3861 2652 3933 expostularem,
2684 3856 2942 3925 meipsum
2985 3861 3182 3908 temere
3229 3859 3465 3921 putatum
3511 3859 3590 3903 ta-

2015 3959 2118 4014 lem
2143 3999 2158 4024 ,
2186 3955 2393 4026 qualem
2426 3967 2510 4005 me
2546 3956 2794 4018 expertus
2837 3961 2938 4000 non
2983 3952 3124 3998 esset
3145 3942 3232 4013 qui
3261 3941 3587 4012 putavisset?

2012 4049 2358 4119 Nequaquam
2391 4057 2517 4113 ergo
2560 4042 2628 4095 ita
2670 4037 3054 4110 prolabereris,
3082 4043 3140 4089 ut
3177 4043 3227 4089 te
3255 4050 3362 4089 non
3391 4032 3585 4088 rescri-

2015 4140 2177 4196 bente
2205 4152 2310 4208 quo
2338 4136 2581 4197 ltederer,
2609 4147 2694 4184 me
2740 4138 2915 4185 tamen
2940 4126 3276 4181 existimares
3304 4123 3459 4179 nimis
3500 4122 3586 4178 in-

2016 4230 2318 4300 sipientem,
2342 4225 2500 4282 etiam
2526 4221 2614 4276 tali
2647 4230 2735 4274 tuo
2759 4217 3013 4288 rescripto
3044 4215 3161 4270 laedi
3189 4214 3442 4286 potuisse.

2089 4318 2312 4376 CAPUT
2343 4315 2533 4370 II.—5.
2566 4313 2749 4366 Restat
2774 4310 2930 4379 igitur
2969 4315 3025 4362 ut
3062 4306 3255 4360 laedere
3291 4320 3377 4360 me
3396 4303 3590 4362 rescri«

2016 4412 2191 4469 bendo
2219 4409 2550 4479 disponeres,
2581 4404 2624 4458 si
2650 4411 2795 4458 certo
2823 4400 3138 4454 documento
3166 4411 3312 4451 meas
3331 4410 3450 4451 esse
3471 4394 3590 4450 illas

2018 4506 2223 4560 litteras
2249 4511 2515 4556 nosceres.
2548 4496 2720 4564 Atque
2749 4493 2838 4557 ita,
2871 4491 2991 4560 quia
3017 4504 3120 4542 non
3147 4487 3307 4543 credo
3335 4485 3477 4557 quod
3503 4485 3587 4540 in-

2013 4595 2155 4670 juste
2200 4609 2283 4648 me
2321 4588 2616 4648 lzedendum
2652 4593 2889 4657 putares,
2920 4588 3161 4651 superest
3206 4586 3265 4634 ut
3305 4591 3588 4652 agnoscam

2016 4667 2289 4766 peccatum
2318 4695 2516 4744 meum,
2545 4676 2684 4748 quod
2713 4674 2854 4745 prior
2879 4679 2931 4727 te
2955 4671 3058 4725 illis
3095 4667 3282 4766 litteris
3318 4667 3544 4732 lmserim
3570 4707 3586 4751 ,

2018 4758 2146 4852 quas
2167 4789 2311 4830 meas
2339 4785 2456 4826 esse
2481 4782 2672 4838 negare
2701 4779 2805 4820 non
2837 4763 3069 4832 possum.
3098 4758 3202 4814 Cur
3227 4758 3403 4827 itaque
3423 4771 3589 4813 conor

2018 4846 2199 4924 contra
2226 4861 2456 4918 ﬂuminis
2488 4866 2710 4912 tractum
2731 4895 2745 4918 ,
2777 4868 2838 4918 ac
2864 4867 2968 4906 non
2998 4849 3173 4920 potius
3192 4848 3400 4903 veniam
3430 4846 3588 4918 peto!

2017 4957 2250 5013 Obsecro
2291 4961 2341 5006 te
2378 4964 2504 5020 ergo
2546 4961 2641 5016 per
2684 4939 3142 4998 mansuetudinem
3168 4937 3395 5002 Christi,
3425 4945 3515 5003 ut,
3543 4931 3588 4991 si

2018 5048 2129 5104 tesi
2162 5057 2232 5112 te,
2256 5042 2490 5098 dimittas
2520 5036 2678 5100 mihi,
2706 5049 2805 5090 nec
2828 5049 2913 5088 me
2942 5031 3174 5086 vicissim
3202 5027 3444 5084 lmdendo
3467 5041 3585 5081 ma-

2016 5140 2126 5194 lum
2167 5151 2262 5206 pro
2295 5133 2436 5188 malo
2464 5129 2674 5185 reddas.
2702 5126 2888 5183 Laedes
2927 5134 3102 5178 autem
3138 5137 3250 5186 me,
3276 5121 3320 5176 si
3353 5118 3482 5173 mibi
3508 5127 3588 5173 ta-

2017 5229 2189 5285 cueris
2209 5239 2448 5281 errorem
2474 5235 2648 5276 meum
2668 5261 2681 5286 ,
2707 5232 2862 5288 quem
2887 5214 3023 5270 l'orte
3045 5213 3310 5268 inveneris
3344 5211 3397 5265 in
3436 5207 3587 5265 factis

2016 5321 2099 5375 vel
2129 5318 2282 5372 dictis
2314 5315 2465 5370 meis.
2496 5312 2626 5366 Nam
2654 5310 2699 5364 si
2734 5324 2795 5364 ea
2830 5308 2884 5362 in
2923 5321 3008 5360 me
3044 5301 3445 5374 reprehenderis
3468 5316 3589 5370 quae

2017 5406 2451 5484 reprehendenda
2495 5418 2601 5458 non
2643 5410 2791 5466 sunt,
2820 5408 2872 5453 te
2898 5397 3045 5452 laedis
3083 5395 3249 5464 magis
3285 5407 3440 5464 quam
3467 5406 3584 5458 me;

2017 5483 2157 5576 quod
2182 5501 2318 5555 absit
2347 5515 2375 5552 a
2408 5495 2641 5551 moribus
2665 5500 2718 5547 et
2749 5499 2931 5546 sancto
2970 5487 3237 5558 proposito
3265 5494 3370 5549 tuo,
3404 5492 3461 5539 ut
3487 5483 3589 5540 hoc

2017 5597 2177 5650 facias
2207 5592 2476 5647 voluntate
2504 5584 2749 5650 laedendi,
2770 5584 2987 5652 culpans
3014 5579 3065 5634 in
3092 5595 3176 5634 tne
3203 5577 3398 5648 aliquid
3430 5577 3589 5632 dente

2018 5684 2298 5747 maledico,
2326 5679 2466 5750 quod
2497 5686 2676 5732 mente
2700 5672 2932 5729 veridica
2958 5687 3076 5750 esse
3100 5670 3204 5726 scis
3229 5687 3334 5727 non
3364 5669 3586 5743 culpan-

2021 5777 2168 5834 dum.
2197 5775 2273 5831 Ac
2301 5787 2398 5844 per
2424 5770 2525 5826 hoc
2552 5775 2643 5823 aut
2668 5763 2926 5821 benevolo
2953 5761 3114 5818 corde
3139 5777 3351 5836 arguas,
3376 5760 3585 5817 etiamsi
