4032 6334
492 383 601 443 847

494 504 642 555 caret
685 492 900 562 delicto,
945 500 1106 565 quem
1130 482 1502 563 'arguendum'f
1520 490 1714 556 putas;
1737 491 1830 538 aut
1860 491 2084 555 paterno

494 589 690 646 affectu
719 588 956 643 mulccas
984 600 1142 656 quem
1169 583 1401 654 adjicere
1422 581 1440 612 ¹
1462 593 1714 650 nequeas.
1737 576 1921 634 Potest
1938 576 2082 631 enim

494 682 611 738 fieri
643 691 700 737 ut
727 681 819 736 tibi
845 679 988 735 aliud
1025 678 1264 735 videatur
1299 689 1458 746 quam
1500 672 1697 728 veritas
1737 669 1925 735 habet,
1955 668 2081 723 dum

495 783 673 830 tamen
705 773 803 828 abs
833 781 886 827 te
915 771 1056 826 aliud
1095 784 1202 825 non
1247 766 1340 821 fiat
1379 779 1537 836 quam
1586 762 1816 818 charitas
1862 759 2023 814 habet
2059 775 2072 813 :

494 883 619 922 nam
657 875 712 922 et
741 881 840 937 ego
877 862 1252 918 amicissimam
1277 855 1750 927 reprehensionem
1781 851 2082 923 gratissime

495 956 778 1028 accipiam,
812 955 970 1011 etiam
992 954 1036 1008 si
1067 948 1384 1021 reprehendi
1411 962 1516 1002 non
1549 944 1745 1001 meruit
1769 941 1912 1014 quod
1937 948 2084 1035 recte

496 1050 707 1106 defendi
741 1057 945 1120 potest;
977 1055 1067 1100 aut
1093 1058 1376 1116 agnoscam
1407 1041 1563 1096 simul
1585 1050 1638 1096 et
1658 1035 2082 1096 benevolentiam

494 1151 665 1209 tuam,
689 1150 744 1197 et
772 1143 980 1212 culpam
1009 1153 1205 1202 meam,
1236 1144 1311 1203 et,
1331 1145 1584 1206 quantum
1611 1131 1865 1188 Dominus
1888 1129 2078 1198 donat,

495 1233 550 1289 in
575 1235 680 1290 alio
705 1242 915 1304 gratus,
946 1232 1001 1284 in
1028 1230 1134 1285 alio
1160 1227 1474 1285 emendatus
1500 1225 1758 1282 inveniar.

563 1326 618 1380 4.
661 1323 795 1393 Quid
842 1338 1002 1392 ergo,
1052 1320 1277 1376 fortasse
1323 1320 1486 1383 dura,
1529 1318 1623 1373 sed
1663 1324 1810 1373 certe
1851 1314 2083 1371 salubria

459 1472 467 1488 ,
493 1420 654 1476 verba
679 1427 787 1485 tua,
812 1427 1059 1488 tanquam
1085 1425 1276 1470 caestus
1301 1413 1514 1477 Entelli,
1539 1410 1949 1481 pertimescam?
1977 1410 2085 1464 Cte-

461 1503 720 1568 'dcbatur
745 1511 860 1573 ille,
901 1525 1006 1564 non
1037 1509 1346 1574 curabatur;
1385 1516 1438 1561 et
1466 1506 1584 1560 ideo
1609 1504 1940 1570 vincebatur,
1975 1519 2084 1559 non

464 1646 466 1648 τ
495 1605 800 1661 sanabatur.
832 1603 943 1674 Ego
969 1613 1147 1656 autem
1169 1642 1183 1665 ,
1215 1601 1258 1655 si
1285 1598 1655 1654 medicinalem
1683 1598 2084 1668 correptionem

465 1725 473 1765 ;
498 1706 640 1750 tuam
667 1695 980 1765 tranquillus
1006 1709 1287 1763 accepero,
1320 1708 1425 1759 non
1455 1691 1684 1746 dolebo:
1713 1691 1758 1746 si
1787 1706 1915 1746 vero
1941 1689 2086 1745 infir-

460 1761 672 1854 imitus,
702 1789 787 1843 vel
812 1789 833 1820 ³
865 1787 1125 1852 lmmana,
1159 1787 1242 1840 vel
1271 1800 1386 1840 mea
1408 1826 1422 1852 ,
1452 1785 1613 1840 etiam
1661 1799 1780 1840 eum
1825 1785 2086 1840 veraciter

464 1859 472 1946 ξ
496 1895 709 1951 arguor,
738 1895 844 1934 non
875 1887 1049 1949 potest
1076 1879 1173 1932 nisi
1203 1878 1584 1948 aliquantulum
1616 1875 1949 1941 contristari,
1975 1891 2088 1929 me-

494 1972 599 2026 lius
629 1979 805 2025 tumor
824 1970 1010 2040 capitis
1040 1969 1216 2036 dolet,
1251 1970 1375 2024 dum
1403 1978 1636 2034 curatur,
1665 1984 1821 2040 quam
1868 1968 1992 2022 dum
2035 1967 2086 2023 ei

494 2065 752 2134 parcitur,
786 2079 890 2117 non
917 2071 1155 2116 sanatur.
1183 2062 1296 2116 Hoc
1325 2069 1408 2116 est
1437 2062 1578 2116 enim
1606 2061 1745 2130 quod
1774 2069 1928 2115 acute
1956 2059 2088 2114 vidit

494 2157 586 2227 qui
615 2156 765 2220 dixit,
787 2155 1037 2212 Utiliores
1053 2170 1172 2211 esse
1195 2156 1508 2226 plerumque
1532 2155 1773 2209 inimicos
1791 2154 2082 2224 jurgantes,

497 2265 657 2321 quam
705 2249 906 2305 amicos
949 2249 1235 2320 objurgare
1281 2256 1598 2303 metuentes.
1644 2246 1722 2302 Illi
1768 2247 1910 2301 enim
1960 2245 2086 2300 dum

495 2342 760 2405 rixantur,
789 2341 975 2396 dicunt
1002 2339 1286 2410 aliquando
1309 2354 1434 2394 vera
1461 2354 1580 2409 quae
1617 2338 1972 2408 corrigamus;
2001 2335 2089 2391 isti

496 2442 675 2488 autem
719 2433 980 2488 minorem
1009 2448 1165 2503 quam
1209 2439 1448 2502 oportet,
1480 2429 1733 2486 exhibent
1767 2429 1987 2499 justitiae
2027 2427 2092 2482 li-

497 2525 793 2592 bertatem,
825 2525 952 2579 dum
994 2525 1240 2579 amicitiae
1277 2524 1468 2579 timent
1493 2537 1811 2593 exasperare
1851 2520 2091 2576 dulcedi-

496 2631 642 2672 nem.
676 2617 1011 2687 Quapropter
1037 2616 1137 2671 etsi
1172 2616 1297 2681 bos,
1326 2623 1387 2670 ut
1414 2615 1512 2670 tibi
1542 2615 1767 2682 videris,
1795 2615 1969 2670 lassus
2000 2630 2087 2670 se-

499 2719 714 2766 nectute
760 2710 897 2766 forte
935 2710 1204 2779 corporis,
1236 2725 1344 2764 non
1373 2709 1557 2780 vigore
1599 2708 1764 2763 animi
1799 2717 2004 2774 tamen,
2037 2709 2091 2764 in

499 2815 626 2856 area
650 2800 912 2856 dominica
941 2801 1208 2857 fructuoso
1234 2801 1416 2856 labore
1445 2799 1743 2864 desudans;
1777 2815 1903 2855 ecce
1929 2815 2047 2854 sum
2068 2841 2085 2867 ,

498 2891 548 2946 si
577 2891 701 2961 quid
737 2906 1019 2962 perperam
1048 2891 1189 2958 dixi,
1215 2890 1404 2947 fortius
1436 2891 1537 2961 fige
1562 2890 1774 2961 pedem.
1802 2890 1918 2945 Non
1960 2889 2092 2946 mihi

501 2997 622 3038 esse
651 2982 811 3038 debet
840 2984 1122 3039 molestum
1171 2982 1380 3054 pondus
1423 2983 1594 3038 aetatis
1635 2991 1770 3051 tuae,
1801 2981 2091 3037 dummodo

500 3083 808 3130 conteratur
831 3075 982 3145 palea
1009 3076 1177 3146 culpze
1209 3091 1360 3132 mete.

572 3169 626 3224 5.
669 3169 898 3225 Proinde
923 3170 1047 3224 illud
1079 3171 1218 3241 quod
1247 3171 1302 3224 in
1332 3178 1571 3225 extremo
1590 3169 1830 3240 epistolae
1858 3178 1961 3224 ture
1990 3184 2092 3242 po-

502 3262 675 3329 suisti,
705 3278 827 3318 cum
857 3264 1031 3333 magni
1063 3262 1315 3318 desiderii
1342 3263 1570 3332 suspirio
1598 3263 1681 3318 vel
1710 3265 1859 3334 lego,
1891 3265 1976 3320 vel
2003 3282 2092 3323 re-

501 3353 640 3407 colo.
680 3351 918 3419 Utinam,
967 3353 1164 3423 inquis.
1204 3369 1508 3408 mererentur
1544 3353 1833 3425 complexus
1875 3363 2017 3422 tuos,
2046 3364 2095 3412 et

502 3446 770 3500 collatione
798 3457 974 3500 mutua
999 3447 1075 3501 vel
1103 3446 1393 3501 duceremus
1417 3446 1587 3518 aliqua
1605 3489 1619 3512 ,
1653 3447 1729 3501 vel
1758 3447 2095 3503 disceremus!

501 3537 617 3608 Ego
645 3547 819 3592 autem
851 3539 969 3593 dico
999 3557 1010 3593 :
1035 3538 1248 3594 Utinam
1278 3538 1465 3593 saltem
1493 3540 1804 3610 propinquis
1833 3550 2093 3596 terrarum

503 3629 637 3683 locis
663 3628 1049 3696 habitaremus;
1081 3637 1166 3692 ut,
1195 3629 1240 3683 si
1270 3645 1375 3684 non
1410 3640 1630 3699 possent
1659 3632 1873 3686 misceri
1913 3640 2094 3687 nostra

508 3719 787 3789 colloquia,
811 3722 1002 3776 litterae
1031 3730 1249 3791 possent
1281 3736 1400 3777 esse
1425 3722 1724 3777 crebriores
1749 3724 1761 3776 !
1790 3724 1939 3779 Nunc
1966 3741 2094 3781 vero

505 3820 654 3867 tanto
681 3812 921 3868 locorum
951 3813 1229 3868 intervallo
1253 3813 1504 3869 absumus
1533 3830 1563 3869 a
1590 3815 1834 3871 sensibus
1864 3818 2090 3885 nostris,

503 3913 562 3957 ut
587 3902 656 3958 de
683 3903 786 3959 illis
818 3903 996 3959 verbis
1021 3904 1261 3975 Apostoli
1285 3904 1352 3960 ad
1383 3905 1614 3974 Galatas,
1639 3906 1892 3976 juvenem
1917 3924 2002 3963 me
2026 3907 2094 3964 ad

506 4003 651 4049 tuam
678 3995 1022 4052 Sanctitatem
1051 3998 1328 4066 scripsisse
1358 4000 1691 4053 meminerim
1709 4042 1724 4064 ,
1755 4009 1808 4054 et
1836 4017 1959 4055 ecce
1982 4003 2092 4071 jam

505 4101 691 4156 senex,
723 4089 950 4145 necdum
980 4089 1236 4159 rescripta
1267 4089 1579 4157 meruerim,
1611 4089 1922 4164 faciliusque
1949 4094 2015 4149 ad
2042 4104 2094 4152 te

503 4181 828 4251 exemplaria
852 4181 1088 4251 epistolae
1118 4197 1250 4237 meae
1273 4183 1629 4252 pervenerint,
1659 4186 1843 4239 nescio
1869 4201 1968 4256 qua
1997 4202 2094 4242 oc-

503 4273 716 4328 casione
745 4272 1131 4343 praeveniente,
1162 4288 1320 4344 quam
1346 4274 1459 4344 ipsa
1487 4274 1710 4344 epistola
1737 4292 1823 4331 me
1852 4286 2092 4334 curante.

501 4362 676 4418 Homo
705 4364 846 4417 enim
874 4363 963 4432 qui
995 4379 1111 4419 eam
1138 4373 1262 4419 tunc
1288 4373 1588 4435 acceperat,
1616 4381 1715 4422 nec
1741 4367 1807 4422 ad
1839 4377 1890 4422 te
1917 4377 2097 4437 pertu-

501 4453 658 4518 lerit,
690 4469 793 4510 nec
827 4453 894 4508 ad
937 4471 1025 4511 me
1070 4455 1377 4510 rctulerit’.
1411 4455 1595 4511 Tanta:
1638 4467 1815 4514 autem
1865 4461 1993 4515 mihi
2041 4463 2096 4518 in

503 4544 697 4600 litteris
727 4547 853 4613 tuis,
879 4563 999 4617 qua:
1024 4548 1074 4601 in
1106 4562 1296 4602 manus
1321 4557 1533 4603 nostras
1558 4551 1742 4605 venire
1770 4561 2094 4623 potuerunt,

503 4648 764 4709 apparent
791 4654 912 4703 res,
940 4647 999 4694 ut
1024 4641 1156 4696 nihil
1185 4641 1480 4697 studiorum
1507 4658 1746 4698 meorum
1773 4646 2018 4715 mallem,
2049 4647 2097 4704 si

500 4743 748 4803 possem,
793 4745 950 4802 quam
994 4731 1267 4795 inhaerere,
1305 4734 1454 4788 lateri
1498 4743 1606 4789 tuo.
1641 4735 1792 4802 Quod
1829 4753 1928 4808 ego
1971 4741 2096 4809 quia

500 4835 610 4875 non
640 4835 856 4890 possum
876 4862 892 4888 ,
923 4821 1151 4892 aliquem
1183 4832 1485 4878 nostrorum
1517 4825 1568 4880 in
1598 4826 1825 4884 Domino
1865 4829 2093 4887 filiorum

502 4911 854 4968 erudiendum
901 4913 1051 4968 nobis
1092 4913 1160 4968 ad
1206 4921 1258 4968 te
1299 4915 1512 4970 mittere
1538 4918 1734 4989 cogito,
1766 4919 1811 4974 si
1841 4922 1999 4976 etiam
2027 4922 2095 4979 de

503 5004 608 5058 hac
635 5019 695 5059 re
726 5013 811 5058 tua
835 5006 1091 5075 rescfipta
1119 5021 1386 5062 meruero.
1419 5007 1552 5062 Nam
1583 5025 1757 5078 neque
1783 5012 1834 5065 iu
1861 5028 1946 5067 me
1973 5022 2094 5078 tan-

501 5103 614 5150 tum
663 5097 900 5151 scientia:
928 5094 1320 5166 Scripturarum
1355 5099 1653 5156 divinarum
1699 5109 1815 5168 est,
1845 5112 1934 5157 aut
1976 5077 2095 5161 esse

501 5187 609 5258 jam
641 5189 854 5258 poterit,
883 5197 1138 5258 quantum
1168 5189 1344 5246 inesse
1373 5193 1467 5247 tibi
1491 5195 1666 5250 video.
1708 5196 1774 5250 Et
1812 5196 1857 5250 si
1893 5199 2015 5266 quid
2041 5199 2095 5255 in

504 5278 607 5333 hac
632 5295 691 5334 re
718 5279 907 5335 habeo
932 5279 1196 5335 facultatis
1221 5322 1235 5346 ,
1275 5292 1562 5355 utcumque
1603 5287 1853 5357 impendo
1901 5292 2096 5361 populo

502 5369 620 5425 Dei.
664 5370 862 5426 Vacare
889 5379 1064 5426 autem
1107 5372 1297 5428 studiis
1338 5374 1642 5446 diligentius
1671 5393 1827 5448 quam
1854 5396 1969 5450 qum
1997 5397 2100 5452 po-

506 5460 616 5531 puli
643 5462 866 5516 audiunt
891 5461 1236 5530 instruendis,
1263 5474 1482 5537 propter
1518 5469 1905 5528 ecclesiasticas
1931 5488 2093 5531 occu-

508 5552 752 5623 pationes
773 5555 990 5611 omnino
1016 5571 1119 5612 non
1147 5571 1384 5628 possum.

573 5728 593 5794 ξ
619 5726 730 5776 Bad.
765 5736 877 5794 Am._
896 5736 948 5779 et
967 5735 1041 5780 Er.
1057 5765 1073 5792 ,
1097 5731 1322 5794 abjicere.

573 5789 597 5859 ξ
618 5795 686 5859 Ita
697 5795 805 5859 ltss.
833 5789 1075 5859 plerique.
1103 5789 1161 5844 Αἱ
1179 5803 1308 5859 ιρι,
1332 5795 1459 5846 velut
1481 5797 1690 5852 humana
1710 5811 1834 5856 mea.

573 5850 598 5884 ³
619 5851 694 5902 sic
712 5850 1018 5906 “.mvem
1040 5850 1311 5920 [pertulit..'.
1337 5859 1538 5926 retulit].

1657 313 1668 319 ﬁ
1733 365 1797 424 s.
1835 360 2207 423 AUGUSTINI
2244 361 2550 422 EPISCOPI

3681 375 3787 435 N8

2263 479 2492 538 CAPUT
2517 479 2744 538 IIl.—6.
2769 480 2960 540 Nescio
2975 497 3092 554 quae
3117 485 3310 557 scripta
3333 486 3595 545 maledica
3621 503 3785 562 super

2194 579 2285 627 tuo
2313 574 2526 628 nomine
2552 573 2619 628 ad
2651 574 2882 631 Africam
2910 589 3258 646 pervenerunt
3284 579 3324 632 ⁸.
3354 580 3676 651 Accepimus
3702 593 3790 638 ta-

2194 679 2317 720 men
2346 667 2487 736 quod
2514 667 2760 738 dignatus
2786 684 2844 723 es
2873 670 3100 733 mittere,
3132 671 3234 724 illis
3259 673 3588 741 respondens
3617 676 3786 731 male-

2193 755 2367 812 dictis.
2415 759 2530 826 Quo
2558 761 2819 829 perlecto,
2854 761 3043 829 fateor,
3073 763 3293 816 multum
3320 763 3462 818 dolui
3496 765 3637 820 inter
3675 775 3786 822 tam

2193 848 2384 905 charas
2412 850 2806 922 familiaresque
2833 868 3105 923 personas,
3134 856 3337 910 cunctis
3367 873 3501 926 pene
3523 857 3787 916 Ecclesiis

2192 941 2470 996 notissimo
2496 943 2741 997 amicitiae
2768 945 2977 1000 vinculo
3015 946 3316 1016 copulatas,
3343 957 3549 1003 tantum
3581 951 3784 1008 malum

2191 1037 2429 1093 extitisse
2456 1037 2755 1093 discordize.
2784 1039 2854 1094 Et
2878 1049 2930 1094 tu
2957 1042 3169 1110 quidem
3199 1051 3449 1112 quantum
3479 1045 3570 1098 tibi
3598 1045 3785 1101 mode.

2189 1130 2347 1196 reris,
2382 1140 2745 1203 quantumque
2773 1142 2954 1189 teneas
2981 1135 3193 1190 aculeos
3222 1136 3601 1208 indignationis
3640 1149 3780 1207 tuae,

2192 1237 2260 1278 ne
2283 1222 2474 1278 reddas
2504 1226 2840 1281 maledictum
2872 1243 2966 1296 pro
2994 1227 3296 1293 maledicto,
3329 1230 3459 1282 satis
3483 1230 3536 1283 in
3561 1231 3667 1284 tuis
3696 1230 3786 1284 lit-

2192 1316 2321 1370 teris
2347 1317 2563 1372 eminet.
2597 1317 2972 1372 Verumtamen
3002 1318 3046 1371 si
3073 1333 3164 1372 eas
3190 1319 3329 1388 ipsas
3356 1335 3476 1375 cum
3504 1321 3781 1391 legissem,

2191 1409 2438 1463 contabui
2468 1410 2671 1475 dolore,
2703 1419 2754 1464 et
2776 1409 2980 1479 obrigui
3012 1410 3234 1476 timore;
3277 1404 3403 1481 quid
3447 1412 3515 1467 de
3554 1429 3641 1468 me
3689 1415 3783 1471 illa

2192 1500 2427 1558 facerent
2467 1519 2583 1573 quae
2628 1503 2679 1556 in
2729 1511 2780 1557 te
2825 1503 2912 1557 ille
2957 1503 3197 1572 scripsit,
3233 1504 3279 1560 si
3322 1504 3376 1558 in
3419 1521 3608 1560 manus
3635 1523 3783 1563 meas

2191 1591 2328 1648 forte
2358 1592 2659 1647 venissent?
2699 1591 2783 1646 γω
2803 1593 2990 1646 mundo
3019 1593 3080 1646 ab
3107 1594 3360 1648 scandatis
3393 1594 3604 1667 (Matth.
3627 1613 3780 1664 xvnu,

2193 1683 2269 1754 7).
2302 1684 2438 1738 Ecce
2455 1668 2536 1747 fit,
2570 1699 2693 1738 ecce
2721 1700 2939 1753 prorsus
2969 1685 3222 1754 impletur
3250 1687 3390 1756 quod
3426 1687 3630 1754 veritas
3656 1689 3735 1742 ait
3763 1706 3777 1742 :

2197 1776 2448 1840 Quoniam
2517 1775 2788 1829 abundabit
2856 1777 3090 1845 iniquitas
3123 1818 3138 1842 ,
3203 1779 3494 1850 refrigescet
3559 1779 3787 1834 charitas

2193 1869 2466 1922 multorum
2512 1867 2621 1940 (Id.
2666 1883 2815 1933 xxw,
2861 1868 2973 1940 1‘2).
3007 1868 3136 1935 Qure
3187 1871 3287 1924 sibi
3331 1871 3475 1925 enim
3520 1871 3631 1940 jam
3679 1871 3790 1927 fida

2195 1968 2410 2031 pectora
2453 1969 2566 2015 tuto
2607 1959 2994 2013 refundantur?
3025 1960 3077 2014 in
3121 1961 3274 2030 cujus
3322 1962 3544 2016 sinum’
3574 1970 3682 2015 tota
3728 1977 3791 2019 se

2194 2052 2438 2123 projiciat
2481 2066 2668 2107 secura
2717 2051 2962 2106 dilectio?
3009 2051 3128 2120 quis
3174 2052 3404 2121 denique
3443 2053 3648 2107 amicus
3678 2070 3790 2110 non

2197 2143 2510 2198 formidetur
2534 2143 2682 2215 quasi
2709 2131 2916 2197 futurus
2944 2142 3208 2211 inimicus,
3239 2145 3283 2199 si
3307 2146 3477 2214 potuit
3505 2145 3642 2199 inter
3666 2146 3793 2200 llie-

2195 2249 2478 2307 ronymum
2499 2245 2552 2290 et
2576 2235 2845 2290 Ruflinum
2875 2234 2976 2289 hoc
2997 2235 3138 2306 quod
3167 2237 3465 2307 plangimus
3485 2237 3722 2292 exoriri?
3746 2237 3792 2294 Ο

2195 2329 2392 2383 misera
2436 2338 2490 2384 et
2528 2328 2828 2384 miseranda
2875 2329 3138 2383 conditio!
3167 2329 3211 2384 Ο
3236 2331 3394 2384 infida
3423 2331 3474 2384 in
3504 2331 3794 2386 voluntati-

2196 2419 2297 2475 bus
2317 2419 2610 2475 amicorum
2633 2421 2856 2476 scientia
2884 2421 3248 2490 praisentium,
3273 2422 3360 2476 ubi
3384 2422 3526 2476 nulla
3551 2431 3634 2478 est
3655 2440 3795 2494 pra:-

2197 2513 2418 2568 scientia
2449 2513 2780 2570 futurorum!
2814 2513 2918 2569 Sed
2949 2515 3074 2585 quid
3100 2515 3203 2571 hoc
3226 2516 3380 2571 alteri
3410 2517 3476 2571 de
3498 2518 3666 2572 altero
3694 2533 3794 2588 ge-

2198 2605 2451 2660 mendum
2501 2616 2714 2675 putem,
2747 2607 2961 2676 quando
2990 2623 3088 2662 nec
3115 2608 3227 2678 ipse
3253 2608 3466 2679 quidem
3497 2610 3597 2664 sibi
3628 2610 3795 2666 homo

2198 2708 2280 2754 est
2325 2707 2482 2755 notus
2523 2700 2577 2754 in
2619 2701 2932 2770 posterum?
2977 2701 3132 2756 Novit
3174 2703 3314 2756 enim
3361 2711 3675 2775 utcumque,
3703 2705 3796 2761 vix

2197 2790 2356 2859 forte,
2388 2807 2528 2846 nunc
2571 2791 2742 2863 qualis
2783 2792 2886 2859 sit;
2915 2793 3087 2864 qualis
3129 2801 3308 2850 autem
3350 2803 3531 2866 postea
3579 2795 3796 2853 futurus

2198 2885 2266 2940 sit
2281 2927 2295 2949 ,
2324 2885 2549 2955 ignorat.

2269 2978 2321 3031 7.
2363 2976 2488 3031 Haec
2518 2991 2680 3046 porro
2706 2991 2811 3031 non
2837 2985 3044 3032 tantum
3078 2977 3298 3034 scientia
3317 3021 3334 3047 ,
3365 2979 3536 3050 qualis
3563 2981 3797 3052 quisque

2197 3069 2287 3137 sit,
2316 3083 2499 3123 verum
2529 3068 2687 3123 etiam
2720 3070 3070 3139 praescieutia,
3096 3069 3265 3141 qualis
3295 3069 3504 3126 futurus
3523 3073 3610 3136 sit,
3638 3072 3682 3126 si
3710 3081 3796 3129 est

2197 3162 2251 3217 in
2278 3160 2476 3216 sanctis
2497 3168 2550 3215 et
2569 3159 2740 3216 beatis
2769 3161 3018 3231 Angelis;
3047 3168 3102 3215 et
3129 3162 3396 3230 quomodo
3427 3161 3584 3218 fuerit
3607 3163 3797 3221 diabo-

2198 3252 2282 3308 lus
2311 3253 2501 3307 beatus
2528 3251 2827 3322 aliquando,
2850 3267 2970 3306 cum
2989 3253 3164 3308 adhuc
3187 3254 3408 3325 angelus
3431 3254 3604 3311 bonus
3623 3267 3791 3328 esset,

2199 3344 2377 3399 sciens
2399 3342 2628 3398 futuram
2651 3343 2979 3412 iniquitatem
3001 3359 3172 3412 suam,
3189 3354 3243 3401 et
3263 3347 3644 3417 sempiternum
3660 3364 3794 3421 sup-

2200 3437 2443 3507 plicium,
2463 3436 2683 3492 omnino
2713 3452 2816 3492 non
2847 3436 3022 3491 video.
3053 3437 3130 3492 De
3149 3453 3252 3508 qua
3285 3455 3365 3507 re,
3391 3440 3436 3494 si
3464 3449 3646 3498 tamen
3673 3458 3796 3499 eam

2199 3545 2359 3585 nosse
2382 3544 2517 3600 upus
2532 3538 2635 3595 est,
2655 3530 2845 3584 vellem
2872 3529 2968 3583 abs
2994 3538 3047 3585 te
3071 3530 3255 3586 audire
3269 3532 3396 3602 quid
3423 3533 3640 3590 sentias.
3660 3535 3796 3593 Vide

2198 3621 2325 3692 quid
2352 3619 2548 3676 faciant
2569 3630 2724 3675 terra:
2741 3636 2805 3675 ac
2825 3623 2988 3675 maria
3011 3638 3128 3692 quae
3167 3638 3262 3678 nos
3291 3626 3640 3695 corporaliter
3664 3628 3798 3683 diri-

2198 3720 2370 3767 munt.
2395 3712 2453 3767 Si
2474 3711 2590 3766 ha:c
2606 3713 2826 3782 epistola
2854 3729 2972 3768 mea
2992 3729 3148 3784 quam
3177 3715 3328 3786 legis,
3346 3732 3445 3788 ego
3471 3733 3666 3787 essem,
3679 3721 3795 3791 jam

2199 3805 2327 3861 mihi
2343 3804 2549 3860 diceres
2560 3805 2701 3876 quod
2723 3807 2941 3876 quaesivi
2961 3824 2973 3860 :
2990 3823 3131 3862 nunc
3144 3823 3272 3865 vero
3285 3813 3494 3880 quando
3504 3813 3796 3870 rescribes?

2198 3900 2410 3972 quando
2431 3901 2642 3956 mittes?
2671 3901 2881 3972 quando
2917 3903 3224 3972 perveniet?
3258 3905 3468 3973 quando
3499 3907 3796 3978 accipiam?

2202 3994 2268 4049 Et
2280 4002 2457 4049 tamen
2475 3994 2673 4048 utinam
2688 3994 3002 4066 quandoque
3015 3995 3126 4062 fiat,
3142 3997 3282 4067 quod
3304 4006 3408 4052 tam
3428 3999 3534 4054 cito
3550 3999 3664 4055 fieri
3685 4017 3796 4059 non

2198 4103 2388 4162 posse,
2423 4105 2579 4159 quam
2623 4090 2903 4156 volumus,
2949 4101 3145 4161 quanta
3190 4107 3470 4169 possumus
3513 4095 3797 4152 tolerantia

2199 4182 2554 4236 sustinemus!
2585 4180 2738 4237 Unde
2775 4196 2994 4238 recurro
3022 4182 3088 4236 ad
3120 4182 3206 4237 illa
3235 4185 3395 4239 verba
3420 4185 3660 4256 epistola:
3690 4199 3796 4243 tua:

2199 4273 2523 4350 dulcissima,
2543 4274 2816 4344 sanctique
2826 4273 3073 4329 desiderii
3091 4275 3164 4330 tui
3181 4276 3567 4346 plenissima,et
3580 4293 3642 4333 ea
3657 4278 3797 4334 facio

2200 4367 2434 4423 vicissim
2492 4382 2607 4422 mea
2633 4383 2646 4420 :
2677 4366 2882 4422 Utinam
2919 4384 3221 4424 mereremur
3247 4371 3538 4441 complexus
3569 4381 3717 4436 tuos;
3748 4384 3796 4428 et

2200 4460 2471 4514 collatione
2500 4469 2674 4512 mutua
2699 4459 2777 4512 vel
2806 4459 3095 4515 duceremus
3125 4463 3324 4532 aliqua,
3353 4463 3432 4516 vel
3454 4463 3798 4520 disceremus!

2200 4550 2245 4604 si
2271 4557 2449 4604 tamen
2479 4563 2598 4603 esse
2627 4549 2734 4604 ullo
2755 4549 2916 4604 modo
2940 4559 3119 4620 posset
3139 4553 3278 4622 quod
3316 4569 3415 4624 ego
3447 4564 3498 4610 te
3519 4554 3792 4610 docerem.

2271 4639 2324 4694 8.
2366 4637 2424 4693 ln
2449 4637 2530 4694 his
2553 4648 2732 4694 autem
2768 4641 2950 4695 verbis
2987 4656 3093 4695 non
3136 4643 3245 4712 jam
3293 4644 3393 4699 luis
3435 4654 3670 4711 tantum,
3696 4647 3796 4703 sed

2201 4741 2358 4786 etiam
2394 4734 2557 4797 meis,
2588 4732 2680 4786 ubi
2709 4731 2946 4788 delector
2979 4741 3032 4787 et
3069 4735 3297 4801 relicior,
3330 4746 3383 4790 et
3408 4737 3524 4806 ipso
3551 4739 3796 4807 quamvis

2201 4825 2463 4896 pendente
2484 4835 2537 4880 et
2561 4841 2666 4879 nou
2687 4825 2980 4895 attingente
3010 4826 3282 4896 utriusque
3309 4837 3548 4882 nostrum
3580 4822 3824 4898 deside-f

2199 4917 2300 4982 rio,
2325 4933 2430 4972 non
2459 4932 2619 4986 parva
2643 4931 2706 4970 ex
2737 4926 2884 4986 parte
2906 4918 3154 4973 consolor
3178 4935 3190 4971 :
3219 4918 3290 4974 ibi
3317 4934 3501 4974 rursus
3519 4907 3828 4976 acerrimis2

2200 5008 2444 5063 dolorum
2477 5009 2704 5064 stimulis
2729 5008 2923 5074 fodior,
2951 5011 3076 5065 dum
3099 5015 3277 5082 cogito
3305 5015 3442 5068 inter
3460 5030 3576 5082 vos,
3599 5016 3796 5085 quibus

2200 5101 2340 5156 Deus
2383 5100 2484 5154 huc
2523 5101 2693 5170 ipsum
2726 5103 2865 5171 quod
2906 5113 3127 5174 uterque
3155 5115 3395 5161 nostrum
3421 5110 3652 5176 optavit,
3681 5109 3796 5163 lare

2199 5210 2324 5266 gum
2351 5195 2726 5265 prolixumque
2759 5206 3133 5261 concesserat,
3179 5208 3239 5254 ut
3279 5200 3696 5270 conjunctissimi
3739 5212 3797 5259 et

2201 5287 2595 5342 familiarissimi
2639 5288 2798 5343 mella
2824 5289 3217 5360 Scripturarum
3250 5303 3550 5350 sanctarum
3595 5297 3798 5366 pariter

2201 5378 2529 5446 lamberetis,
2556 5387 2718 5436 tantas
2741 5382 3108 5440 amaritudinis
3147 5386 3424 5458 irrepsisse
3461 5390 3793 5460 perniciem,

2264 5560 2282 5590 ί
2303 5557 2437 5632 Edd.‘,
2451 5557 2717 5632 pervenisse
2735 5559 3023 5632 auditimus.
3041 5564 3315 5632 Sedverius
3336 5575 3439 5620 MSS.
3465 5580 3659 5628 novem,
3682 5582 3799 5632 per-

2198 5625 2641 5693 ueneruntgﬁempe
2665 5623 2977 5693 u-ieronymus
3000 5627 3047 5673 in
3071 5630 3213 5693 epist.
3231 5630 3292 5679 68
3308 5633 3620 5693 conqueritur
3642 5623 3800 5682 male-

2198 5681 2536 5755 dictabuﬂini,
2580 5681 2741 5755 studio
2774 5681 2993 5755 ejusdem
3023 5689 3081 5737 ad
3106 5681 3305 5741 Africam
3347 5681 3636 5755 pervenisse
3669 5708 3692 5755 εγ
3713 5708 3801 5745 re-

2199 5745 2406 5819 spondet
2440 5749 2730 5819 Augustinus
2765 5745 2957 5798 nescire
3006 5763 3063 5801 se
3100 5767 3211 5816 qua:
3250 5757 3302 5806 in
3333 5745 3492 5819 ipsum
3534 5754 3799 5809 maledicta

2199 5807 2360 5858 isthuc
2397 5809 2732 5867 pervenerint.

2238 5906 2243 5909 -
2264 5871 2284 5901 ⁸
2305 5874 2414 5919 Mss.
2433 5868 2712 5931 quindecim
2736 5882 2749 5921 :
2769 5881 2951 5924 sensus
