4090 6356
346 407 463 465 269

346 520 570 594 quando
595 534 697 576 non
714 560 727 584 ,
756 517 844 574 ubi
870 530 975 573 non
991 555 1006 583 ,
1033 515 1120 571 cui
1149 528 1253 570 non
1278 513 1478 569 homini
1504 509 1921 574 formidandam;

347 634 479 673 cum
521 631 583 671 eo
612 623 878 682 tempore,
904 626 1006 680 quo
1042 608 1258 677 abiectis
1275 607 1382 676 jam
1411 606 1632 661 sarcinis
1660 604 1928 659 saeculari-

346 706 484 771 bus,
512 706 620 775 jam
646 703 875 772 expediti
914 702 1192 755 Dominum
1235 696 1628 768 sequebamini,
1669 704 1723 749 et
1770 694 1820 748 in
1864 708 1927 749 ea

352 807 496 852 terra
525 796 778 850 vivebatis
802 793 988 859 simul,
1018 792 1069 846 in
1098 807 1199 861 qua
1226 791 1479 844 Dominus
1504 786 1748 841 humanis
1773 783 1925 855 pedi-

347 892 453 945 bus
480 891 774 954 ambulans,
802 887 989 941 Pacem
1021 903 1201 953 meam,
1230 885 1431 955 inquit,
1456 883 1521 938 do
1545 883 1682 937 vobis
1703 923 1717 949 ,
1748 897 1925 952 pacem

346 1000 517 1037 meam
557 984 781 1051 relinquo
818 981 953 1035 vobis
981 978 1158 1049 (Joan.
1189 995 1299 1045 Itv,
1323 977 1435 1049 27),
1466 978 1593 1032 viris
1620 985 1773 1031 mtate
1808 992 1923 1032 ma-

346 1076 508 1139 turis,
552 1083 605 1128 et
642 1073 696 1127 in
735 1072 945 1142 eloquio
976 1069 1180 1125 Domini
1220 1069 1577 1123 habitantibus
1604 1068 1754 1123 vobis
1783 1066 1923 1121 acci-

343 1164 477 1219 dere
518 1162 716 1233 potuit?
741 1162 880 1217 Vere
918 1161 1118 1215 tentatio
1154 1169 1226 1214 est
1266 1161 1365 1214 vita
1402 1160 1624 1213 humana
1649 1176 1797 1228 super
1822 1168 1924 1212 ter-

342 1273 459 1309 ram
491 1254 628 1324 (Job.
664 1269 758 1319 vn,
790 1254 862 1323 1).
893 1252 1007 1307 Heu
1034 1252 1183 1319 mihi,
1210 1251 1299 1320 qui
1321 1266 1417 1306 vos
1445 1250 1634 1304 alicubi
1666 1249 1822 1303 simul
1843 1249 1925 1303 in-

342 1346 537 1400 venire
578 1360 682 1398 non
726 1344 975 1412 possum!
1020 1342 1176 1409 forte,
1218 1350 1275 1395 ut
1311 1356 1548 1406 moveor,
1576 1350 1635 1395 ut
1658 1340 1835 1406 doleo,
1865 1348 1925 1395 ut

345 1438 535 1501 timeo,
563 1435 895 1505 prociderem
921 1434 984 1489 ad
1012 1434 1173 1503 pedes
1195 1443 1398 1488 vestros
1418 1473 1433 1499 ,
1463 1432 1642 1487 ﬁerem
1669 1440 1921 1501 quantum

341 1531 612 1596 valerem,
653 1544 893 1599 rogarem
932 1537 1185 1599 quantum
1228 1542 1463 1581 amarem
1488 1568 1501 1593 ,
1547 1543 1685 1581 nunc
1729 1542 1921 1582 unum-

343 1638 612 1692 quemque
658 1631 891 1678 vestrum
932 1636 1027 1690 pro
1068 1622 1269 1691 seipse,
1314 1636 1457 1677 nunc
1500 1630 1780 1690 utrumque
1826 1636 1921 1689 pro

342 1712 625 1779 alterutro,
653 1721 706 1767 et
730 1729 827 1783 pro
854 1713 989 1779 aliis,
1014 1721 1065 1767 et
1086 1712 1312 1767 maxime
1342 1711 1583 1778 inﬁrmis,
1610 1727 1704 1781 pro
1733 1712 1920 1780 quibus

342 1801 591 1857 Christus
636 1813 872 1858 mortuus
910 1813 992 1858 est
1041 1802 1093 1875 (1
1126 1803 1241 1858 Cor.
1268 1819 1390 1869 vnt,
1422 1800 1533 1871 11),
1565 1803 1653 1872 qui
1680 1817 1774 1857 vos
1804 1811 1921 1857 tan-

342 1909 505 1963 quam
534 1895 586 1947 itt
620 1895 823 1949 theatro
853 1896 973 1949 vita:
1002 1895 1159 1964 hujus
1198 1909 1317 1949 cum
1358 1909 1548 1963 magno
1576 1894 1654 1947 sui
1687 1895 1920 1963 periculo

343 1993 609 2052 spectant,
639 1999 703 2038 ne
733 1984 798 2039 de
819 1985 967 2038 vobis
990 1999 1049 2039 ea
1080 1983 1461 2047 conscribendo
1496 1984 1775 2052 spargatis,
1802 2000 1920 2053 quze

342 2076 661 2145 quandoque
704 2074 1086 2130 concordantes
1135 2075 1316 2129 delere
1366 2089 1473 2129 non
1514 2075 1788 2142 poteritis,
1831 2075 1920 2143 qui

341 2184 489 2223 nunc
514 2168 839 2223 concordare
879 2169 1051 2223 nolitis
1081 2169 1131 2235 i;
1161 2177 1251 2222 aut
1274 2183 1392 2237 qua:
1430 2167 1717 2223 concordes
1746 2167 1919 2238 legere

346 2260 600 2325 timentis,
626 2275 692 2312 ne
722 2259 911 2313 iterum
941 2258 1171 2328 litigetis.

412 2352 472 2405 9.
512 2350 708 2405 Verum
738 2350 858 2404 dico
886 2350 1125 2404 charitati
1152 2359 1275 2415 tuae,
1299 2348 1427 2403 nihil
1456 2364 1542 2403 me
1569 2348 1735 2418 magis
1761 2364 1920 2419 quam

339 2442 443 2497 hoc
483 2442 781 2509 exemplum
808 2441 1107 2505 tremuisse,
1126 2455 1245 2494 cum
1270 2439 1509 2510 quaadam
1534 2440 1597 2493 ad
1621 2456 1703 2493 me
1733 2441 1784 2493 in
1809 2442 1922 2510 epi-

345 2534 483 2587 stola
517 2543 603 2586 tua
628 2533 855 2602 legerem
894 2540 998 2585 tua:
1037 2531 1409 2601 indignationis
1436 2531 1653 2595 indicia;
1681 2548 1783 2584 non
1815 2541 1919 2585 tam

340 2624 432 2677 illa
462 2624 528 2677 de
564 2623 765 2677 Entello
794 2631 846 2676 et
875 2622 1010 2677 bove
1036 2622 1194 2688 lasso,
1225 2622 1314 2675 ubi
1343 2620 1470 2674 mihi
1494 2622 1665 2690 potius
1686 2622 1921 2676 hilariter

336 2718 506 2788 iocari
534 2732 689 2786 quam
711 2714 962 2770 iracunde
986 2714 1172 2768 minari
1193 2714 1339 2767 visus
1359 2728 1437 2779 cs,
1456 2728 1610 2782 quam
1634 2712 1758 2766 illud
1779 2712 1917 2781 quod

339 2811 481 2865 serio
513 2819 566 2864 te
591 2808 864 2877 scripsisse
891 2807 1019 2860 satis
1047 2814 1293 2875 apparet,
1324 2804 1464 2859 unde
1493 2819 1653 2873 supra
1684 2804 1921 2859 elocutus

339 2916 491 2967 sum,
524 2901 642 2969 plus
684 2899 909 2953 fortasse
952 2913 1107 2967 quam
1148 2896 1338 2961 debui,
1365 2894 1458 2949 sed
1489 2910 1595 2949 non
1623 2895 1735 2964 plus
1764 2910 1920 2965 quam

341 2991 513 3053 timui,
543 2990 630 3045 ubi
658 2991 775 3045 aisti
802 3008 813 3041 :
842 2988 922 3043 Ne
950 2989 1076 3057 forte
1102 2989 1250 3042 lwsus
1270 2988 1409 3057 juste
1437 2986 1796 3057 expostulares.
1817 2987 1922 3039 Ro-

340 3097 408 3152 go
437 3090 511 3144 te,
540 3082 584 3135 si
615 3081 728 3136 fieri
760 3086 952 3149 potest,
986 3087 1042 3133 ut
1067 3080 1203 3133 inter
1229 3094 1325 3131 nos
1354 3092 1651 3146 qumramus
1677 3086 1730 3131 ct
1753 3076 1921 3131 disse-

340 3187 527 3226 ramus
552 3170 744 3242 aliquid
768 3212 784 3238 ,
812 3186 915 3240 quo
941 3169 1056 3224 sine
1084 3168 1433 3224 amaritudine
1458 3168 1736 3222 discordirc
1762 3167 1922 3222 corda

340 3272 525 3317 nostra
558 3270 857 3331 pascantur,
897 3261 1003 3313 fiat.
1035 3258 1090 3312 Si
1116 3270 1290 3313 autem
1334 3275 1439 3313 non
1488 3274 1704 3327 possum
1747 3258 1922 3312 dicere

339 3354 469 3424 quid
499 3352 629 3406 mihi
659 3351 1047 3407 emendandum
1075 3351 1314 3405 videatur
1346 3352 1396 3405 in
1424 3352 1632 3419 scriptis
1664 3350 1796 3415 tuis,
1826 3364 1924 3404 nec

343 3453 401 3499 tu
447 3445 503 3498 in
547 3443 708 3509 meis,
740 3443 840 3497 nisi
870 3458 989 3496 cum
1017 3442 1319 3511 suspicione
1341 3441 1569 3505 invidiae,
1594 3450 1682 3494 aut
1710 3440 1924 3494 laesione

342 3536 611 3601 amicitiae,
645 3536 977 3605 quiescamus
998 3536 1065 3590 ab
1090 3535 1192 3601 his,
1220 3544 1272 3589 et
1298 3544 1492 3588 nostrm
1512 3534 1632 3587 vitae
1662 3532 1925 3602 salutique

341 3644 646 3701 parcamus.
684 3629 852 3682 Minus
879 3638 1021 3683 certe
1048 3637 1357 3698 assequatnr
1396 3628 1482 3681 illa
1522 3628 1542 3658 ²
1580 3643 1697 3696 qua:
1738 3625 1921 3694 inﬂat,

343 3722 470 3776 dum
498 3738 602 3777 non
630 3720 925 3776 offendatur
952 3722 1037 3775 illa
1076 3736 1193 3791 quae
1229 3719 1451 3775 aediﬁcat
1481 3718 1520 3791 (l
1548 3719 1663 3775 Cor.
1686 3734 1777 3774 vm
1797 3760 1812 3785 ,
1843 3716 1922 3791 2).

343 3813 459 3883 Ego
488 3830 575 3869 me
604 3814 760 3883 longe
789 3829 908 3868 esse
937 3814 1108 3868 sentio
1132 3812 1199 3866 ab
1226 3813 1310 3866 illa
1335 3811 1687 3883 perfectione,
1718 3811 1787 3866 de
1822 3825 1927 3881 qua

343 3906 604 3974 scriptum
635 3913 752 3959 est:
780 3904 841 3960 Si
869 3906 981 3977 quis
1006 3906 1058 3959 in
1084 3906 1226 3958 verba
1252 3922 1351 3959 non
1386 3902 1613 3971 offendit,
1646 3905 1727 3957 ltic
1756 3908 1924 3975 perfe-

342 4006 456 4050 ctus
484 4006 556 4050 est
580 3996 654 4049 vir
684 3995 882 4067 (Jacobi
908 4013 987 4061 tu,
1014 3996 1094 4065 ‘2).
1121 3996 1222 4051 Sed
1252 3997 1405 4065 plane
1432 3995 1483 4048 in
1516 3995 1606 4049 Dei
1634 3995 1924 4050 misericor-

344 4088 431 4143 dia
465 4097 590 4157 puto
615 4103 699 4141 me
732 4103 884 4156 posse
912 4087 1060 4141 facile
1082 4088 1175 4141 abs
1198 4096 1246 4140 te
1273 4095 1454 4155 petere
1480 4086 1706 4150 veniam,
1737 4086 1780 4139 si
1802 4085 1927 4155 quid

344 4180 542 4235 offendi
564 4198 576 4245 ;
602 4180 739 4250 quod
770 4180 894 4233 mihi
924 4180 1131 4249 aperire
1154 4179 1336 4246 debes,
1361 4188 1438 4245 ut,
1465 4194 1581 4233 cum
1607 4187 1658 4233 te
1686 4178 1923 4246 audiero,

345 4269 573 4324 lucreris
636 4270 849 4323 fratrem
910 4279 1054 4324 tuum
1109 4268 1319 4339 (Matth.
1367 4284 1533 4335 xvm,
1579 4270 1685 4333 15).
1743 4269 1926 4339 Neque

344 4360 487 4413 enim
509 4400 525 4424 ,
548 4360 668 4429 quia
692 4359 792 4414 hoc
822 4369 1035 4429 propter
1062 4359 1501 4428 longinquitatem
1533 4366 1788 4412 terrarum
1820 4373 1927 4413 non

344 4460 501 4519 potes
540 4451 714 4505 facere
756 4452 892 4504 inter
931 4465 1014 4504 me
1052 4458 1105 4504 et
1147 4458 1224 4513 te,
1256 4448 1725 4519 pr0pterea-debes
1752 4450 1927 4503 sinere

344 4558 529 4598 errare
552 4558 657 4598 me.
689 4544 910 4598 Prorsus
936 4542 1075 4612 quod
1102 4542 1166 4595 ad
1203 4543 1343 4611 ipsas
1382 4557 1468 4596 res
1492 4556 1626 4612 quas
1652 4556 1808 4596 nosse
1831 4556 1927 4597 vo-

1516 390 1986 451 EPISTOLARUM
2022 390 2294 451 CLASSIS
2331 394 2396 451 ll.

3498 410 3605 469 250

2036 516 2199 562 totum
2230 508 2465 579 projicio,
2495 512 2787 581 praesertim
2808 514 3076 586 fatigatum
3103 518 3362 576 scandalis
3389 525 3599 592 saeculi;

2033 610 2088 656 et
2122 601 2173 656 in
2201 617 2262 657 ea
2286 605 2399 658 sine
2416 605 2519 659 ulla
2537 606 2888 663 sollicitudine
2903 611 3177 679 requiesco
3196 631 3208 666 :
3228 614 3393 667 Deum
3409 616 3602 688 quippe

2032 694 2142 750 illic
2166 710 2283 751 esse
2319 698 2509 762 sentio,
2552 698 2604 752 in
2629 714 2786 769 quem
2820 717 2905 756 me
2944 718 3160 759 securus
3188 708 3426 776 projicio,
3457 717 3510 762 et
3548 709 3601 765 in

2030 805 2135 861 quo
2174 806 2391 847 securus
2430 792 2725 862 requiesco.
2774 794 2883 850 Nec
2927 797 2979 850 in
3026 796 3123 852 hac
3166 814 3278 851 mea
3323 802 3602 857 securitate

2030 882 2315 937 crastinum
2341 884 2468 937 illud
2494 884 2735 940 humanae
2765 886 3059 957 fragilitatis
3096 891 3376 956 incertum,
3406 892 3470 946 de
3497 909 3602 962 quo

2028 978 2269 1046 superius
2294 978 2543 1049 ingemui,
2574 980 2789 1034 omnino
2813 980 3055 1036 formido.
3088 983 3221 1037 Cum
3252 985 3389 1037 enim
3430 986 3600 1040 homi-

2029 1082 2149 1121 nem
2162 1067 2443 1123 christiana
2457 1068 2710 1123 charitate
2724 1069 3027 1139 ﬂagrantem
3038 1114 3051 1135 ,
3065 1088 3230 1142 eaque
3245 1075 3367 1125 mihi
3391 1074 3598 1128 ﬁdelem

2028 1158 2253 1213 amicum
2282 1158 2475 1213 factum
2505 1174 2623 1215 esse
2663 1161 2865 1225 sentio;
2897 1164 3148 1232 quidquid
3175 1165 3222 1217 ei
3260 1163 3599 1217 consiliorum

2026 1264 2265 1304 meorum
2287 1251 2766 1321 cogitationumque
2789 1256 3081 1317 committo,
3101 1269 3203 1307 non
3232 1255 3428 1308 homini
3454 1270 3600 1309 com-

2026 1344 2197 1409 mitto,
2217 1343 2309 1398 sed
2328 1345 2396 1396 illi
2415 1345 2466 1397 in
2492 1360 2595 1413 quo
2616 1355 2812 1411 manet,
2830 1356 2883 1398 ut
2911 1348 3030 1400 talis
3058 1348 3148 1401 sit.
3170 1347 3459 1403 Deusenim
3477 1350 3600 1402 cha-

2024 1432 2147 1485 ritas
2172 1442 2242 1486 est
2262 1451 2282 1498 ;
2302 1442 2346 1486 et
2361 1435 2445 1501 qui
2466 1445 2627 1488 manet
2649 1437 2699 1487 in
2719 1437 2977 1502 charitate,
2998 1438 3049 1489 in
3074 1436 3178 1490 Deo
3197 1450 3378 1502 manet,
3400 1448 3443 1491 et
3463 1439 3597 1494 Deus

2024 1523 2077 1577 in
2107 1540 2161 1577 eo
2179 1524 2386 1595 (lJoan.
2409 1542 2481 1590 tv,
2506 1526 2591 1597 16)
2617 1545 2630 1580 :
2660 1544 2813 1597 quam
2838 1530 2881 1582 si
2899 1530 3424 1594 deseruerit,tantum
3443 1533 3598 1587 faciat

2026 1629 2240 1669 necesse
2269 1626 2347 1669 est
2375 1616 2634 1682 dolorem,
2677 1628 2929 1689 quantum
2970 1636 3188 1674 manens
3226 1622 3421 1676 fecerat
3464 1639 3596 1691 gau-

2024 1704 2186 1759 dium.
2220 1706 2589 1761 Verumtamen
2618 1724 2683 1763 ex
2711 1711 2882 1763 amico
2913 1712 3099 1765 intimo
3131 1710 3295 1765 factus
3326 1714 3593 1782 inimicus,

2024 1805 2223 1865 qumrat
2252 1797 2349 1851 sibi
2387 1799 2558 1866 potius
2594 1800 2732 1868 quod
2776 1800 2933 1869 ﬁngat
2959 1810 3195 1866 astutus;
3234 1818 3337 1855 non
3370 1803 3599 1858 inveniat

2023 1889 2159 1957 quod
2191 1891 2377 1957 prodat
2399 1892 2578 1946 iratus.
2613 1892 2723 1945 Hoc
2752 1903 2926 1946 autem
2948 1894 3307 1963 unusquisque
3328 1894 3479 1948 facile
3508 1909 3596 1948 as-

2023 1981 2276 2049 sequitur,
2297 1997 2397 2033 non
2418 1982 2727 2035 occultando
2745 1984 2883 2051 quod
2908 1982 3102 2046 fecerit,
3124 1984 3214 2038 sed
3237 2000 3338 2038 non
3358 1984 3597 2040 faciendo

2022 2071 2159 2140 quod
2202 2073 2451 2125 occultari
2490 2073 2633 2126 velit.
2686 2072 2835 2138 Quod
2884 2074 3241 2128 misericordia
3297 2075 3386 2128 Dei
3438 2076 3595 2131 bonis

2022 2162 2225 2231 piisque
2271 2163 2536 2229 concedit,
2584 2172 2638 2217 ut
2681 2164 2817 2217 inter
2856 2165 3055 2218 amicos
3103 2165 3119 2194 ¹
3151 2165 3412 2232 quoslibet
3453 2165 3595 2220 futu-

2020 2268 2129 2318 ros,
2173 2254 2321 2308 liberi
2361 2255 2637 2324 securique
2681 2263 2978 2317 versentur,
3010 2255 3180 2309 aliena
3230 2262 3444 2324 peccata
3491 2255 3596 2309 siti

2021 2348 2300 2399 commissa
2329 2362 2431 2400 non
2452 2347 2706 2416 prodant;
2737 2364 2855 2417 quae
2884 2348 3033 2417 prodi
3061 2350 3297 2411 timeant,
3332 2349 3427 2417 ipsi
3453 2348 3597 2403 nulla

2023 2441 2370 2494 committant.
2402 2440 2532 2493 Cum
2559 2441 2699 2494 enim
2730 2440 2914 2495 falsum
2940 2441 3066 2511 quid
3091 2457 3120 2495 a
3149 2443 3403 2496 maledico
3442 2441 3596 2511 ﬁngi-

2024 2539 2140 2594 tur;
2173 2541 2261 2584 aut
2290 2532 2504 2585 omnino
2530 2546 2632 2585 non
2660 2532 2923 2597 creditur;
2970 2541 3059 2586 aut
3101 2544 3245 2588 certe
3278 2534 3478 2603 integra
3506 2548 3597 2587 sa-

2024 2621 2151 2685 lute,
2182 2622 2295 2676 sola
2324 2620 2460 2674 fama
2492 2630 2726 2675 vexatur.
2760 2620 2891 2676 Cum
2922 2625 2942 2654 ²
2979 2632 3151 2678 autem
3190 2624 3384 2677 malum
3412 2638 3597 2692 perpe-

2023 2722 2209 2780 tratur,
2234 2714 2400 2767 hostis
2420 2723 2499 2769 est
2526 2715 2759 2777 intimus,
2779 2715 2984 2769 etiamsi
3009 2716 3201 2770 nullius
3226 2716 3394 2769 intimi
3410 2715 3599 2784 loqua-

2023 2804 2180 2857 citate
2203 2814 2295 2857 aut
2334 2804 2424 2858 lite
2462 2804 2724 2873 vulgetur.
2754 2804 3084 2874 Quapropter
3111 2804 3227 2873 quis
3261 2805 3597 2873 prudentium

2022 2908 2127 2948 non
2148 2894 2343 2959 videat,
2368 2893 2524 2947 etiam
2546 2902 2598 2947 tu
2620 2910 2778 2964 quam
2799 2895 3142 2948 tolerabiliter
3164 2894 3301 2948 feras
3331 2894 3592 2948 amicissi-

2022 2986 2095 3039 mi
2120 2986 2380 3055 quondam
2413 2996 2465 3038 et
2486 2984 2876 3039 familiarissimi
2898 2986 3232 3040 incredibiles
3255 3001 3393 3039 nunc
3420 2986 3594 3040 inimi-

2023 3077 2190 3141 citias,
2220 3077 2527 3130 consolante
2556 3077 2908 3139 conscientia;
2939 3084 2994 3130 et
3022 3075 3465 3145 quemadmodum
3495 3075 3581 3131 vel

2024 3168 2162 3238 quod
2189 3168 2413 3236 jactitat,
2436 3168 2519 3221 vel
2543 3167 2681 3237 quod
2703 3183 2731 3220 a
2757 3167 3069 3237 quibusdam
3098 3166 3317 3222 forsitan
3339 3168 3594 3234 creditur,

2026 3260 2078 3313 in
2131 3258 2354 3311 sinistris
2392 3257 2556 3311 armis
2585 3256 2825 3325 deputes,
2856 3257 3046 3326 quibus
3087 3272 3191 3311 non
3232 3258 3407 3310 minus
3435 3272 3595 3327 quam

2024 3352 2221 3406 dextris
2237 3359 2418 3405 contra
2444 3350 2708 3404 diabolum
2725 3348 3035 3403 dimicatur?
3053 3349 3424 3404 Verumtamen
3451 3350 3599 3404 illum

2024 3444 2299 3500 maluerim
2330 3444 2504 3513 aliquo
2532 3442 2690 3496 modo
2716 3442 2998 3506 mitiorem,
3028 3457 3184 3511 quam
3212 3450 3264 3496 te
3301 3442 3404 3496 isto
3441 3440 3599 3496 modo

2025 3536 2377 3591 armatiorem.
2408 3534 2517 3587 lloc
2544 3548 2788 3603 magnum
2813 3541 2866 3587 et
2891 3533 3040 3586 triste
3065 3532 3376 3586 miraculum
3403 3539 3506 3597 est,
3524 3546 3592 3586 ex

2028 3626 2275 3680 amicitiis
2302 3625 2491 3678 talibus
2515 3624 2582 3677 ad
2610 3622 2705 3677 has
2731 3622 3031 3676 inimicitias
3060 3623 3397 3691 pervenisse;
3423 3623 3598 3676 ltetum

2026 3717 2147 3783 erit,
2175 3726 2227 3771 et
2249 3716 2413 3769 multo
2439 3714 2608 3783 majus
2632 3728 2694 3768 ex
2719 3713 3004 3769 inimicitiis
3021 3713 3217 3769 talibus
3239 3713 3305 3769 ad
3323 3714 3598 3784 pristinam

2027 3807 2363 3864 concordiam
2391 3805 2693 3861 revertisse.

2446 3894 2771 3950 EPISTOLA
2816 3894 3027 3949 LXXIV
3053 3896 3073 3919 ·
3103 3892 3205 3968 (α).

2028 4009 2335 4081 Augustinus
2383 4008 2685 4063 Praesidium
2731 4017 2876 4079 rogat
2901 4017 2955 4061 ut
2996 4008 3301 4078 superiorem
3340 4008 3601 4079 epistolam

2099 4110 2235 4155 curet
2264 4099 2571 4170 Hieronymo
2599 4099 2933 4167 reddendam,
2958 4107 3108 4169 utque
3132 4100 3225 4152 sibi
3248 4100 3474 4154 eumdem
3498 4101 3601 4155 suis

2098 4193 2251 4247 etiam
2276 4192 2451 4246 litteris
2481 4192 2660 4261 placet.

2030 4283 2254 4339 Domino
2297 4282 2619 4345 beatissimo,
2660 4289 2714 4335 et
2752 4279 2945 4334 merito
2972 4280 3281 4335 venerando
3324 4280 3495 4347 fratri,
3546 4290 3599 4337 et

2098 4371 2462 4428 consacerdoti
2516 4372 2807 4440 PBESIDIO,
2853 4371 3220 4440 AUGUSTINUS,
3275 4372 3331 4427 in
3376 4372 3601 4428 Domino

2096 4464 2342 4519 salutem.

2100 4579 2153 4632 1.
2185 4576 2331 4632 Sicut
2359 4588 2594 4646 praesens
2620 4574 2799 4645 rogavi
2840 4572 3207 4630 Sinceritatem
3247 4582 3413 4643 tuam,
3458 4590 3601 4633 nunc

2029 4685 2236 4741 quoque
2260 4682 2595 4732 commoneo,
2633 4674 2691 4721 ut
2728 4666 2931 4720 litteras
2959 4680 3104 4721 meas
3131 4676 3315 4721 sancto
3353 4665 3505 4722 fratri
3547 4676 3601 4723 et

2029 4761 2456 4831 compresbytero
2482 4765 2664 4813 nostro
2698 4756 3019 4828 Hieronymo
3043 4758 3251 4813 mittere
3275 4774 3377 4813 non
3418 4774 3601 4829 grave-
3634 4751 3653 4831 ζ

345 4638 555 4702 lumus,
587 4638 775 4691 attinet
795 4679 810 4703 ,
840 4638 882 4692 si
910 4636 1036 4706 quid
1076 4637 1189 4691 veri
1233 4652 1318 4690 me
1358 4644 1539 4690 tenere
1568 4636 1651 4689 vel
1691 4635 1820 4701 scio,
1846 4634 1928 4690 vel

344 4726 529 4791 credo,
562 4727 649 4781 vel
681 4735 823 4796 puto,
862 4728 914 4781 in
943 4743 1045 4796 quo
1075 4734 1128 4780 tu
1157 4726 1312 4780 aliter
1341 4726 1525 4790 sentis,
1557 4734 1808 4795 quantum
1839 4725 1929 4779 dat

344 4819 606 4872 Dominus
631 4820 743 4873 sine
772 4828 856 4872 tua
886 4818 1077 4887 injuria
1106 4818 1338 4871 conabor
1358 4832 1624 4871 asserere.
1654 4816 1807 4883 Quod
1835 4832 1931 4871 au-

346 4919 453 4963 tem
489 4910 719 4979 pertinet
744 4910 809 4963 ad
839 4910 1186 4964 offensionem
1226 4918 1364 4962 tuam
1390 4950 1403 4974 ,
1435 4923 1551 4961 cum
1596 4916 1645 4961 te
1686 4907 1927 4977 indigna-

347 5010 457 5053 tum
489 5014 725 5063 sensero,
761 5000 892 5052 nihil
922 4998 1064 5051 aliud
1093 5014 1247 5067 quam
1276 4998 1480 5052 veniam
1508 4996 1854 5066 deprecabor.

421 5090 505 5143 10.
526 5089 634 5143 Nec
645 5091 861 5143 omnino
882 5090 1108 5143 arbitror
1129 5096 1179 5142 te
1202 5102 1519 5143 succensere
1540 5088 1794 5156 potuisse,
1826 5086 1928 5142 nisi

346 5192 438 5233 aut
470 5180 569 5235 hoc
594 5182 824 5235 dicerem
856 5179 995 5250 quod
1023 5194 1126 5234 non
1148 5179 1329 5248 debui,
1358 5186 1449 5233 aut
1470 5194 1573 5232 non
1601 5179 1676 5233 sic
1696 5178 1927 5232 dicerem

346 5280 405 5326 ut
429 5271 625 5337 debui;
673 5273 793 5342 quia
824 5287 921 5327 nec
962 5272 1126 5324 miror
1169 5272 1343 5324 minus
1374 5286 1471 5325 nos
1501 5271 1636 5324 scire
1680 5270 1924 5338 invicem,

348 5380 507 5435 quam
532 5364 730 5420 scimur
760 5380 789 5417 a
822 5362 1269 5433 conjunctissimis
1295 5372 1348 5416 ct
1374 5362 1801 5417 familiarissimis
1826 5377 1926 5416 no-

347 5447 493 5512 stris'.
526 5458 583 5512 In
627 5472 848 5528 quorum
894 5471 993 5527 ego
1032 5455 1364 5521 charitatem,
1408 5454 1596 5519 fateor,
1637 5452 1794 5509 facile
1840 5468 1927 5509 me

413 5598 428 5628 ι
456 5603 505 5644 tn
528 5595 705 5645 decem
727 5602 833 5644 Mss.
862 5594 933 5643 sic
954 5591 1135 5653 legitur
1160 5606 1172 5641 :
1210 5600 1325 5653 (tute
1343 5588 1571 5653 quoniam
1592 5590 1931 5641 concordantes

351 5657 513 5708 delere
536 5654 882 5725 nonpoteritis,
908 5650 1197 5725 concordare
1220 5650 1394 5703 nolitis.
1423 5660 1471 5725 tn
1491 5666 1587 5725 uno
1606 5654 1925 5725 Cisterciensi:

350 5711 770 5789 ougqumdbque
814 5711 1035 5782 quoniam
1074 5715 1235 5767 delere
1263 5727 1357 5765 non
1378 5711 1606 5778 poteritis,
1639 5712 1930 5764 concordare

350 5781 895 5906 Ὕάξῦηίιιαεοὶεηεὶα.
908 5841 1257 5895 nedundatvox
1270 5836 1481 5903 sciemia,
1499 5850 1609 5902 quae
1622 5836 1761 5889 abest
1776 5849 1804 5887 a
1820 5844 1925 5889 uss.

2028 4854 2122 4908 ris.
2162 4851 2232 4907 Ut
2278 4860 2452 4905 autem
2497 4848 2703 4903 noverit
2743 4848 2986 4903 Charitas
3027 4857 3111 4902 tua
3154 4848 3599 4920 quemadmodum

2029 4946 2187 4999 etiam
2230 4952 2285 4997 tu
2326 4942 2397 4995 illi
2427 4956 2523 5011 pro
2563 4956 2680 4995 mea
2724 4954 2880 4995 causa
2931 4940 3167 4995 scribere
3215 4940 3431 5007 debeas,
3477 4939 3597 4994 misi

2030 5033 2348 5103 exemplaria
2364 5031 2677 5095 litterarum,
2697 5039 2751 5086 et
2778 5046 3014 5085 mearum
3042 5030 3110 5086 ad
3129 5031 3322 5100 ipsum,
3353 5038 3405 5085 et
3424 5029 3487 5083 ad
3512 5043 3599 5085 me

2030 5126 2217 5195 ipsius,
2247 5124 2437 5194 quibus
2474 5123 2621 5177 lectis
2651 5138 2746 5193 pro
2777 5132 2859 5177 tua
2890 5131 3071 5178 sancta
3116 5122 3393 5192 prudentia
3441 5120 3596 5177 facile

2032 5217 2217 5271 videas
2247 5223 2300 5271 et
2326 5214 2540 5269 modum
2569 5230 2765 5281 meum,
2793 5230 2948 5285 quem
2977 5216 3291 5271 servandum
3318 5216 3516 5283 putavi,
3546 5224 3599 5270 et

2030 5316 2232 5363 motum
2263 5306 2398 5377 ejus,
2429 5322 2584 5378 quem
2613 5322 2717 5360 non
2744 5306 2935 5361 frustra
2962 5306 3254 5361 timui.Aut
3277 5306 3321 5359 si
3346 5320 3443 5376 ego
3458 5306 3597 5375 quod

2093 5423 2110 5453 ι
2134 5420 2267 5481 Edd.,
2281 5417 2513 5470 inimicos.
2527 5417 3027 5481 Prmtulimusamicos,
3042 5418 3166 5481 quod
3184 5418 3364 5469 habent
3383 5431 3473 5469 sex
3491 5425 3596 5470 Mss.

2094 5485 2115 5515 ³
2135 5479 2665 5546 Μεδζίιυειιιοῐςόορίωε
2698 5480 2828 5546 Quod
2871 5488 3029 5531 autem
3061 5479 3247 5546 malum
3280 5487 3598 5546 perpetratur,

2029 5544 2176 5596 hostis
2201 5542 2436 5605 est,'etc.;
2458 5543 2604 5593 lectio
2624 5543 2986 5607 haudquaquam
3003 5542 3290 5603 spernenda;

2098 5627 2116 5646 '
2145 5629 2400 5690 Recognita
2424 5626 2481 5690 ad
2510 5626 2576 5675 bl.
2607 5626 2690 5675 bu.
2714 5624 2774 5676 fs.
2795 5626 2832 5688 j.
2856 5638 2945 5674 mr.
2967 5637 3009 5673 r.
3034 5629 3070 5675 t.
3095 5636 3168 5674 vc.
3193 5624 3314 5676 duos
3329 5625 3403 5675 sb.
3428 5625 3597 5677 decem

2030 5704 2081 5740 γ.
2107 5696 2159 5738 et
2172 5689 2231 5738 ad
2251 5689 2349 5737 Am.
2373 5689 2481 5738 Bad.
2510 5696 2582 5737 Er.
2607 5695 2714 5738 ιον.

2032 5770 2313 5897 “ﬁliai?
2337 5772 2395 5823 16
2419 5784 2559 5837 :quae
2578 5778 2742 5823 autem
2764 5768 2826 5823 74
2856 5774 2977 5832 erat,
3000 5782 3127 5821 nunc
3148 5769 3255 5821 ἥδ.
3279 5772 3455 5835 Scripta
3488 5781 3597 5825 cum
