4090 6356
287 531 567 589 egressum,
602 518 647 566 et
670 507 1012 564 Alesandrum
1029 510 1236 559 veterem
1265 501 1568 566 httreticum,
1597 500 1868 555 Eusebium

290 625 500 678 quoque
542 604 855 667 Emisenum,
887 611 930 653 et
959 597 1276 652 Theodorum
1305 593 1668 655 Heracleotem,
1700 589 1782 658 qui
1823 596 1869 640 et

289 706 400 772 ipsi
427 701 694 756 nonnullos
723 712 872 766 super
892 696 985 746 hac
1012 709 1065 746 re
1088 687 1518 744 commentariolos
1543 685 1864 753 reliquerunt.

215 835 226 842 -
287 797 345 851 E
372 796 550 862 quibus
570 794 646 848 vel
662 794 705 846 si
726 806 886 863 pauca
904 787 1234 854 decerperem,
1264 784 1403 851 fieret
1421 778 1610 846 aliquid
1623 775 1756 849 quod
1771 791 1870 828 non

291 894 500 960 penitus
523 893 937 942 contenmeretur.
969 879 1149 950 Itaque
1171 885 1225 930 ut
1249 874 1538 944 simpliciter
1563 875 1741 941 fatear,
1774 867 1871 936 legi

293 986 406 1038 haec
430 983 616 1043 omnia,
645 988 690 1033 et
713 979 767 1031 in
791 983 949 1029 mente
977 990 1086 1026 mea
1121 971 1340 1042 plurima
1372 981 1686 1028 coacervans,
1713 963 1871 1016 accito

291 1078 517 1141 notario,
561 1075 636 1128 vel
665 1088 795 1136 mea,
839 1068 918 1122 vel
959 1067 1125 1120 aliena
1166 1064 1368 1129 dictavi,
1408 1076 1496 1114 nec
1541 1057 1749 1118 ordinis,
1780 1070 1870 1107 nec

291 1173 559 1224 verborum
583 1164 854 1226 interdum,
884 1177 971 1214 nec
1004 1173 1237 1212 sensuum
1265 1169 1472 1208 memor.
1503 1150 1620 1204 lant
1667 1145 1872 1201 Domini

291 1258 657 1315 misericordia:
693 1265 784 1319 est,
833 1269 896 1306 ne
929 1268 1017 1321 per
1049 1247 1348 1318 imperitiam
1389 1253 1611 1298 nostram
1653 1241 1716 1294 ab
1757 1237 1873 1293 aliis

291 1354 419 1408 bene
447 1352 581 1404 dicta
608 1351 908 1418 dispereunt,
950 1353 997 1399 et
1034 1359 1133 1397 non
1170 1339 1400 1410 placeant
1424 1337 1553 1391 inter
1590 1343 1869 1397 extraneos,

294 1461 409 1514 qua
439 1445 636 1513 placent
668 1442 796 1494 inter
834 1453 968 1492 suos.
1007 1455 1036 1488 ι.
1076 1433 1136 1490 Si
1174 1431 1294 1503 quid
1319 1431 1472 1501 igitur
1493 1425 1876 1496 reprehensione

294 1539 510 1609 dignum
532 1546 795 1607 putaueras
817 1533 866 1584 in
886 1528 1236 1601 explanatione
1255 1533 1442 1589 nostra,
1460 1520 1756 1576 eruditionis
1777 1528 1877 1570 tua:

295 1635 464 1702 fuerat
492 1643 712 1699 quaerere
743 1635 906 1678 utrum
947 1639 1005 1676 ea
1037 1636 1149 1692 qua:
1187 1603 1474 1686 scripsimus
1503 1611 1801 1666 haberentur
1822 1609 1876 1661 in

296 1724 496 1795 gracis,
524 1732 600 1782 ut,
626 1720 671 1774 si
688 1719 763 1772 illi
790 1734 888 1771 non
915 1716 1175 1779 dixissent,
1209 1722 1325 1766 tunc
1343 1726 1504 1764 meam
1524 1705 1724 1778 proprie
1758 1720 1875 1757 sen-

298 1815 503 1869 tentiam
533 1807 1213 1878 condemnares;prtesertim
1241 1821 1352 1857 eum
1382 1801 1530 1856 libere
1550 1800 1602 1852 in
1619 1796 1876 1868 praefatio-

296 1927 360 1962 ne
385 1913 645 1980 confessus
679 1907 791 1968 sim,
828 1903 1057 1974 Origenis
1082 1897 1461 1954 commentarios
1487 1911 1564 1948 me
1605 1909 1708 1946 esse
1731 1907 1874 1944 secu-

298 2011 417 2065 tum,
450 2010 497 2055 et
527 2001 603 2054 vel
622 2016 732 2052 mea
758 1999 832 2053 vel
847 1997 1011 2050 aliena
1027 1995 1254 2058 dictasse,
1279 1997 1322 2043 et
1346 1989 1398 2041 in
1428 1989 1529 2056 fine
1554 1985 1772 2055 ejusdem
1787 2000 1875 2038 ca-

299 2097 445 2165 pituli
484 2093 623 2164 quod
651 2089 992 2161 reprehendis,
1036 2083 1321 2155 scripserim
1348 2097 1368 2136 :
1399 2099 1418 2133 ι
1453 2080 1514 2136 Si
1556 2080 1638 2133 cui
1659 2079 1750 2132 iste
1777 2093 1878 2130 non

299 2186 464 2259 placet
491 2202 690 2249 sensus,
719 2199 815 2253 quo
843 2198 932 2235 nec
956 2178 1138 2232 Petrus
1158 2190 1405 2248 peccasse,
1427 2189 1516 2226 nec
1537 2167 1732 2223 Paulus
1753 2183 1875 2237 pro-

297 2279 481 2332 caciter
528 2275 808 2330 ostenditur
847 2253 1072 2340 arguisse
1098 2268 1375 2338 majorem;
1417 2261 1555 2316 debet
1598 2276 1874 2329 exponere,

296 2389 392 2443 qua
421 2369 773 2440 consequentia
791 2365 983 2418 Paulus
1007 2363 1059 2415 in
1083 2361 1240 2414 altero
1259 2340 1590 2428 reprehendat
1612 2352 1745 2422 quod
1769 2352 1786 2403 i
1792 2366 1878 2420 pse

296 2465 562 2519 commisit.
587 2482 605 2515 ι
641 2460 723 2514 Ex
749 2476 844 2530 quo
870 2454 1081 2519 ostendi,
1118 2469 1197 2508 me
1233 2466 1332 2504 non
1375 2464 1437 2502 ex
1461 2446 1666 2513 deﬁnito
1693 2443 1748 2495 id
1785 2443 1875 2495 de-

296 2557 522 2626 fendere,
552 2553 686 2624 quod
706 2553 757 2604 in
779 2548 952 2622 graecis
977 2547 1212 2618 legerant,
1236 2541 1324 2595 sed
1360 2555 1418 2593 ea
1445 2536 1743 2606 expressisse
1766 2548 1879 2604 qua:

296 2650 538 2720 legeram,
568 2655 623 2698 ut
649 2643 843 2698 lectoris
879 2637 1082 2692 arbitrio
1111 2634 1520 2703 derelinquerem,
1552 2636 1719 2681 utrum
1759 2641 1878 2696 pro-

296 2740 467 2794 banda
495 2746 657 2792 essent
682 2752 746 2788 an
766 2729 1116 2802 improbanda.

368 2833 425 2885 5.
472 2830 549 2883 Tu
582 2829 751 2899 igitur,
783 2843 845 2879 ne
886 2823 1018 2895 quod
1049 2837 1136 2891 ego
1179 2818 1414 2888 petieram
1445 2819 1653 2886 faceres,
1698 2825 1878 2863 novum

297 2931 651 3000 argumentum
674 2917 918 2989 reperisti,
947 2924 1001 2968 ut
1025 2928 1287 2977 assereres,
1313 2908 1530 2963 Gentiles
1548 2905 1633 2977 qui
1655 2905 1707 2958 in
1733 2902 1879 2958 Chri-

300 3025 438 3091 stum
463 3013 810 3076 credidissent,
849 3007 998 3076 Legis
1041 3021 1192 3059 onere
1219 3001 1439 3063 liberos;
1468 3015 1550 3053 eos
1585 3005 1751 3049 autem
1793 2995 1880 3064 qui

298 3126 360 3164 er
383 3107 587 3161 Iudaeis
624 3103 895 3160 crederent,
924 3099 1046 3170 Legi
1074 3113 1178 3152 esse
1213 3093 1456 3164 subjectos
1481 3106 1499 3144 :
1526 3098 1581 3142 ut
1611 3105 1698 3160 per
1734 3097 1877 3140 utro-

299 3198 510 3271 rumque
539 3211 824 3270 personam,
855 3202 900 3246 et
925 3189 1120 3243 Paulus
1143 3195 1273 3240 recte
1300 3179 1672 3254 reprehenderet
1694 3194 1775 3232 eos
1795 3177 1881 3247 qui

301 3269 487 3362 Legem
517 3269 787 3353 servarent,
819 3283 962 3352 quasi
987 3282 1161 3335 doctor
1189 3276 1454 3338 Gentium;
1480 3281 1525 3325 et
1553 3270 1734 3324 Petrus
1763 3269 1883 3338 jure

299 3356 747 3452 reprehenderetur
765 3375 850 3447 qui
878 3375 1106 3446 princeps
1133 3360 1671 3433 circumcisionis(Gal.
1689 3373 1744 3424 ιι,
1763 3358 1814 3427 8)
1829 3356 1883 3410 id

304 3449 568 3544 imperavit
599 3467 856 3532 Gentibus,
881 3463 1012 3534 quod
1037 3461 1131 3516 soli
1163 3459 1246 3531 qui
1273 3474 1332 3511 ex
1372 3454 1566 3508 Judtvis
1596 3459 1756 3536 erant,
1789 3449 1879 3502 de-

305 3529 500 3620 buerint
549 3529 976 3617 observareslvloc
1025 3555 1066 3608 si
1110 3529 1289 3624 placet,
1317 3549 1418 3602 imo
1457 3546 1572 3617 quia
1603 3529 1781 3615 placet,
1828 3548 1882 3594 ut

303 3658 602 3727 quicumque
627 3650 832 3705 credunt
851 3665 914 3702 ex
938 3645 1133 3700 Judwis
1163 3643 1402 3695 debitores
1418 3638 1514 3691 sint
1544 3635 1664 3708 legis
1686 3633 1879 3706 facien-

306 3723 422 3809 dis;
457 3723 594 3798 tu—ut
622 3742 884 3812 episcopus
913 3739 961 3789 in
985 3745 1084 3789 toto
1114 3731 1230 3787 orbe
1254 3728 1562 3792 notissimus,
1588 3724 1731 3778 debes
1752 3723 1882 3776 hanc

305 3834 631 3906 promulgare
657 3829 968 3891 sententiam,
1000 3825 1119 3879 etin
1149 3837 1402 3876 assensum
1429 3827 1568 3870 tuum
1593 3831 1761 3868 omnes
1798 3829 1883 3865 co-

305 3931 569 3998 episcopos
590 3924 802 3977 trahere.
835 3920 939 3991 Ego
963 3918 1015 3971 in
1050 3933 1202 3988 parvo
1233 3909 1603 3984 tuguriunculo,
1633 3922 1745 3959 cum
1773 3920 1881 3956 mo-

307 4018 509 4078 nachis,
539 4015 592 4068 id
614 4028 686 4068 est
710 4007 1161 4081 compeccatoribus
1190 4006 1330 4070 meis,
1360 4003 1420 4057 de
1449 4001 1643 4071 magnis
1671 4006 1887 4052 statuere

310 4126 414 4163 non
439 4107 620 4171 audeo,
645 4104 741 4157 nisi
762 4105 853 4155 hoc
878 4101 1091 4170 ingenue
1111 4095 1356 4165 confiteri,
1386 4109 1462 4146 nte
1483 4092 1726 4161 majorum
1757 4088 1886 4143 scri-

312 4208 398 4269 pta
421 4199 602 4268 legere,
634 4204 681 4248 et
707 4194 757 4246 in
794 4188 1180 4249 commentariis,
1208 4184 1478 4239 secundum
1513 4181 1732 4235 omniunt
1763 4196 1885 4231 con-

311 4288 646 4352 suetudinem,
692 4284 856 4337 varias
901 4297 1080 4354 ponere
1121 4275 1520 4348 explanationes,
1565 4283 1617 4326 ut
1658 4289 1684 4324 e
1722 4270 1890 4324 multis

312 4391 549 4451 sequatur
575 4376 909 4447 unusquisque
931 4372 1064 4444 quod
1094 4371 1227 4423 velit.
1261 4365 1406 4432 Quod
1436 4364 1633 4435 quidem
1679 4369 1726 4414 te
1772 4369 1890 4446 puto

312 4487 358 4544 et
386 4476 436 4527 in
461 4470 695 4528 steculari
719 4455 1020 4533 litteratura,
1060 4472 1106 4519 et
1130 4465 1180 4517 in
1209 4461 1388 4516 divinis
1424 4457 1588 4512 Libris
1621 4456 1814 4526 legisse,
1847 4438 1892 4507 et

315 4568 570 4641 probasse.

389 4662 442 4716 6.
480 4658 631 4712 Hanc
659 4665 822 4710 autem
850 4650 1273 4726 explanationem,
1313 4662 1463 4719 quam
1501 4644 1690 4714 primus
1713 4639 1893 4714 Orige-

318 4769 405 4828 nes
429 4752 481 4805 in
510 4751 702 4824 decimo
725 4748 1031 4803 Stromatum
1057 4743 1204 4809 libro,
1235 4739 1316 4793 ubi
1341 4735 1624 4808 Epistolam
1653 4732 1806 4787 Pauli
1829 4731 1896 4786 ad

323 4844 536 4899 Galatas
556 4843 928 4909 interpretatur,
953 4835 1186 4894 et.cteteri
1209 4833 1440 4901 deinceps
1467 4830 1756 4898 interpretes
1781 4831 1897 4879 sunt

321 4935 498 4999 secuti,
531 4933 626 4988 illa
668 4932 742 5002 vel
785 4931 1000 4984 maxime
1025 4942 1177 4981 causa
1216 4921 1648 4984 subintroducunt,
1679 4925 1732 4970 ut
1768 4913 1900 4968 Por-

322 5027 507 5098 phyrio
526 5023 860 5094 respondeant
883 5015 1263 5090 blasphemanti,
1292 5013 1374 5082 qui
1395 5009 1551 5066 Pauli
1574 5009 1739 5082 arguit
1779 5023 1896 5077 pro-

323 5117 609 5182 cacitatem,
641 5115 775 5190 quod
813 5101 1089 5184 principem
1128 5107 1479 5179 Apostolorum
1507 5102 1716 5158 Petrunt
1752 5115 1902 5153 ausus

326 5222 400 5266 est
430 5209 814 5279 reprehendere,
848 5215 892 5260 et
913 5218 1120 5274 arguere
1143 5201 1196 5254 in
1225 5200 1422 5272 faciem,
1466 5213 1526 5251 ac
1552 5196 1745 5250 ratione
1781 5209 1902 5245 con-

328 5302 598 5372 stringere,
633 5297 766 5368 quod
791 5296 922 5350 male
949 5293 1141 5366 fecerit,
1172 5291 1225 5344 id
1251 5300 1342 5355 est,
1369 5289 1420 5342 in
1448 5305 1503 5342 eo
1534 5303 1700 5340 errore
1735 5282 1902 5354 fuerit,

329 5392 385 5444 in
413 5407 512 5459 quo
553 5389 648 5460 fuit
678 5388 783 5457 ipse
821 5385 906 5456 qui
948 5383 1103 5436 alium
1142 5380 1306 5451 arguit
1349 5378 1731 5446 delinquentem.
1774 5373 1908 5438 Quid

335 5482 504 5535 dicant
530 5481 594 5533 de
613 5479 832 5544 Joanne,
863 5477 948 5548 qui
980 5473 1166 5528 dudum
1188 5473 1240 5526 in
1279 5469 1554 5542 pontiﬁcali
1581 5467 1743 5540 gradu
1773 5465 1905 5521 Con-

337 5704 511 5768 plures
531 5703 728 5764 irrepsit
745 5695 1030 5772 spoliaturis
1045 5709 1244 5757 nomen,
1266 5692 1394 5810 guod
1412 5690 1707 5742 reticebatur
1727 5690 1778 5739 in
1799 5701 1914 5762 app-

338 5767 541 5817 aranbo.
563 5772 618 5814 ut
639 5770 770 5817 patet
785 5777 846 5812 ex
871 5767 1015 5817 emst.
1039 5758 1118 5817 82,
1145 5771 1248 5817 cap.
1307 5794 1319 5808 .
1340 5757 1488 5806 Abest
1506 5766 1702 5817 quoque
1720 5764 1748 5802 a
1770 5759 1914 5802 V'auc.

337 5758 1118 5840 haematitenemisit”:
1145 5771 1248 5821 cav-

343 5823 396 5878 ét
419 5823 654 5878 iliis'oddl
678 5823 896 5875 melioris
915 5829 1061 5872 note.

1381 334 1386 337 ’
1457 375 1933 438 EPISTOLARUM
1967 375 2238 436 cusss
2271 377 2338 434 ιι.

3437 387 3544 446 254

1972 498 2465 567 stantinOpolitanam
2498 497 2627 550 rexit
2656 495 2936 554 Ecclesium
2960 500 3055 571 (a),
3084 508 3132 556 et
3159 504 3360 575 proprie
3393 523 3544 577 super

1972 587 2066 687 hoc
2092 588 2312 656 capitulo
2340 588 2634 642 latissimum
2674 593 2898 644 exaravit
2925 592 3124 660 librum,
3150 595 3204 648 in
3227 613 3325 665 quo
3357 596 3537 668 Orige-

1973 681 2051 732 nis
2076 689 2123 732 et
2151 688 2369 732 veterum
2399 681 2692 734 sententiam
2720 691 2792 735 est
2819 687 3047 738 secutus?
3082 685 3143 740 Si
3169 687 3322 756 igitur
3345 705 3425 742 me
3461 706 3542 743 re-

1975 771 2238 841 prehendis
2261 783 2525 836 errantem,
2556 784 2724 842 patere
2749 793 2847 841 me,
2877 793 3065 846 qua-so,
3099 795 3266 833 errare
3285 798 3398 834 cum
3420 783 3542 837 tali-

1973 862 2099 927 bus;
2122 873 2171 917 et
2196 881 2306 917 cum
2354 881 2430 918 me
2463 867 2645 920 erroris
2671 868 2766 920 mei
2790 869 2974 923 multos
3011 871 3170 924 socios
3209 871 3387 927 habere
3431 892 3543 944 per-

1973 956 2213 1024 spexeris,
2246 965 2299 1008 tu
2327 956 2545 1010 veritatis
2583 966 2683 1011 tute
2721 959 2894 1012 saltem
2927 977 3082 1014 unum
3119 963 3538 1030 adstipulatorem

1975 1050 2198 1116 proferre
2236 1046 2448 1100 debebis.
2493 1047 2617 1102 Haec
2657 1049 2721 1102 de
2757 1053 3106 1122 explanatione
3156 1056 3307 1110 unius
3334 1056 3542 1126 capituli

1975 1136 2221 1206 Epistola:
2237 1137 2304 1190 ad
2331 1137 2556 1192 Galatas.

2045 1228 2098 1280 7.
2133 1229 2238 1282 Sed
2263 1245 2323 1282 ne
2345 1229 2513 1282 videar
2537 1229 2772 1284 adversus
2791 1233 3033 1286 rationem
3056 1241 3191 1287 tuam
3229 1235 3322 1288 niti
3350 1237 3544 1291 testium

1976 1335 2198 1423 numero,
2231 1328 2276 1373 et
2295 1322 2554 1374 occasione
2579 1323 2794 1375 virorum
2817 1324 3086 1377 illustrium
3109 1326 3448 1399 subterfugere
3461 1344 3542 1382 ve-

1975 1413 2191 1476 ritatem,
2220 1429 2309 1466 nec
2345 1429 2549 1465 manum
2571 1413 2754 1467 audere
2775 1431 3049 1480 conserere,
3081 1416 3289 1471 breviter
3307 1419 3368 1471 de
3395 1418 3543 1474 Scri-

1979 1501 2137 1570 pturis
2182 1503 2408 1571 exempla
2461 1519 2757 1574 pr0ponam.
2805 1503 2872 1557 In
2916 1507 3114 1559 Actibus
3150 1507 3541 1575 Apostolorum,

1977 1605 2074 1646 vox
2093 1595 2228 1663 facta
2257 1602 2328 1644 est
2357 1592 2423 1645 ad
2453 1591 2658 1647 Petrum
2688 1594 2878 1660 dicens,
2909 1614 2928 1646 ‹
2959 1595 3142 1667 Surge,
3169 1597 3337 1661 Petre,
3376 1600 3546 1655 occide

1978 1691 2026 1736 et
2052 1683 2300 1736 manduca
2333 1703 2379 1751 ι,
2406 1685 2458 1738 id
2483 1695 2574 1751 est,
2597 1686 2765 1738 omnia
2788 1687 3030 1740 animalia
3058 1687 3458 1757 quadrupedum,
3495 1700 3544 1744 et

1977 1775 2278 1844 serpentium
2303 1784 2467 1842 terrae,
2500 1784 2547 1828 et
2578 1776 2856 1830 volatilium
2881 1777 3010 1830 coeli.
3051 1778 3161 1843 Quo
3188 1778 3343 1845 dicto,
3379 1789 3546 1834 osten-

1979 1867 2114 1920 ditur
2131 1867 2326 1920 nullunt
2347 1867 2595 1922 hominem
2614 1869 2886 1922 secundum
2905 1877 3136 1921 naturam
3156 1886 3261 1924 esse
3277 1871 3543 1938 pollutum,

1979 1960 2066 2013 sed
2101 1960 2358 2028 aequaliter
2384 1976 2553 2013 omnes
2590 1959 2656 2011 ad
2686 1957 2871 2013 Christi
2909 1959 3237 2031 Evangeliunt
3263 1964 3545 2032 provocari.

1980 2052 2058 2106 Ad
2086 2052 2218 2122 quod
2237 2052 2492 2120 respondit
2521 2050 2704 2104 Petrus
2725 2066 2745 2105 :
2764 2069 2782 2102 α
2810 2051 2967 2116 Absit,
2993 2053 3109 2120 quia
3128 2069 3380 2121 nunquam
3405 2070 3548 2108 man-

1980 2143 2156 2196 ducavi
2202 2158 2462 2196 commune
2501 2151 2548 2195 et
2589 2141 2924 2195 intmundum.
2987 2143 3052 2194 Et
3095 2159 3190 2197 vox
3226 2144 3293 2196 ad
3338 2161 3452 2198 eum
3486 2145 3550 2199 de

1980 2234 2102 2288 cwlo
2128 2233 2344 2288 secundo
2371 2235 2504 2303 facta
2524 2241 2612 2298 est,
2643 2233 2813 2287 dicens
2836 2248 2854 2286 :
2885 2233 3011 2298 Qua:
3032 2233 3170 2288 Deus
3195 2235 3469 2300 mundavit,
3496 2244 3550 2289 tu

1980 2340 2042 2377 ne
2068 2339 2327 2377 commune
2349 2323 2552 2377 dixeris.
2579 2342 2597 2374 ι
2635 2321 2666 2375 1
2671 2323 2734 2376 vit
2761 2323 2924 2392 itaque
2963 2322 3263 2392 Cwsaream,
3288 2336 3334 2378 et
3357 2325 3551 2396 ingres-

1980 2431 2066 2469 sus
2094 2415 2161 2467 ad
2188 2413 2491 2482 Cornelium,
2521 2431 2541 2466 ι
2563 2414 2792 2484 aperiens
2808 2431 2863 2468 os
2888 2431 3056 2480 suum,
3079 2416 3243 2469 dixit:
3265 2415 3329 2469 In
3347 2417 3552 2472 veritate

1983 2507 2220 2574 comperi,
2249 2506 2367 2576 quia
2393 2522 2495 2559 non
2519 2513 2590 2560 est
2616 2521 2942 2576 personarum
2961 2515 3187 2575 acceptor
3207 2505 3376 2571 Deus;
3399 2509 3485 2561 sed
3499 2509 3552 2562 in

1981 2596 2116 2648 omni
2142 2605 2305 2665 gente,
2347 2595 2434 2667 qui
2470 2595 2608 2647 timet
2633 2610 2748 2647 eum
2771 2605 2819 2646 et
2847 2605 3083 2665 operatur
3108 2597 3377 2667 justitiam,
3406 2613 3548 2651 acce-

1981 2698 2094 2759 ptus
2129 2697 2201 2742 est
2225 2689 2320 2742 illi.
2350 2705 2370 2739 ι
2407 2687 2631 2758 Denique
2660 2703 2680 2739 α
2713 2687 2890 2740 cecidit
2927 2686 3379 2756 Spiritus'sanctus
3403 2705 3554 2759 super

1980 2797 2080 2845 eos,
2104 2789 2150 2834 et
2169 2780 2523 2850 obstupuerunt
2547 2795 2609 2834 ex
2622 2779 2993 2833 circumcisione
3011 2780 3200 2849 fideles,
3215 2781 3300 2848 qui
3316 2789 3555 2834 uenerant

1981 2885 2093 2923 cum
2124 2870 2292 2934 Petro,
2327 2869 2461 2940 quod
2497 2879 2543 2923 et
2570 2871 2624 2923 in
2666 2868 2914 2924 Nationes
2946 2873 3109 2940 gratia
3147 2870 3369 2940 Spiritus
3392 2873 3554 2925 sancti

1982 2962 2155 3033 fuisset
2182 2959 2360 3026 effusa.
2390 2959 2533 3013 Tunc
2561 2961 2816 3029 respondit
2838 2959 3028 3014 Petrus
3049 2976 3066 3014 :
3086 2960 3352 3032 Numquid
3369 2978 3552 3032 aquam

1981 3054 2091 3124 quis
2111 3053 2369 3122 prohibere
2393 3060 2569 3123 potest,
2597 3060 2653 3105 ut
2677 3069 2778 3106 non
2795 3053 3105 3122 baptizentur
3123 3053 3176 3106 hi
3194 3055 3280 3122 qui
3301 3053 3552 3122 Spiritum

1982 3152 2206 3197 sanctum
2229 3152 2522 3213 acceperunt
2549 3145 2678 3198 sicut
2702 3153 2748 3197 et
2775 3145 2901 3198 nos?
2922 3143 2988 3196 Et
2998 3145 3153 3214 jussit
3181 3161 3262 3200 eos
3278 3146 3330 3199 in
3353 3147 3554 3200 nomine

1981 3233 2105 3287 Jesu
2121 3232 2306 3288 Christi
2331 3233 2575 3302 baptizari
2603 3234 2737 3304 (Act.
2766 3250 2821 3298 x,
2854 3233 3064 3306 15-48).
3093 3236 3368 3288 Audierant
3389 3244 3554 3290 autent

1981 3319 2210 3390 Apostoli
2243 3326 2288 3370 et
2315 3321 2496 3388 fratres
2531 3317 2616 3387 qui
2652 3327 2792 3371 erant
2835 3317 2888 3371 in
2916 3317 3120 3385 ludam,
3147 3319 3265 3389 quia
3300 3327 3346 3372 et
3387 3327 3556 3390 gentes

1982 3416 2271 3480 receperunt
2301 3407 2501 3462 verbum
2535 3407 2650 3462 Dei.
2678 3407 2806 3463 Cum
2832 3415 2998 3462 autem
3035 3409 3342 3464 ascendisset
3375 3408 3554 3464 Petrus

1982 3499 2370 3570 Jerosolymam,
2403 3500 2746 3569 disceptabant
2774 3489 3012 3554 adversus
3036 3500 3181 3552 illum
3201 3500 3287 3572 qui
3329 3511 3472 3554 erant
3495 3517 3558 3555 ex

1983 3590 2376 3657 circumcisione,
2403 3591 2619 3644 dicentes
2647 3606 2666 3643 :
2690 3589 2859 3654 Quare
2875 3590 3088 3644 introisti
3107 3591 3174 3643 ad
3195 3591 3326 3644 viros
3352 3605 3556 3661 praepu-

1986 3685 2108 3740 tium
2134 3683 2386 3750 habentes,
2422 3691 2469 3736 et
2498 3682 2814 3736 manducasti
2841 3698 2955 3734 cum
2980 3681 3123 3735 illis?
3152 3699 3172 3732 ι
3210 3681 3398 3746 Quibus
3418 3683 3582 3736 omni,

1983 3775 2178 3828 ratione
2199 3776 2445 3843 exposita,
2473 3774 2734 3827 novissime
2752 3773 3026 3826 orationem
3050 3788 3196 3826 suam
3214 3773 3308 3825 hoc
3333 3755 3578 3826 sermone.

1985 3869 2226 3922 conclusit
2251 3882 2272 3921 :
2299 3886 2318 3918 ε
2352 3866 2412 3922 Si
2441 3883 2557 3936 ergo
2586 3865 2808 3920 eamdem
2839 3865 3059 3937 gratiam
3095 3864 3230 3919 dedit
3256 3863 3360 3918 illis
3397 3863 3554 3930 Deus,

1986 3961 2114 4014 sicut
2133 3969 2180 4014 et
2200 3960 2340 4013 nobis
2359 3959 2446 4029 qui
2483 3957 2785 4011 credidimus
2820 3959 2872 4010 in
2901 3956 3173 4009 Dominum
3207 3954 3385 4009 Iesum
3410 3955 3558 4009 Chri-

1989 4061 2152 4117 stum;
2177 4067 2268 4120 ego
2293 4051 2403 4116 quis
2429 4056 2585 4115 eram;
2613 4048 2699 4119 qui
2722 4063 2920 4117 possent
2948 4045 3207 4114 prohibere
3229 4045 3430 4098 Deum?
3461 4044 3560 4099 His
3641 4065 3644 4068 ·

1991 4145 2197 4210 auditis,
2248 4153 2542 4208 tacuerunt;
2581 4151 2628 4196 et
2660 4141 3060 4211 gloriﬁcaverunt
3104 4137 3265 4190 Deum
3303 4138 3516 4191 dicentes
3540 4152 3561 4192 :

1992 4237 2130 4307 Ergo
2148 4245 2193 4289 et
2211 4235 2449 4289 Gentibus
2469 4234 2606 4287 Deus
2623 4232 2960 4303 paenitentiam
2971 4229 3039 4283 ad
3055 4229 3205 4282 vitam
3215 4228 3348 4281 dedit
3371 4227 3448 4298 t(I
3454 4228 3555 4282 bid.

1993 4344 2071 4393 ιι,
2098 4327 2272 4399 1-18).
2307 4327 2546 4389 Rursum,
2583 4340 2696 4377 cum
2723 4322 2882 4376 multo
2916 4329 3026 4391 post
3049 4331 3266 4390 tempore
3295 4318 3489 4373 Paulus
3512 4328 3562 4374 et

1992 4419 2252 4474 Barnabas
2271 4418 2512 4471 venissent
2538 4414 2965 4479 Antiochiamget,
2987 4421 3287 4483 congregata
3313 4409 3558 4477 Ecclesia,

1993 4513 2272 4566 retulissent
2307 4528 2327 4562 ‹
2353 4518 2539 4578 quanta
2560 4509 2755 4581 fecisset
2785 4506 2919 4560 Deus
2947 4522 3058 4558 cum
3089 4505 3212 4569 illis,
3235 4513 3283 4558 et
3303 4505 3420 4572 quia
3439 4521 3562 4574 ape-

1993 4604 2173 4658 ruisset
2203 4602 2337 4656 Deus
2357 4599 2595 4655 Gentibus
2629 4603 2809 4652 ostium
2837 4596 2957 4666 fidei
2981 4595 3028 4667 (Ι
3037 4596 3140 4650 bid.
3169 4611 3278 4662 xw,
3299 4595 3422 4665 26);
3451 4596 3565 4664 qui-

1998 4693 2132 4759 dam,
2162 4691 2509 4746 descendentes
2535 4689 2596 4743 de
2618 4689 2822 4754 Iudaea,
2851 4688 3092 4741 docebant
3115 4691 3293 4758 fratres
3315 4697 3464 4758 atque
3483 4687 3538 4740 di
3546 4715 3568 4728 -

1998 4786 2170 4842 cebant
2189 4801 2209 4840 :
2239 4783 2355 4838 Nisi
2394 4763 2832 4836 circumcidamini'
2845 4778 3119 4833 secundum
3147 4794 3334 4832 morem
3378 4777 3566 4847 Moysi,

2000 4895 2100 4932 non
2139 4874 2340 4948 potestis
2380 4872 2506 4928 salvi
2535 4871 2665 4939 fieri.
2714 4869 2970 4924 Commota
3006 4869 3162 4938 igitur
3199 4868 3438 4931 seditione
3467 4881 3568 4920 non

2002 4971 2209 5022 minima
2231 4967 2468 5019 adversus
2487 4962 2710 5016 Paulum
2729 4970 2774 5015 et
2789 4960 3093 5023 Barnabant,
3107 4965 3380 5013 statuerunt
3399 4972 3574 5022 ascen-

2004 5060 2120 5114 dere
2150 5077 2169 5109 ι
2190 5068 2237 5112 et
2257 5057 2353 5127 ipsi
2367 5055 2450 5126 qui
2466 5052 2851 5118 accusabantur,
2871 5061 2918 5106 et
2940 5051 2991 5104 hi
3010 5050 3097 5122 qui
3117 5047 3436 5111 accusabant,
3458 5063 3478 5098 ι
3505 5061 3572 5106 aa

2005 5155 2272 5226 Apostolos
2312 5162 2357 5207 et
2386 5151 2695 5223 presbyteros
2735 5147 3100 5216 Jerosolymam
3129 5161 3276 5214 super
3303 5143 3397 5196 hac
3433 5155 3574 5212 qua-

2007 5249 2182 5302 stione.
2201 5245 2419 5316 Cumque
2435 5241 2805 5310 Jerosolgmam
2823 5237 3170 5308 perrexissent,
3192 5240 3577 5288 assurrexerunt

2007 5339 2214 5410 quidam
2254 5338 2316 5390 de
2358 5334 2534 5390 Iusresi
2574 5331 2973 5393 Pharisaeorum,
3025 5327 3112 5395 qui
3163 5325 3477 5379 crediderant
3523 5323 3578 5376 in

2011 5431 2282 5494 Christum,
2311 5427 2526 5480 dicentes
2543 5439 2564 5478 :
2587 5423 2793 5493 Oportet
2816 5417 3106 5475 circumcidi
3119 5431 3219 5481 eos,
3245 5424 3292 5470 et
3313 5414 3580 5484 precipere

2012 5523 2115 5578 illis
2143 5530 2196 5575 ut
2223 5529 2412 5574 servent
2436 5516 2616 5588 Legem
2642 5513 2829 5586 Moysi.
2859 5512 2926 5566 Et
2955 5527 3067 5563 cum
3101 5525 3286 5578 magna
3314 5523 3463 5577 super
3489 5507 3581 5564 ltoc

2015 5615 2158 5667 verbo
2183 5613 2395 5666 oriretur
2415 5608 2640 5679 quaestio,
2657 5603 2840 5660 Petrus
2867 5622 2889 5656 ι
2911 5601 3060 5655 solita
3076 5599 3297 5654 libertate
3315 5613 3334 5652 :
3359 5616 3378 5651 ι
3407 5596 3532 5662 Viri,
3558 5614 3576 5648 t

2081 5766 2153 5830 (α)
2190 5773 2407 5830 Joannes.
2436 5762 2791 5830 chrysostoeus
2821 5752 3340 5830 ,δεδροεηιιξηεῑιηὲφι
3354 5761 3449 5830 39-
3495 5747 3585 5800 40³

2163 5839 2319 5878 mens.
2337 5824 2430 5889 jul.
2461 5814 2563 5874 ιυὼ
2584 5835 2662 5871 an.
2686 5818 2795 5881 404,
2817 5814 2922 5880 ipso
2940 5815 3022 5865 die
3043 5814 3203 5879 magni
3229 5814 3433 5866 sabbati.
