4090 6356
482 385 584 446 255

483 500 658 573 inquit,
691 515 713 552 ι
733 501 934 570 fratres,
958 511 1044 553 vos
1066 495 1202 552 scitis
1227 509 1463 568 quoniam
1485 494 1546 547 ab
1572 493 1786 564 antiquis
1811 492 1982 548 diebus
2001 493 2054 546 in

482 594 623 652 nobis
665 591 810 662 elegit
844 589 980 644 Deus
1009 607 1098 660 per
1135 607 1191 644 os
1216 605 1380 643 meum
1423 587 1598 640 audire
1636 585 1816 640 Gentes
1854 585 2056 640 verbum

488 683 752 753 Evangelii
790 691 835 736 et
861 682 1096 744 credere;
1120 693 1168 735 et
1197 681 1279 749 qui
1310 681 1442 732 novit
1468 679 1620 731 corda
1654 678 1804 744 Deus,
1835 678 2054 731 testimo-

488 776 625 829 nium
655 772 917 843 perhibuit,
965 772 1091 827 dans
1132 771 1234 824 illis
1278 769 1523 839 Spiritum
1567 779 1811 830 sanctum,
1857 770 1983 822 sicut
2012 774 2058 820 et

485 867 646 930 nobis,
679 875 725 918 et
753 863 878 917 nihil
907 863 1133 916 discrevit
1161 861 1289 913 inter
1315 878 1404 913 nos
1427 870 1471 913 et
1499 860 1633 923 illos,
1662 860 1762 926 [ide
1786 861 2057 928 puriﬁcans

485 957 639 1012 corda
667 957 886 1010 illorum.
922 952 1072 1006 Nunc
1099 961 1264 1005 autem
1303 951 1424 1022 quid
1465 951 1661 1004 tentatis
1691 949 1853 1002 Deum
1890 949 2055 1019 impo-

485 1064 603 1101 nere
630 1047 813 1116 jugum
848 1060 995 1112 super
1027 1043 1261 1096 cervicem
1297 1042 1685 1111 discipulorum,
1729 1039 1862 1109 quod
1901 1055 2059 1108 neque

490 1148 658 1210 patres
684 1137 857 1201 nostri,
885 1150 1038 1202 neque
1064 1150 1151 1187 nos
1182 1141 1379 1202 portare
1403 1131 1689 1201 potuimus?
1712 1129 1815 1183 Sed
1837 1145 1922 1199 per
1943 1144 2059 1199 gra-

491 1229 612 1284 tiam
634 1225 839 1293 Domini
863 1224 1018 1278 nostri
1045 1222 1168 1276 Iesu
1187 1223 1370 1275 Christi
1395 1220 1641 1274 credimus
1661 1217 1866 1283 salvari,
1889 1234 2058 1288 quem-

499 1320 769 1374 admodum
795 1326 840 1370 et
864 1317 960 1370 illi.
1007 1315 1048 1368 Τ
1049 1316 1182 1368 acuit
1208 1323 1374 1367 autem
1403 1313 1560 1366 omnis
1582 1310 1847 1364 multitudo
1871 1329 1889 1361 ι
1923 1307 2056 1381 (Act.

497 1429 587 1480 xv,
613 1411 790 1482 1-12),
830 1411 950 1464 etin
973 1409 1267 1462 sententiam
1305 1407 1414 1475 ejus
1441 1404 1660 1458 Iacobus
1689 1401 1966 1472 apostolus,
2014 1409 2061 1456 et

497 1522 666 1560 omnes
691 1505 840 1558 simul
866 1502 1135 1573 presbyteri
1155 1499 1473 1553 transierunt.

563 1596 616 1650 8.
663 1593 785 1647 Rrec
811 1609 909 1646 non
938 1593 1112 1645 debent
1138 1591 1346 1643 molesta
1381 1604 1485 1641 esse
1510 1587 1696 1650 lectori,
1732 1585 1819 1640 sed
1843 1594 1890 1639 et
1913 1585 1990 1640 illi
2014 1595 2061 1640 et

489 1687 615 1740 mihi
640 1685 801 1750 utilia,
831 1694 885 1736 ut
911 1684 1188 1754 probemus,
1221 1690 1337 1734 ante
1365 1679 1649 1748 apostolum
1694 1678 1916 1732 Paulum
1961 1695 2062 1732 non

491 1778 747 1848 ignorasse
781 1776 1006 1841 Petrum,
1039 1775 1137 1826 imo
1162 1773 1440 1842 principem
1482 1771 1633 1840 hujus
1677 1771 1831 1840 fuisse
1857 1770 2058 1835 decreti,

491 1869 673 1940 Legem
722 1878 830 1939 post
860 1867 1185 1936 Evangelium
1214 1881 1314 1918 non
1345 1881 1448 1917 esse
1472 1863 1786 1916 servandam.
1837 1861 2063 1931 Denique

490 1970 643 2013 tantte
682 1958 865 2011 Petrus
910 1955 1218 2010 auctoritatis
1257 1955 1372 2023 fuit,
1416 1963 1469 2006 ut
1504 1953 1694 2006 Paulus
1734 1953 1786 2005 in
1831 1951 2064 2020 Epistola

487 2069 582 2106 sua
609 2051 863 2119 scripserit
887 2065 904 2102 :
938 2067 957 2099 ε
995 2048 1186 2100 Deinde
1213 2056 1322 2116 post
1353 2062 1511 2100 annos
1549 2055 1645 2098 tres
1671 2043 1779 2097 veni
1804 2043 2064 2112 Ierosoly-

492 2159 627 2196 mam
649 2141 812 2194 videre
835 2139 1061 2202 Petrum,
1094 2148 1140 2190 et
1173 2138 1334 2191 mansi
1360 2135 1499 2206 apud
1520 2152 1632 2188 eum
1657 2134 1826 2188 diebus
1844 2133 2060 2204 quinde-

490 2233 586 2286 cim
609 2251 628 2283 ι
651 2231 792 2300 (Gal.
814 2246 850 2296 ι,
869 2230 978 2299 18).
1015 2231 1331 2292 Rursumque
1353 2228 1406 2280 in
1429 2225 1836 2296 consequentibus
1861 2239 1914 2277 ;‹
1938 2223 2063 2277 Post

488 2338 652 2375 annos
687 2320 1059 2391 quatuordecim
1095 2319 1296 2373 ascendi
1327 2320 1508 2372 iterum
1548 2317 1916 2386 Ierosolymam
1948 2331 2064 2370 cum

487 2413 742 2477 Barnaba,
780 2421 1034 2482 assumpto
1077 2421 1123 2465 et
1163 2410 1298 2465 Tito.
1330 2410 1543 2465 Ascendi
1586 2419 1752 2462 autem
1793 2409 2064 2463 secundum

492 2505 858 2569 reuelationem,
897 2512 943 2558 et
971 2503 1181 2571 exposui
1215 2503 1286 2556 eis
1323 2501 1654 2572 Evangelium
1683 2500 1816 2570 quod
1838 2499 2064 2569 praedico

500 2597 631 2650 inter
660 2596 841 2651 Gentes
882 2612 901 2650 :
942 2615 961 2648 ›
993 2595 1253 2650 ostendens
1286 2611 1339 2648 se
1361 2610 1461 2648 non
1487 2593 1718 2646 habuisse
1753 2591 2065 2646 securitatem

499 2687 758 2758 Evangelii
789 2686 1114 2757 praedicandi,
1146 2687 1243 2739 nisi
1274 2684 1434 2750 Petri,
1477 2693 1523 2738 et
1548 2684 1634 2754 qui
1662 2700 1776 2736 cum
1811 2699 1870 2737 eo
1899 2691 2062 2748 erant,

491 2779 664 2850 fuisset
702 2779 944 2832 sententia
975 2778 1281 2831 roboratum.
1315 2776 1594 2844 Statimque
1615 2775 1838 2846 sequitur
1868 2789 1887 2827 :
1920 2791 1941 2824 ι
1971 2773 2066 2828 Se-

493 2870 709 2941 paratim
744 2878 908 2923 autem
937 2869 1015 2923 his
1038 2869 1122 2938 qui
1147 2868 1439 2922 videbantur
1463 2866 1656 2936 aliquid
1693 2883 1818 2933 esse,
1848 2881 1910 2918 ne
1936 2869 2065 2936 forte

487 2962 542 3015 in
568 2977 778 3014 vacuum
815 2977 1061 3015 currerem
1101 2969 1187 3014 aut
1221 2960 1568 3014 cucurrissem.
1607 2978 1626 3011 ι
1663 2957 1831 3023 Quare
1853 2974 2063 3028 separa-

491 3055 598 3121 tim,
632 3069 678 3108 et
709 3071 808 3108 non
845 3055 899 3107 in
929 3053 1168 3124 publica?
1215 3052 1296 3105 Ne
1325 3053 1452 3120 forte
1492 3050 1721 3120 ﬁdelibus
1756 3065 1818 3104 ea:
1859 3064 2064 3103 numero

487 3146 804 3212 Iudceorum,
841 3146 925 3217 qui
959 3144 1140 3214 Legem
1179 3144 1418 3214 putabant
1439 3159 1544 3196 esse
1570 3141 1885 3206 servandam,
1921 3149 1967 3196 et
1990 3141 2064 3196 sic

489 3237 788 3290 credendum
808 3237 861 3290 in
878 3235 1092 3290 Domino
1115 3234 1394 3301 Saluatore,
1419 3235 1538 3303 ﬁdei
1570 3233 1864 3288 scandalum
1887 3249 2063 3288 nasce-

489 3337 644 3382 retur.
689 3327 828 3398 Ergo
869 3338 915 3381 et
954 3344 1011 3382 eo
1039 3337 1256 3395 tempore
1283 3343 1400 3380 cum
1438 3325 1622 3380 Petrus
1649 3326 1856 3380 venisset
1883 3327 2063 3380 Antio-

493 3419 657 3470 chiam
681 3417 814 3488 (licet
840 3418 934 3472 hoc
948 3417 1302 3489 Apostolorum
1329 3417 1453 3470 Acta
1473 3434 1573 3470 non
1604 3417 1841 3483 scribant,
1871 3416 1959 3470 sed
1983 3418 2067 3488 af-

493 3509 717 3578 ﬁrmanti
761 3509 927 3562 Paulo
965 3509 1267 3563 credendum
1295 3511 1402 3575 sit),
1442 3509 1496 3562 in
1525 3509 1704 3579 faciem
1743 3509 1820 3562 illi
1869 3506 2066 3562 Paulus

496 3602 739 3656 restitisse
763 3617 815 3655 se
837 3601 1024 3666 scribit,
1056 3601 1175 3669 quia
1197 3599 1594 3670 reprehensibilis
1615 3609 1738 3653 erat.
1761 3598 1916 3653 Prius
1935 3600 2066 3653 enim

496 3709 646 3762 quam
669 3692 891 3746 venirent
918 3692 1120 3762 quidam
1149 3707 1181 3744 a
1205 3690 1418 3759 Iacobo,
1443 3707 1556 3744 cum
1594 3690 1834 3745 Gentibus
1857 3690 2067 3757 edebat;

487 3769 610 3838 cum
642 3792 808 3837 autem
844 3783 1108 3845 venissent,
1136 3779 1451 3835 subtrahebat
1482 3798 1554 3847 se,
1593 3790 1640 3835 et
1667 3781 1973 3852 segregabat,
2003 3782 2069 3835 ti-

494 3891 632 3929 mens
656 3891 740 3928 eos
776 3874 862 3944 qui
885 3890 948 3928 ea:
989 3873 1363 3927 circumcisione
1396 3881 1556 3927 erant.
1605 3872 1674 3926 Et
1711 3880 2066 3927 consenserunt

493 3983 606 4020 cum
634 3965 724 4020 illo
749 3966 913 4020 caeteri
941 3963 1133 4030 Iudaei,
1161 3964 1232 4017 ita
1258 3971 1314 4017 ut
1356 3973 1403 4017 et
1431 3962 1694 4017 Barnabas
1735 3963 2068 4018 adduceretur

493 4057 554 4110 ab
581 4057 658 4110 his
684 4057 738 4110 in
756 4057 896 4110 illam
921 4055 1307 4109 simulationem.
1335 4072 1355 4105 ‹
1390 4053 1495 4109 Sed
1522 4071 1636 4108 cum
1665 4055 1920 4122 vidissem,
1948 4073 1966 4106 ι
1988 4057 2068 4110 in-

492 4148 616 4215 quit,
652 4164 671 4197 i
699 4147 833 4216 quod
860 4161 961 4198 non
982 4154 1112 4198 recte
1141 4144 1491 4215 ingrediuntur
1519 4145 1586 4198 ad
1608 4147 1865 4199 veritatem
1893 4145 2067 4201 Evan-

493 4238 631 4306 gelii,
659 4237 766 4290 dixi
797 4235 952 4290 Petro
977 4253 1146 4290 coram
1178 4237 1405 4291 omnibus
1437 4251 1455 4290 :
1495 4236 1556 4291 Si
1590 4245 1664 4303 tu,
1706 4253 1821 4290 cum
1857 4237 1926 4292 sis
1963 4237 2066 4292 Iu-

502 4330 662 4392 dwus,
707 4327 950 4398 gentiliter
985 4336 1030 4380 et
1071 4343 1171 4380 non
1206 4327 1415 4398 judaice
1442 4326 1597 4390 vivis;
1639 4327 1889 4396 quomodo
1931 4330 2069 4400 cogis

508 4416 690 4473 Gentes
707 4417 1011 4487 judaizare?
1042 4435 1062 4469 ι
1090 4415 1230 4488 (Gal.
1248 4432 1307 4483 ιι,
1331 4417 1383 4482 1,
1411 4416 1466 4483 2,
1499 4414 1611 4489 14.)
1632 4426 1678 4470 et
1703 4428 1901 4472 ccetera.
1921 4418 2070 4474 Nulli

501 4527 617 4582 ergo
638 4508 842 4562 dubium
863 4516 935 4562 est
966 4507 1100 4579 quod
1130 4505 1312 4561 Petrus
1339 4507 1598 4576 apostolus
1620 4510 1874 4563 sententia:
1893 4508 2064 4577 huius,

504 4621 646 4676 cujus
673 4619 803 4656 nunc
825 4601 1176 4672 prtevaricator
1199 4599 1448 4670 arguitur,
1472 4599 1663 4668 primus
1684 4609 1859 4654 auctor
1889 4601 2068 4653 extite-

505 4700 591 4752 rit.
624 4695 789 4752 Causa
814 4704 978 4748 autent
1005 4692 1445 4764 praavaricutionis,
1473 4692 1620 4746 timor
1659 4701 1729 4745 est
1751 4691 2065 4748 Iudaeorum.

503 4793 642 4848 Dicit
658 4793 790 4846 enim
809 4790 1072 4861 Scriptura
1091 4789 1223 4856 quod
1239 4789 1456 4856 primum
1481 4785 1652 4840 edebat
1671 4803 1782 4839 cum
1800 4785 2068 4853 Gentibus;

476 4892 611 4940 'cum
633 4894 800 4938 autem
842 4885 1083 4936 venissent
1118 4881 1322 4951 quidam
1360 4898 1390 4934 a
1426 4880 1636 4944 Iacobo,
1675 4878 1995 4935 subtrahebat
2017 4897 2072 4936 se

497 4988 544 5031 et
582 4975 890 5046 segregabat,
933 4975 1108 5027 timens
1146 4989 1228 5027 eos
1271 4973 1357 5044 qui
1383 4988 1446 5026 ea:
1492 4972 1867 5025 circumcisione
1905 4981 2068 5028 erant.

503 5066 727 5123 Timebat
752 5074 917 5118 autem
944 5063 1152 5118 Iudaeos
1175 5080 1387 5134 quorum
1413 5074 1519 5117 erat
1563 5064 1839 5133 apostolus,
1890 5080 1953 5118 ne
1984 5080 2072 5134 per

498 5161 805 5217 occasionem
865 5157 1134 5212 Gentilium
1189 5173 1222 5210 a
1268 5156 1368 5226 ﬁde
1414 5155 1597 5211 Christi
1647 5157 1970 5223 recederent,
2021 5165 2071 5212 et

495 5257 716 5311 imitator
743 5253 956 5324 pastoris
993 5251 1127 5317 boni,
1155 5250 1378 5322 perderet
1405 5266 1604 5319 gregem
1625 5250 1721 5303 sibi
1743 5250 2012 5306 creditum.

568 5345 622 5401 9.
655 5345 796 5400 Sicut
827 5358 943 5414 ergo
969 5340 1304 5405 ostendimus,
1342 5338 1546 5393 Petrum
1585 5340 1704 5393 bene
1729 5340 1929 5412 quidem
1951 5355 2069 5393 sen-

496 5439 619 5492 sisse
642 5435 705 5490 de
731 5434 998 5490 abolitione
1024 5432 1172 5506 Legis
1211 5430 1470 5499 Mosaicae,
1497 5431 1586 5486 sed
1609 5431 1678 5484 ad
1702 5431 2072 5485 simulationem

498 5527 818 5581 observanda:
843 5528 860 5558 ί
885 5527 993 5598 ejus
1023 5524 1198 5577 timore
1219 5523 1566 5592 compulsum;
1594 5522 1848 5575 videamus
1874 5537 1938 5573 an
1962 5520 2070 5589 ipse

502 5616 696 5671 Paulus
731 5618 816 5688 qui
853 5618 1010 5672 alium
1047 5616 1233 5687 arguit,
1264 5613 1364 5667 tale
1391 5613 1512 5683 quid
1540 5613 1729 5683 fecerit.
1759 5609 1993 5683 Legimus
2017 5608 2072 5663 in

563 5751 778 5819 ξω,ωο
801 5761 831 5800 e
847 5750 992 5801 vatio.
1011 5744 1140 5810 uss,
1157 5743 1482 5800 observantius.
1501 5752 1552 5794 ω
1571 5745 1767 5795 cisterc.
1790 5749 1894 5807 us.,
1917 5741 2072 5795 obser-

1701 376 1762 438 S.
1801 374 2166 436 AUGUSTINI
2199 377 2502 438 EPISCOPI

2092 2190 2102 2200 ,
2165 2139 2349 2194 delium
2399 2141 2714 2197 Iudaeorum.
2763 2145 2984 2199 Rursum
3029 2148 3268 2216 scriptum
3305 2157 3377 2201 est

3617 387 3733 447 556

2161 493 2333 546 eodem
2352 493 2476 549 libro
2504 511 2523 549 :
2552 513 2573 548 ‹
2603 495 2991 552 Perambulabat
3013 504 3178 552 autem
3203 497 3401 553 Paulus
3420 497 3654 571 Syriam,
3677 509 3731 557 et

2161 582 2406 651 Ciliciam,
2438 587 2740 656 conﬁrmans
2770 587 3018 643 Ecclesias
3047 605 3063 642 :
3091 592 3402 660 pervenitque
3428 591 3478 644 in
3503 590 3730 660 Derben,

2161 685 2206 728 et
2234 675 2481 740 Lislram;
2512 689 2558 732 et
2586 697 2696 733 ecce
2723 679 2998 748 discipulus
3027 680 3230 750 quidam
3259 693 3363 734 erat
3396 682 3485 745 ibi,
3527 686 3735 739 nomine

2165 765 2449 823 Timotheus
2471 811 2486 835 ,
2527 771 2663 839 ﬁlius
2703 772 2924 825 mulieris
2969 771 3130 824 vidua
3170 771 3366 840 ﬁdelis,
3400 785 3540 843 patre
3566 785 3737 828 autem

2162 861 2354 928 gentili.
2395 862 2528 914 Huic
2555 865 2885 917 testimonium
2910 864 3177 917 reddebant
3203 865 3289 935 qui
3319 864 3660 920 Listris’erant
3687 876 3739 921 et

2163 948 2338 1005 Iconio
2367 956 2563 1022 fratres.
2592 955 2740 1009 Hunc
2777 955 2932 1010 voluit
2959 955 3153 1010 Paulus
3177 973 3344 1010 secum
3369 959 3649 1028 proﬁcisci;
3689 969 3741 1014 et

2162 1059 2418 1098 assumens
2447 1048 2755 1102 circumcidit
2779 1065 2889 1102 eum
2921 1058 3124 1120 propter
3148 1049 3355 1104 Iudaeos
3392 1055 3475 1120 qui
3513 1063 3653 1104 erant
3679 1053 3740 1106 in

2162 1132 2264 1187 illis
2291 1134 2412 1190 locis
2445 1152 2463 1190 :
2485 1138 2702 1193 sciebant
2727 1140 2858 1192 enim
2885 1156 3054 1194 onmes
3079 1140 3214 1210 quod
3240 1148 3381 1210 pater
3404 1141 3512 1210 ejus
3537 1143 3741 1211 gentilis

2162 1235 2288 1280 esset
2321 1246 2339 1278 ι
2393 1227 2526 1300 (Act.
2578 1247 2672 1297 xv,
2716 1232 2805 1297 41,
2852 1240 2898 1285 et
2933 1247 3041 1298 xvn,
3069 1229 3207 1303 1-5).
3251 1230 3295 1285 Ο
3336 1232 3474 1285 beate
3507 1225 3741 1303 apostole

2164 1317 2360 1386 Paule,
2391 1322 2476 1390 qui
2513 1321 2565 1374 in
2604 1321 2758 1375 Petro
2794 1322 3183 1392 reprehenderas
3220 1322 3605 1390 simulationem,
3636 1342 3744 1394 qua

2163 1413 2406 1466 subtraxit
2433 1431 2487 1467 se
2511 1431 2542 1467 a
2569 1414 2842 1471 Gentilibus
2864 1424 3066 1488 propter
3093 1425 3278 1470 metum
3313 1416 3611 1471 Iudaeorum
3651 1420 3744 1488 qui

2163 1518 2196 1554 a
2218 1501 2406 1557 Iacobo
2435 1515 2702 1571 venerant;
2727 1524 2816 1560 cur
2840 1506 3170 1570 Timotheum,
3198 1508 3360 1576 ﬁlium
3380 1509 3594 1561 hominis
3617 1526 3747 1579 gen-

2165 1594 2285 1658 tilis,
2313 1596 2477 1664 utique
2503 1607 2548 1650 et
2576 1598 2739 1666 ipsum
2761 1599 2995 1668 gentilem
3027 1598 3205 1669 (neque
3223 1601 3356 1652 enim
3373 1598 3585 1653 Iudteus
3603 1611 3739 1666 erat,

2163 1685 2246 1754 qui
2277 1703 2376 1738 non
2414 1687 2579 1755 fuerat
2625 1690 3004 1759 circumcisus),
3057 1699 3230 1742 contra
3273 1691 3562 1742 sententiam
3601 1701 3748 1744 tuam

2164 1775 2515 1830 circumcidere
2553 1779 2780 1849 cogeris?
2819 1780 3162 1850 Respondebis
3192 1781 3313 1833 mihi
3339 1796 3357 1833 :
3382 1779 3598 1848 Propter
3637 1779 3747 1833 Iu-

2165 1865 2302 1920 dazos
2338 1868 2423 1926 qui
2460 1879 2598 1922 erant
2637 1871 2688 1922 in
2729 1871 2830 1924 illis
2856 1871 2998 1924 locis.
3031 1871 3130 1936 Qui
3149 1873 3303 1942 igitur
3327 1873 3414 1925 tibi
3444 1873 3658 1941 ignoscis
3687 1873 3749 1927 in

2164 1958 2534 2012 circumcisione
2570 1960 2809 2030 discipuli
2836 1963 3072 2016 venientis
3099 1979 3160 2016 ea:
3188 1962 3443 2026 Gentibus,
3474 1964 3671 2033 ignosce
3697 1972 3751 2017 et

2165 2046 2356 2115 Petro,
2407 2054 2693 2120 praecessori
2741 2063 2856 2118 tuo,
2891 2055 3025 2125 quod
3077 2056 3246 2125 aliqua
3290 2057 3461 2127 fecerit
3503 2066 3635 2108 metu
3674 2057 3750 2124 ﬁ-

3423 2162 3441 2200 :
3483 2166 3502 2196 ι
3551 2145 3752 2200 Paulus

2164 2247 2278 2285 vero
2305 2250 2417 2286 cum
2443 2234 2607 2290 adhuc
2632 2238 2943 2291 sustinuisset
2986 2239 3090 2292 dies
3132 2240 3330 2302 multos,
3380 2239 3616 2309 fratribus
3653 2255 3751 2292 va-

2167 2322 2401 2390 ledicens,
2427 2327 2673 2396 navigavit
2700 2328 2926 2397 Syriam,
2953 2339 2999 2382 et
3027 2345 3138 2382 cum
3165 2346 3221 2382 eo
3252 2327 3490 2382 Priscilla
3514 2337 3558 2382 et
3586 2329 3752 2395 Aqui-

2167 2413 2219 2466 la
2246 2429 2266 2468 .'
2289 2424 2334 2468 et
2359 2418 2572 2469 totondit
2599 2417 2691 2471 sibi
2718 2418 2769 2470 in
2791 2417 3054 2473 Cenchreis
3079 2430 3259 2487 caput;
3285 2429 3452 2472 votum
3488 2420 3620 2473 enim
3648 2420 3751 2472 ha-

2166 2505 2335 2559 buerat
2358 2526 2376 2558 i
2397 2506 2555 2577 (Ibid.
2587 2525 2739 2575 an,
2757 2510 2865 2579 18).
2898 2509 3042 2576 Esto,
3071 2520 3125 2563 ut
3148 2511 3216 2563 ibi
3243 2512 3417 2564 timore
3439 2509 3746 2564 Iudworum

2170 2599 2457 2668 compulsus
2479 2599 2544 2652 sit
2562 2602 2728 2670 facere
2741 2600 2875 2670 quod
2899 2600 3128 2666 nolebat;
3153 2617 3306 2671 quare
3327 2618 3521 2654 comam
3542 2601 3753 2654 nutrivit

2166 2703 2229 2742 ea:
2252 2698 2382 2755 voto,
2424 2698 2473 2742 et
2515 2699 2686 2758 postea
2720 2707 2830 2744 eam
2871 2691 2925 2744 in
2962 2691 3225 2746 Cenchreis
3253 2692 3464 2746 totondit
3489 2707 3552 2744 ex
3579 2691 3750 2761 Lege,

2166 2779 2300 2848 quod
2331 2778 2569 2832 Nazartei
2593 2780 2680 2850 qui
2721 2796 2772 2834 se
2808 2780 2914 2834 Deo
2957 2782 3210 2848 noverint,
3246 2783 3402 2852 juxta
3440 2785 3759 2852 praeceptum
3809 2823 3820 2833 .

2169 2871 2336 2943 Moysi
2357 2876 2518 2943 facere
2537 2875 2935 2927 consueverunt?
2961 2873 3146 2945 (Num.
3174 2891 3244 2942 γι,
3276 2877 3390 2947 18.)

2239 2964 2326 3018 10.
2367 2962 2550 3018 Verum
2588 2965 2696 3018 hwc
2724 2965 2791 3017 ad
2826 2967 3249 3036 comparationem
3282 2969 3391 3038 ejus
3419 2969 3490 3021 rei
3519 2983 3628 3038 qua:
3661 2961 3758 3022 se?

2166 3056 2355 3126 quitur,
2385 3072 2541 3126 parva
2577 3067 2710 3110 sunt.
2742 3055 2916 3129 Refert
2947 3057 3136 3123 Lucas,
3174 3073 3331 3112 sacra?
3371 3060 3594 3113 historia:
3619 3059 3762 3112 scri-'

2166 3157 2283 3216 ptor
2311 3166 2329 3204 :
2360 3165 2378 3198 ι
2408 3147 2538 3201 Cum
2564 3149 2862 3202 venissemus
2898 3148 3296 3220 Ierosolymam,
3338 3151 3543 3206 libenter
3575 3167 3753 3208 susce-

2168 3249 2350 3310 perunt
2377 3256 2468 3294 nos
2497 3244 2711 3312 fratres;
2755 3259 2774 3292 )
2813 3251 2858 3294 et
2892 3244 3111 3312 sequenti
3143 3243 3225 3296 die
3252 3242 3470 3297 Iacobus
3507 3253 3552 3296 et
3579 3259 3756 3299 omnes

2166 3333 2382 3386 seniores
2410 3333 2494 3396 qui
2535 3349 2649 3386 cum
2691 3350 2747 3386 eo
2787 3343 2948 3399 erant,
2999 3352 3019 3384 ‹
3057 3334 3328 3404 Evangelia
3353 3334 3488 3388 illius
3516 3352 3756 3405 compro-

2166 3421 2304 3489 bato,
2337 3423 2571 3476 dixerunt
2604 3424 2669 3490 ei,
2720 3421 2893 3485 Vides,
2927 3427 3119 3495 frater,
3167 3435 3283 3494 quot
3325 3427 3482 3479 millia
3531 3436 3643 3480 sunt
3692 3427 3755 3482 in

2165 3513 2373 3580 Iudaea,
2405 3516 2490 3586 qui
2513 3515 2831 3569 crediderunt
2855 3516 2908 3570 in
2937 3516 3210 3583 Christum,
3239 3526 3284 3571 et
3307 3518 3359 3570 hi
3387 3535 3556 3572 omnes
3583 3536 3750 3573 temu-

2169 3605 2351 3658 latores
2375 3614 2490 3658 sunt
2515 3604 2682 3676 Legis.
2714 3607 2992 3661 Audierunt
3029 3618 3194 3662 autem
3221 3609 3283 3662 de
3317 3620 3362 3663 te
3398 3611 3531 3682 quod
3555 3612 3751 3666 disces—

2168 3697 2358 3750 sionem
2382 3697 2559 3750 doceas
2588 3713 2618 3750 a
2647 3696 2824 3768 Moyse
2848 3715 3020 3753 eorum
3063 3700 3150 3770 qui
3191 3717 3279 3770 per
3303 3700 3482 3755 Gentes
3507 3713 3619 3756 sunt
3644 3703 3751 3756 Iu-

2170 3787 2412 3854 diuorum,
2441 3787 2609 3841 dicens
2636 3805 2735 3842 non
2764 3789 2938 3843 debere
2966 3807 3049 3844 eos
3070 3792 3418 3845 circumcidere
3439 3793 3571 3860 ﬁlios
3604 3809 3747 3861 suos,

2169 3893 2325 3947 neque
2343 3877 2614 3931 secundum
2642 3880 3050 3933 consuetudinem
3086 3881 3299 3951 ingredi.
3335 3883 3469 3948 Quid
3496 3901 3612 3954 ergo
3632 3886 3749 3938 est?

2175 3967 2359 4037 Utique
2386 3976 2579 4038 oportet
2606 3971 2866 4023 convenire
2895 3972 3296 4038 multitudinem;
3325 3974 3586 4026 audierunt
3613 3976 3750 4028 enim

2170 4065 2217 4111 te
2237 4058 2598 4128 supervenisse.
2640 4057 2754 4112 Hoc
2793 4075 2910 4129 ergo
2942 4064 3024 4130 fac
3054 4063 3186 4130 quod
3225 4063 3312 4114 tibi
3341 4062 3574 4117 dicimus.
3611 4061 3751 4118 Sunt

2171 4147 2312 4202 nobis
2336 4147 2430 4200 viri
2456 4157 2668 4218 quatuor
2697 4157 2861 4202 votum
2894 4149 3127 4204 habentes
3159 4167 3312 4222 super
3333 4167 3420 4215 se;
3446 4152 3524 4206 his
3553 4169 3753 4206 assum-

2171 4239 2293 4310 ptis,
2324 4239 2587 4308 sanctiﬁca
2608 4250 2654 4293 te
2681 4257 2795 4294 cum
2822 4241 2967 4310 ipsis,
2995 4251 3041 4294 et
3065 4241 3294 4311 impende
3314 4242 3364 4294 in
3385 4258 3468 4296 eos
3493 4253 3544 4296 ut
3563 4243 3751 4298 rodant

2170 4332 2369 4400 capita;
2400 4341 2446 4384 et
2475 4332 2630 4384 scient
2668 4348 2835 4385 omnes
2864 4331 2984 4402 quia
3019 4347 3130 4400 qua:
3153 4332 3216 4384 de
3241 4342 3288 4385 te
3311 4333 3578 4387 audierunt
3613 4335 3750 4406 falsa

2170 4430 2314 4490 sunt,
2363 4422 2452 4476 sed
2499 4421 2728 4476 ambulas
2772 4431 2818 4476 et
2871 4422 2981 4492 ipse
3033 4423 3317 4477 custodiens
3355 4423 3557 4495 Legem.
3606 4425 3750 4480 Tunc

2172 4511 2403 4576 Paulus,
2447 4513 2717 4582 assumptis
2756 4513 2908 4580 viris,
2946 4523 3144 4584 postera
3173 4515 3252 4568 die
3281 4517 3595 4585 puriﬁcatus,
3631 4533 3748 4571 cum

2169 4601 2274 4656 illis
2300 4604 2500 4656 intravit
2520 4605 2573 4656 in
2599 4604 2856 4673 templum,
2881 4607 3188 4660 annuntians
3207 4608 3533 4679 expletionem
3552 4609 3749 4663 dierum

2173 4694 2568 4764 puriﬁcatiouis,
2609 4695 2765 4750 donec
2811 4695 3073 4762 o/ferretur
3117 4715 3208 4768 pro
3245 4716 3539 4772 unoquoque
3574 4717 3748 4755 eorum

2172 4783 2355 4838 oblatio
2393 4802 2411 4837 ι
2439 4783 2572 4858 (Act.
2603 4801 2712 4850 XXI,
2737 4786 2940 4857 17-26).
2975 4788 3018 4840 0
3045 4787 3224 4853 Paule,
3249 4801 3293 4842 et
3315 4790 3366 4843 in
3387 4791 3480 4844 hoc
3503 4800 3550 4845 te
3571 4807 3749 4848 rursus

2171 4879 2461 4948 interrogo;
2489 4894 2578 4930 cur
2598 4887 2748 4947 caput
2770 4880 2952 4932 raseris
2969 4920 2983 4946 ,
3006 4896 3098 4933 cur
3117 4881 3440 4950 nudipedalia
3468 4883 3749 4936 exercueris

2174 4969 2236 5022 de
2263 4969 2543 5022 cerimoniis
2586 4968 2878 5022 Iudaeorum
2902 5010 2918 5036 ,
2962 4986 3053 5024 cur
3090 4971 3323 5026 obtuleris
3373 4973 3647 5042 sacriﬁcia,
3696 4982 3749 5027 et

2173 5059 2446 5113 secundum
2479 5057 2660 5130 Legem
2684 5059 2862 5113 hostia:
2890 5077 2981 5128 pro
3007 5070 3052 5114 te
3078 5063 3263 5133 fuerint
3297 5064 3607 5118 immolatae?
3635 5061 3752 5118 Uti-

2174 5168 2268 5222 que
2299 5151 2617 5218 respondebis
2649 5166 2668 5204 :
2705 5149 2787 5203 Ne
2827 5152 3291 5208 scandalizarentur
3322 5156 3411 5227 qui
3443 5172 3506 5209 ex
3547 5154 3752 5210 Iudcis

2175 5241 2509 5295 crediderant.
2551 5240 2813 5296 Simulasti
2854 5261 2970 5315 ergo
2999 5245 3238 5299 Iudicum
3261 5256 3316 5300 ut
3352 5245 3564 5302 Iudaeos
3593 5247 3754 5302 lucri-

2173 5332 2402 5403 faceres;
2427 5340 2474 5386 et
2503 5331 2632 5386 hanc
2665 5333 2827 5404 ipsam
2859 5337 3228 5392 simulationem
3250 5338 3470 5394 Iacobus
3503 5349 3550 5394 et
3583 5342 3754 5395 cteters'

2174 5433 2222 5478 te
2247 5423 2456 5477 docuere
2483 5423 2752 5496 presbyteri
2783 5441 2803 5480 :
2838 5428 2927 5481 sed
2960 5437 3122 5483 tamen
3150 5432 3357 5486 evadere
3387 5449 3486 5486 non
3520 5434 3752 5505 potuisti.

2181 5515 2304 5570 Orta
2329 5515 2459 5569 enim
2483 5518 2725 5572 seditione
2761 5534 2876 5572 cum
2901 5520 3200 5576 occidendus
3233 5540 3380 5586 esses,
3412 5534 3589 5594 raptus
3623 5541 3675 5579 es
3711 5541 3749 5579 α

2177 5608 2396 5675 tribuno,
2425 5618 2472 5664 et
2495 5609 2556 5664 ab
2585 5628 2640 5665 eo
2668 5612 2846 5666 missus
2869 5611 3187 5685 Caesaream,
3215 5618 3304 5672 sub
3345 5620 3573 5673 custodia
3615 5620 3758 5674 mili-

2179 5712 2284 5756 tum
2311 5703 2556 5773 diligenti,
2585 5719 2646 5757 ne
2670 5712 2716 5757 te
2737 5702 2910 5758 Iudaei
2931 5707 3074 5776 quasi
3101 5709 3442 5764 simulatorem
3477 5727 3538 5764 ac
3557 5711 3760 5766 destru-

2183 5802 2369 5849 ctorem
2388 5792 2538 5864 Legis
2563 5795 2877 5862 occiderent;
2899 5807 3044 5868 atque
3063 5801 3178 5853 inde
3205 5798 3417 5855 Romam
3444 5803 3758 5874 perveniens,
