4090 6356
283 362 391 417 257

285 477 336 529 in
361 471 579 542 hospitio
612 469 747 541 quod
771 469 857 523 tibi
882 468 1210 533 conduxeras,
1242 465 1495 522 Christum
1519 479 1565 523 et
1593 470 1627 522 ,1
1633 470 1791 523 uaais
1814 475 1862 523 et

286 563 529 620 Gentibus
570 562 853 632 pradicasti
897 576 916 614 :
955 571 1002 614 et
1046 560 1287 615 sententia
1317 569 1402 613 tua
1441 559 1659 614 Neronis
1693 559 1860 631 gladio

282 657 587 723 conﬁrmata
614 664 685 707 est
715 654 848 724 (Aet.
880 667 1033 716 xxm,
1061 651 1150 715 23,
1184 662 1230 705 et
1260 668 1446 717 xxvm,
1475 652 1558 717 M,
1585 652 1696 722 30).

352 750 442 804 H.
484 748 767 801 Didicimus
809 744 942 813 quod
981 754 1184 816 propter
1221 753 1404 798 metum
1440 743 1770 809 Judaorum,
1817 752 1866 799 et

284 837 473 893 Petrus
514 849 560 892 et
596 836 795 890 Paulus
819 836 1074 905 aqualiter
1100 835 1333 903 ﬁnxerint
1356 850 1409 889 se
1441 832 1589 905 Legis
1617 842 1866 904 pracepta

282 948 507 988 servare.
540 930 651 995 Qua
670 930 824 1001 igitur
844 932 1024 999 fronte,
1053 943 1153 997 qua
1178 926 1393 979 audacia
1423 923 1617 979 Paulus
1636 925 1689 978 in
1708 926 1865 979 altero

279 1022 619 1093 reprehendat
647 1020 781 1091 quod
802 1021 909 1089 ipse
937 1017 1223 1073 commisit?
1249 1015 1382 1087 Ego,
1414 1016 1514 1070 imo
1540 1016 1628 1069 alii
1650 1026 1765 1069 ante
1786 1030 1864 1069 me

280 1121 623 1182 exposuerunt
652 1127 858 1165 causam
889 1125 1041 1177 quam
1078 1116 1408 1177 putaverant,
1454 1122 1553 1159 non
1596 1106 1867 1176 ofﬁciosum

280 1205 604 1259 mendacium
639 1203 987 1269 defendentes,
1028 1202 1155 1256 sicut
1184 1210 1237 1254 tu
1274 1200 1479 1265 scribis,
1510 1200 1598 1253 sed
1639 1199 1867 1254 docentes

282 1299 547 1350 honestam
581 1294 1035 1364 dispensationem;
1066 1302 1121 1345 ut
1163 1300 1209 1344 et
1244 1290 1601 1360 Apostolorum
1639 1290 1863 1359 pruden-

283 1392 405 1445 tiam
430 1392 850 1455 demonstrarent,
888 1396 935 1441 et
966 1386 1353 1456 blasphemantis
1393 1383 1669 1455 Porphyrii
1698 1384 1868 1453 impu-

284 1485 511 1537 dentiam
540 1490 837 1547 coercerent,
866 1480 952 1551 qui
983 1478 1189 1532 Petrum
1218 1487 1261 1531 et
1293 1476 1509 1530 Paulum
1538 1477 1720 1545 puerili
1748 1474 1868 1528 dicit

284 1577 412 1630 inter
449 1594 507 1630 se
542 1591 789 1647 pugnasse
827 1572 1127 1635 certamine;
1154 1572 1255 1624 imo
1284 1571 1528 1624 exarsisse
1566 1569 1785 1623 Paulum
1814 1568 1869 1623 in

286 1668 529 1720 inridiam
566 1667 804 1720 virtutum
844 1663 1008 1730 Petri,
1041 1673 1087 1717 et
1111 1680 1169 1717 ea
1193 1661 1450 1730 scripsisse
1478 1664 1735 1731 jactanter
1758 1676 1870 1731 qua

286 1760 361 1813 ret
399 1777 503 1812 non
543 1760 734 1827 fecerit,
775 1756 853 1811 vel
889 1758 932 1812 si
958 1756 1164 1825 fecerit,
1202 1754 1477 1825 procaciter
1502 1754 1691 1823 fecerit,
1730 1754 1782 1806 id
1815 1754 1870 1807 in

288 1850 387 1903 alio
439 1849 811 1919 reprehendens
850 1848 983 1919 quod
1028 1848 1136 1917 ipse
1176 1846 1491 1899 commiserit.
1543 1842 1869 1914 Interpretati

288 1954 403 1997 sunt
446 1944 527 1996 illi
569 1951 623 1995 ut
659 1950 959 2013 potuerunt;
988 1949 1041 1993 tu
1068 1939 1314 2010 quomodo
1352 1939 1500 1991 istum
1537 1938 1699 1991 locum
1736 1936 1869 1990 edis-

288 2051 415 2088 seres
434 2036 459 2088 ἲ
483 2033 669 2103 Utique
693 2032 900 2087 meliora
941 2030 1185 2099 dicturus,
1224 2030 1307 2100 qui
1334 2036 1550 2083 veterum
1578 2027 1872 2082 sententiam

289 2128 587 2199 reprobasti.

357 2217 590 2272 CAPUT
627 2214 715 2270 IV.
740 2214 918 2270 -12.
952 2213 1144 2269 Scribis
1180 2212 1248 2265 ad
1280 2228 1358 2266 me
1375 2212 1429 2265 in
1457 2210 1667 2280 epistola
1689 2219 1773 2264 tua
1792 2208 1868 2282 (a)

297 2327 316 2361 ι
353 2307 535 2377 Neque
577 2308 709 2360 enim
748 2323 781 2358 a
817 2322 895 2359 me
921 2303 1173 2357 docendus
1198 2320 1268 2369 es,
1295 2301 1543 2371 quomodo
1564 2301 1874 2370 intelligatur

290 2402 420 2471 quod
446 2401 584 2453 idem
613 2398 881 2468 Apostolus
898 2397 1035 2458 dicit,
1060 2393 1251 2449 Factus
1275 2410 1389 2448 sum
1415 2392 1611 2447 Judseis
1624 2402 1873 2461 tanquam

292 2492 528 2557 Judznus,
553 2501 613 2546 ut
633 2492 842 2547 Judmos
868 2492 1231 2547 lucrifacerem
1266 2490 1316 2563 (l
1340 2490 1455 2545 Cor.
1480 2508 1554 2556 Ix,
1578 2489 1692 2561 20),
1713 2500 1757 2543 et
1778 2503 1876 2543 ca-

293 2594 395 2640 tera
450 2601 568 2654 qua
608 2584 676 2638 ibi
715 2586 948 2639 dicuntur
986 2586 1328 2657 compassione
1368 2582 1740 2645 misericordia,
1775 2598 1877 2634 non

292 2682 618 2735 simulatione
632 2680 849 2748 fallacia
874 2681 914 2733 ¹.
942 2679 1028 2732 Fit
1054 2681 1184 2733 enim
1208 2689 1447 2748 tanquam
1472 2693 1603 2747 ager
1622 2718 1636 2741 ,
1673 2674 1758 2744 qui
1781 2674 1877 2727 mi-

295 2775 477 2825 nistrat
498 2782 719 2843 agroto;
741 2788 840 2824 non
861 2787 973 2823 eum
1000 2787 1052 2824 se
1080 2769 1239 2840 febres
1275 2769 1454 2821 habere
1476 2766 1712 2821 mentitur
1734 2806 1750 2830 ,
1791 2762 1878 2818 sed

295 2879 407 2915 cum
435 2864 608 2915 animo
627 2861 935 2915 condolentis
958 2861 1139 2931 cogitat
1158 2858 1576 2927 quemadmodum
1598 2855 1690 2911 sibi
1705 2854 1881 2909 serviri

296 2955 459 3021 vellet,
512 2954 558 3009 si
595 2956 700 3025 ipse
743 2961 1025 3024 agrotaret.
1081 2952 1217 3005 Nam
1273 2952 1441 3021 utique
1490 2949 1703 3002 Judaus
1732 2954 1880 3009 erat;

298 3045 616 3101 Christianus
666 3057 829 3099 autem
868 3045 1049 3114 factus,
1094 3060 1195 3096 non
1239 3042 1534 3095 Judaorum
1571 3047 1882 3093 sacramenta

297 3140 608 3207 reliquerat,
655 3152 765 3206 qua
805 3134 1146 3189 convenienter
1180 3131 1267 3185 ille
1304 3130 1540 3200 p0pulus,
1588 3137 1635 3181 et
1664 3127 1882 3196 legitimo

301 3237 523 3295 tempore
551 3244 652 3297 quo
677 3226 968 3294 oportebat,
1006 3230 1265 3291 acceperat
1295 3236 1311 3273 :
1342 3221 1548 3287 ideoque
1580 3218 1795 3284 suscepit
1824 3232 1885 3268 ea

299 3319 599 3373 celebranda
638 3334 753 3370 cum
790 3318 902 3387 jam
928 3314 1112 3368 Christi
1140 3321 1263 3365 esset
1298 3309 1574 3380 apostolus,
1608 3316 1661 3359 ut
1687 3306 1885 3358 doceret

300 3427 397 3463 non
429 3427 539 3464 esse
559 3409 833 3479 perniciosa
860 3407 936 3459 his
962 3405 1048 3474 qui
1073 3420 1130 3456 ea
1168 3402 1367 3465 vellent,
1391 3401 1517 3452 sicut
1543 3416 1572 3450 a
1597 3395 1884 3467 parentibus

304 3518 389 3571 per
417 3501 601 3571 Legem
628 3506 943 3568 acceperant,
962 3495 1231 3560 custodire,
1259 3493 1408 3546 etiam
1424 3507 1537 3543 cum
1560 3490 1611 3542 in
1633 3486 1886 3543 Christum

301 3594 664 3655 credidissent;
692 3608 789 3643 non
816 3598 979 3642 tamen
1026 3588 1078 3640 in
1120 3586 1189 3638 eis
1224 3585 1338 3653 jam
1363 3580 1715 3636 constituerent
1744 3592 1885 3645 spem

302 3687 500 3749 salutis,
533 3685 769 3755 quoniam
815 3698 901 3751 per
940 3679 1207 3732 Dominum
1249 3675 1425 3728 Jesum
1462 3674 1599 3726 salus
1638 3672 1749 3738 ipsa
1777 3684 1888 3739 qua

302 3778 406 3833 illis
428 3776 754 3831 sacramentis
787 3771 1183 3843 signiﬁcabatur,
1208 3768 1494 3821 advenerat.
1527 3784 1546 3817 ι
1582 3763 1757 3817 Totius
1776 3779 1887 3815 ser-

303 3869 467 3922 monis
496 3868 592 3927 tui,
621 3881 764 3936 quem
791 3862 1124 3933 disputatione
1152 3858 1443 3928 longissima
1472 3853 1782 3925 protraxisti,
1807 3851 1889 3903 hic

303 3974 485 4013 sensus
526 3965 599 4010 est
634 3965 687 4008 ut
716 3952 901 4008 Petrus
926 3969 1026 4006 non
1058 3949 1291 4003 erraverit
1316 3948 1369 4000 in
1395 3962 1452 4001 eo
1477 3944 1609 4016 quod
1631 3944 1706 3996 his
1726 3942 1809 4010 qui
1830 3956 1893 3995 ea:

306 4049 505 4102 Judais
550 4045 881 4108 crediderant,
925 4040 1168 4112 putaverit
1202 4038 1382 4108 Legem
1421 4054 1522 4091 esse
1557 4033 1889 4097 servandam;

308 4141 398 4194 sed
417 4140 470 4191 in
492 4154 550 4191 eo
570 4152 601 4189 a
629 4135 749 4189 recti
786 4133 917 4188 linea
949 4131 1173 4195 deviarit,
1202 4129 1335 4199 quod
1366 4126 1544 4181 Gentes
1567 4124 1779 4195 coegerit
1802 4123 1891 4191 ju-

310 4231 533 4282 daizare.
558 4224 785 4297 Coegerit
810 4233 972 4277 autem
1009 4238 1110 4275 non
1150 4218 1369 4272 docentis
1398 4216 1628 4285 imperio,
1656 4213 1743 4266 sed
1764 4228 1891 4263 con—

309 4319 605 4374 versationis
629 4315 877 4387 minplo.
906 4313 969 4367 Et
991 4309 1188 4366 Paulus
1214 4325 1314 4361 non
1342 4305 1593 4360 contraria
1614 4303 1677 4355 sit
1700 4303 1892 4355 locutus

310 4413 389 4465 his
413 4425 526 4481 qua
545 4410 654 4481 ipse
680 4414 931 4479 gesserat;
960 4403 1045 4457 sed
1076 4416 1229 4471 quare
1250 4398 1434 4453 Petrus
1463 4412 1547 4449 eos
1567 4394 1651 4464 qui
1675 4409 1736 4446 ea:
1757 4390 1893 4445 Gen-

301 4504 443 4559 tibus
473 4512 647 4565 erant,
666 4499 933 4569 judaizare
952 4494 1285 4564 compelleret.

387 4594 475 4646 13.
516 4590 637 4645 Hac
661 4606 775 4660 ergo
817 4602 1011 4641 summa
1043 4592 1113 4637 est
1140 4580 1454 4652 quastionis,
1496 4577 1597 4631 imo
1639 4574 1896 4629 sententia

319 4696 440 4744 tua,
468 4694 523 4735 ut
562 4691 673 4752 post
708 4677 1034 4748 Evangelium
1070 4672 1272 4733 Christi,
1322 4670 1444 4723 bene
1492 4668 1680 4738 faciant
1726 4663 1898 4717 Judai

320 4778 594 4839 credentes,
626 4775 668 4826 si
697 4772 843 4841 Legis
882 4768 1118 4822 mandata
1154 4764 1471 4824 custodiant;
1516 4760 1608 4811 hoc
1641 4767 1713 4810 est
1748 4757 1790 4809 si
1815 4773 1897 4808 sa-

321 4868 517 4936 criﬁcia
546 4864 757 4930 offerant
785 4875 897 4929 qua
932 4857 1104 4911 obtulit
1154 4854 1377 4915 Paulus,
1408 4852 1450 4903 si
1481 4850 1612 4916 filios
1639 4845 1901 4900 circumci-

323 4958 465 5018 dant,
505 4956 550 5009 si
591 4954 849 5007 sabbatum
884 4956 1093 5008 servent,
1136 4954 1188 4997 ut
1228 4942 1420 4994 Paulus
1448 4940 1500 4991 in
1534 4937 1811 4999 Timotheo,
1852 4942 1900 4987 el

322 5065 493 5103 omnes
520 5047 831 5099 observavere
855 5038 1043 5093 Judai.
1077 5034 1136 5090 Si
1171 5035 1262 5088 hoc
1288 5047 1453 5087 verum
1488 5036 1578 5090 est,
1605 5028 1657 5079 in
1677 5024 1900 5080 Cen'nthi

323 5150 371 5195 et
408 5138 614 5193 Ebionis
648 5133 876 5190 haresim
904 5128 1197 5189 delabimur,
1245 5124 1329 5195 qui
1369 5119 1620 5174 credentes
1656 5118 1709 5169 in
1750 5114 1900 5167 Chri-

325 5241 475 5294 stum,
513 5239 717 5299 propter
741 5226 834 5279 hoc
861 5222 1022 5277 solum
1047 5237 1077 5271 a
1095 5218 1317 5289 patribus
1337 5207 1744 5266 anathematizati
1764 5214 1897 5272 sunt,

327 5322 462 5386 quod
492 5320 640 5391 Legis
678 5315 973 5372 cerimonias
996 5309 1179 5365 Christi
1210 5305 1480 5375 Evangelia
1510 5302 1832 5359 miscuerunt,
1855 5305 1902 5349 et

328 5416 398 5468 sic
428 5429 555 5466 nova
581 5410 793 5479 confessi
827 5414 977 5471 sunt,
1020 5412 1073 5456 ut
1110 5410 1273 5455 vetera
1310 5414 1409 5450 non
1437 5395 1735 5449 omitterent.
1768 5388 1902 5455 Quid

331 5506 497 5559 dicam
525 5505 587 5559 de
615 5504 890 5568 Ebionitis,
935 5499 1020 5571 qui
1056 5496 1365 5552 Christianos
1396 5507 1497 5546 esse
1532 5506 1583 5544 se
1621 5486 1905 5543 simulant?

333 5682 546 5808 {alim
584 5688 726 5732 octo:
763 5675 1095 5743 Compassitme
1130 5666 1446 5729 misericordi,
1480 5676 1573 5715 non
1610 5659 1903 5715 simulatione

392 5827 464 5888 (lt)
488 5828 632 5889 Epist.
656 5826 735 5885 40,
758 5839 807 5875 n.
832 5824 880 5873 4.

1448 352 1926 412 EPISTOLARUM
1961 352 2232 413 CLASSIS
2260 356 2326 411 ll.

1972 468 2142 539 Usque
2170 472 2318 525 hodie
2352 487 2441 542 per
2474 479 2603 526 totas
2630 471 2847 531 Orientis
2873 456 3155 549 synagogas
3176 478 3305 534 inter
3326 481 3535 541 Judaos

1970 564 2173 618 haresis
2195 574 2287 631 est,
2317 580 2428 633 qua
2448 564 2631 618 dicitur
2656 564 2958 634 Mineorum,
2990 578 3035 622 et
3054 586 3084 623 a
3107 569 3380 627 Pharisais
3405 591 3539 631 nunc

1969 672 2125 725 usque
2148 658 2430 721 damnatur,
2464 673 2587 728 quos
2615 658 2762 728 vulgo
2795 657 3068 714 Nazaraos
3101 672 3427 732 nuncupant,
3452 665 3540 734 qui

1969 752 2180 804 credunt
2196 750 2247 803 in
2260 749 2509 804 Christum
2525 750 2715 804 Filium
2735 750 2850 817 Dei,
2865 762 3035 806 natum
3051 752 3113 807 de
3130 754 3319 825 virgine
3334 754 3386 807 Μ
3392 756 3502 808 aria
3518 771 3540 820 ;

1972 852 2019 898 et
2046 860 2159 898 eum
2186 844 2357 898 dicunt
2381 860 2504 910 esse,
2534 844 2616 915 qui
2637 844 2726 898 sub
2748 843 2932 899 Pontio
2961 845 3131 901 Pilato
3157 864 3335 917 passus
3360 858 3432 903 est
3452 890 3467 917 ,
3494 857 3542 903 et

1970 937 2263 1001 resurrexit,
2302 936 2354 989 in
2380 952 2523 1002 quem
2550 944 2595 990 et
2619 952 2707 989 nos
2740 937 2987 991 credimus
3009 953 3027 991 :
3046 938 3134 991 sed
3158 938 3279 992 dum
3302 938 3470 992 volunt
3495 946 3543 993 et

1969 1024 2143 1081 Judai
2168 1042 2269 1081 esse
2294 1035 2339 1081 et
2360 1026 2651 1091 Christiani,
2681 1043 2769 1080 nec
2792 1026 2961 1082 Judai
2990 1038 3102 1082 sunt
3134 1046 3223 1083 nec
3250 1027 3539 1083 Christiani.

1975 1117 2079 1172 Oro
2098 1136 2213 1189 ergo
2233 1126 2281 1172 te
2300 1128 2371 1183 ut,
2406 1118 2491 1187 qui
2519 1128 2688 1171 nostro
2720 1118 3014 1173 vulnusculo
3034 1120 3329 1173 medendum
3356 1129 3502 1190 putas
3524 1159 3541 1185 ,

1973 1209 2106 1278 quod
2130 1225 2223 1261 aeu
2246 1213 2466 1280 foratum
2484 1249 2498 1275 ,
2527 1209 2628 1262 imo
2654 1218 2914 1281 punctum,
2937 1218 2991 1262 ut
3019 1209 3223 1274 dicitur,
3254 1210 3406 1281 hujus
3426 1226 3543 1264 sen-

1974 1301 2139 1354 tentia
2165 1300 2408 1355 medearis
2446 1301 2659 1367 vulneri,
2685 1302 2817 1371 quod
2850 1302 3045 1367 lancea,
3072 1310 3139 1369 et,
3170 1312 3225 1355 ut
3248 1302 3319 1355 ita
3339 1302 3505 1354 dicam
3525 1341 3542 1367 ,

1974 1391 2248 1461 phalarica:
2270 1390 2346 1464 (a)
2377 1392 2507 1445 mole
2533 1408 2819 1462 percussum
2847 1401 2938 1447 est.
2966 1391 3141 1461 Neque
3165 1395 3294 1447 enim
3321 1393 3545 1463 ejusdem

1974 1490 2047 1536 est
2072 1483 2293 1535 criminis
2321 1483 2373 1535 in
2399 1483 2751 1551 explanatione
2777 1482 3153 1551 Scriptururum
3187 1484 3405 1537 diversas
3431 1500 3543 1536 ma-

1965 1575 2140 1645 jorum
2179 1576 2447 1629 sententias
2486 1592 2700 1645 ponere,
2754 1585 2800 1629 et
2848 1575 3074 1629 haresim
3120 1576 3548 1629 sceleratissimam

1973 1681 2175 1719 rursum
2212 1668 2264 1719 in
2294 1665 2575 1720 Ecclesium
2610 1667 2944 1721 introducere.
2968 1666 3065 1721 Sin
3085 1677 3251 1720 autem
3275 1668 3380 1719 hac
3408 1667 3549 1721 nobis

1974 1756 2216 1811 incumbit
2248 1759 2533 1824 necessitas,
2560 1767 2613 1811 ut
2633 1758 2841 1813 Judaos
2869 1776 2982 1812 cum
3003 1759 3235 1829 legitimis
3254 1759 3359 1811 suis
3385 1758 3549 1811 susci-

1976 1850 2194 1921 piamus,
2216 1859 2262 1903 et
2282 1851 2443 1903 licebit
2480 1852 2549 1905 eis
2587 1852 2844 1905 observare
2868 1852 2921 1905 in
2959 1852 3177 1906 ecclesiis
3219 1851 3401 1905 Christi
3420 1863 3552 1919 quoa

1975 1951 2297 1995 exercuerunt
2313 1942 2363 1994 in
2383 1943 2649 2013 synagogis
2669 1951 2878 2005 satana,
2900 1942 3065 1994 dicam
3082 1942 3217 2011 quod
3234 1944 3390 1996 sentio
3414 1960 3428 1996 :
3451 1957 3553 1995 non

1974 2032 2052 2087 illi
2083 2030 2354 2087 Christiani
2379 2035 2519 2102 fient,
2549 2033 2637 2086 sed
2664 2050 2753 2087 nos
2777 2032 2986 2087 Judaos
3011 2033 3216 2103 facient.

2049 2127 2136 2179 14.
2175 2126 2297 2190 Quis
2336 2126 2468 2179 enim
2514 2125 2607 2177 hoc
2635 2123 3032 2178 Christianorum
3066 2125 3311 2193 patienter
3342 2124 3549 2189 audiat,

1976 2218 2111 2290 quod
2133 2218 2187 2271 in
2214 2228 2298 2270 tua
2322 2218 2533 2287 epistola
2550 2218 2830 2270 continetur
2853 2232 2871 2269 :
2906 2234 2925 2267 ι
2950 2215 3160 2269 Judaus
3180 2225 3285 2269 erat
3313 2215 3511 2270 Paulus
3533 2234 3552 2283 ;

1978 2308 2291 2363 Christianus
2328 2317 2492 2360 autem
2526 2311 2719 2377 factus,
2769 2324 2867 2359 non
2910 2304 3209 2359 Judaorum
3245 2316 3556 2360 sacramenta

1979 2402 2268 2473 reliquerat,
2299 2416 2411 2472 qua
2438 2402 2783 2453 convenienter
2827 2400 2914 2452 ille
2957 2399 3193 2469 papulus,
3245 2408 3292 2452 et
3336 2398 3554 2468 legitimo

1982 2505 2202 2566 tempore
2226 2510 2323 2563 quo
2348 2494 2633 2563 oportebat,
2662 2502 2919 2563 acceperat
2953 2507 2970 2545 :
2995 2490 3203 2562 ideoque
3240 2492 3453 2559 suscepit
3478 2506 3559 2543 ce-

1982 2587 2223 2641 lebranda
2251 2603 2308 2640 ea
2332 2602 2445 2639 cum
2473 2586 2586 2655 jam
2627 2584 2811 2640 Christi
2839 2593 2963 2638 esset
2984 2584 3261 2653 apostolus,
3284 2592 3337 2634 ut
3362 2581 3559 2634 doceret

1982 2696 2083 2734 non
2108 2696 2211 2734 esse
2238 2678 2516 2749 perniciosa
2542 2678 2618 2731 his
2641 2676 2727 2747 qui
2752 2694 2809 2729 ea
2834 2676 3031 2739 vellent,
3060 2675 3184 2728 sicut
3211 2690 3243 2726 a
3272 2673 3560 2742 parentibus

1986 2789 2076 2843 per
2105 2772 2285 2842 Legem
2311 2777 2628 2838 acceperant,
2662 2767 2929 2820 custodire.
2962 2785 2979 2817 ι
3006 2765 3226 2819 Rursum
3254 2762 3451 2815 obsecro
3477 2771 3523 2815 te
3544 2801 3557 2825 ,

1986 2875 2042 2918 ut
2068 2881 2190 2935 pace
2219 2874 2303 2916 tua
2328 2879 2491 2916 meum
2530 2860 2755 2914 dolerent
2797 2859 2997 2912 audias.
3037 2857 3343 2911 Judaorum’
3364 2852 3562 2907 Paulus

1988 2955 2282 3008 cerimonias
2308 2952 2614 3015 observabat,
2644 2966 2755 3003 cum
2777 2954 2891 3018 jam
2921 2948 3106 3001 Christi
3132 2954 3256 2999 esset
3282 2943 3557 3014 apostolus,

1989 3063 2033 3107 et
2059 3055 2182 3107 dicis
2218 3070 2237 3102 ι
2273 3068 2357 3106 eas
2387 3067 2486 3103 non
2514 3065 2619 3103 esse
2658 3046 2961 3117 perniciosas
3003 3043 3079 3095 his
3107 3042 3192 3107 qui
3231 3056 3314 3095 eas
3342 3037 3520 3091 vellant
3544 3076 3559 3103 ,

1988 3145 2117 3197 sicut
2142 3160 2172 3195 a
2200 3140 2483 3210 parentibus
2514 3146 2826 3207 acceperant,
2850 3133 3119 3188 custodire.
3158 3150 3176 3182 ι
3222 3129 3331 3199 Ego
3369 3144 3397 3181 e
3439 3143 3561 3180 con-

1990 3234 2146 3287 trario
2173 3233 2369 3302 loquar,
2400 3240 2445 3285 et
2470 3230 2773 3283 reclamante
2798 3224 3002 3287 mundo,
3029 3223 3182 3275 libera
3201 3236 3315 3273 voce
3343 3234 3566 3288 pronun-

1993 3326 2126 3388 tiem,
2153 3322 2450 3376 cerimonias
2470 3319 2503 3372 .1
2510 3320 2767 3373 udaorum
2793 3326 2838 3370 et
2867 3315 3168 3383 perniciosas
3194 3328 3317 3377 esse,
3350 3319 3394 3363 et
3424 3326 3564 3362 utor—

1993 3416 2165 3485 tiferas
2188 3412 2521 3475 Christianis;
2551 3420 2597 3463 et
2624 3410 2916 3477 quicumque
2944 3422 3026 3459 eas
3066 3401 3391 3456 observaverit
3414 3441 3428 3465 ,
3467 3398 3569 3452 sive

1995 3523 2056 3560 ex
2091 3505 2309 3570 Judais,
2340 3504 2440 3558 sive
2464 3519 2526 3555 ea:
2552 3500 2807 3561 Gentibus,
2836 3514 2951 3551 eum
2976 3498 3028 3549 in
3059 3495 3351 3548 barathrum
3382 3489 3571 3544 diaboli

1995 3599 2297 3652 devolutum.
2345 3614 2361 3646 ι
2414 3594 2557 3647 Finis
2592 3594 2723 3646 enim
2754 3591 2897 3661 Legis
2928 3589 3172 3647 Christus,
3220 3585 3287 3637 ad
3319 3582 3569 3653 justitiam

1995 3691 2129 3744 omni
2159 3688 2398 3752 credenti,
2422 3686 2603 3738 Judao
2632 3684 2818 3737 scilicet
2854 3690 2898 3733 et
2930 3677 3113 3732 Gentili
3135 3697 3153 3729 ι
3186 3675 3359 3744 (Rom.
3386 3688 3443 3737 ι,
3473 3671 3529 3740 4)
3554 3688 3567 3725 :

1995 3799 2152 3851 neque
2195 3780 2326 3835 enim
2374 3778 2510 3831 omni
2552 3774 2769 3829 credenti
2814 3772 2907 3825 erit
2953 3771 3067 3832 ﬁnis
3106 3768 3171 3819 ad
3212 3765 3497 3835 justitiam,
3527 3761 3572 3816 si

1996 3873 2210 3926 Judaus
2237 3869 2500 3937 excipitur.
2539 3865 2606 3918 Et
2649 3866 2703 3917 in
2745 3861 3016 3931 Evangelia
3053 3857 3303 3927 legimus:
3332 3872 3351 3904 ι
3386 3851 3491 3906 Lex
3524 3856 3573 3904 et

2002 3965 2272 4035 Propheta
2316 3974 2469 4027 usque
2497 3956 2564 4009 ad
2589 3955 2836 4009 Joannem
2862 3950 3139 4020 Baptistam
3170 3965 3188 3997 ι
3224 3943 3432 4014 (Matth.
3480 3956 3531 3994 χι
3554 3980 3571 4005 ,

1999 4058 2087 4123 i5,
2106 4066 2151 4110 et
2175 4055 2301 4108 Luc.
2339 4067 2447 4115 ινι,
2476 4051 2588 4119 16).
2617 4046 2682 4100 Et
2711 4046 2763 4099 in
2789 4043 2889 4097 alio
2917 4042 3025 4094 loco
3058 4056 3075 4093 :
3106 4056 3124 4089 ‹
3161 4037 3436 4105 Pr0pterea
3458 4047 3574 4102 ergo

1998 4149 2158 4218 magis
2182 4145 2467 4217 quarebant
2494 4156 2606 4193 eum
2623 4136 2795 4191 Judai
2819 4132 3111 4201 inter/icere,
3147 4128 3264 4199 quia
3286 4142 3386 4178 non
3415 4124 3576 4178 solum

1998 4216 2213 4294 solvebat
2249 4235 2539 4297 sabbatum,
2571 4228 2659 4281 sed
2702 4235 2747 4279 et
2799 4225 3004 4277 Patrem
3041 4236 3186 4274 suum
3232 4216 3424 4269 dicebat
3472 4227 3578 4266 esse

2001 4331 2182 4393 Deum,
2207 4324 2449 4395 aqualem
2473 4339 2525 4375 se
2549 4320 2739 4392 faciens
2768 4317 2873 4369 Deo
2906 4333 2924 4366 ι
2957 4311 3132 4380 (Joan.
3163 4325 3213 4374 v,
3244 4307 3353 4375 18).
3383 4304 3450 4357 Et
3484 4304 3577 4359 ite-

2001 4436 2116 4474 rum
2149 4434 2167 4471 :
2202 4436 2220 4468 ι
2252 4414 2330 4468 De
2358 4411 2667 4482 plenitudine
2708 4410 2817 4477 ejus
2852 4421 2942 4458 nos
2978 4416 3147 4455 omnes
3182 4396 3483 4465 accepimus,
3530 4402 3580 4447 et

2004 4511 2219 4583 gratiam
2248 4522 2338 4579 pro
2376 4504 2566 4575 gratia,
2612 4500 2728 4570 quia
2770 4497 2878 4550 Lex
2924 4510 3011 4564 per
3054 4490 3265 4560 Moysen
3305 4487 3424 4539 data
3469 4488 3575 4549 est;

2005 4603 2181 4659 Gratia
2224 4610 2388 4653 autem
2416 4606 2461 4649 et
2488 4595 2665 4647 veritas
2691 4608 2778 4662 per
2802 4588 2836 4641 .1
2842 4604 2976 4641 esum
3002 4584 3255 4639 Christum
3283 4584 3416 4650 facta
3445 4585 3519 4630 est
3551 4591 3579 4630 υ

2004 4695 2054 4767 (Ι
2064 4694 2165 4748 bid.
2213 4709 2249 4756 ι,
2296 4689 2379 4752 16,
2415 4688 2521 4756 17).
2558 4683 2662 4735 Pro
2691 4681 2837 4749 Legis
2859 4678 3021 4747 gratia
3042 4689 3153 4744 qua
3182 4669 3437 4741 prateriit,
3464 4682 3580 4737 gra-

2004 4788 2125 4840 tiam
2150 4780 2411 4853 Evangelii
2445 4777 2723 4845 accepimus
2768 4778 3178 4841 permanentem;
3203 4774 3247 4817 et
3275 4778 3366 4833 pro
3393 4759 3578 4813 umbris

2004 4888 2050 4933 et
2088 4874 2386 4945 imaginibus
2430 4868 2604 4923 veteris
2647 4862 3012 4921 Instrumenti,
3056 4856 3235 4910 veritas
3282 4870 3368 4924 per
3404 4850 3581 4903 Iesum

2005 4972 2258 5028 Christum
2290 4968 2424 5037 facta
2449 4972 2539 5017 est.
2570 4960 2816 5014 Jeremias
2838 4970 3031 5028 quoque
3051 4969 3112 5006 ex
3134 4966 3347 5020 persona
3369 4945 3467 4998 Dei
3493 4958 3582 4995 ta-

2007 5067 2241 5120 ticinatur
2270 5077 2288 5115 :
2321 5079 2339 5112 (
2378 5059 2508 5113 Ecce
2532 5055 2636 5109 dies
2662 5053 2881 5114 veniunt,
2913 5048 3031 5101 dicit
3072 5045 3349 5104 Dominus,
3386 5046 3431 5089 et
3456 5050 3577 5087 con-

2009 5156 2265 5216 summabo
2291 5151 2462 5207 domui
2510 5146 2673 5203 Israel
2731 5153 2778 5198 et
2826 5140 2998 5196 domui
3046 5136 3187 5193 Iuda
3237 5136 3581 5186 testamentum

2008 5265 2220 5312 novum;
2248 5262 2348 5299 non
2374 5239 2644 5297 secundum
2670 5241 3018 5290 testamentum
3054 5226 3187 5296 quod
3223 5218 3446 5291 disposui
3490 5232 3581 5284 pa—

2008 5343 2162 5398 tribus
2191 5354 2381 5401 eorum,
2414 5336 2467 5389 in
2495 5332 2576 5386 die
2605 5326 2804 5400 quando
2825 5318 3135 5395 apprehendi
3156 5328 3359 5368 manum
3383 5322 3577 5372 eorum,

2007 5446 2067 5493 ut
2086 5435 2343 5491 educerem
2366 5399 2447 5484 eos
2476 5426 2537 5480 de
2566 5399 2698 5478 terra
2726 5416 2947 5490 Egypti
2969 5433 2988 5467 ι
3020 5410 3154 5484 (Jer.
3181 5420 3325 5473 xm,
3354 5403 3441 5468 51,
3465 5399 3578 5462 52).

2070 5676 2142 5738 (α)
2167 5670 2404 5738 Phalarim
2426 5676 2587 5738 εειιιξεξ
2605 5660 2821 5738 teli.
2838 5650 3117 5738 Ejﬂ‘id‘iﬁ’.
3140 5640 3582 5738 ἓξὲξἔῖξῖᾒὲἒέ

2007 5706 2142 5788 retia!
2152 5706 2404 5791 ira}qu
2426 5706 2821 5792 ξιῖὦῖὁξίίιῴᾤ
2838 5715 3020 5777 nervis,
3040 5718 3124 5766 aut.
3144 5706 3360 5763 machina
3382 5706 3584 5771 quadam

2008 5783 2183 5855 ﬁve—ilics
2196 5806 2369 5857 magno
2390 5783 2574 5854 inipetu
2587 5783 2865 5837 mittebatur

3591 5874 3621 5908 ᾲ
