4032 6334
493 530 712 586 Observa
735 525 858 598 quid
881 527 1034 596 dicat,
1063 525 1197 598 quod
1236 542 1337 582 non
1371 525 1555 597 papula
1586 522 1878 590 Gentilium,
1903 522 1950 578 ei
1974 521 2059 588 qui

490 635 606 675 ante
632 635 730 673 non
759 628 1012 687 receperat
1042 621 1058 650 ¹
1088 616 1471 680 Testamentum,
1503 615 1591 670 sed
1620 615 1807 686 pOpulo
1843 611 2059 670 Iudico-

488 727 622 777 rum,
645 711 728 783 qui
751 709 931 780 Legem
956 711 1156 763 dederat
1177 727 1265 780 per
1297 707 1530 778 Moysen,
1571 705 1944 762 Testamentum
1967 723 2062 761 no-

485 821 600 863 vum
653 807 914 878 Evangelii
963 805 1310 877 repromittat;
1356 812 1412 857 ut
1454 819 1763 873 nequaquam
1799 803 1962 856 vivant
2002 801 2058 857 in

485 910 721 953 vetustate
746 901 941 963 litterre,
970 897 1056 951 sed
1081 897 1130 950 in
1163 897 1375 950 novitate
1395 895 1619 964 spiritus.
1645 893 1844 948 Paulus
1866 903 2052 960 autem,

483 1005 632 1054 super
669 990 813 1058 cujus
857 989 1054 1040 nomine
1093 1002 1224 1038 nunc
1262 987 1467 1055 qucestio
1511 983 1804 1048 ventilatur,
1855 983 2055 1037 crebras

481 1080 826 1151 hujuscemodi
846 1078 986 1148 ponit
1002 1078 1300 1142 sententias;
1321 1093 1348 1131 e
1370 1077 1564 1147 quibus,
1596 1077 1841 1131 brevitatis
1862 1076 2050 1141 studio,

480 1189 642 1243 pauca
671 1171 973 1224 subuectant.
1003 1187 1020 1220 s
1050 1169 1184 1223 Ecce
1203 1185 1292 1240 ego
1313 1168 1504 1222 Paulus
1525 1169 1635 1221 dico
1659 1168 1794 1222 vobis
1818 1168 2053 1237 quoniam

477 1264 522 1318 si
541 1261 984 1322 circumcidamini,
1013 1261 1240 1316 Christus
1267 1261 1401 1315 vobis
1429 1262 1555 1314 nihil
1579 1262 1798 1331 prodest.
1826 1280 1844 1312 ι
1875 1259 1943 1314 Et
1962 1262 2052 1314 ite-

475 1369 588 1406 rum
618 1367 637 1406 :
673 1370 690 1404 ‹
726 1351 970 1406 Evacuati
1001 1353 1117 1405 estis
1141 1369 1171 1405 a
1193 1351 1409 1418 Christo,
1434 1353 1517 1422 qui
1545 1352 1597 1404 in
1632 1351 1762 1421 Lege
1791 1353 2050 1421 justi/ica-

474 1446 630 1509 mini;
659 1461 688 1497 a
712 1446 874 1515 gratia
913 1445 1183 1499 excidistis.
1222 1463 1242 1497 ι
1273 1444 1339 1497 Et
1358 1445 1493 1513 infra
1517 1459 1536 1497 :
1568 1462 1586 1494 ι
1623 1441 1684 1498 Si
1709 1445 1883 1514 spiritu
1905 1444 2049 1497 duci-

472 1538 626 1598 mini,
656 1539 768 1607 jam
810 1553 908 1590 non
943 1537 1057 1590 estis
1082 1537 1171 1590 sub
1198 1535 1328 1606 Lege
1361 1556 1379 1587 s
1412 1533 1554 1606 (Gal.
1582 1551 1633 1598 ν,
1659 1535 1712 1597 2,
1742 1536 1794 1598 4,
1832 1534 1939 1606 18).
1969 1533 2051 1588 Ea:

471 1647 568 1695 quo
613 1639 842 1699 apparet,
891 1631 974 1698 qui
1027 1628 1117 1682 sub
1168 1628 1298 1697 Lege
1344 1637 1434 1692 est,
1481 1643 1581 1680 non
1618 1627 1965 1696 dispensative,
1995 1634 2050 1678 ut

470 1722 628 1775 nostri
659 1721 856 1774 voluere
883 1722 1119 1790 majores,
1150 1721 1234 1774 sed
1264 1735 1392 1785 vere,
1432 1727 1486 1772 ut
1534 1729 1585 1771 tu
1628 1719 1894 1788 intclligis,
1936 1734 2049 1770 eum

473 1812 722 1882 Spiritum
753 1823 978 1866 sanctum
1017 1829 1116 1865 non
1155 1812 1350 1865 habere.
1394 1811 1578 1875 Qualia
1607 1812 1704 1865 sint
1729 1821 1894 1865 autem
1919 1825 2051 1881 prte-

471 1915 614 1974 cepta
663 1905 874 1974 legalia,
915 1903 1021 1957 Deo
1048 1904 1254 1958 docente
1281 1905 1552 1959 discamus.
1607 1923 1626 1956 ι
1678 1904 1814 1975 Ego,
1846 1905 2044 1974 inquit,

469 1996 588 2049 dedi
611 1997 681 2048 eis
717 2007 971 2064 prcecepta
997 2011 1096 2047 non
1133 1997 1281 2059 bona,
1311 2006 1356 2048 et
1374 1997 1762 2064 justiﬁcationcs
1789 1997 1842 2048 in
1870 1997 2047 2065 quibus

466 2105 566 2142 non
591 2089 755 2142 vivant
785 2090 835 2140 in
863 2088 931 2140 eis
961 2105 979 2138 ι
1012 2085 1219 2155 (Ezech.
1250 2103 1336 2149 xx,
1372 2085 1485 2157 25).
1517 2085 1640 2140 Haec
1678 2087 1910 2153 dicimus,
1948 2104 2047 2140 non

464 2181 598 2250 quod
624 2181 805 2250 Legem
841 2181 994 2249 juxta
1026 2179 1364 2233 Manichteum
1391 2190 1434 2232 et
1476 2179 1785 2234 Marcionem
1822 2179 2048 2234 destrua-

427 2285 440 2296 '
465 2289 594 2338 mus,
623 2289 773 2341 quam
816 2283 862 2327 et
899 2283 1124 2327 sanctam
1153 2283 1198 2325 et
1223 2272 1538 2342 spiritualem
1571 2275 1720 2340 juxta
1749 2272 2046 2341 Apostolum

463 2365 727 2428 novimus;
767 2363 853 2418 sed
893 2367 1011 2434 quia
1058 2375 1317 2435 postquam
1356 2364 1480 2432 ﬁdes
1516 2363 1646 2416 venit
1683 2372 1729 2416 et
1769 2374 2045 2434 temporum

462 2456 742 2527 plenitudo,
768 2457 899 2509 misit
924 2455 1061 2509 Deus
1087 2455 1134 2508 Ρ
1136 2457 1276 2508 ilium
1297 2471 1442 2508 suum
1466 2457 1654 2526 factum
1673 2456 1694 2486 ¹
1725 2471 1787 2508 ea:
1815 2455 2040 2522 muliere,

464 2549 656 2618 factum
685 2548 775 2602 sub
803 2547 953 2618 Lege,
986 2558 1042 2600 ut
1067 2561 1148 2601 eos
1176 2549 1258 2617 qui
1287 2547 1376 2600 sub
1406 2545 1540 2617 Lege
1578 2556 1718 2599 erant
1747 2545 2040 2613 redimeret,

460 2649 515 2694 ut
540 2641 861 2711 ad0ptionem
887 2640 1110 2709 filiorum
1135 2641 1464 2709 reciperentus
1486 2636 1627 2708 (Gal.
1658 2651 1729 2703 tv,
1752 2636 1840 2707 4);
1872 2645 1920 2691 et
1954 2653 2042 2690 ne-

457 2749 706 2802 quaquam
730 2732 819 2786 sub
854 2732 1148 2804 ptcdagogo,
1180 2732 1266 2785 sed
1303 2731 1392 2784 sub
1423 2729 1594 2783 adulto
1621 2737 1667 2782 et
1693 2727 1909 2782 Domino
1934 2728 2040 2781 ha:-

456 2823 576 2878 rede
603 2825 840 2878 vivamus.

527 2913 613 2970 15.
647 2915 889 2984 Sequitur
915 2915 968 2967 in
1018 2913 1228 2984 epistola
1278 2921 1411 2966 tua:
1442 2930 1461 2963 ι
1500 2911 1616 2965 Non
1667 2909 1779 2965 ideo
1829 2907 2042 2964 Petrum

455 3006 754 3070 emendavit,
783 3006 918 3076 quod
947 3014 1180 3074 paternas
1197 3004 1486 3057 traditiones
1506 3002 1813 3067 observaret;
1845 2999 1979 3072 quod
1998 2996 2042 3052 si

453 3098 616 3167 facere
635 3097 798 3162 vellet,
819 3115 906 3152 nec
932 3098 1251 3160 mendaciter,
1271 3113 1358 3150 nec
1372 3097 1642 3166 incongrue
1662 3101 1864 3166 faceret.
1893 3112 1912 3146 ι
1935 3091 2042 3147 Ite-

451 3207 566 3244 rum
605 3192 716 3245 dico
762 3207 780 3245 :
819 3191 1019 3261 quando
1067 3191 1325 3260 episc0pus
1371 3206 1438 3254 es,
1487 3188 1823 3241 Ecclesiarum
1853 3185 2040 3241 Christi

453 3283 706 3352 magister,
731 3290 785 3335 ut
816 3283 989 3351 probes
1018 3295 1184 3333 verum
1216 3297 1318 3333 esse
1345 3279 1475 3349 quod
1506 3281 1704 3345 asseris,
1730 3279 1924 3348 suscipe
1943 3279 2039 3331 ali-

451 3389 599 3441 quem
636 3371 958 3437 Iudaeorum,
987 3371 1074 3440 qui
1102 3373 1263 3441 factus
1290 3368 1622 3434 Christianus,
1651 3379 1820 3422 natum
1853 3371 1947 3423 sibi
1974 3371 2038 3437 ﬁ-

456 3462 580 3516 lium
625 3463 972 3527 circumcidat,
1003 3468 1088 3531 qui
1115 3463 1331 3516 observet
1375 3461 1652 3523 sabbatum,
1685 3462 1769 3531 qui
1797 3461 2038 3515 abstineat

452 3550 633 3604 acibis
659 3567 782 3620 quos
813 3550 950 3604 Deus
991 3553 1173 3603 creavit
1212 3552 1278 3603 ad
1325 3551 1562 3602 utendum
1611 3567 1723 3603 cum
1762 3553 2036 3620 gratiarum

451 3645 666 3709 actione,
698 3644 785 3708 qui
805 3651 980 3714 quarto
1011 3643 1200 3696 decimo
1230 3643 1312 3696 die
1337 3644 1520 3696 mensis
1545 3643 1696 3712 primi
1721 3659 1904 3712 agnum
1926 3659 2035 3696 nta-

451 3745 549 3790 otet
575 3735 642 3788 ad
666 3752 958 3805 vesperam;
981 3745 1024 3788 et
1068 3751 1179 3789 cum
1208 3733 1300 3788 hoc
1342 3733 1536 3804 feceris,
1583 3734 1681 3787 imo
1717 3751 1816 3787 non
1862 3735 2036 3804 feceris

448 3825 581 3897 (scio
608 3827 737 3880 enim
758 3835 803 3880 te
830 3825 1180 3889 christianum,
1222 3834 1267 3878 et
1307 3839 1410 3878 rem
1448 3825 1746 3894 sacrilegam
1789 3842 1888 3878 non
1931 3842 2036 3880 esse

452 3919 751 3988 facturum).
793 3919 912 3972 velis
954 3918 1104 3984 nolis,
1147 3926 1284 3969 tuam
1308 3917 1602 3969 sententiam
1639 3917 1958 3986 reprobabis;
1989 3927 2036 3970 et

451 4017 569 4063 tunc
620 4011 743 4064 scies
788 4025 938 4080 Opere
985 4007 1231 4078 difﬁcilius
1273 4023 1377 4060 esse
1418 4008 1716 4074 conﬁrntare
1757 4023 1849 4060 sua
1885 4025 2034 4078 quam

449 4099 619 4152 aliena
646 4099 1026 4169 reprehendere.
1049 4099 1121 4150 Ac
1141 4113 1202 4150 ne
1223 4097 1435 4168 forsitan
1463 4095 1550 4148 tibi
1575 4113 1675 4150 non
1700 4097 2029 4164 crederemus,

447 4191 551 4244 imo
586 4207 685 4245 non
709 4191 1098 4262 intelligeremus
1127 4187 1248 4258 quid
1285 4187 1472 4241 diceres
1503 4188 1803 4258 (frequenter
1825 4190 1954 4242 enim
1980 4190 2033 4243 in

449 4281 656 4354 longum
698 4299 860 4336 sermo
908 4290 1187 4351 protractus
1236 4289 1370 4334 caret
1413 4281 1779 4352 intelligentia;
1813 4292 1860 4335 et
1909 4283 2032 4338 dum

448 4391 548 4427 non
568 4375 792 4439 sentitur,
825 4374 887 4426 ab
924 4373 1166 4443 imperitis
1196 4373 1358 4426 minus
1401 4373 1821 4443 reprehenditur),
1865 4375 2030 4430 incul-

448 4480 534 4517 cas
572 4472 616 4517 et
640 4464 853 4532 replicas
884 4477 902 4516 :
936 4481 954 4514 ‹
1008 4461 1118 4514 Hoc
1144 4478 1260 4532 ergo
1278 4461 1577 4516 Iudaeorum
1607 4463 1800 4519 Paulus
1826 4466 2030 4519 dimise-

447 4563 548 4622 rat,
587 4555 718 4624 quod
764 4553 953 4606 malum
1000 4551 1262 4606 habebant.
1302 4552 1449 4617 Quod
1488 4563 1560 4606 est
1587 4557 1778 4608 malum
1817 4556 2028 4611 Judteo-

447 4660 580 4709 rum,
600 4643 734 4713 quod
755 4642 949 4696 Paulus
972 4644 1226 4696 dimiserat
1245 4645 1270 4696 7
1295 4642 1617 4710 Utiqueillud
1632 4647 1764 4714 quod
1780 4649 2029 4717 sequitur:

448 4735 584 4804 quod
633 4735 936 4804 ignorantes,
977 4734 1163 4803 inquit,
1202 4733 1296 4787 Dei
1315 4734 2028 4804 justitiam,etsunmvolentes

448 4819 762 4882 constituere,
793 4819 998 4882 iustitice
1024 4816 1119 4871 Dei
1147 4834 1248 4871 non
1281 4826 1397 4873 sunt
1431 4818 1638 4889 subjecti
1663 4818 1834 4893 (Rom.
1863 4835 1916 4888 χ,
1947 4823 2023 4890 5);

447 4907 628 4961 deinde
671 4907 805 4978 quod
850 4917 960 4977 post
1005 4909 1285 4976 passionem
1315 4916 1358 4961 et
1385 4911 1794 4964 resurrectionem
1816 4911 2020 4982 Christi,

447 4998 565 5051 dato
591 5015 649 5051 ac
664 4998 981 5066 manifestato
999 4997 1325 5054 Sacramento
1376 5001 1552 5068 gratiae
1573 5043 1586 5066 ,
1627 5005 1898 5057 secundum
1942 5023 2027 5059 or-

449 5089 615 5144 dinem
662 5089 1046 5150 Melchisedech,
1072 5089 1238 5142 adhuc
1259 5092 1496 5160 putabant
1525 5099 1686 5145 vetera
1713 5105 2024 5150 sacramenta

447 5199 546 5237 non
586 5195 645 5238 ex
695 5183 1047 5237 consuetudine
1087 5180 1410 5236 solemnitatis
1433 5225 1446 5249 ,
1495 5185 1583 5237 sed
1631 5201 1695 5239 ea:
1740 5189 2024 5244 necessitate

446 5275 621 5330 salutis
647 5293 751 5330 esse
778 5275 1110 5340 celebranda;
1137 5291 1250 5348 qum
1275 5285 1437 5330 tamen
1465 5277 1508 5330 si
1538 5293 1792 5348 nunquam
1812 5282 2022 5350 fuissent

446 5367 725 5420 necessaria
748 5410 762 5435 ,
797 5368 1106 5439 infructuose
1139 5377 1287 5437 atque
1329 5368 1544 5421 inaniter
1580 5387 1670 5439 pro
1703 5370 1774 5423 eis
1804 5370 2020 5425 lacha-

446 5458 539 5513 ba'i
562 5469 803 5529 martyres
821 5460 994 5530 ﬁerent
1025 5476 1043 5513 :
1069 5469 1313 5529 postremo
1338 5459 1487 5525 illud,
1510 5462 1643 5526 quod
1671 5463 2021 5530 prtedicatores

445 5551 625 5621 gratia:
650 5550 958 5607 Christianos
998 5552 1188 5619 Judtzi,
1208 5562 1443 5622 tanquam
1467 5551 1628 5606 hostes
1652 5552 1821 5624 Legis,
1850 5570 2018 5623 perse-

514 5708 531 5770 8
683 5708 938 5758 undecim:
965 5718 1083 5759 Cum
1105 5721 1197 5770 quo
1215 5713 1323 5757 ante
1346 5720 1437 5757 non
1455 5709 1631 5770 fecerat
1657 5713 2013 5762 Testatuentum.

507 5769 528 5801 ³
546 5769 677 5828 Edd.,
702 5776 865 5832 natum
886 5784 948 5821 ea:
968 5769 1183 5821 muliere.
1211 5777 1265 5819 At
1287 5775 1395 5819 Mss.
1416 5769 1606 5829 decem,
1631 5771 1809 5832 factum
1835 5784 1898 5821 ex
1913 5786 2016 5823 mu-

447 5828 565 5886 (iere
595 5833 698 5885 :sic
729 5830 842 5882 alibi
877 5834 1052 5894 passim
1073 5837 1388 5895 metonymus
1414 5833 1553 5894 juxta
1576 5828 2012 5896 gfawmtextum.

1705 395 1768 463 s.
1806 375 2169 461 sucusuin
2205 385 2510 460 EPISCDM

3631 413 3736 470 260

2163 531 2450 590 querentur.
2495 521 2605 578 Hos
2637 531 2785 594 atque
2827 523 3112 594 hujusmodi
3150 542 3338 582 errores
3371 536 3417 581 et
3449 526 3591 592 vitia,
3619 528 3741 584 dicit

2162 629 2216 668 se
2241 615 2427 670 damna
2463 626 2509 670 et
2546 628 2601 670 ut
2620 626 2837 672 stercora
2859 619 3173 688 arbitratum,
3203 630 3258 675 ut
3286 621 3538 677 Christum
3580 624 3735 677 lucri-

2163 707 2346 776 faceret
2371 706 2625 778 (Philipp.
2663 726 2738 776 ιιι,
2767 708 2846 780 8).
2870 730 2888 763 ι

2232 799 2319 854 16.
2347 799 2631 856 Didicimus
2662 819 2749 872 per
2775 813 2838 869 te,
2867 819 2982 872 qua:
3006 804 3262 874 apostolus
3287 803 3480 860 Paulus
3507 807 3645 860 mala
3672 826 3740 862 re-

2161 891 2358 960 liquerit
2388 893 2404 924 ⁸
2428 890 2758 960 Judteorum;
2786 912 2984 950 rursum
3012 905 3058 950 te
3089 897 3292 950 docente
3335 897 3608 976 discamus_
3627 917 3741 970 qute

2161 981 2474 1038 bonaeorum
2502 986 2731 1042 tenuerit.
2767 1005 2787 1038 ι
2815 986 3208 1052 Observationes,
3239 989 3483 1058 sinquies,
3515 1009 3533 1042 ‹
3566 989 3733 1061 Legis,

2158 1089 2282 1143 quas
2304 1091 2440 1129 more
2463 1077 2624 1148 patrio
2645 1076 2909 1143 celebrant,
2940 1079 3066 1131 sicut
3089 1078 3150 1132 ab
3166 1079 3275 1150 ipso
3294 1076 3458 1132 Paulo
3481 1080 3740 1135 celebrata

2157 1176 2292 1234 sunt,
2322 1165 2430 1222 sine
2456 1167 2562 1222 ulla
2586 1167 2763 1223 salutis
2788 1169 3088 1223 necessitate.
3113 1187 3131 1222 ι
3167 1167 3234 1222 Id
3257 1170 3377 1241 quid
3405 1170 3525 1225 velis
3551 1172 3735 1240 dicere,

2163 1277 2183 1310 ‹
2215 1259 2322 1312 sine
2346 1258 2451 1311 ulla
2477 1259 2651 1313 salutis
2676 1262 2982 1325 necessitate,
3017 1278 3037 1312 ι
3071 1277 3170 1314 non
3209 1262 3330 1316 satis
3375 1262 3622 1333 intelligo.
3674 1260 3740 1318 Si

2156 1350 2287 1402 enim
2307 1351 2518 1404 salutem
2548 1369 2648 1405 non
2681 1351 2924 1418 afferunt,
2969 1368 3058 1404 cur
3083 1353 3441 1407 observantur?
3467 1352 3530 1409 Si
3566 1364 3738 1408 autem

2157 1439 2461 1495 observanda
2486 1451 2620 1509 sunt,
2664 1444 2833 1514 utique
2865 1444 3075 1497 salutem
3108 1443 3358 1511 a/ferunt;
3384 1447 3601 1499 maxime
3622 1463 3741 1516 quia

2155 1533 2411 1587 observata
2428 1545 2669 1605 martyres
2693 1536 2904 1604 faciunt.
2928 1535 3049 1590 Non
3069 1537 3198 1590 enim
3216 1537 3613 1606 observarentur,
3638 1541 3738 1595 nisi

2155 1625 2365 1677 salutem
2411 1625 2667 1691 a/ferrent.
2711 1625 2887 1697 Neque
2912 1628 3042 1681 enim
3072 1627 3408 1694 indi/ferentia
3446 1640 3562 1684 sunt
3607 1633 3739 1685 inter

2155 1713 2337 1768 bonum
2362 1725 2408 1770 et
2433 1717 2639 1782 malum,
2665 1718 2792 1771 sicut
2817 1719 3102 1790 philosophi
3131 1719 3405 1791 disputant.
3435 1720 3635 1775 Bonum
3662 1736 3736 1778 est

2152 1808 2479 1876 continentia,
2523 1809 2712 1863 malum
2737 1819 2808 1863 est
2834 1811 3066 1876 luxuria;
3090 1813 3218 1865 inter
3241 1821 3504 1882 utrumque
3531 1813 3736 1879 indi/fe-

2151 1915 2292 1964 rens,
2336 1899 2594 1954 ambulare
2613 1942 2626 1966 ,
2653 1901 2876 1972 digerere
2905 1902 3004 1954 alvi
3029 1912 3266 1968 stercora,
3306 1903 3484 1971 capitis
3527 1903 3734 1958 naribus

2153 2001 2478 2061 purgamenta
2523 1993 2786 2062 projicere,
2818 1993 2977 2062 sputis
3001 1993 3262 2047 rheumata
3275 1995 3446 2064 jacere
3476 2011 3496 2049 :
3523 1997 3617 2049 hoc
3644 2013 3735 2051 nec

2153 2081 2354 2150 bonum,
2384 2101 2472 2137 nec
2502 2085 2687 2138 malum
2709 2095 2811 2150 est;
2851 2086 2952 2139 sive
2975 2086 3105 2139 enim
3128 2087 3322 2156 feceris,
3349 2087 3450 2141 sive
3477 2105 3576 2141 non
3597 2092 3735 2159 fece-

2151 2174 2242 2240 ris,
2279 2191 2368 2228 nec
2400 2175 2651 2245 justitiam
2689 2174 2918 2239 habebis,
2957 2192 3046 2228 nec
3085 2177 3400 2244 injustitiam.
3455 2173 3733 2231 Observare

2150 2275 2315 2319 autem
2343 2264 2490 2336 Legis
2513 2265 2827 2330 cerimonias,
2855 2282 2954 2318 non
2979 2274 3138 2335 potest
3162 2282 3264 2319 esse
3289 2264 3612 2331 indi/ferens;
3639 2269 3732 2320 sed

2149 2365 2237 2408 aut
2254 2355 2442 2408 malum
2460 2364 2548 2421 est,
2582 2363 2667 2408 aut
2697 2355 2877 2408 bonum
2908 2364 2996 2409 est.
3025 2354 3099 2408 Tu
3127 2356 3250 2407 dicis
3281 2355 3498 2420 bonum;
3526 2373 3616 2426 ego
3647 2373 3731 2410 as-

2147 2461 2257 2500 sero
2283 2445 2503 2508 malum;
2535 2453 2579 2497 et
2600 2445 2788 2497 malum
2813 2461 2912 2498 non
2931 2446 3094 2498 solum
3119 2445 3194 2498 his
3231 2446 3316 2514 qui
3362 2462 3425 2499 ea:
3467 2445 3728 2514 Gentibus,

2147 2540 2236 2601 sed
2261 2549 2304 2592 et
2332 2538 2408 2590 his
2432 2539 2516 2609 qui
2540 2555 2601 2591 ea:
2625 2536 2842 2592 Iudaico
2889 2538 3072 2608 populo
3119 2538 3452 2591 crediderunt.
3505 2536 3569 2592 In
3611 2539 3727 2605 hoc,

2147 2633 2246 2687 nisi
2288 2633 2462 2704 fallor,
2508 2632 2636 2698 loco,
2683 2631 2805 2685 dum
2851 2631 2992 2685 aliud
3014 2631 3158 2696 vitas,
3189 2633 3240 2684 in
3265 2629 3407 2683 aliud
3433 2629 3727 2686 devolveris.

2147 2722 2281 2777 Dum
2320 2726 2450 2776 enim
2478 2723 2653 2776 metuis
2681 2719 3020 2791 Porphyrium
3048 2721 3489 2791 blasphemantem,
3522 2723 3574 2775 in
3616 2720 3728 2777 He-

2147 2815 2304 2868 biouis
2331 2813 2545 2868 incurris
2572 2814 2804 2883 laqueos:
2829 2813 2905 2866 his
2930 2813 3016 2883 qui
3055 2813 3260 2866 credunt
3288 2830 3351 2867 ea:
3386 2813 3598 2878 Judteis,
3638 2814 3725 2867 ob-

2144 2905 2440 2960 servandam
2465 2904 2648 2976 Legem
2674 2922 2778 2960 esse
2796 2905 3080 2960 decernens.
3105 2905 3169 2958 Et
3190 2906 3273 2975 qui
3295 2907 3624 2975 periculosum
3645 2910 3728 2961 in-

2147 2996 2329 3066 telligis
2355 3011 2460 3049 esse
2497 2996 2630 3064 quod
2654 2996 2800 3062 dicis,
2846 3011 3046 3049 rursum
3086 2996 3214 3049 illud
3257 2999 3523 3066 super-fluis
3565 2999 3726 3053 verbis

2145 3095 2418 3156 temperare
2441 3087 2638 3139 conaris
2667 3100 2684 3138 :
2715 3104 2733 3137 ι
2774 3085 2896 3139 Sine
2930 3084 3034 3137 ulla
3053 3085 3230 3138 salutis
3262 3088 3562 3153 necessitate,
3595 3087 3726 3140 sicut

2142 3179 2313 3232 Judwi
2333 3178 2626 3232 celebranda
2648 3178 2906 3249 putabant,
2929 3186 3016 3229 aut
3037 3177 3208 3245 fallaci
3227 3177 3560 3244 simulatione,
3587 3179 3728 3250 quod

2141 3268 2194 3323 in
2233 3267 2383 3322 Petro
2410 3269 2794 3336 reprehenderat
2827 3266 3039 3321 Paulus.
3075 3285 3096 3320 ι
3654 3338 3660 3344 ν

2213 3361 2298 3415 17.
2324 3357 2506 3414 Petrus
2531 3359 2684 3429 igitur
2703 3359 2952 3411 simulavit
2976 3357 3125 3429 Legis
3154 3359 3461 3422 custodiam;
3503 3355 3597 3414 iste
3624 3377 3722 3414 au-

2143 3461 2237 3505 tem
2265 3451 2591 3521 reprehensor
2616 3449 2776 3516 Petri,
2803 3450 3039 3503 audacter
3065 3449 3334 3504 observavit
3357 3451 3594 3521 legitima.
3624 3453 3727 3508 Se-

2140 3547 2306 3616 quitur
2346 3546 2476 3599 cnim
2509 3545 2561 3597 in
2604 3543 2815 3612 epistola
2857 3551 2943 3596 tua
2974 3558 2993 3596 :
3023 3560 3043 3594 s
3073 3542 3212 3596 Nam
3252 3544 3296 3597 si
3325 3553 3583 3612 propterea
3627 3545 3724 3598 illa

2141 3645 2453 3688 sacramenta
2479 3634 2761 3699 celebravit,
2795 3634 2911 3703 quia
2939 3633 3188 3686 simulavit
3207 3649 3259 3686 se
3282 3630 3540 3699 Judaeum,
3572 3644 3624 3686 ut
3650 3631 3724 3687 il~

2140 3725 2214 3778 los
2237 3726 2571 3795 lucrifaceret,
2595 3743 2682 3778 cur
2709 3741 2807 3777 non
2833 3724 2981 3776 etiam
3000 3725 3298 3791 sacriﬁcavit
3319 3740 3429 3776 cum
3457 3722 3719 3792 Gentibus,

2137 3815 2256 3886 quia
2295 3822 2340 3867 et
2374 3815 2451 3868 his
2474 3814 2558 3884 qui
2586 3814 2693 3866 sine
2731 3811 2862 3883 Lege
2890 3822 3049 3877 erant,
3080 3822 3314 3883 tanquam
3341 3814 3446 3867 sine
3474 3813 3604 3885 Lege
3637 3819 3724 3882 fa-

2139 3917 2248 3959 ctus
2275 3917 2368 3973 est,
2395 3916 2447 3959 ut
2476 3922 2561 3960 eos
2589 3921 2780 3976 quoque
2807 3904 3119 3974 lucrifaceret
3144 3903 3191 3976 (Ι
3218 3903 3333 3959 Cor.
3364 3919 3442 3970 lx,
3465 3905 3552 3972 Ξῖ)
3575 3923 3587 3969 ;
3619 3906 3724 3960 nisi

2139 3997 2256 4068 quia
2281 4007 2327 4051 et
2346 3995 2477 4049 illud
2497 3996 2629 4064 fecit,
2654 4005 2707 4048 ut
2732 4005 2913 4049 natura
2939 3993 3172 4060 Iudaeus,
3203 4005 3246 4047 et
3272 3996 3364 4048 hoc
3385 4004 3536 4048 totum
3561 3998 3717 4062 dixit,

2138 4105 2238 4141 non
2260 4097 2310 4140 ut
2328 4085 2523 4139 Paulus
2544 4103 2594 4139 se
2610 4087 2817 4156 ﬁngeret
2841 4101 2946 4138 esse
2965 4087 3098 4154 quod
3124 4101 3223 4138 non
3245 4095 3367 4151 erat,
3390 4086 3476 4138 sed
3492 4096 3544 4137 ut
3565 4087 3721 4138 mise-

2137 4179 2397 4232 ricorditer
2435 4177 2503 4229 ita
2538 4175 2921 4229 subveniendum
2941 4192 3046 4230 esse
3066 4177 3286 4240 sentiret,
3311 4191 3369 4226 ac
3386 4173 3555 4247 siipse
3576 4176 3626 4228 in
3655 4193 3718 4229 eo

2137 4284 2304 4322 errore
2328 4267 2602 4330 laboraret;
2630 4282 2727 4318 non
2743 4265 2928 4318 scilicet
2945 4265 3222 4317 mentientis
3243 4274 3372 4329 astu,
3391 4264 3477 4318 sed
3503 4255 3715 4334 compa;

2137 4360 2300 4413 tientis
2325 4357 2525 4426 affectu.
2559 4377 2577 4409 ι
2607 4355 2742 4410 Bene
2767 4356 2992 4426 defendis
3020 4355 3261 4422 Paulum,
3307 4356 3442 4428 quod
3487 4372 3585 4409 non
3637 4360 3717 4412 si-

2135 4452 2394 4505 mulaverit
2418 4465 2633 4503 errorem
2660 4445 2976 4512 Judteorum,
3005 4452 3091 4502 sed
3117 4464 3226 4501 vere
3253 4450 3400 4520 fuerit
3429 4448 3480 4501 in
3510 4465 3716 4518 errore;

2136 4559 2292 4613 neque
2318 4541 2506 4595 imitari
2524 4539 2730 4593 voluerit
2759 4537 2962 4592 Petrum
2993 4542 3323 4603 mentientem,
3347 4550 3396 4592 ut
3426 4541 3558 4610 quod
3577 4552 3712 4609 erat,

2133 4644 2265 4687 metu
2307 4632 2602 4686 Judteorum
2632 4630 2969 4684 dissimularet
2995 4631 3048 4696 ’;
3074 4631 3160 4684 sed
3192 4641 3292 4683 tota
3341 4632 3563 4685 libertate
3604 4632 3712 4686 Ju-

2135 4726 2298 4780 datum
2313 4743 2364 4780 se
2392 4741 2495 4779 esse
2520 4725 2720 4779 diceret.
2748 4723 2947 4777 Novam
2971 4724 3278 4776 clementiam
3302 4726 3524 4795 Apostoli
3541 4725 3564 4778 .'
3584 4726 3713 4780 dum

2134 4817 2344 4872 Judteos
2375 4816 2686 4870 Christianos
2722 4815 2824 4870 vult
2849 4819 3031 4887 facere,
3060 4816 3166 4884 ipse
3183 4813 3393 4869 Judtcus
3419 4821 3580 4888 factus
3610 4828 3708 4872 est.

2133 4911 2255 4966 Non
2277 4913 2408 4966 enim
2435 4921 2624 4982 poterat
2644 4911 2929 4964 luxuriosos
2966 4909 3033 4961 ad
3072 4910 3409 4979 frugalitatem
3445 4911 3704 4976 reducere,

2130 5006 2227 5059 nisi
2251 5022 2302 5058 se
2332 5004 2642 5057 luxuriosum
2681 5001 2954 5071 probasset,
2982 5008 3028 5054 et
3055 5001 3454 5065 misericorditer,
3507 5011 3558 5054 ut
3595 5001 3712 5071 ipse

2129 5095 2274 5161 dicis,
2305 5096 2564 5148 subvenire
2609 5093 2817 5159 miseris,
2863 5093 2958 5145 nisi
2985 5108 3037 5144 se
3060 5091 3294 5145 miserum
3335 5094 3438 5163 ipse
3476 5095 3704 5149 sentiret.

2143 5185 2262 5240 Vere
2303 5188 2435 5240 enim
2479 5183 2675 5248 miselli,
2727 5192 2772 5235 et
2818 5183 3201 5236 misericorditer
3250 5184 3564 5252 deplorandi,
3615 5189 3713 5255 qui

2128 5279 2439 5331 contentione
2457 5293 2548 5329 sua
2578 5285 2623 5328 et
2648 5291 2819 5326 amore
2842 5271 2990 5344 Legis
3011 5275 3225 5336 abolitae,
3249 5280 3529 5345 apostolum
3554 5277 3709 5330 Chri-

2125 5376 2188 5430 sti
2213 5380 2370 5446 fecere
2395 5373 2648 5426 Judteum.
2685 5368 2794 5424 Nec
2827 5371 3037 5423 multum
3076 5371 3274 5424 interest
3314 5371 3441 5423 inter
3469 5388 3628 5425 meam
3656 5382 3711 5426 et

2125 5476 2262 5521 tuam
2288 5463 2598 5528 sententiam,
2629 5462 2746 5531 quia
2784 5477 2872 5532 ego
2906 5460 3018 5514 dico
3055 5471 3102 5515 et
3139 5459 3345 5513 Petrum
3375 5474 3423 5515 et
3453 5461 3703 5533 Paulum,

2127 5558 2304 5612 timore
2327 5553 2552 5624 ﬁdelium
2574 5553 2892 5618 Judazorum,
2924 5549 3073 5622 Legis
3098 5553 3395 5621 exercuisse,
3424 5555 3524 5607 imo
3543 5556 3708 5609 simu-

2187 5711 2205 5742 ί
2229 5709 2301 5759 διο
2323 5707 2426 5771 leg.
2451 5720 2562 5757 cum
2582 5713 2689 5756 Mss.
2710 5705 2998 5771 quhxdecim,
3023 5703 3352 5771 [reliquerat.]

2459 5770 2558 5820 duo
2577 5775 2708 5831 lssx,
2731 5775 2783 5819 ut
2804 5770 2929 5830 quod
2947 5780 3041 5818 non
3052 5775 3155 5819 erat
3185 5776 3310 5820 metu
3333 5770 3613 5824 Judworum
3635 5771 3707 5823 si-
