4090 6356
293 412 392 466 εει

296 529 428 580 tasse
455 525 730 588 mandata;
758 533 810 576 tu
834 533 1001 578 autem
1033 526 1214 580 asseris
1245 527 1335 580 hoc
1355 543 1438 581 eos
1467 529 1638 598 fecisse
1658 529 1874 582 clemen-

295 626 386 680 ter,
423 633 440 666 ι
475 631 576 668 non
616 613 894 668 mentientis
927 616 1180 681 astu,sed
1207 617 1548 687 compatientis
1588 617 1771 683 affectu
1801 635 1819 672 :
1851 639 1870 671 ι

293 705 568 762 dummodo
607 705 735 760 illud
777 717 984 774 constet,
1027 708 1102 762 vel
1145 719 1295 774 metu,
1323 709 1398 762 vel
1427 709 1764 764 misericordia
1793 728 1876 766 eos

291 799 558 852 simulasse
583 815 638 852 se
665 815 788 864 esse,
811 799 946 868 quod
967 815 1065 852 non
1093 809 1250 852 erant.
1271 799 1411 853 Illud
1433 812 1595 853 autent
1612 818 1874 871 argumen-

293 899 420 954 tum,
453 905 551 958 quo
577 889 815 941 adversus
840 905 930 952 nos
959 889 1133 956 uteris,
1165 890 1299 959 quod
1326 900 1372 943 et
1395 888 1668 944 Gentilibus
1694 891 1874 944 debue-

289 982 354 1032 rit
375 982 578 1048 gentilis
607 979 737 1050 ﬁeri,
759 981 802 1032 si
828 979 1025 1034 ludatis
1054 979 1264 1035 Judams
1291 983 1455 1050 factus
1476 973 1563 1044 est,
1597 983 1755 1054 magis
1779 999 1870 1051 pro

287 1069 432 1124 nobis
481 1071 604 1140 facit
635 1085 654 1124 :
681 1070 808 1123 sicut
835 1071 966 1122 enim
993 1087 1092 1124 non
1122 1071 1218 1138 fuit
1257 1088 1368 1126 vere
1407 1069 1638 1138 Judarus,
1683 1073 1754 1124 sic
1782 1089 1869 1125 nec

287 1176 398 1214 vere
425 1161 626 1230 gentilis
655 1170 794 1224 erat;
823 1169 866 1213 et
893 1161 1018 1214 sicut
1045 1179 1143 1215 non
1169 1164 1266 1232 fuit
1291 1180 1400 1216 vere
1426 1163 1643 1233 gentilis,
1679 1164 1750 1216 sic
1779 1180 1868 1218 nec

285 1267 396 1304 vere
419 1249 637 1304 Judteus
661 1261 784 1304 erat.
809 1249 872 1304 In
899 1269 955 1305 eo
998 1261 1162 1305 autem
1205 1253 1426 1307 imitator
1457 1253 1727 1308 Gentilium
1773 1263 1860 1320 est,

285 1345 404 1414 quia
443 1345 750 1414 praeputium
786 1345 963 1414 recipit
987 1345 1038 1398 in
1063 1345 1164 1412 ﬁde
1202 1345 1403 1410 Christi,
1445 1355 1490 1400 et
1526 1345 1866 1413 indi/ferenter

287 1435 527 1502 permittit
547 1435 672 1488 vesci
696 1433 816 1488 cibis
843 1451 965 1498 quos
995 1435 1234 1488 damnant
1262 1433 1462 1502 Judtei;
1489 1453 1590 1489 non
1626 1437 1782 1503 cultu,
1810 1445 1864 1490 ut

287 1535 336 1578 tu
363 1535 537 1594 putas,
581 1525 851 1579 idolorum.
891 1525 956 1580 In
982 1525 1176 1580 Christo
1202 1527 1332 1581 enim
1361 1527 1482 1582 Jesu
1517 1544 1604 1580 nec
1644 1519 1861 1581 circum-

285 1618 404 1671 cisio
429 1625 503 1670 est
525 1619 733 1686 aliquid,
767 1635 854 1671 nec
883 1620 1202 1688 praeputium,
1242 1619 1328 1674 sed
1352 1620 1620 1674 observatio
1646 1621 1862 1674 manda-

287 1719 451 1763 torum
479 1709 570 1763 Dei
595 1707 734 1782 (Gal.
761 1726 820 1778 v,
844 1709 898 1778 6,
928 1719 979 1764 et
1007 1726 1079 1776 γι,
1113 1709 1226 1780 15).

355 1803 441 1858 18.
477 1801 661 1867 Quaeso
685 1803 840 1874 igitur
864 1813 928 1868 te,
959 1813 1003 1857 et
1032 1803 1211 1856 iterum
1238 1813 1383 1873 atque
1402 1803 1578 1857 iterum
1602 1805 1856 1876 deprecor,

285 1903 335 1947 ut
355 1895 588 1965 ignoscas
616 1893 1053 1964 disputatiuncalce
1073 1911 1228 1960 mete;
1253 1905 1299 1948 et
1327 1897 1458 1964 quod
1477 1895 1677 1949 modum
1698 1913 1860 1948 meum

283 2002 510 2056 egressus
542 2003 674 2050 sum,
698 1985 782 2038 tibi
807 1985 1020 2057 imputes
1040 1986 1123 2054 qui
1149 1987 1349 2057 coegisti
1379 1995 1432 2040 ut
1452 1987 1785 2050 rescriberem,
1816 1999 1860 2041 et

285 2081 540 2132 mihicum
563 2077 850 2134 Stesichoro
871 2078 1324 2132 oculosabstulisti.
1350 2079 1459 2132 Nec
1487 2097 1564 2132 me
1590 2089 1726 2150 putes
1754 2097 1860 2132 ma-

281 2170 494 2239 gistrum
515 2186 620 2223 esse
641 2168 906 2235 mendacii,
931 2171 1012 2238 qui
1045 2185 1223 2238 sequor
1269 2169 1522 2223 Christum
1570 2171 1810 2223 dicentem
1841 2184 1860 2223 :

289 2279 306 2310 ι
327 2259 440 2331 Ego
459 2277 575 2314 sum
589 2261 684 2324 via,
710 2261 888 2314 veritas
907 2267 951 2312 et
977 2260 1076 2312 vita
1100 2279 1117 2311 ι
1141 2260 1316 2329 (Joan.
1337 2275 1449 2328 xw,
1477 2259 1553 2330 6).
1577 2259 1686 2314 Nec
1703 2267 1862 2331 potest

277 2351 389 2420 ﬁeri
417 2361 470 2404 ut
497 2353 717 2405 veritatis
747 2352 926 2418 cultor,
957 2349 1217 2405 mendacio
1248 2351 1378 2405 colla
1416 2351 1719 2405 submittam.
1757 2351 1862 2404 Ne-

279 2458 368 2512 que
397 2443 526 2495 mihi
566 2443 906 2511 imperitorum
949 2442 1252 2512 plcbeculam
1280 2443 1514 2509 concites,
1543 2443 1626 2510 qui
1648 2453 1693 2496 te
1720 2459 1863 2496 vene-

279 2543 456 2587 rantur
477 2543 530 2587 ut
559 2535 863 2605 episcOpum,
897 2543 942 2586 et
976 2533 1028 2588 in
1054 2533 1258 2586 ecclesia
1285 2533 1658 2600 declamantem,
1691 2551 1859 2588 sacer-

279 2627 400 2680 dotii
451 2625 642 2680 honore
681 2625 993 2696 suspiciunt;
1029 2641 1107 2678 me
1145 2635 1331 2691 autem,
1372 2627 1532 2679 artatis
1577 2625 1786 2692 ultimae,
1815 2634 1861 2679 et

280 2736 402 2788 pene
442 2719 771 2788 decrepitum,
803 2735 862 2771 ac
900 2719 1188 2772 monasterii
1214 2729 1260 2772 et
1289 2719 1425 2772 ruris
1447 2729 1637 2773 secreta
1669 2729 1860 2774 sectan-

281 2821 397 2874 tem,
447 2809 849 2880 parvipendunl;
879 2817 924 2862 et
946 2823 1137 2878 quaeras
1175 2809 1281 2876 tibi,
1305 2825 1426 2880 quos
1453 2811 1633 2864 doceas
1656 2811 1758 2866 sive
1779 2827 1859 2864 re-

283 2901 585 2970 prehendas.
610 2899 689 2954 Ad
716 2915 805 2954 nos
836 2901 988 2966 etaim,
1023 2901 1172 2954 tantis
1205 2901 1358 2954 maris
1394 2911 1540 2971 atque
1564 2911 1806 2954 terrarum
1829 2917 1862 2954 a

285 3001 328 3046 te
363 2993 549 3047 divisos
573 2993 767 3062 spatiis,
796 2993 878 3044 vix
897 2989 1027 3045 vocis
1048 3001 1146 3045 tute
1168 3007 1318 3046 sonus
1343 2993 1577 3060 pervenit.
1602 2991 1668 3046 Et
1693 2995 1735 3046 si
1758 2995 1862 3063 for-

281 3083 412 3136 sitan
455 3085 647 3138 litteras
683 3083 962 3153 scripseris,
999 3091 1114 3136 ante
1155 3099 1238 3136 eas
1263 3081 1415 3137 Italia
1435 3099 1493 3136 ac
1513 3083 1676 3137 Roma
1704 3085 1861 3138 susci-

284 3175 436 3244 pient,
471 3191 620 3244 quam
640 3173 706 3227 ad
731 3191 826 3241 me,
851 3173 929 3226 cui
953 3174 1204 3228 mittendae
1230 3183 1364 3236 sunt,
1394 3175 1700 3244 deferantur.

255 3251 334 3322 f’
349 3259 580 3322 CAPUT
593 3265 732 3322 v.—
756 3267 841 3322 ις).
865 3267 1008 3332 Quod
1034 3277 1199 3320 autem
1219 3267 1270 3320 in
1290 3267 1403 3320 aliis
1419 3267 1600 3336 (futuris
1619 3267 1858 3337 epistolis,

283 3375 370 3412 cur
387 3376 501 3414 mea
531 3361 669 3430 prior
693 3361 746 3414 in
773 3359 937 3414 Libris
961 3359 1214 3413 canonicis
1237 3359 1579 3429 interpretatio
1604 3359 1861 3412 asteriscos

286 3449 496 3512 habeat,
527 3461 573 3503 et
595 3451 812 3522 virgulas
836 3459 1155 3520 praenotatos,
1181 3459 1226 3502 et
1251 3458 1420 3519 postea
1450 3449 1603 3502 aliam
1640 3450 1859 3503 transla-

285 3539 470 3592 tionem
486 3537 668 3606 absque
683 3540 759 3593 his
779 3541 934 3610 signis
955 3539 1222 3602 ediderim;
1243 3555 1366 3610 pace
1385 3547 1472 3592 tua
1489 3539 1718 3603 dixerim,
1733 3541 1864 3594 vide-

283 3633 352 3686 ris
376 3631 500 3684 mihi
522 3648 622 3684 non
641 3629 916 3701 intelligere
935 3631 1067 3702 quod
1085 3629 1320 3700 quaesisti.
1347 3627 1452 3682 Illa
1469 3631 1597 3682 enim
1621 3631 1862 3699 interpre-

283 3727 404 3777 tatio
431 3725 763 3793 Septuaginta
785 3725 1106 3792 interpretum
1131 3733 1200 3776 est
1219 3741 1236 3786 ;
1258 3733 1302 3776 et
1325 3722 1618 3790 ubicumque
1633 3724 1857 3791 virgulae,

283 3815 332 3867 id
351 3825 422 3868 est
449 3814 577 3868 obeli
599 3823 732 3880 sunt,
752 3815 1061 3885 signiﬁcatur
1075 3813 1205 3883 quod
1229 3813 1560 3885 Septuaginta
1587 3815 1701 3882 plus
1719 3815 1862 3868 dixe-

285 3907 383 3958 rint
429 3923 580 3976 quam
619 3907 825 3958 habetur
867 3905 919 3958 in
963 3905 1158 3958 heber
1182 3905 1300 3959 :ubi
1335 3915 1503 3959 autem
1531 3906 1780 3966 asterisci,
1807 3904 1862 3958 id

283 4006 354 4049 est
385 3997 547 4049 stella?
573 3995 915 4066 prtelacentes,
945 4011 1006 4049 ex
1034 3993 1385 4049 Theodotionis
1410 3997 1622 4050 editione
1647 3997 1708 4049 ab
1743 3995 1862 4049 Ori-

285 4107 410 4160 gene
439 4089 668 4141 additum
697 4093 804 4152 est;
829 4099 873 4142 et
897 4089 963 4141 ibi
988 4105 1152 4158 grteca
1177 4089 1543 4153 transtulimus,
1567 4089 1647 4141 hic
1671 4095 1732 4142 de
1751 4089 1860 4158 ipso

285 4179 541 4246 hebraico,
564 4179 698 4251 quod
721 4179 1119 4249 intelligebamus
1140 4179 1488 4248 expressimus,
1517 4195 1752 4231 sensuum
1773 4195 1862 4248 po—

286 4272 384 4324 tius
413 4269 668 4324 veritatem
696 4285 843 4340 quam
869 4267 1127 4322 verborum
1149 4269 1395 4322 interdum
1413 4269 1636 4322 ordinem
1657 4285 1858 4324 conser-

289 4373 482 4416 vantes.
507 4361 575 4414 Et
599 4361 752 4415 miror
765 4361 1010 4432 quomodo
1023 4361 1351 4432 Septuaginta
1367 4361 1691 4431 interpretum
1711 4362 1861 4416 libros

287 4451 424 4522 legas
465 4467 569 4505 non
613 4467 764 4522 puros
783 4493 799 4518 ,
820 4463 873 4504 ut
903 4450 964 4504 ab
1001 4451 1071 4504 eis
1112 4451 1229 4504 editi
1254 4457 1399 4517 sunt,
1428 4451 1515 4504 sed
1539 4451 1601 4504 ab
1645 4449 1862 4520 Origene

289 4541 580 4596 emendatos
599 4584 614 4608 ,
636 4543 735 4596 sive
766 4551 1025 4612 corruptos
1049 4543 1068 4573 ¹
1099 4557 1188 4614 per
1213 4541 1378 4596 obolos
1403 4550 1450 4595 et
1492 4544 1751 4598 asteriscos
1769 4585 1783 4610 ,
1811 4553 1858 4598 et

287 4633 548 4687 christiani
603 4633 818 4686 hominis
867 4633 1418 4703 interpretatiunculam
1463 4651 1562 4687 non
1601 4637 1860 4707 sequaris;

289 4723 566 4793 prtesertim
593 4741 708 4778 cum
751 4739 812 4777 ea
839 4740 951 4796 quae
977 4724 1150 4777 addita
1176 4733 1290 4778 sunt
1307 4767 1322 4792 ,
1353 4741 1416 4778 ea:
1450 4723 1664 4779 hominis
1685 4725 1861 4780 Judtei

287 4817 750 4896 atqueblasphemi,
777 4825 888 4887 post
914 4818 1194 4887 passionem
1209 4815 1398 4871 Christi
1417 4859 1430 4884 ,
1455 4817 1668 4871 editione
1689 4827 1858 4872 trans-

289 4909 479 4962 tulerit.
531 4903 616 4964 γε.
641 4917 840 4962 amator
877 4923 980 4964 esse
1021 4925 1163 4962 verus
1187 4909 1210 4940 ⁸
1248 4908 1576 4980 Septuaginta
1611 4910 1859 4980 interpre-

291 5003 434 5054 tum?
475 4999 599 5054 Non
639 4999 774 5073 legas
801 5017 860 5054 ea
882 5015 992 5070 qua:
1020 5001 1109 5054 sub
1137 5001 1382 5056 asteriscis
1406 5011 1560 5066 sunt;
1589 5003 1697 5055 imo
1737 5002 1860 5056 rode

289 5090 350 5143 de
379 5091 736 5158 voluminibus,
759 5101 812 5144 ut
837 5101 1054 5145 veterum
1077 5099 1123 5144 te
1150 5095 1394 5162 fautorem
1419 5094 1613 5164 probes.
1647 5093 1794 5158 Quod
1815 5093 1860 5146 si

291 5181 485 5250 feceris,
507 5197 676 5234 omnes
702 5181 1036 5234 Ecclesiarum
1065 5180 1381 5236 bibliothecas
1411 5183 1741 5236 condemnare
1775 5201 1860 5237 co-

289 5271 440 5340 geris.
475 5269 576 5326 Via:
601 5272 734 5325 enim
758 5287 888 5325 unus
917 5280 1002 5324 aut
1027 5269 1155 5323 alter
1180 5272 1455 5326 invenietur
1481 5273 1623 5342 liber,
1647 5273 1737 5346 qui
1761 5274 1859 5328 ista

287 5377 388 5415 non
415 5361 612 5416 habeat.
643 5419 658 5426 ά
677 5365 702 5428 ,ξ

359 5455 584 5513 CAPUT
613 5455 701 5512 Vl.
721 5457 895 5514 ——20.
938 5457 1096 5512 Porro
1115 5457 1250 5530 quod
1273 5457 1398 5512 dicis
1417 5475 1517 5512 non
1541 5459 1768 5513 debuisse
1783 5475 1862 5514 me

289 5549 606 5621 interpretari
631 5561 742 5622 post
765 5561 968 5619 veteres,
991 5562 1035 5605 et
1053 5567 1181 5606 novo
1205 5552 1357 5606 uteris
1379 5551 1698 5623 syllogismo:
1718 5572 1736 5606 ι
1761 5555 1861 5608 Aut

289 5709 520 5832 ωὲειὸἵνη
540 5715 794 5762 correctos.
832 5711 1004 5759 verius
1021 5707 1244 5774 plerique
1259 5707 1370 5758 add.
1393 5707 1504 5759 Edd.
1529 5717 1582 5760 et.
1603 5716 1728 5772 Mss,
1760 5724 1863 5762 cor-

349 5831 374 5865 ³
391 5839 525 5896 ιω,
537 5837 770 5889 vom.
788 5840 844 5886 At.
861 5831 1036 5897 plm
1051 5833 1186 5897 an,
1201 5843 1355 5886 venis.

1459 381 1940 468 EPISTOLARULi
1974 405 2248 475 CLASSIS
2283 417 2348 475 Il.

3447 439 3553 494 262

1993 531 2198 584 obscura
2216 533 2534 604 fueruntque:
2553 537 2861 609 interpretati
2872 552 2985 598 sunt
2998 543 3440 617 Septuaginta,aut
3457 570 3553 605 ma-

1985 623 2183 692 nifesta.
2211 625 2271 679 Si
2293 627 2520 694 obscura,
2541 641 2586 684 te
2599 648 2788 703 quoque
2805 636 2856 688 in
2875 637 2947 690 eis
2963 635 3076 704 falli
3109 642 3325 709 potuisse
3351 643 3554 698 creden-

1983 715 2100 768 dum
2119 727 2188 772 est
2207 735 2224 772 :
2240 721 2284 772 si
2301 723 2562 794 manifesta
2581 766 2594 790 ,
2615 724 2729 780 illos
2757 727 2808 780 in
2834 729 2901 782 eis
2919 731 3033 799 falli
3061 747 3157 785 non
3179 735 3416 804 potuisse,
3438 755 3554 808 per-

1979 808 2207 876 spicuum
2234 821 2342 867 est:
2373 831 2392 864 ι
2443 823 2526 868 tuo
2555 815 2642 869 tibi
2669 835 2892 873 sermone
2917 824 3210 890 respondeo.
3257 825 3440 882 Omnes
3467 845 3552 882 ve-

1981 906 2105 992 teres
2131 910 2420 959 tractatores
2447 907 2529 975 qui
2555 925 2642 962 nos
2667 911 2720 963 in
2751 911 2965 966 Domino
2994 930 3370 988 prmeesserunt,
3399 929 3444 974 et
3468 923 3552 992 qui

1979 989 2271 1062 Scripturas
2297 1007 2495 1052 sanctas
2522 1001 2829 1072 interpretati
2855 1015 2968 1058 sunt
2985 1047 3001 1073 ,
3030 1017 3116 1060 aut
3143 1009 3350 1064 obscura
3391 989 3549 1067 inter-

1975 1085 2155 1150 pretati
2173 1097 2306 1174 sunt,
2333 1097 2420 1139 aut
2441 1089 2726 1160 manifesta.
2758 1093 2820 1147 Si
2844 1095 3073 1160 obscura,
3093 1101 3339 1168 quomodo
3362 1111 3413 1155 tu
3439 1117 3550 1172 post

1975 1187 2057 1224 eos
2082 1189 2235 1228 ausus
2265 1193 2314 1228 es
2343 1176 2608 1244 disserere,
2641 1183 2776 1252 quod
2813 1184 2890 1238 illi
2930 1189 3203 1256 explanare
3236 1208 3335 1244 non
3370 1201 3547 1260 potue-

1973 1273 2087 1315 runt
2107 1263 2132 1317 ?
2154 1263 2199 1317 si
2225 1268 2490 1337 manifesta
2513 1310 2525 1332 ,
2554 1273 2863 1342 superﬂuum
2893 1285 2963 1328 est
2991 1283 3035 1330 te
3061 1279 3271 1332 voluisse
3309 1269 3550 1336 dissei‘erc

1971 1353 2105 1420 quod
2147 1355 2262 1408 illos
2293 1355 2446 1410 latere
2491 1375 2590 1412 non
2629 1363 2819 1430 potuit,
2850 1366 3066 1420 maxime
3107 1369 3158 1421 in
3197 1371 3549 1439 explanatione

1973 1439 2294 1498 Psalmorum
2323 1465 2444 1518 quos
2469 1451 2606 1520 apud
2637 1451 2837 1508 Graecos
2871 1457 3184 1524 interpretati
3219 1471 3333 1514 sunt
3376 1465 3546 1518 multis

1969 1537 2316 1606 voluminibus,
2343 1542 2533 1611 primus
2560 1543 2816 1614 Origenes,
2835 1549 3078 1601 secundus
3109 1549 3348 1604 Eusebius
3373 1553 3542 1607 Clusa-

1967 1626 2165 1691 riensis,
2192 1630 2361 1683 tertius
2389 1630 2683 1688 Theodorus
2714 1633 3033 1690 Heracleotes
3053 1678 3067 1702 ,
3098 1651 3301 1706 quartus
3323 1641 3544 1700 Asterius

1970 1713 2438 1788 Scythopolitanus,
2463 1725 2666 1792 quintus
2686 1723 2996 1792 Apollinaris
3025 1727 3354 1798 Laodicenus,
3379 1744 3544 1788 sextus

1966 1805 2215 1878 Didymus
2243 1811 2632 1868 Alexandrinus.
2666 1813 2922 1870 Feruntur
2951 1829 2994 1871 et
3016 1821 3322 1874 diversorum
3347 1824 3396 1876 in
3419 1841 3544 1890 pau-

1967 1913 2048 1951 cos
2074 1901 2294 1969 psalmos
2323 1903 2599 1970 opuscula;
2623 1903 2710 1956 sed
2749 1921 2879 1958 nunc
2906 1907 2968 1960 de
3001 1909 3194 1978 integro
3223 1909 3544 1966 Psalmorum

1967 2005 2173 2056 corpore
2203 1991 2433 2045 dicimus.
2475 1993 2626 2064 Apud
2654 1993 2863 2049 Latinos
2893 2007 3056 2050 autem
3099 1997 3327 2053 Hilarius
3365 1999 3543 2055 Pictaa

1965 2080 2145 2134 viensis
2179 2093 2222 2136 et
2266 2081 2505 2138 Eusebius
2541 2085 2865 2141 Vercellensis
2908 2091 3156 2160 episcopi,
3195 2092 3458 2162 Origenem
3496 2103 3544 2148 et

1965 2167 2234 2225 Eusebium
2258 2175 2614 2230 transtulerunt
2639 2193 2656 2230 :
2681 2193 2890 2246 quorum
2915 2179 3131 2247 priorem
3159 2189 3202 2234 et
3227 2193 3391 2235 noster
3417 2185 3538 2237 Am-

1965 2259 2158 2317 brosius
2181 2266 2233 2318 in
2258 2265 2552 2334 quibusdam
2582 2278 2777 2322 secutus
2803 2279 2894 2324 est.
2925 2269 3244 2340 Respondeat
3267 2275 3392 2327 mihi
3417 2293 3540 2344 pru-

1966 2353 2132 2407 dentia
2160 2365 2275 2422 tua,
2307 2373 2460 2425 quare
2494 2367 2546 2410 tu
2588 2369 2697 2429 post
2739 2369 2900 2414 tantos
2929 2371 2974 2414 et
3021 2361 3144 2415 tales
3171 2365 3460 2432 interpretes
3487 2367 3540 2421 in

1965 2444 2317 2513 explanatione
2347 2445 2670 2501 Psalmorum
2699 2449 2894 2503 diversa
2916 2451 3172 2506 senseris?
3209 2452 3272 2508 Si
3298 2456 3427 2508 enim
3453 2455 3542 2509 ob-

1965 2539 2104 2589 scuri
2129 2547 2244 2592 sunt
2274 2537 2466 2593 Psalmi
2485 2582 2497 2605 ,
2535 2551 2580 2594 te
2606 2557 2799 2612 quoque
2821 2543 2874 2595 in
2911 2545 2979 2596 eis
3008 2543 3120 2612 falli
3147 2547 3361 2614 potuisse
3382 2586 3398 2612 ,
3429 2563 3538 2600 cre-

1965 2628 2184 2682 dendum
2210 2639 2298 2684 est.
2331 2629 2392 2686 Si
2421 2633 2674 2702 manifesti
2703 2675 2718 2700 ,
2747 2633 2862 2688 illos
2885 2633 2938 2687 in
2963 2635 3030 2688 eis
3059 2635 3171 2704 falli
3198 2637 3415 2706 potuisse
3438 2655 3540 2691 non

1964 2719 2180 2773 creditur
2207 2737 2226 2775 :
2249 2739 2308 2774 ac
2333 2739 2421 2792 per
2447 2722 2541 2775 hoc
2569 2731 2774 2792 utroque
2805 2725 2952 2777 modo
2982 2727 3238 2794 superflua
3261 2728 3350 2780 erit
3375 2737 3535 2780 mter-

1967 2813 2178 2879 pretatio
2207 2821 2328 2874 tua;
2356 2821 2402 2866 et
2436 2813 2529 2866 hac
2557 2813 2662 2884 lege
2680 2857 2693 2880 ,
2718 2825 2827 2884 post
2857 2817 3048 2885 priores
3087 2818 3256 2871 nullus
3285 2819 3419 2888 loqui
3441 2833 3537 2872 au-

1967 2901 2117 2968 debit,
2146 2911 2190 2956 et
2218 2904 2561 2975 quodcumque
2581 2907 2710 2959 alius
2731 2908 3064 2975 occupaverit,
3085 2908 3213 2962 alius
3239 2909 3300 2961 de
3328 2925 3383 2962 eo
3408 2911 3534 2963 scri-

1965 2991 2110 3046 bendi
2155 3011 2252 3046 non
2294 2995 2486 3048 habebit
2525 2997 2791 3050 licentiam.
2837 2997 2970 3061 Quin
3009 2999 3172 3068 potius
3215 3000 3540 3056 humanitatis

1965 3091 2064 3136 tua:
2092 3093 2182 3150 est,
2209 3085 2261 3138 in
2292 3101 2388 3153 quo
2415 3087 2608 3138 veniam
2638 3085 2723 3138 tibi
2752 3087 2943 3149 tribuis,
2971 3087 3230 3157 indulgere
3255 3099 3300 3142 et
3325 3090 3534 3142 caeteris.

1929 3161 2076 3242 {Ego
2106 3173 2236 3226 enim
2263 3191 2360 3228 non
2392 3185 2490 3227 tam
2511 3187 2675 3228 vetera
2701 3175 2898 3230 abolere
2923 3185 3130 3230 conatus
3153 3193 3280 3240 sum,
3305 3193 3416 3248 quia
3437 3180 3539 3231 lin-

1965 3279 2078 3335 gua:
2099 3281 2221 3319 metu
2237 3265 2517 3319 hominibus
2539 3267 2798 3321 emendata
2815 3268 2877 3320 de
2894 3284 3057 3338 grteco
3075 3270 3128 3322 in
3150 3269 3356 3322 latinum
3377 3279 3542 3323 trans-

1963 3357 2089 3423 tuli,
2132 3373 2282 3426 quam
2324 3373 2382 3410 ea
2431 3358 2709 3410 testimonia
2747 3373 2860 3428 qute
2899 3373 2929 3410 a
2967 3357 3164 3412 ludatis
3209 3361 3540 3429 prcetermissa

1963 3458 2077 3502 sunt
2103 3449 2178 3501 vel
2205 3457 2475 3516 corrupta,
2507 3453 2730 3520 proferre
2755 3450 2808 3503 in
2834 3450 3073 3517 medium,
3107 3459 3160 3502 ut
3184 3451 3366 3504 scirent
3385 3451 3542 3503 nostri

1963 3541 2084 3607 quid
2107 3541 2300 3594 hebrum
2329 3541 2510 3594 veritas
2537 3541 2826 3593 contineret.
2851 3539 2910 3594 Si
2935 3542 3017 3594 cui
3045 3541 3203 3610 legere
3227 3557 3328 3595 non
3355 3541 3536 3610 placet,

1963 3649 2107 3684 nemo
2137 3631 2384 3700 compellit
2410 3631 2637 3684 invitum.
2679 3629 2826 3682 Bibat
2863 3631 3032 3684 vinum
3068 3641 3204 3685 vetus
3227 3647 3340 3684 cum
3371 3632 3542 3683 suavi-

1963 3731 2094 3787 tate,
2121 3731 2166 3775 et
2193 3731 2363 3775 nostra
2405 3731 2568 3774 musta
2605 3729 2916 3788 contemnat,
2949 3737 3064 3790 qua:
3087 3722 3142 3774 in
3187 3721 3539 3791 eaplanatione

1963 3816 2188 3886 priorum
2216 3815 2344 3867 edita
2370 3823 2516 3880 sunt,
2547 3823 2600 3866 ut
2625 3811 2780 3866 sicubi
2821 3813 2912 3866 illa
2937 3828 3038 3866 non
3071 3811 3446 3883 intelliguntur,
3479 3827 3540 3864 at

1963 3907 2143 3959 nostris
2171 3905 2516 3975 manifestiora
2560 3905 2704 3972 ﬁant.
2739 3903 2886 3968 Quod
2913 3913 3079 3956 autem
3107 3919 3264 3974 genus
3291 3904 3539 3973 interpre-

1964 3998 2161 4051 tationis
2187 3999 2241 4050 in
2273 3997 2550 4066 Scripturis
2580 3996 2762 4050 sanctis
2791 3994 3096 4067 sequendum
3119 3997 3217 4060 sit,
3245 3995 3368 4047 liber
3391 4009 3536 4064 quem

1961 4088 2139 4158 scripsi
2167 4088 2228 4142 de
2258 4087 2460 4158 Optimo
2485 4103 2659 4158 genere
2684 4086 3068 4155 interpretandi,
3096 4093 3142 4139 et
3165 4099 3335 4138 omnes
3355 4089 3540 4154 praefa-

1963 4173 2200 4232 tiunculte
2245 4179 2526 4232 divinorum
2569 4177 2874 4230 voluminum
2894 4217 2908 4242 ,
2937 4191 3060 4245 quas
3101 4175 3306 4230 editioni
3353 4189 3537 4230 nostris

1963 4269 2353 4337 preeposuimus,
2383 4267 2671 4336 explicant;
2700 4267 2766 4320 ad
2805 4267 3018 4336 illasque
3055 4266 3346 4336 prudentem
3385 4267 3538 4320 lecto—

1959 4377 2066 4414 rem
2083 4361 2431 4414 remittendum
2451 4359 2688 4432 putabit
2713 4359 2756 4412 si
2785 4375 2881 4424 me,
2898 4369 2954 4412 ut
2977 4359 3104 4412 dicis
3117 4359 3181 4411 'in
3205 4357 3337 4412 Novi
3357 4358 3534 4412 Testa-

1962 4453 2114 4504 menti
2137 4451 2480 4504 emendatione
2503 4451 2731 4521 suscipis.
2759 4451 3060 4521 exponisque
3088 4465 3292 4503 causam
3317 4465 3407 4502 cur
3427 4465 3539 4502 sus-

1961 4545 2158 4614 cipias;
2187 4545 2306 4614 quia
2335 4543 2540 4612 plurimi
2579 4544 2764 4613 lingute
2793 4559 2972 4614 gratae
3001 4544 3233 4596 habentes
3259 4543 3536 4608 scientiam,

1963 4635 2030 4688 de
2053 4651 2158 4688 meo
2187 4634 2374 4704 possint
2403 4649 2551 4702 apere
2575 4633 2800 4700 judicare
2822 4649 2840 4686 :
2862 4631 3085 4686 eamdem
3106 4634 3434 4704 integritatem
3454 4633 3538 4686 de-

1965 4725 2141 4779 bueras
2169 4725 2318 4778 etiam
2361 4724 2412 4775 in
2451 4721 2614 4776 Veteri
2655 4723 2854 4776 credere
2885 4721 3230 4789 Testamento,
3269 4723 3403 4792 quod
3433 4739 3538 4776 non

1963 4827 2132 4872 nostra
2167 4815 2538 4884 con/instituas,
2566 4815 2654 4868 sed
2693 4823 2747 4867 ut
2788 4813 2926 4883 apud
2963 4813 3201 4869 Hebrteos
3241 4794 3566 4880 invenimus:

1963 4909 2130 4963 divina
2159 4907 2524 4960 transtulimus.
2556 4903 2728 4958 Sicubi
2757 4905 2972 4968 dubitas,
3004 4905 3242 4959 Hebraeos
3261 4907 3534 4974 interroya.

2031 4997 2120 5051 2|.
2163 4995 2267 5052 Sed
2297 4997 2424 5066 forte
2449 4995 2583 5047 dices
2607 5009 2627 5048 :
2669 4993 2804 5058 Quid
2830 4997 2870 5047 si
2905 4995 3103 5050 Hebraei
3127 5005 3212 5049 aut
3241 4997 3536 5066 respondere

1963 5091 2232 5154 noluerint,
2250 5097 2336 5142 aut
2360 5087 2552 5140 mentiri
2575 5087 2855 5140 voluerint?
2877 5086 3005 5140 Tota
3030 5089 3302 5157 frequentia
3327 5085 3534 5142 Iudam-

1959 5199 2078 5237 rum
2103 5181 2156 5234 in
2193 5195 2308 5233 mea
2341 5177 2747 5248 interpretatione
2767 5177 3008 5244 reticebit,
3032 5179 3292 5246 nullusque
3319 5177 3536 5230 invenire

1963 5274 2159 5346 poterit,
2185 5272 2270 5342 qui
2297 5270 2505 5325 hebra'az
2529 5270 2716 5340 lingua:
2743 5269 2920 5323 habeat
2951 5269 3198 5324 notionem
3219 5277 3338 5332 ;aut
3367 5285 3536 5322 omnes

1957 5365 2288 5419 imitabantur
2309 5363 2430 5416 illos
2451 5360 2660 5415 Judteos
2677 5403 2692 5426 ,
2719 5377 2846 5433 quos
2871 5362 2996 5415 dicis
3023 5362 3074 5414 in
3101 5361 3285 5430 Africa.-
3317 5367 3536 5426 repertos

1961 5455 2206 5529 Oppidulo
2229 5455 2280 5509 in
2301 5471 2460 5508 meam
2479 5453 2792 5524 conspirasse
2815 5451 3156 5506 calumniam?
3179 5449 3536 5521 Hujuscemodi

1965 5553 2096 5606 enim
2115 5551 2167 5603 in
2193 5547 2404 5618 epistola
2433 5555 2516 5600 tua
2537 5545 2614 5616 (a)
2635 5546 2760 5599 trucis
2789 5545 3016 5614 fabulam
3035 5557 3057 5597 :
3083 5561 3104 5595 ς
3135 5542 3352 5608 Quidam
3377 5546 3536 5613 frater

1965 5653 2133 5697 noster
2159 5643 2422 5712 episcopus
2446 5679 2461 5706 ,
2489 5655 2602 5692 cum
2637 5638 2848 5692 lectitari
2885 5636 3174 5690 instituisset
3211 5636 3264 5689 in
3313 5633 3536 5688 Ecclesia

1969 5737 2049 5788 cui
2077 5742 2274 5806 praeest,
2296 5732 2754 5803 interpretationem
2776 5739 2934 5798 tuam,
2957 5729 3108 5784 movit
3129 5727 3371 5802 quiddam
3389 5728 3534 5800 longe

2030 5832 2106 5898 (a)
2125 5837 2210 5895 Ep.
2231 5811 2316 5895 Ἡ,
2335 5843 2392 5886 n.
2409 5811 2460 5886 Β.
3535 5895 3570 5961 i
