4032 6334
471 399 578 458 scs
603 383 608 388 “

475 511 623 564 aliter
648 522 682 560 a
710 511 759 560 te
784 500 1004 576 positum
1031 495 1172 568 apud
1197 492 1387 549 Ionam
1417 486 1712 564 prophetam
1729 527 1745 554 ,
1773 501 1925 555 quam
1953 489 2060 537 erat

475 599 699 657 omnium
738 594 963 652 sensibus
1003 589 1349 658 memoriaque
1386 584 1745 646 inveteratum,
1767 587 1815 632 et
1847 585 1917 630 tot
1940 582 2064 629 teta-

478 702 584 745 tum
600 685 991 744 successionibus
1019 681 1354 735 decantatum.
1381 673 1572 728 Factus
1595 679 1666 725 est
1690 678 1854 723 tantus
1875 663 2064 721 tumul-

477 792 557 839 tus
584 784 638 837 in
665 781 806 852 plebe
824 820 840 846 ,
871 778 1090 831 maxime
1122 771 1308 826 Graecis
1333 763 1651 839 arguentibus
1669 804 1682 828 ,
1712 771 1758 816 et
1786 760 2066 814 inclaman-

480 878 610 932 tibus
637 849 942 930 calumniam
967 866 1223 941 falsitatis,
1251 872 1306 917 ut
1329 869 1586 932 cogeretur
1613 856 1904 926 episcOpus,
1935 849 2067 924 (Oe'a

477 972 666 1042 quippe
702 967 874 1023 civitas
913 961 1066 1034 erat),
1105 958 1404 1014 Judazorum
1441 950 1775 1007 testimonium
1814 945 2063 1016 ﬂagitare.

695 1069 860 1112 autem
895 1055 970 1110 illi
998 1052 1251 1123 imperitia
1285 1066 1352 1103 an
1385 1045 1578 1100 malitia
1596 1082 1613 1110 ,
1638 1045 1730 1096 hoc
1755 1054 1859 1094 esse
1885 1037 1939 1092 in
1976 1036 2067 1090 he-

482 1155 628 1209 braeis
670 1149 922 1206 codicibus
961 1143 1360 1217 responderunt,
1387 1136 1520 1209 quod
1565 1143 1612 1190 et
1650 1132 1800 1204 graeci
1841 1139 1888 1184 et
1927 1127 2071 1183 latini

484 1244 728 1300 habebant
753 1251 899 1311 atque
925 1238 1172 1292 dicebant.
1205 1231 1339 1300 Quid
1365 1231 1514 1302 plura
1539 1228 1562 1282 ?
1587 1224 1799 1282 Coactus
1827 1231 1897 1276 est
1921 1221 2071 1274 homo

484 1335 614 1390 velut
640 1310 1017 1388 mendositatem
1043 1325 1313 1395 corrigere,
1339 1321 1508 1375 volens
1538 1325 1650 1387 post
1675 1328 1912 1384 magnum
1937 1310 2072 1380 peri-

486 1425 654 1481 culum
678 1441 779 1478 non
805 1435 1060 1476 remanere
1081 1417 1190 1470 sine
1216 1411 1376 1484 plebe.
1423 1407 1570 1464 Unde
1598 1407 1747 1461 etiam
1772 1403 1911 1457 nobis
1938 1399 2074 1455 vide-

486 1524 566 1570 tur
591 1514 864 1586 aliquando
893 1521 939 1564 te
962 1524 1157 1581 quoque
1184 1506 1239 1558 in
1266 1500 1522 1557 nonnullis
1552 1497 1665 1570 falli
1705 1495 1944 1566 potuisse.
1977 1511 1997 1544 ι

555 1583 782 1662 CAPUT
817 1603 1015 1657 Vll.—
1033 1599 1123 1654 22.
1152 1595 1294 1650 Dicis
1326 1609 1404 1648 me
1432 1593 1484 1645 in
1507 1589 1647 1644 Jona
1682 1587 1924 1658 propheta
1946 1583 2077 1638 male

486 1700 729 1772 quiddam
752 1699 1152 1766 interpretatum,
1180 1698 1227 1743 et
1246 1686 1490 1742 seditione
1511 1682 1687 1755 pOpuli
1712 1679 2073 1742 conclamante,

488 1802 696 1864 propter
715 1790 864 1842 unius
882 1786 1015 1841 verbi
1034 1780 1399 1837 dissonantium
1417 1819 1432 1843 ,
1453 1776 1745 1846 episcOpum
1768 1788 1890 1842 pene
1915 1787 2079 1825 sacer—

489 1884 680 1936 dotium
693 1880 988 1953 perdidisse.
1003 1875 1068 1928 Et
1083 1873 1204 1945 quid
1220 1873 1282 1925 sit
1298 1868 1428 1923 illud
1439 1867 1571 1937 quod
1585 1866 1714 1918 male
1728 1865 2080 1933 interpretatus

489 1977 606 2042 sim,
620 1973 890 2037 subtrahis,
905 1973 1138 2042 auferens
1155 1965 1277 2019 mihi
1289 1961 1601 2016 occasionem
1618 1957 1923 2029 defensionis
1935 1968 2080 2018 mete;

392 2071 397 2077 ’
488 2083 553 2123 ue
579 2062 820 2135 quidquid
845 2061 1052 2126 dixeris,
1077 2075 1153 2112 me
1174 2054 1505 2126 respondente
1531 2050 1754 2105 solvatur
1776 2063 1794 2101 :
1815 2047 1910 2100 nisi
1930 2049 2078 2116 forte,

494 2345 732 2400 hederam
770 2358 861 2412 pro
909 2336 1164 2393 cucurbita
1216 2331 1550 2388 transtulisse.
1593 2328 1760 2395 Super
1798 2340 1898 2392 qua
1939 2338 1995 2375 re
2030 2321 2086 2375 in

493 2435 846 2492 commentario
874 2430 913 2484 Ι
915 2445 1025 2485 once
1056 2427 1314 2498 prOphetaz
1341 2423 1536 2494 plenius
1563 2417 1930 2490 respondimus.
1969 2413 2084 2467 Hoc

495 2539 686 2587 tantum
726 2542 856 2581 nunc
890 2523 1075 2577 dixisse
1108 2518 1358 2582 contenti,
1385 2515 1517 2586 quod
1544 2513 1597 2566 in
1623 2527 1678 2564 eo
1706 2511 1814 2562 loco
1833 2548 1848 2574 ,
1879 2507 1961 2558 ubi
1990 2504 2086 2558 Se-

495 2619 759 2694 ptuaginta
784 2618 1074 2685 interpretes
1104 2608 1434 2669 cucurbitam,
1460 2613 1506 2658 et
1533 2601 1717 2673 Aquila
1745 2615 1858 2652 cum
1881 2595 2086 2664 reliquis

496 2712 734 2766 hederam
760 2707 1141 2768 transtulerunt,
1170 2700 1223 2754 id
1250 2711 1320 2755 est
1344 2707 1517 2758 κισσὸν,
1540 2696 1595 2748 in
1619 2694 1812 2746 hebrazo
1839 2687 2088 2743 volumine

497 2804 683 2857 ciceion
707 2801 948 2870 scriptum
988 2795 1217 2859 habetur,
1249 2806 1397 2860 quam
1434 2786 1580 2856 vulgo
1611 2783 1731 2852 Syri
1766 2780 1971 2833 ciceiam
1994 2793 2084 2831 vo-

496 2904 631 2949 cant.
673 2893 764 2947 Est
793 2901 960 2945 autem
984 2902 1138 2959 genus
1165 2882 1368 2954 virgulti
1391 2881 1492 2933 lata
1520 2877 1706 2929 habens
1732 2873 1876 2943 fol-ia,
1902 2872 1953 2924 in
1978 2886 2088 2922 mo-

497 2986 620 3039 dum
641 2983 899 3054 pampini:
915 2995 1126 3050 cumque
1148 2974 1430 3046 plantatum
1453 2968 1626 3040 fuerit,
1646 2966 1743 3018 cito
1763 2962 2016 3033 consurgit
2038 2961 2091 3015 in

499 3079 836 3141 arbusculam,
867 3075 1051 3144 absque
1079 3070 1196 3123 ullis
1222 3067 1532 3120 calamorum
1572 3071 1617 3114 et
1647 3058 1904 3113 hostilium
1927 3054 2091 3107 admi-

498 3169 712 3233 niculis,
752 3166 930 3238 quibus
964 3174 1008 3218 et
1054 3159 1321 3216 cucurbita
1356 3165 1402 3210 et
1449 3152 1646 3208 hedera:
1692 3151 1950 3220 indigent,
1999 3162 2090 3200 suo

500 3271 677 3316 trunco
704 3276 758 3314 se
794 3259 1064 3314 sustinens.
1110 3252 1223 3305 Hoc
1249 3265 1365 3319 ergo
1391 3247 1595 3300 verbum
1635 3243 1696 3295 de
1725 3242 1869 3295 verbo
1910 3238 2094 3292 edisse—

500 3370 637 3419 rens,
659 3353 702 3406 si
721 3351 906 3404 ciceion
932 3345 1204 3414 transferre
1230 3339 1492 3395 voluissem
1509 3378 1524 3403 ,
1550 3334 1718 3387 nullus
1758 3329 2051 3400 intelligeret
2071 3344 2093 3395 ;

502 3444 548 3498 si
571 3441 898 3504 cucurbitam,
925 3438 978 3491 id
1003 3436 1217 3489 dicerem
1239 3429 1370 3501 quod
1396 3430 1448 3481 in
1468 3425 1698 3480 hebraico
1721 3439 1821 3476 non
1847 3420 2055 3473 habetur
2074 3432 2094 3471 :

506 3533 742 3586 hederam
764 3530 928 3600 posui,
946 3537 999 3580 ut
1028 3524 1218 3580 caeteris
1244 3517 1595 3590 interpretibus
1623 3514 1972 3568 consentirem.
2000 3509 2097 3565 Sin

507 3633 673 3679 autem
695 3621 868 3676 Judaei
888 3619 1056 3683 vestri,
1075 3625 1130 3670 ut
1151 3617 1256 3686 ipse
1281 3612 1483 3676 asseris,
1509 3607 1721 3669 malitia,
1747 3606 1820 3659 vel
1843 3603 2096 3674 imperitia

510 3716 604 3769 hoc
641 3715 873 3767 dixerunt
902 3726 1005 3764 esse
1036 3709 1087 3761 in
1130 3702 1461 3760 voluminibus
1492 3698 1825 3752 Hebraeorum
1844 3737 1859 3762 ,
1886 3694 2019 3766 quod
2045 3695 2098 3748 in

511 3805 688 3878 grcecis
709 3813 752 3857 et
774 3803 944 3857 latinis
964 3797 1214 3852 codicibus
1235 3789 1552 3855 continetur;
1579 3789 1898 3860 manifestum
1925 3794 1995 3840 est
2016 3802 2099 3841 eos

511 3907 599 3950 aut
625 3895 843 3949 hebrazas
866 3895 1101 3964 ignorare
1128 3890 1318 3942 litteras
1338 3926 1353 3949 ,
1381 3894 1466 3937 aut
1509 3883 1575 3934 ad
1606 3880 1888 3933 irrideudos
1923 3893 2100 3930 cucur-

512 3989 718 4042 bitarios
752 3986 966 4040 voluisse
1005 3982 1221 4036 mentiri.
1254 3977 1380 4033 Peto
1405 3976 1458 4028 in
1487 3975 1587 4044 ﬁne
1613 3968 1840 4042 epistola:
1859 4011 1872 4035 ,
1896 3979 1951 4022 ut
1991 3968 2103 4038 qui-

516 4089 759 4135 escentem
787 4092 972 4136 senem,
999 4073 1213 4141 olimque
1241 4078 1545 4128 veteranum,
1567 4063 1781 4116 militare
1809 4075 1910 4112 non
1929 4074 2098 4128 cogas,

513 4181 561 4228 et
599 4179 805 4226 rursum'
828 4171 890 4223 de
929 4159 1030 4220 vita
1057 4161 1346 4236 periclitari.
1389 4157 1469 4212 Tu
1496 4157 1579 4227 qui
1618 4153 1819 4226 juvenis
1859 4167 1911 4206 es
1930 4193 1944 4218 ,
1975 4159 2021 4204 et
2047 4151 2100 4204 in

513 4263 792 4336 pontiﬁcali
821 4260 1039 4315 culmine
1064 4254 1383 4318 constitutus,
1413 4250 1585 4302 doceto
1609 4246 1820 4318 pOpulos
1843 4260 1862 4308 ;
1895 4252 1940 4296 et
1963 4241 2104 4296 novis

514 4334 702 4427 Africa:
731 4352 956 4424 frugibus
983 4349 1216 4403 Romanu
1254 4354 1383 4398 tectu
1411 4339 1680 4411 locupleta.
1729 4334 1861 4388 Mihi
1899 4334 2097 4404 suﬂ‘icit,

517 4426 630 4504 cum
657 4447 886 4500 auditore
909 4453 956 4499 et
987 4441 1166 4496 lectore
1194 4435 1498 4509 pauperculo
1521 4434 1573 4486 in
1601 4430 1787 4502 angulo
1814 4426 2105 4482 monasterii

517 4555 798 4596 susurrare.

946 4601 1272 4660 EPISTOLA
1305 4594 1681 4667 LXXV1‘(b).

519 4699 630 4758 Sub
659 4714 870 4770 persona
902 4695 1144 4750 Ecclesia:
1179 4690 1440 4747 catholicae
1477 4687 1770 4740 cohortatur
1805 4699 1974 4739 omnes
1998 4681 2108 4738 Do-

589 4795 818 4857 natistas,
833 4801 886 4844 ut
899 4788 1242 4858 resipiscentes
1258 4782 1464 4838 redeant
1480 4779 1547 4834 ad
1566 4778 1865 4833 catholicam
1882 4791 2106 4832 commu-

591 4903 788 4944 nionem
797 4929 810 4942 .

591 5001 644 5058 1.
676 5000 860 5066 Vobis,
888 4996 1201 5061 Donatistae,
1230 4988 1489 5048 catholica
1519 4987 1758 5045 Ecclesia
1785 4986 1946 5042 dicit:
1982 4983 2109 5039 Filii

584 5135 606 5157 ⁹
627 5135 886 5186 Emendata
924 5140 1001 5184 est
1021 5131 1235 5184 subsidio
1258 5142 1305 5180 a.
1328 5129 1415 5192 bg.
1438 5125 1509 5176 bl.
1538 5138 1581 5177 c.
1607 5138 1676 5176 ec.
1705 5124 1755 5174 if.
1781 5137 1944 5192 g._gv.
1987 5137 2038 5174 n.
2063 5135 2106 5175 s.

529 5198 606 5249 ab.
629 5211 705 5249 vc.
729 5197 933 5248 duorum
957 5209 999 5246 r.
1027 5195 1233 5245 duorum
1265 5199 1303 5243 t.
1331 5187 1540 5255 quatuor
1562 5203 1610 5239 ν.
1639 5195 1740 5237 Am.
1763 5187 1869 5237 Bad.
1891 5193 1964 5257 gr.
1997 5193 2106 5236 bov.

564 5301 658 5376 .(a)
680 5299 1097 5376 Censorem
1122 5298 1407 5376 exlnom‘iqe
1430 5295 1607 5376 indicat
1630 5301 1681 5343 et
1702 5292 1867 5376 lepLide
1881 5291 2113 5376 suggillat

523 5354 837 5428 Hiérbnymus
857 5363 907 5435 in
921 5369 1022 5410 Jon.
1046 5359 1218 5434 cap._4,
1235 5361 1270 5433 ᾗ
1291 5359 1341 5431 β,
1358 5359 1434 5407 his
1456 5358 1643 5407 verbis:
1671 5354 1859 5404 tumhoc
1880 5354 1992 5403 loco
2005 5355 2114 5416 qui-

531 5441 557 5473 ι
568 5424 677 5474 dam
688 5425 963 5476 Cantbeltus
977 5424 1041 5474 de
1064 5429 1396 5476 antiquissmo
1415 5431 1604 5476 genere
1618 5415 1964 5475 Corneliorum,
1985 5416 2110 5476 sive,

531 5441 557 5473 ι
688 5429 963 5476 Cantbelius
977 5429 1041 5474 de
1064 5429 1396 5494 antiquissimo
1415 5431 1604 5491 genere
1618 5429 1964 5475 cornenorum,
1985 5429 2110 5476 Sive,

531 5503 556 5534 ι
569 5493 624 5560 te!
648 5501 773 5560 sese
813 5488 961 5550 iactat
974 5521 992 5548 ν
1015 5485 1107 5560 με
1139 5477 2113 5560 $¥'FB?.§§‘“E32“‘.°3152.3393‘E532‘?

529 5538 742 5598 ιωοιιίιτ
763 5538 844 5599 ωδ
865 5538 1551 5616 maneamne
1588 5540 1940 5616 preces-bim

533 5625 672 5660 cram
696 5612 1024 5662 transtulerim
1049 5624 1061 5660 :
1089 5609 1247 5660 timuit
1285 5601 1516 5656 videlicet
1551 5601 1616 5651 ne
1648 5603 1695 5651 si
1733 5613 1818 5663 pro
1852 5601 2114 5650 cacurbitis

533 5672 768 5724 «hederae
790 5679 1133 5733 nascerentur,
1157 5668 1290 5720 unde
1311 5663 1501 5718 occulte
1540 5670 1592 5715 et
1627 5665 1894 5714 tenebrose
1915 5663 2114 5713 biberet

532 5750 557 5783 ι
571 5748 668 5784 non
688 5735 911 5787 haberet.
927 5752 950 5781 ι
1763 5786 1767 5787 κ

589 5795 660 5859 (b)
686 5797 808 5848 Alias
819 5786 914 5861 71,771
944 5813 957 5848 :
985 5808 1096 5861 quae
1119 5801 1285 5861 autem
1319 5790 1383 5845 76
1408 5794 1532 5855 erat,
1567 5800 1697 5842 nunc
1717 5786 1796 5842 60-.
1820 5788 2004 5853 scripta
2025 5799 2113 5842 ex-

529 5855 678 5912 eunte
699 5871 778 5911 an.
802 5860 913 5925 405,
935 5855 1019 5913 aui
1038 5855 1182 5925 paulo
1202 5863 1325 5921 post.
1733 5866 1736 5868 τ

1691 377 1750 433 S.
1788 367 2155 440 AUGUSTINI
2192 365 2497 425 EPISCOPI

3645 352 3751 412 264

2169 481 2447 544 hominum,
2474 487 2723 544 usquequo
2748 484 2920 542 graves
2946 467 3136 523 corde?
3164 465 3355 536 thuid
3377 464 3586 537 diligitis
3610 466 3754 521 vani—

2167 581 2317 628 tatem
2344 580 2390 627 et
2418 569 2639 641 quwritis
2666 562 3022 621 mendacium?
3040 560 3207 634 (Psal.
3231 577 3304 627 tv,
3324 559 3402 630 3.)
3428 560 3623 630 thuid
3654 575 3752 616 vos

2167 681 2198 721 a
2225 665 2383 721 totius
2409 664 2553 718 orbis
2583 661 2780 716 unitate
2812 655 3013 712 nefario
3041 654 3338 710 schismatis
3364 652 3645 721 sacrilegio
3669 650 3752 705 di-

2169 755 2402 811 visistis?
2427 751 2709 809 Attenditis
2738 748 2868 803 falsa
2893 762 3011 817 qua:
3039 743 3189 798 vobis
3217 743 3461 797 dicuntur
3484 743 3550 795 ab
3579 740 3756 794 homi-

2169 848 2346 913 nibus,
2368 855 2457 901 aut
2481 841 2878 908 mentientibus,
2906 847 2996 892 aut
3023 836 3321 892 errantibus
3339 875 3356 902 ,
3382 835 3449 890 de
3474 833 3759 891 traditione

2171 938 2423 994 Codicum
2453 935 2750 991 divinorum
2771 975 2786 999 ,
2818 941 2873 986 ut
2911 931 2962 984 in
2993 929 3242 984 haeretica
3272 927 3607 997 separatione
3634 941 3758 982 mo—

2171 1029 2380 1088 riamini
2404 1047 2418 1095 ;
2447 1036 2502 1083 et
2529 1043 2632 1080 non
2660 1023 2931 1079 attenditis
2957 1020 3097 1091 quod
3125 1019 3275 1073 vobis
3304 1018 3402 1088 ipsi
3431 1017 3658 1073 Codices
3672 1018 3760 1072 di-

2174 1133 2322 1188 cunt,
2345 1120 2472 1174 utin
2495 1117 2754 1173 catholica
2784 1130 2912 1186 pace
2930 1113 3132 1166 vivatis.
3161 1110 3334 1177 Quare
3358 1109 3574 1180 aperitis
3601 1123 3763 1165 aures

2175 1215 2242 1271 ad
2266 1227 2568 1270 sermonem
2592 1211 2862 1271 hominum
2884 1206 3169 1262 dicentium
3189 1203 3330 1273 quod
3353 1219 3618 1273 nunquam
3638 1218 3765 1272 pro-

2177 1309 2304 1365 bare
2330 1315 2642 1379 potuerunt,
2673 1299 2742 1360 et'
2769 1301 2915 1357 surdi
2955 1301 3083 1356 estis
3124 1299 3189 1353 ad
3223 1313 3523 1353 sermonem
3557 1297 3652 1352 Dei
3679 1297 3764 1351 di-

2179 1401 2385 1458 centis:
2420 1399 2665 1453 Dominus
2694 1395 2819 1449 dixit
2861 1393 2928 1447 ad
2958 1410 3067 1458 me,
3110 1389 3275 1444 Filius
3303 1406 3436 1444 meus
3480 1405 3531 1443 es
3569 1399 3643 1455 tu,
3674 1403 3765 1458 ego

2180 1495 2328 1549 hodie
2355 1493 2505 1566 genui
2528 1503 2606 1546 te:
2627 1488 2823 1561 postulo
2849 1505 2881 1541 a
2907 1504 2985 1541 me
3012 1494 3058 1540 et
3083 1485 3212 1539 dabo
3242 1483 3328 1537 tibi
3356 1494 3524 1554 gentes
3545 1481 3768 1535 haeredi-

2182 1597 2332 1642 tatem
2355 1597 2512 1650 tuam,
2533 1594 2581 1640 et
2599 1582 2959 1656 possessionem
2977 1589 3112 1632 tuam
3141 1577 3380 1631 terminos
3397 1575 3577 1628 terra?
3592 1572 3764 1644 (Psal.

2182 1698 2239 1746 tl,
2264 1683 2316 1736 7.
2341 1679 2360 1753 )
2397 1679 2613 1734 Abrahte
2637 1678 2786 1730 dicta:
2815 1683 2930 1729 sunt
2972 1671 3324 1742 promissiones
3358 1679 3403 1722 et
3430 1667 3607 1722 semini
3633 1667 3765 1737 ejus.

2185 1773 2308 1827 Non
2327 1773 2465 1833 dicit,
2492 1771 2556 1824 Et
2572 1769 2860 1831 seminibus,
2877 1776 3116 1834 tanquam
3138 1765 3190 1815 in
3213 1761 3402 1826 multis,
3421 1759 3508 1813 sed
3529 1769 3772 1826 tanquam

2183 1866 2237 1920 in
2256 1880 2390 1929 uno;
2413 1863 2480 1916 Et
2503 1861 2679 1917 semini
2704 1870 2811 1924 tuo,
2839 1856 2974 1927 quod
2999 1864 3072 1909 est
3099 1853 3329 1908 Christus
3347 1850 3365 1925 (
3385 1849 3499 1905 Gal.
3527 1865 3616 1913 nt,
3651 1847 3769 1918 16).

2185 1957 2251 2012 1η
2281 1957 2483 2019 semine,
2508 1953 2696 2024 inquit,
2727 1961 2811 2004 tuo
2841 1948 3192 2003 benedicentur
3219 1961 3389 1999 omnes
3416 1951 3582 2013 gentes
3604 1941 3619 2009 (
3639 1939 3769 1994 Gen.

2187 2067 2322 2114 xxu,
2350 2048 2462 2120 18).
2492 2048 2691 2117 Erigite
2716 2044 2902 2099 oculos
2929 2040 3103 2097 cordis
3124 2082 3139 2107 ,
3168 2048 3223 2094 et
3247 2037 3576 2093 considerate
3603 2043 3774 2088 totum

2188 2141 2369 2196 orbem
2396 2149 2678 2202 terrarum,
2698 2132 2963 2206 quomodo
2986 2133 3037 2186 in
3069 2131 3270 2184 semine
3297 2127 3522 2182 Abrulia:
3549 2125 3774 2180 benedi-

2187 2244 2379 2290 cuntur
2421 2248 2608 2288 omnes
2645 2241 2853 2302 gentes.
2886 2228 3036 2282 Tunc
3069 2226 3136 2280 ab
3162 2241 3268 2280 uno
3294 2223 3609 2279 credebatur
3632 2217 3778 2289 quod

2189 2327 2422 2383 nondum
2453 2325 2761 2388 videbatur;
2791 2324 2900 2393 jam
2939 2336 3035 2375 vos
3085 2318 3310 2384 videtis,
3343 2328 3396 2372 et
3433 2315 3603 2370 adhuc
3639 2313 3780 2368 invi-

2191 2419 2345 2473 detis.
2377 2417 2559 2472 Passio
2586 2416 2792 2469 Domini
2817 2412 3043 2484 pretium
3071 2419 3153 2465 est
3181 2410 3324 2464 orbis
3356 2418 3614 2462 terrarum
3639 2423 3652 2471 ;
3690 2403 3780 2458 ille

2193 2520 2360 2566 totum
2381 2511 2564 2566 orbem
2587 2509 2814 2564 redemit
2841 2525 2853 2559 :
2877 2514 2930 2562 et
2949 2521 3044 2560 vos
3064 2521 3181 2560 cum
3208 2511 3320 2558 toto
3341 2504 3468 2557 orbe
3488 2501 3552 2554 ad
3568 2499 3782 2554 lucrum

2192 2614 2426 2660 vestrum
2458 2619 2562 2657 non
2590 2600 2924 2656 concordatis
2947 2641 2961 2666 ,
2991 2598 3084 2653 sed
3117 2597 3288 2666 potius
3319 2596 3370 2649 in
3397 2594 3647 2649 damnum
3691 2606 3785 2646 ve-

2193 2704 2361 2753 strum
2399 2696 2450 2749 in
2477 2704 2628 2765 parte
2658 2693 2889 2762 litigatis,
2910 2699 2966 2744 ut
3004 2676 3170 2744 tolum
3209 2686 3460 2757 perdatis.
3507 2684 3699 2738 Audite
3728 2683 3784 2737 in

2193 2790 2424 2852 Psalmo,
2447 2803 2551 2858 quo
2574 2785 2743 2856 pretio
2761 2783 3021 2852 redempti
3040 2797 3224 2836 sumus
3249 2798 3260 2832 :
3288 2778 3568 2844 Foderunt,
3590 2777 3782 2846 inquit,

2195 2898 2374 2938 manus
2401 2897 2536 2934 meas
2561 2888 2606 2932 et
2631 2876 2800 2948 pedes,
2833 2876 3269 2928 dinumeraverunt
3310 2871 3478 2924 omnia
3508 2885 3620 2922 ossa
3646 2883 3784 2921 mea.

2196 2975 2308 3046 Ipsi
2329 2989 2443 3027 vero
2463 2969 2900 3025 consideraverunt
2917 2976 2962 3019 et
2987 2971 3352 3044 conspexerunt
3373 2978 3486 3026 me;
3507 2961 3789 3013 diviserunt

2196 3066 2290 3120 sibi
2310 3063 2602 3118 vestimenta
2621 3076 2750 3124 mea,
2771 3067 2817 3111 et
2838 3074 2987 3129 super
3009 3056 3348 3110 vestimentum
3365 3069 3527 3106 meum
3545 3051 3792 3104 miserunt

2196 3166 2380 3212 sortem
2409 3153 2576 3226 (Psal.
2603 3167 2721 3219 nt,
2747 3150 2833 3217 l8,
2859 3147 2972 3220 19).
3000 3148 3175 3215 Quare
3205 3146 3462 3200 divisores
3496 3143 3793 3197 vestimen-

2198 3259 2373 3305 torum
2413 3245 2622 3301 Domini
2661 3259 2781 3299 esse
2824 3241 3013 3318 vultis,
3049 3249 3106 3295 et
3146 3239 3377 3293 tunicam
3421 3237 3563 3290 illam
3612 3234 3794 3289 chari-

2201 3342 2323 3398 tatis
2351 3340 2579 3409 desuper
2604 3346 2800 3392 textam
2820 3377 2834 3401 ,
2863 3349 3019 3405 quam
3047 3347 3147 3386 nec
3174 3337 3541 3400 persecutores
3568 3327 3684 3396 ejus
3709 3327 3798 3381 di-

2200 3436 2468 3499 viserunt,
2496 3441 2680 3487 tenere
2706 3443 2826 3484 cum
2853 3435 2965 3482 toto
2990 3425 3120 3479 orbe
3145 3439 3250 3478 non
3273 3420 3471 3476 vultis?
3493 3421 3550 3473 ln
3573 3419 3793 3474 Psalmo

2202 3527 2319 3597 ipso
2341 3526 2530 3595 legitur
2565 3523 2687 3594 quia
2713 3529 2856 3574 totus
2884 3518 3028 3584 orbis
3055 3530 3172 3570 eam
3203 3522 3350 3569 tenet
3375 3531 3387 3566 :
3417 3509 3796 3566 Commemora-

2203 3618 2409 3683 buntur,
2432 3613 2621 3685 inquit,
2645 3621 2691 3666 et
2715 3618 3059 3665 convertentur
3084 3609 3151 3661 ad
3172 3605 3449 3660 Dominum
3484 3603 3703 3656 universi
3726 3602 3798 3670 ﬁ-

2204 3731 2290 3768 nes
2306 3724 2480 3777 terrw;
2495 3719 2542 3763 et
2558 3705 2839 3762 adorabunt
2858 3706 2911 3758 in
2931 3711 3199 3774 conspectu
3221 3701 3330 3771 ejus
3347 3699 3591 3752 universae
3612 3695 3800 3767 patrita

2204 3806 2444 3879 gentium,
2464 3802 2702 3873 quoniam
2723 3799 2884 3870 ipsius
2906 3805 2979 3850 est
3003 3810 3232 3866 regnum,
3257 3801 3304 3845 et
3329 3792 3436 3863 ipse
3453 3788 3801 3842 dominabitur

2206 3877 2425 3969 gentium
2437 3892 2569 3966 (1b.,
2583 3892 2674 3957 28,
2688 3890 2779 3962 29)
2791 3928 2804 3942 .
2819 3888 3035 3959 Aperite
3050 3899 3207 3940 aures
3221 3883 3397 3938 cordis
3409 3890 3467 3936 et
3479 3879 3657 3934 audite
3667 3877 3799 3948 quia

2207 3987 2344 4042 Deus
2368 3989 2575 4040 deorum
2601 3982 2851 4036 Dominus
2880 3980 3078 4034 locutus
3107 3985 3214 4041 est,
3240 3985 3289 4030 et
3321 3975 3510 4029 vocavit
3547 3981 3734 4026 terram
3766 3987 3803 4024 α

2208 4080 2328 4134 solis
2349 4087 2462 4132 ortu
2482 4091 2638 4146 usque
2660 4075 2727 4128 ad
2747 4087 2977 4127 occasum
2998 4087 3018 4136 ;
3039 4085 3101 4124 ex
3122 4068 3250 4123 Sion
3270 4067 3458 4138 species
3478 4064 3668 4118 decoris
3685 4063 3804 4133 ejus

2212 4169 2380 4245 (Psal.
2405 4184 2549 4232 mx,
2574 4165 2722 4236 1,2).
2751 4164 2806 4220 Si
2834 4163 2935 4218 hoc
2959 4177 3064 4216 non
3093 4160 3250 4214 vultis
3275 4157 3588 4226 intelligere,
3616 4153 3804 4208 audite

2210 4260 2574 4332 Evangelium,
2583 4258 2694 4328 jam
2710 4271 2803 4327 per
2815 4269 2877 4310 os
2892 4252 3160 4325 proprium
3176 4251 3425 4320 loquente
3441 4249 3554 4317 ipso
3570 4245 3806 4300 Domino

2210 4364 2264 4412 et
2299 4355 2544 4410 dicente:
2577 4349 2708 4415 Quia
2741 4347 2999 4419 oportebat
3033 4345 3094 4397 de
3115 4341 3312 4397 Christo
3350 4338 3588 4408 compleri
3624 4335 3808 4389 omnia

2209 4463 2322 4520 quae
2343 4448 2405 4500 de
2426 4445 2514 4498 illo
2539 4443 2725 4512 scripta
2745 4448 2860 4495 sunt
2883 4439 2936 4491 in
2957 4435 3090 4506 Lege
3113 4445 3160 4489 et
3184 4432 3452 4502 Prophetis
3476 4438 3522 4482 et
3545 4427 3805 4494 Psalmis,

2211 4550 2258 4596 et
2300 4537 2565 4612 praedicari
2589 4535 2644 4588 in
2671 4533 2870 4587 nomine
2893 4531 3003 4600 ejus
3029 4525 3368 4598 paenitentiam
3390 4532 3434 4577 et
3453 4521 3810 4576 remissionem

2212 4611 2562 4704 peccatorum,
2591 4643 2679 4698 per
2713 4640 2883 4680 omnes
2926 4630 3092 4693 gentes
3128 4618 3374 4688 incipiens
3411 4614 3470 4668 ab
3509 4611 3810 4668 Jerusalem

2215 4723 2366 4797 (Luc.
2387 4737 2536 4789 πων,
2560 4720 2651 4787 MV,
2673 4717 2790 4789 47).
2813 4714 2963 4784 Quod
2986 4715 3036 4768 in
3066 4712 3278 4767 Psalmo
3305 4707 3455 4775 dixit,
3479 4705 3667 4760 vocavit
3701 4712 3796 4756 tere

2212 4833 2322 4871 ram
2345 4832 2377 4868 a
2403 4814 2524 4869 solis
2559 4819 2674 4868 ortu
2695 4825 2848 4876 usque
2871 4806 2939 4859 ad
2967 4818 3233 4866 occasum;
3262 4801 3365 4856 hoc
3401 4799 3454 4853 in
3484 4793 3808 4864 Evangelio,

2214 4925 2302 4979 per
2323 4922 2492 4960 omnes
2525 4911 2733 4976 gentes:
2765 4907 2820 4954 et
2859 4895 2999 4968 quod
3043 4898 3093 4949 in
3135 4894 3344 4947 Psalmo
3382 4888 3548 4955 dixit,
3575 4903 3639 4940 ex
3669 4885 3811 4939 Sion

2212 4975 2400 5071 species
2427 4975 2621 5051 decoris
2645 4993 2792 5064 ejus;
2819 4989 2923 5044 hoc
2961 4987 3015 5042 in
3048 4983 3337 5055 Evangelia
3367 4980 3528 5046 dixit,
3556 4975 3813 5046 incipiens

2213 5091 2276 5147 ab
2301 5089 2604 5145 Jerusalem.

2284 5184 2338 5238 2.
2367 5181 2587 5251 Fingitis
2611 5192 2708 5232 vos
2730 5185 2852 5230 ante
2877 5185 3086 5243 tempus
3110 5170 3300 5226 messis
3326 5168 3507 5238 iugere
3535 5161 3818 5234 permixta

2217 5277 2436 5342 zizania,
2459 5275 2579 5344 quia
2605 5285 2704 5327 vos
2733 5270 2862 5325 estis
2889 5267 3002 5322 sola
3031 5265 3254 5320 zizania.
3295 5262 3425 5316 Nam
3456 5260 3501 5314 si
3536 5258 3819 5313 frumenta

2218 5369 2444 5434 essetis,
2503 5365 2764 5436 permixta
2815 5360 3012 5416 zizania
3057 5355 3396 5422 toleraretis,
3441 5361 3496 5408 et
3538 5366 3569 5406 a
3620 5357 3822 5419 segete

2216 5461 2418 5518 Christi
2443 5475 2549 5515 non
2578 5473 2673 5514 vos
2702 5454 3028 5512 divideretis.
3044 5451 3120 5505 De
3139 5448 3356 5504 zizaniis
3375 5446 3586 5517 quidem
3600 5443 3818 5500 dictum

2217 5563 2321 5622 est,
2355 5552 2607 5618 Quoniam
2633 5546 2905 5603 abundabit
2958 5543 3218 5613 iniquitas,
3268 5541 3552 5611 refrigescet
3581 5536 3820 5591 charitas

2217 5646 2491 5703 multorum
2518 5661 2536 5699 .'
2565 5643 2659 5700 sed
2683 5651 2738 5698 et
2761 5640 2827 5696 de
2857 5639 3032 5693 tritico
3055 5637 3253 5691 dictum
3281 5644 3384 5699 est,
3405 5632 3503 5699 Qui
3520 5645 3824 5702 persevera-

2215 5746 2340 5802 verit
2366 5757 2524 5813 usque
2550 5739 2605 5792 in
2633 5738 2811 5807 ﬁnem,
2838 5734 2922 5787 hic
2948 5731 3125 5786 salvus
3147 5729 3241 5783 erit
3273 5725 3488 5800 (Matth.
3523 5739 3674 5787 xxxv,
3703 5724 3809 5792 12,

2217 5835 2330 5910 15).
2354 5833 2533 5902 Quare
2551 5827 2770 5889 creditis
2785 5825 3026 5888 crevisse
3044 5821 3254 5885 zizania
3266 5828 3322 5882 et
3343 5817 3609 5878 mundum
3624 5815 3816 5888 reple-
