4090 6356
298 448 407 508 265

295 566 459 630 visse,
494 563 725 621 triticum
775 574 954 621 autem
1006 562 1309 622 decrevisse
1350 572 1402 622 et
1433 565 1485 620 in
1538 568 1650 623 sola
1702 567 1883 624 Africa

295 658 600 713 mansisse?
632 659 963 714 Christianos
991 675 1087 715 vos
1111 659 1301 725 dicitis,
1330 670 1384 716 et
1422 659 1636 735 Christo
1665 671 1882 719 contra-

291 742 489 798 dicitis.
519 742 638 813 Ipse
651 743 801 809 dixit,
822 742 987 800 Sinite
1006 754 1217 815 utraque
1234 761 1454 799 crescere
1484 763 1640 817 usque
1654 747 1721 801 ad
1745 764 1881 803 mes-

288 851 423 899 ιεηι;
447 850 557 889 ιιοη
580 834 731 898 dixit,
745 833 1001 892 Crescant
1025 837 1246 902 zizania,
1262 836 1572 893 decrescant
1592 837 1876 895 frumenta.

288 924 406 991 Ipse
436 926 596 993 dixit,
624 925 759 998 Ager
782 937 855 981 est
878 929 959 981 hic
991 927 1241 993 uitandus;
1268 944 1374 983 non
1416 929 1584 997 dixit,
1613 933 1753 1002 Ager
1794 941 1879 988 est

285 1016 487 1071 Africa.
538 1016 656 1088 Ipse
696 1017 849 1084 dixit,
891 1017 1075 1074 Messis
1102 1027 1176 1073 est
1205 1020 1323 1089 ﬁnis
1340 1022 1540 1088 screnti;
1574 1037 1678 1077 non
1720 1022 1872 1089 dixit,

284 1110 480 1163 messis
506 1118 588 1164 est
618 1118 827 1181 tempus
852 1112 867 1143 ¹
888 1112 1095 1166 Donati.
1120 1110 1237 1182 Ipse
1254 1112 1406 1180 dixit,
1427 1112 1676 1169 Messores
1697 1114 1875 1186 Ληρειὶ

278 1209 397 1254 sunt
420 1200 634 1271 (Matth.
661 1218 779 1267 xm,
799 1202 888 1267 50,
904 1203 993 1267 38,
1009 1202 1097 1274 59)
1115 1220 1130 1269 ;
1150 1219 1253 1259 non
1276 1204 1425 1271 dixit,
1446 1204 1707 1261 Messores
1720 1206 1870 1276 prin-

278 1292 323 1345 ci
331 1307 428 1360 pes
447 1292 953 1349 Circumcellionum
980 1304 1121 1349 sunt.
1139 1294 1243 1349 Sed
1257 1296 1375 1365 quia
1395 1311 1490 1365 pro
1505 1298 1721 1353 zizaniis
1738 1298 1871 1352 triti-

278 1398 399 1437 cum
443 1386 770 1452 accusastis,
818 1400 913 1441 vos
940 1400 1062 1442 esse
1095 1387 1294 1441 zizania
1341 1387 1774 1455 demonstrastis,
1814 1399 1869 1445 et

275 1474 414 1543 quod
453 1484 535 1530 est
556 1476 789 1545 gravius,
811 1486 935 1532 ante
956 1486 1163 1547 tempus
1189 1492 1328 1533 vosa
1356 1479 1530 1535 tritico
1558 1482 1863 1551 separastis.

276 1564 505 1634 blajores
531 1568 677 1621 enim
702 1567 867 1623 vestri
904 1568 960 1622 in
997 1583 1223 1638 quorum
1257 1569 1509 1639 sacrilega
1556 1571 1865 1641 przccisione

275 1660 660 1727 perseveratis,
708 1660 921 1730 quidam
957 1661 1133 1717 Gestis
1164 1662 1565 1733 municipalibus
1594 1662 1671 1735 (a)
1704 1663 1863 1720 Codi-

272 1764 363 1804 ces
399 1760 618 1807 sanctos
650 1761 706 1807 et
759 1752 1108 1809 instrumenta
1138 1754 1391 1809 Ecclesia:
1433 1756 1861 1824 persecutoribus

274 1840 627 1908 tradiderunt,
659 1841 874 1912 quidam
927 1858 1020 1899 eos
1059 1844 1287 1901 fatentes
1335 1845 1649 1903 dimiserunt
1688 1854 1743 1902 et
1779 1849 1858 1904 eis

271 1934 835 2001 communicaverunt,
886 1945 942 1991 et
985 1936 1196 2008 utrique
1237 1938 1609 2009 Carthaginem
1657 1938 1856 1998 furiosa

270 2024 496 2083 factione
537 2038 934 2097 convenerunt,
964 2029 1034 2086 de
1076 2030 1297 2086 crimine
1332 2032 1630 2088 traditionis
1658 2032 1725 2089 dc
1748 2049 1855 2105 quo

268 2117 363 2186 ipsi
384 2119 526 2173 inter
543 2120 722 2189 sejam
739 2129 1139 2187 consenserant,
1163 2121 1427 2177 inauditos
1447 2122 1848 2192 damnaverunt,

265 2210 578 2280 episc0pum
593 2221 778 2268 contra
800 2214 1107 2283 episcopum
1124 2213 1521 2279 ordinaverunt,
1538 2216 1704 2271 altare
1724 2231 1852 2271 con-

268 2311 341 2356 tra
367 2302 542 2358 altare
570 2312 875 2360 erexerunt.
924 2305 1111 2361 Postea
1155 2305 1355 2361 litteras
1384 2306 1450 2361 ad
1478 2306 1849 2377 imperatorem

263 2394 698 2463 Constantinum,
728 2405 785 2450 ut
814 2395 953 2452 inter
976 2396 1133 2450 Afros
1152 2397 1386 2467 episcopi
1410 2399 1741 2454 transmarini
1757 2400 1847 2471 ju-

263 2482 522 2559 dicaretit,
570 2486 866 2551 miserunt;
917 2486 1055 2542 datis
1078 2486 1345 2557 judicibus
1381 2505 1514 2559 quos
1548 2492 1848 2559 postulave-

261 2584 377 2630 rant
415 2548 474 2631 et
510 2548 706 2632 Romae
744 2548 1105 2647 judicantibus
1155 2595 1262 2634 non
1311 2579 1841 2652 obtemperaverunt,

258 2670 549 2739 episcopos
574 2670 712 2740 apud
753 2669 1128 2740 Imperatorem
1182 2682 1428 2743 tauquam
1459 2674 1598 2729 male
1634 2673 1843 2744 judica-

258 2762 430 2816 verint
451 2772 761 2833 arguerunt.
792 2763 876 2819 Ab
920 2764 1039 2819 aliis
1066 2779 1250 2820 rursus
1277 2766 1539 2838 episcopis
1565 2767 1632 2823 ad
1657 2770 1843 2825 Arela-

258 2863 364 2908 tum
400 2854 583 2909 missis
610 2854 676 2910 ad
706 2855 879 2926 ipsum
909 2855 1284 2926 Imperatorem
1314 2858 1744 2928 appellaverunt;
1773 2860 1841 2918 ab

257 2946 370 3015 ipso
397 2946 571 3001 auditi
593 2956 647 3003 et
669 2948 1078 3005 calumniatores
1103 2949 1324 3017 inventi,
1349 2950 1402 3006 in
1426 2952 1617 3009 eodem
1638 2954 1840 3011 scelere

257 3051 684 3109 permanserunt.
730 3042 992 3114 Evigilate
1035 3044 1103 3100 ad
1145 3046 1402 3113 salutem,
1431 3057 1606 3105 amate
1629 3065 1833 3120 pacem,

256 3130 421 3187 redite
440 3132 510 3186 ad
542 3133 819 3189 unitatem.
852 3135 977 3191 litec
998 3136 1151 3193 vobis
1200 3138 1645 3209 quemadmodum
1688 3152 1836 3214 gesta

255 3224 377 3292 siut,
403 3226 623 3293 quando
651 3228 833 3296 vultis,
860 3230 1038 3285 omnia
1070 3231 1375 3287 recitamus.

318 3316 373 3370 3.
400 3313 497 3371 Ille
524 3318 880 3374 communicat
900 3320 1071 3385 malis,
1104 3322 1193 3391 qui
1223 3323 1488 3379 consentit
1508 3323 1657 3381 lactis
1676 3327 1835 3384 malo-
1896 3344 1899 3345 '

254 3422 390 3474 rum,
426 3422 538 3462 non
566 3408 655 3479 qui
682 3410 875 3465 tolerat
901 3410 951 3465 in
979 3426 1106 3482 agro
1134 3411 1402 3470 dominico
1426 3416 1626 3472 zizania
1663 3434 1833 3490 usque

252 3497 315 3552 ad
330 3514 587 3564 messem,
619 3501 702 3556 vel
737 3502 944 3571 paleam
972 3519 1139 3574 usque
1161 3504 1226 3559 ad
1252 3505 1493 3562 ultimam
1527 3509 1829 3566 vcntilatio-

253 3606 391 3645 nem.
416 3590 473 3646 Si
505 3592 676 3665 malos
717 3593 925 3661 odistis,
958 3609 1055 3650 vos
1083 3596 1181 3666 ipsi
1210 3597 1486 3654 mutamini
1524 3600 1592 3656 ab
1629 3602 1831 3660 scelere

250 3685 571 3742 schismatis.
594 3688 648 3744 Si
674 3689 933 3745 malorum
950 3692 1353 3761 permixtionem
1378 3694 1651 3763 timeretis,
1669 3694 1831 3767 Opta-

254 3783 357 3829 tum
392 3777 468 3848 (b)
500 3778 641 3833 inter
680 3796 774 3835 vos
803 3780 857 3835 in
898 3783 1229 3852 apertissima
1262 3785 1537 3857 iniquitate
1560 3788 1827 3845 viventem

249 3878 337 3934 per
365 3875 447 3921 tot
466 3883 635 3924 annos
659 3886 767 3926 non
798 3874 1068 3929 teneretis.
1113 3874 1281 3941 Quem
1305 3892 1425 3932 cum
1451 3878 1609 3935 modo
1624 3888 1826 3953 marty-

248 3972 355 4011 rem
381 3957 581 4025 dicitis,
610 3969 850 4029 superest
878 3970 936 4017 ut
962 3978 1105 4030 eum,
1137 3974 1355 4035 propter
1376 3984 1534 4038 quem
1583 3980 1826 4026 mortuus

245 4058 357 4113 cst,
405 4049 678 4106 Christum
730 4052 936 4109 dicatis.
994 4056 1275 4113 Postremo
1302 4060 1427 4130 quid
1456 4077 1552 4117 vos
1605 4063 1824 4121 oll'endit

242 4141 388 4195 orbis
402 4142 744 4209 Christianus,
762 4159 790 4197 a
812 4160 917 4215 quo
939 4162 1035 4202 vos
1050 4149 1251 4204 nefario
1274 4151 1448 4207 furore
1471 4154 1821 4223 prazcidistis?

240 4240 291 4287 et
312 4232 444 4303 quid
475 4248 572 4291 vos
596 4246 1009 4304 promeruerunt
1026 4239 1443 4309 Maximianistas,
1467 4260 1602 4315 quos
1621 4262 1651 4301 a
1670 4249 1822 4306 vobis

239 4322 519 4380 damnatos
547 4335 600 4380 et
623 4342 717 4395 per
738 4327 936 4397 judicia
964 4330 1173 4400 publica
1200 4332 1268 4389 de
1291 4333 1525 4393 basilicis
1542 4340 1819 4407 proturba-

238 4424 348 4484 tos,
382 4418 437 4471 in
464 4432 563 4473 suo
583 4433 767 4479 rursus
787 4421 992 4477 honore
1018 4424 1335 4495 recepistis?
1367 4426 1505 4495 Quid
1529 4444 1625 4486 vos
1651 4431 1819 4488 oll'en-

233 4503 309 4560 dit
339 4522 444 4576 pax
459 4508 682 4576 Christi,
705 4521 890 4567 contra
911 4528 1069 4583 quam
1095 4530 1189 4571 vos
1216 4515 1450 4574 dividitis
1477 4520 1545 4576 ab
1572 4521 1649 4578 eis
1680 4539 1815 4594 quos

233 4597 538 4655 infamatis?
563 4608 618 4656 et
637 4602 763 4672 quid
790 4618 885 4659 vos
902 4608 1193 4675 promeruit
1214 4624 1315 4679 pax
1356 4611 1564 4681 Donati,
1588 4630 1684 4683 pro
1710 4632 1813 4687 qua

230 4689 496 4759 suscipitis
519 4706 656 4761 quos
682 4691 983 4751 damnatis?
1010 4697 1628 4762 FelicianusMustitanus
1653 4708 1813 4765 modo

229 4778 504 4835 vobiscum
550 4791 652 4836 est.
693 4782 944 4855 Legimus
977 4802 1099 4843 eum
1136 4790 1283 4860 prius
1308 4793 1359 4848 in
1386 4804 1565 4852 vestro
1583 4800 1811 4857 concilio

226 4866 535 4924 damnatum
552 4913 569 4939 ,
588 4880 643 4928 et
662 4890 693 4928 a
712 4875 863 4931 vobis
882 4888 1067 4948 postea
1088 4880 1140 4935 in
1158 4881 1359 4951 judicio
1380 4892 1708 4956 proconsulis
1728 4906 1811 4947 ac-

227 4967 490 5027 cusatum,
519 4970 575 5017 et
600 4962 653 5019 in
679 4964 957 5024 Mustitana
983 4970 1194 5028 civitate
1208 4972 1383 5031 Gestis
1406 4980 1809 5051 municipalibus

223 5060 603 5120 oppugnatum.

289 5142 344 5197 4.
362 5141 423 5198 Si
440 5144 656 5202 traditio
667 5146 917 5204 Codicum
931 5151 1189 5210 scelerata
1202 5163 1301 5222 est,
1319 5173 1477 5229 quam
1494 5160 1634 5217 Deus
1648 5162 1699 5217 in
1717 5180 1806 5220 re-

219 5248 332 5299 gem
347 5235 440 5304 qui
455 5234 702 5293 Jeremia:
722 5239 912 5295 librum
926 5242 1179 5313 incendit,
1197 5257 1367 5305 morte
1383 5250 1566 5308 bellica
1592 5256 1612 5286 ³
1629 5256 1804 5312 vindi-

219 5328 356 5384 cavit
380 5328 722 5403 (Jer.xxxvt,
738 5337 830 5405 23,
849 5339 964 5411 30),
982 5350 1180 5411 quanto
1194 5345 1500 5402 sceleratius
1524 5358 1606 5405 est
1633 5353 1800 5407 sacri-

218 5417 414 5487 legium
450 5424 752 5485 schismatis
774 5470 791 5495 ,
817 5432 970 5502 cujus
996 5443 1244 5491 auctores
1261 5477 1278 5504 ,
1310 5439 1502 5508 quibus
1526 5441 1800 5500 Maximia-

218 5511 385 5569 uistas
408 5521 777 5590 comparastis,
801 5530 983 5593 aperta
1000 5534 1140 5581 terra
1159 5528 1308 5582 vivos
1322 5527 1593 5588 absorbuit
1609 5534 1793 5609 (Num.

272 5765 347 5890 fa;
369 5769 607 5821 Confectis
628 5775 753 5836 apud
776 5779 1031 5828 Munatium
1046 5780 1269 5833 Felicem.
1283 5754 1319 5763 I'

296 5828 323 5876 ὁ
368 5838 567 5890 Optatus
586 5836 994 5890 Thamuaadensis
1016 5853 1211 5890 Dronter
1234 5845 1319 5890 ait:

368 5838 572 5909 Optatus
586 5836 994 5909 Thamugadensis
1015 5853 1211 5909 propter
1234 5845 1478 5909 Gildonem
1516 5850 1566 5899 in
1597 5863 1795 5909 carcere

221 5892 482 5945 exstinctus
505 5904 597 5955 est,
624 5911 686 5947 ex
712 5892 796 5949 lib".
820 5901 999 5952 2-00nt.
1015 5892 1118 5955 ἰὶιιῖ
1142 5892 1478 5973 semirasi;
1495 5892 1669 5969 ιίῗὲονᾶ

537 5981 763 6049 Sacr.
793 5989 1071 6054 Aususr.
1105 5992 1185 6060 ll.

1462 448 1938 510 EPISTOLARUM
1973 450 2244 518 CLASSIS
2278 454 2340 519 ll.

3459 491 3567 551 268

1994 584 2106 667 xvi,
2136 573 2369 667 ill-53)!
2402 578 2676 648 Quomodo
2706 601 2833 661 ergo
2851 590 3055 651 crimen
3082 598 3378 661 traditionis
3404 609 3561 667 nobis

1990 661 2239 735 objicitis,
2269 670 2411 740 quod
2438 688 2543 728 non
2570 678 2827 749 probatis,
2856 692 2909 739 et
2948 687 3316 750 schismaticos
3354 708 3561 758 vestros

1987 764 2041 811 et
2073 756 2335 818 damnatis
2359 773 2412 820 et
2457 774 2778 841 acceptatis?
2807 775 2862 831 Si
2912 790 3189 852 propterea
3231 787 3361 856 justi
3397 756 3559 863 estis,

1984 848 2105 918 quia
2144 857 2565 922 persecutionem
2605 880 2701 934 per
2738 848 3089 939 Imperatores
3129 848 3269 947 passi
3303 884 3451 951 estis,
3473 848 3562 956 ju:

1983 941 2175 999 stiores
2202 948 2351 1003 vobis
2374 962 2498 1007 sunt
2524 954 2623 1025 ipsi
2651 958 3071 1034 Maximianistac,
3091 941 3224 1041 quos
3241 990 3337 1044 per
3348 941 3558 1047 judices

1980 1032 2049 1088 ab
2078 1035 2493 1108 Imperatoribus
2516 1049 2789 1110 catholicis
2817 1058 3010 1116 missos
3035 1079 3130 1119 vos
3154 1065 3255 1138 ipsi
3288 1076 3557 1141 persecuti

1982 1126 2140 1233 fstis:
2162 1129 2219 1184 Si
2248 1131 2575 1207 Baptismum
2606 1158 2700 1198 vos
2730 1148 2828 1202 soli
2858 1149 3083 1223 habetis,
3112 1126 3235 1228 quid
3273 1126 3557 1233 apud'vos—

1978 1214 2101 1272 facit
2125 1218 2416 1291 baptismus
2438 1228 2939 1298 Maximianistarum
2957 1246 3007 1300 in
3024 1214 3103 1303 eis
3122 1214 3253 1321 quos
3269 1214 3554 1327 baptizavit

1977 1306 2275 1370 Felicianus
2314 1318 2613 1393 damnatus,
2641 1344 2763 1384 cum
2791 1335 3090 1403 quibus‘est
3134 1306 3200 1398 ad
3232 1306 3547 1419 vosrpostea

1973 1408 2292 1463 revocatus?
2317 1410 2412 1468 Vel
2449 1417 2598 1473 vobis
2627 1421 2776 1477 laicis
2819 1427 2885 1481 ad
2918 1427 3017 1485 ista
3050 1408 3405 1506 respondeant
3434 1445 3549 1514 cpi-

1971 1496 2117 1564 scopi
2140 1502 2321 1570 vestri,
2346 1505 2389 1559 si
2407 1508 2683 1567 uobiscum
2705 1515 2849 1586 loqui
2876 1522 3089 1590 nolunt;
3113 1496 3167 1581 et
3194 1532 3423 1600 cogitate
3451 1496 3547 1605 pro

1969 1585 2139 1644 salute
2165 1600 2359 1659 vestra,
2392 1600 2545 1666 quale
2569 1602 2637 1657 sit
2665 1602 2767 1660 hoc
2781 1585 2968 1679 ipsum
2989 1585 3126 1682 quod
3160 1585 3431 1677 nobiscum
3451 1585 3544 1680 Io-

1971 1677 2056 1747 qui
2085 1680 2288 1737 nolunt.
2318 1686 2370 1741 Si
2402 1688 2509 1761 lupi
2549 1677 2829 1753 concilium
2874 1677 3134 1776 fecerunt,
3166 1718 3224 1764 ut
3248 1716 3545 1781 pastoribus

1964 1784 2071 1826 non
2100 1777 2473 1847 respondeant,
2504 1801 2668 1855 quare
2697 1805 2823 1847 oves
2851 1799 3139 1855 concilium
3168 1803 3535 1878 perdiderunt,

1962 1870 2022 1917 ut
2045 1864 2111 1920 ad
2138 1866 2379 1939 luporum
2402 1878 2687 1945 speluncas
2711 1887 3005 1946 accedant?

2347 1983 2676 2046 EPISTOLA
2715 1994 2951 2053 LXXVII
2981 2006 2998 2026 ¹
3020 2003 3116 2076 (α).

1958 2065 2268 2139 Augustinus
2298 2073 2459 2132 Felici
2498 2091 2543 2135 et
2566 2082 2827 2156 Hilarino,
2851 2103 2907 2145 ut
2939 2112 3000 2149 ne
3018 2065 3366 2167 perturbentur
3389 2108 3537 2163 obor-

2029 2162 2092 2215 tis
2117 2163 2170 2217 in
2196 2164 2425 2224 Ecclesia
2450 2177 2721 2234 scandulis.
2767 2181 2933 2239 Porro
2962 2187 3024 2242 de
3051 2189 3336 2264 Bonifacio,
3367 2201 3451 2270 qui
3479 2200 3533 2255 in

2026 2252 2167 2309 nullo
2200 2260 2339 2328 apud
2379 2280 2432 2317 se
2476 2267 2684 2324 crimine
2717 2273 3053 2344 deprehensus
3089 2285 3273 2353 fuerit,
3318 2301 3535 2347 statuere

2024 2360 2124 2400 non
2147 2366 2294 2417 posse
2313 2363 2366 2406 ut
2381 2356 2488 2425 ejus
2510 2375 2687 2416 nomen
2709 2364 2771 2419 de
2791 2368 3189 2441 presbyterorum
3204 2379 3316 2434 albo
3335 2399 3531 2451 expun-

2022 2446 2185 2506 gatur,
2218 2445 2432 2500 maxime
2457 2464 2571 2503 cum
2614 2452 2772 2524 ipsius
2801 2474 3006 2516 causam
3050 2466 3117 2518 ad
3144 2466 3239 2522 Dei
3276 2471 3531 2541 judicium

2022 2533 2370 2591 transmiserit.

1951 2616 2191 2678 Dominis
2219 2624 2579 2689 dilectissimis
2605 2639 2902 2713 meritoque
2928 2642 3252 2709 ltonorandis
3278 2652 3529 2715 fratribus

2019 2713 2201 2772 Fsucr
2248 2730 2299 2777 ct
2351 2722 2665 2799 lltuntuo',
2702 2734 3054 2808 Aucusrmus,
3092 2744 3145 2799 in
3176 2745 3399 2805 Domino
3436 2766 3527 2808 sa-

2052 2805 2237 2863 lutent.
2918 2820 2919 2823 “

2024 2894 2070 2949 l.
2109 2896 2224 2955 Non
2252 2903 2416 2959 miror
2439 2914 2941 2998 satanamfidelium
2977 2923 3182 2982 animos
3210 2930 3522 2999 perturbam

1947 2991 2055 3040 tem
2085 3005 2098 3041 :
2126 2991 2209 3045 cui
2240 2996 2491 3065 resisntc,
2516 2986 2890 3070 permanentes
2913 3011 2965 3067 in
3008 3032 3104 3084 spe
3136 3024 3522 3089 promissorum

1944 3077 2037 3133 Dei
2063 3082 2151 3151 qui
2178 3083 2362 3143 fallere
2387 3106 2492 3146 non
2521 3104 2723 3165 potest;
2747 3100 2834 3170 qui
2867 3118 2972 3158 non
3007 3077 3177 3164 solum
3209 3077 3437 3173 nobisin
3462 3135 3523 3176 se

1942 3172 2298 3247 credentibus,
2328 3191 2381 3236 et
2408 3189 2762 3259 sperantibus,
2787 3196 2909 3251 etin
2934 3199 3046 3267 ejus
3073 3203 3327 3264 charitate
3352 3226 3524 3284 usque

1940 3261 1993 3316 in
2037 3264 2197 3321 linem
2245 3278 2706 3340 perseverantibus
2755 3286 2991 3354 polliceri
3044 3297 3260 3363 praemia
3321 3261 3521 3361 talenta

1939 3354 2183 3426 dignatus
2213 3371 2313 3431 est,
2357 3381 2542 3423 verum
2588 3373 2745 3428 etiam
2782 3383 3091 3450 temporalia
3122 3390 3369 3446 scandala
3411 3411 3521 3453 non

1938 3445 2178 3506 defutura
2215 3456 2480 3527 praedixit,
2506 3464 2697 3532 quibus
2727 3445 3151 3533 ﬁdem—nostram
3181 3486 3417 3540 exerceri
3464 3498 3522 3544 et

1938 3541 2148 3611 probari
2176 3557 2443 3616 oporteret
2468 3571 2481 3608 :
2532 3555 2606 3610 ait
2639 3559 2800 3626 enim,
2840 3563 3091 3627 Quoniam
3120 3571 3395 3631 abundabit
3421 3579 3520 3634 ini.

1933 3633 2117 3702 quitas,
2145 3638 2426 3710 refrigescet
2446 3642 2665 3702 cltaritas
2686 3650 2990 3722 multorum;
3010 3660 3103 3715 sed
3123 3666 3372 3723 continuo
3388 3670 3516 3725 sub-

1928 3721 2079 3793 jecit,
2098 3726 2198 3793 Qui
2217 3740 2384 3786 autem
2404 3743 2784 3804 perseveraverit
2808 3761 2964 3817 usque
2988 3750 3042 3804 in
3061 3753 3235 3823 ﬁnem,
3254 3760 3335 3812 ltic
3348 3762 3517 3819 salvus

1932 3814 2029 3868 erit
2053 3814 2264 3917 (Matth.
2293 3838 2447 3917 xxiv,
2480 3828 2567 3896 12,
2606 3831 2713 3903 15).
2738 3814 3026 3911 Quid'ergo
3046 3814 3259 3917 mirum,
3284 3851 3325 3905 si
3345 3814 3516 3910 humi;

1928 4180 2208 4250 sphemare
2228 4203 2333 4243 non
2357 4203 2586 4259 cessent,
2610 4210 2728 4252 cum
2747 4200 2825 4253 eis
2842 4201 3085 4273 displicet
3099 4212 3348 4282 quidquid
3372 4232 3505 4273 cou-

1928 4278 2008 4325 tra
2036 4287 2220 4330 eorum
2245 4280 2568 4337 voluntatem
2590 4284 2736 4355 justo
2783 4300 2836 4346 et
2875 4296 3084 4352 occulto
3112 4278 3311 4370 judicio
3343 4306 3505 4365 facit?

1928 4362 2080 4421 Unde
2112 4369 2364 4426 exhortor
2392 4375 2722 4444 prudentiam
2752 4395 3001 4453 vestram,
3037 4362 3235 4450 domini
3269 4392 3507 4457 dilectis?

1925 4455 2045 4510 simi
2075 4461 2370 4533 meritoque
2402 4466 2691 4525 honorandi
2713 4472 2921 4545 fratres,
2952 4481 3350 4555 utScripturam
3378 4492 3496 4558 Dei,

1923 4563 2042 4617 quze
2066 4551 2087 4581 ³
2113 4552 2268 4608 nobis
2294 4553 2409 4611 haec
2429 4560 2605 4615 omnia
2634 4562 2801 4619 futura
2828 4551 3216 4643 prmnuntiavit,
3241 4587 3294 4633 et
3312 4551 3501 4639 adver;

1923 4653 2015 4695 sus
2039 4656 2100 4696 ea
2121 4658 2219 4698 nos
2246 4645 2427 4703 tirmos
2447 4664 2566 4707 esse
2595 4652 2793 4712 debere
2817 4666 3153 4733 prmmonuit,
3185 4679 3369 4728 contra
3395 4674 3497 4731 ho-

1921 4732 2122 4789 minum
2145 4738 2397 4795 maledica
2424 4744 2720 4815 vaniloquia
2741 4752 3173 4828 suspicionesque
3188 4767 3496 4824 temerarias

1917 4824 2079 4881 corde
2106 4828 2546 4890 christianissimo
2570 4838 2828 4907 cogitetis.

1984 4917 2040 4971 2.
2068 4919 2309 4977 Breviter
2335 4923 2903 4994 itaquedicoCharitati
2929 4948 3138 5011 vestrae,
3165 4944 3490 5006 Bonifacium

1914 5010 2279 5081 presbyterum
2298 5013 2351 5068 in
2364 5017 2507 5071 nullo
2527 5019 2746 5077 crimine
2766 5027 2903 5095 apud
2922 5044 3006 5085 me
3026 5030 3187 5090 fuisse
3198 5037 3484 5109 detectum,

1911 5116 2240 5173 nequaquam
2268 5122 2354 5162 me
2372 5107 2439 5163 de
2464 5110 2556 5166 illo
2587 5114 2687 5169 tale
2713 5116 2909 5188 aliquid
2940 5124 3229 5184 credidisse
3259 5132 3340 5186 vel
3363 5107 3487 5189 ere;

1910 5192 2058 5249 dere.
2088 5196 2364 5261 Quomodo
2391 5216 2518 5273 ergo
2541 5203 2781 5273 juberem
2811 5210 2878 5267 de
2904 5228 3126 5271 numero
3145 5222 3487 5293 presbytero~

1908 5302 2025 5343 rum
2052 5303 2245 5345 nomen
2275 5291 2390 5361 ejus
2409 5294 2625 5364 auferri,
2657 5299 3003 5362 vehementer
3042 5318 3273 5368 terrente
3302 5314 3483 5372 Evan-

1909 5379 2047 5449 gelio
2088 5380 2176 5435 ubi
2209 5382 2461 5441 Dominus
2498 5388 2609 5445 ait:
2638 5388 2705 5445 In
2728 5408 2827 5463 quo
2865 5398 3061 5469 judicio
3106 5402 3479 5478 judicaven‘tis,

1898 5472 2254 5543 judicabimini
2285 5474 2394 5549 (Id.
2415 5494 2510 5544 vn,
2532 5479 2632 5552 2)?
2658 5482 2789 5540 Cum
2812 5488 2954 5544 enim
2998 5506 3154 5547 causa
3182 5512 3301 5565 qua:
3340 5472 3480 5560 inter

1967 5565 1989 5661 ἒ
2009 5570 2381 5695 ἕὲεἱιὲὲιὶῗὲιιὲῗ,
2412 5569 2614 5624 Hilario.
2639 5575 2726 5627 Alli
2748 5581 2982 5646 quinque,
3002 5582 3267 5642 Hilarium.

2195 5728 2384 5799 ἯΕ
2410 5718 2691 5799 ,91ρῆ
2712 5724 2773 5799 αἶ,
2800 5729 2941 5794 ενοι
2975 5744 3026 5780 ιι·
3060 5745 3102 5784 ι·-
3136 5748 3179 5788 s.
3216 5739 3293 5791 sb.
3327 5748 3365 5794 t.
3397 5756 3474 5799 vc.

1900 5781 2104 5837 quatuor
2122 5790 2168 5826 v.
2197 5785 2379 5828 etcum
2400 5781 2500 5831 Ani.
2526 5784 2645 5843 Bad.
2662 5792 2734 5836 Er.
2758 5781 2865 5839 15v.

1961 5859 2033 5922 (a)
2056 5857 2182 5956 alias
2193 5860 2286 5956 l156
2301 5872 2635 5956 spiram
2649 5869 2708 5919 77
2733 5879 2855 5935 erat,
2881 5888 3008 5929 nunc
3028 5879 3105 5932 41.
3130 5886 3309 5953 Scripta
3330 5889 3475 5956 paulo

2826 6026 3089 6113 {NW/7)

1893 5944 2009 5989 ante
2031 5929 2286 6001 epistolam
2306 5932 2614 5993 sequentem.
