4032 6334
491 452 594 510 267

493 568 643 625 illum
669 570 720 616 et
740 559 899 628 Spem
919 557 1100 607 exorta
1121 551 1227 609 cst,
1254 539 1352 593 sub
1375 533 1552 589 divino
1576 521 1819 582 examine
1843 514 2073 590 pendeat

495 654 790 715 Secundum
823 645 1069 718 placitum
1103 649 1310 695 eorum,
1362 624 1502 698 quod
1545 619 1695 676 vobis
1732 616 1777 670 si
1803 607 2078 668 volueritis

497 750 699 827 poterit
725 740 966 802 recitari;
1004 733 1122 805 quis
1155 742 1259 798 ego
1283 736 1422 787 sum,
1467 726 1524 772 ut
1564 710 1784 767 audeam
1814 703 1907 759 Dei
1944 713 2075 774 prte-

1084 825 1092 827 -
1194 819 1206 827 -
1247 819 1256 827 -
1353 814 1364 827 -
1474 808 1513 827 -ι
1549 795 1923 827 ---η-ιηηηιιη
1967 791 2075 827 ος...

500 791 687 901 :enire
737 831 1054 893 sententiam
1083 825 1134 877 in
1177 814 1404 874 dolendo
1433 808 1517 864 vel
1546 795 1923 874 supprimendo
1967 791 2082 859 ejus

1807 888 1838 901 ..
1919 879 2078 901 ..___,,

504 879 687 901 VUIIIIV
738 879 1015 893 uv--.-..---_

504 936 740 1000 "nomine,
769 929 834 982 de
875 937 980 995 quo
1034 930 1131 971 nec
1175 903 1434 979 suspicari
1475 909 1675 955 temere
1717 888 1841 945 mali
1886 879 2080 952 aliquid

1306 999 1311 1000 ⁷
1379 996 1390 1000 ⁸
1449 993 1482 1000 ’⁸
1627 987 1642 1000 ‘
1735 997 1781 1000 ί-
1819 979 1875 1000 J-
1907 971 2080 1000 annui-

507 971 740 1000 ¹¹υ¹¹¹¹υν9
770 971 834 982 νυ
878 971 974 995 *ιν-ν
1273 971 1288 979 -

504 1030 784 1101 episcopus
795 1015 970 1080 debui,
996 1023 1096 1066 nec
1123 999 1352 1061 dilucide
1371 993 1608 1068 judicare
1627 987 1788 1041 homo
1814 979 1881 1035 de
1903 971 2083 1031 occul-

1266 1095 1277 1101 ‘
1345 1092 1356 1101 '
1427 1089 1439 1100 '
1587 1081 1674 1101 ν-ε-
1720 1068 2058 1101 -.ο-η..1ο.-ἰ1ιηα

510 1068 916 1101 ψητνννμηη-
937 1068 970 1080 ν,

510 1126 576 1179 tis
611 1117 882 1175 hominum
912 1103 1077 1178 potui,
1105 1113 1225 1155 cum
1265 1095 1318 1149 in
1345 1089 1474 1160 ipsis
1501 1081 1677 1140 causis
1718 1068 2082 1132 saecularibus,

510 1213 722 1288 quando
741 1207 807 1267 ad
837 1160 1088 1270 majorem
1110 1196 1425 1266 potestatem
1452 1178 1677 1234 refertur
1702 1165 1974 1224 arbitrium
2003 1160 2088 1230 jn-

1190 1283 1201 1288 ‘
1283 1279 1310 1288 ν·
1477 1280 1490 1288 -
1534 1264 1770 1288 -η--μει-η..
1800 1257 1954 1288 ..ηιιηρ
1997 1266 2088 1288 ατ,

510 1257 742 1364 dicandi,
776 1290 1111 1352 manentibus
1162 1279 1315 1337 sicuti
1345 1280 1496 1331 erant
1527 1264 1772 1322 omnibus
1800 1257 1978 1319 rebus,
1997 1266 2090 1306 cx-

512 1341 742 1364 υιυαηυι,
777 1341 1024 1352 ...η-.--μη

512 1402 779 1470 Spectatur
801 1389 888 1452 'dla
912 1376 1196 1440 sententia,
1211 1369 1349 1426 unde
1371 1369 1477 1435 jam
1500 1376 1603 1415 non
1621 1357 1776 1410 liceat
1792 1341 2088 1420 provocari,

1147 1469 1153 1470 ⁷
1212 1466 1232 1470 “
1322 1461 1334 1470 ⁸
1380 1459 1391 1470 '
1463 1455 1500 1470 ’ν
1597 1449 1635 1470 λε
1673 1445 1780 1470 ἰε-ιη
1832 1437 2088 1470 ηηηιιηηιο

515 1437 582 1549 nlo
612 1481 870 1557 superiori
902 1469 1161 1546 cognituri
1205 1466 1294 1519 liat
1322 1455 1513 1527 injuria
1534 1495 1550 1519 ,
1595 1449 1639 1504 si
1669 1445 1784 1515 ejus
1832 1437 2093 1510 pendente

1531 1544 1555 1557 Α
1587 1541 1643 1557 η·
1677 1537 1852 1557 ηιξ-..η
1873 1528 2092 1557 multum

515 1528 582 1549 ιιυ
613 1528 672 1544 ου
713 1528 870 1540 ιιι-η.-
908 1528 927 1532 -
969 1528 997 1546 υ

513 1528 711 1656 indici;
737 1571 932 1644 aliquid
961 1564 1117 1620 fuerit
1141 1544 1555 1613 commutatum?
1587 1541 1651 1595 Et
1677 1537 1854 1604 utique
1873 1528 2092 1584 multum

1273 1650 1284 1656 '
1539 1655 1546 1656 κ
1611 1629 1886 1656 mantnt.“
1919 1621 2092 1656 ονηηι,

541 1621 710 1639 ...μων
738 1621 931 1644 ...μνη

519 1621 741 1737 interest
765 1672 904 1725 inter
930 1661 1159 1716 divinam
1192 1661 1246 1707 et
1273 1650 1556 1702 humanam
1605 1629 1892 1706 quamlibet
1918 1621 2098 1679 excel-

1420 1735 1439 1737 “
1494 1733 1503 1737 “
1683 1726 1695 1737 ο
1791 1722 1829 1737 ·-
1845 1734 1858 1737 μ
1873 1717 1910 1737 -ε
1924 1713 2095 1737 --Μιμ-

521 1713 741 1737 λιιιυιυῦι
768 1713 894 1725 ...ι-ν.
935 1713 978 1716 _,

521 1770 787 1829 sissimam
806 1762 1144 1832 potestatem.
1182 1738 1393 1798 Domini
1418 1733 1508 1789 Dei
1534 1726 1699 1784 nostri
1733 1713 2099 1777 misericordia

1356 1830 1363 1832 ‘
1551 1823 1562 1832 ·
1627 1819 1638 1831 ’
1702 1815 1714 1829 ο
1751 1803 2099 1832 μιι--μλ-...ηιι

897 2043 1226 2110 EPISTOLA
1265 2027 1523 2092 LXXVIII
1558 2029 1577 2050 "
1617 2021 1718 2094 (a).

531 2167 750 2248 Quidam
776 2188 804 2226 e
832 2159 1132 2221 monasterio
1159 2146 1424 2224 Augustini
1449 2141 1576 2210 Spes
1602 2132 1822 2193 nomine,
1847 2127 2110 2180 accusatus

1344 2239 1354 2248 ·
1509 2233 1518 2243 ·
1599 2219 1909 2248 ηη-ενηηε.....
1946 2215 2108 2248 tm"...

600 2215 750 2232 ηπ...
776 2215 803 2226 .,
971 2215 999 2217 η
1240 2215 1260 2224 _

600 2287 630 2322 a
652 2259 912 2332 Bonifacio
942 2251 1224 2326 presbytero
1246 2284 1257 2305 ,
1285 2239 1470 2293 crimen
1505 2233 1557 2284 in
1593 2219 1912 2292 Bonifaciuut
1946 2215 2112 2284 ipsum

603 2302 908 2332 uu.....,....-
943 2302 1112 2326 Γηηα
1250 2302 1255 2305 τ

603 2353 875 2414 transtulit.
915 2347 1040 2403 Cum
1082 2358 1158 2394 res
1198 2313 1843 2401 evidentibus'argumentis
1884 2302 2114 2378 cognosci

603 2452 664 2506 ab
693 2444 968 2524 Augustino
998 2453 1095 2492 non.
1124 2439 1320 2505 posset,
1343 2425 1515 2493 jussus
1543 2424 1612 2470 est
1639 2421 1841 2480 uterque
1871 2403 2009 2455 adire
2035 2413 2114 2450 se-

1188 2522 1228 2524 "
1275 2522 1281 2524 ’
1357 2518 1368 2524 ’
1505 2511 1513 2517 ’
1554 2511 1564 2520 ⁸
1661 2505 1734 2524 ~'-
1764 2496 2114 2524 ‘--'----:nn-nlul

607 2496 839 2616 pulcruym
863 2535 922 2590 S.
955 2529 1138 2584 Felicis
1180 2518 1403 2581 Nolani,
1423 2524 1479 2567 ut
1497 2505 1738 2565 miraculo
1761 2496 2118 2566 transigeretur

1209 2614 1216 2616 λ
1281 2612 1291 2616 -
1523 2612 1533 2616 -
1581 2593 1871 2616 Αηη---ἀ-...η
1910 2602 1921 2614 .
1950 2596 2117 2616 ..οηηη

599 2593 872 2706 iudicium.
904 2623 967 2677 Id
1015 2620 1143 2673 clam
1185 2612 1291 2683 ﬁeri
1333 2612 1534 2662 curarat
1563 2593 1872 2668 Augustinus
1905 2602 1921 2639 :
1950 2596 2119 2638 verum

1395 2701 1405 2706 ‘
1432 2699 1444 2706 ‘
1566 2695 1575 2706 '
1681 2690 1690 2700 '
1884 2675 2119 2706 ..-.......‘n.'l

612 2675 870 2705 1"“-v---'--~
905 2675 920 2677 —
1185 2675 1193 2683 .

612 2723 848 2798 quoniam
872 2735 948 2772 res
977 2716 1207 2784 eruperat
1230 2706 1280 2759 in
1303 2699 1529 2757 notitiam
1558 2690 1848 2749 hominum,
1881 2675 2120 2754 permittit

1392 2792 1403 2798 ·
1627 2788 1630 2791 -
1661 2780 1673 2798 ι
1694 2782 1851 2798 nm--
1878 2788 1975 2798 μη..
1998 2765 2120 2798 ..ορε-

612 2765 848 2798 .,...,.......-
981 2765 1015 2768 _,
1069 2765 1080 2784 ,

610 2819 799 2872 interea
824 2820 876 2864 ut
905 2801 1154 2875 Bonifacii
1181 2811 1357 2851 nomen
1379 2792 1514 2856 inter
1543 2780 1851 2854 presbyteros
1877 2788 1976 2825 non
1998 2765 2126 2822 reci-

1681 2872 1707 2875 ’“
2077 2856 2116 2875 cl,

614 2856 799 2872 ....υ.ν..
905 2856 1048 2875 --η

614 2917 778 2969 tetur;
822 2903 1048 2954 hortatur
1095 2904 1264 2945 onmes
1293 2900 1354 2938 ne
1383 2891 1563 2935 temere
1593 2872 1861 2944 judicent,
1901 2877 2019 2917 neue
2062 2856 2124 2913 ob

555 2993 562 3002 ’
616 3008 890 3070 paucorum
932 2987 1112 3040 delicta
1150 2979 1224 3036 vel
1267 2975 1363 3048 ipsi
1391 2969 1627 3040 deﬁciant
1652 2981 1682 3016 a
1710 2963 1919 3033 pietate,
1959 2969 2015 3007 ve
2065 2950 2128 3004 de

1486 3062 1497 3070 ·
1818 3051 1930 3070 ειη.--
1980 3045 2128 3070 I..:....

617 3045 763 3070 r""'-
813 3045 816 3046 '
1289 3045 1296 3048 .

617 3088 846 3146 omnibus
890 3081 1018 3135 ntale
1058 3074 1405 3144 suspicentur;
1449 3062 1711 3116 observans
1741 3051 1933 3107 nullam
1976 3045 2132 3116 fuisse

621 3195 722 3237 tam
752 3176 944 3250 felicem
973 3167 1305 3225 sodalitatem,
1330 3159 1383 3212 in
1409 3171 1508 3228 qua
1529 3167 1629 3205 non
1650 3144 1831 3218 aliquis
1851 3138 2131 3213 ﬂagitiosus

619 3271 851 3329 extiterit.
899 3285 908 3294 ·

554 3378 920 3444 Dilectissimis
965 3369 1248 3432 fratribus,
1296 3362 1474 3425 clero,
1518 3350 1858 3415 senioribus,
1915 3352 1969 3398 et
2021 3338 2135 3394 uni-

626 3489 791 3530 versa:
852 3466 994 3540 plebi
1064 3459 1313 3516 Ecclesire
1382 3444 1768 3522 Hipponensis,
1822 3437 1910 3495 cui
1964 3431 2138 3491 servio

630 3569 684 3623 in
738 3561 1020 3619 dilectione
1060 3547 1290 3614 Christi,
1339 3547 1708 3603 Aucusnaus,
1753 3533 1805 3587 in
1854 3528 2078 3584 Domino
2121 3523 2138 3554 ⁸

629 3658 876 3714 salutem.

638 3774 690 3828 t.
723 3769 936 3826 Utinam
962 3758 1248 3826 Scriptura:
1287 3749 1381 3804 Dei
1411 3742 1637 3801 sollicita
1663 3744 1842 3795 mente
1868 3729 2146 3788 intenden-

569 3877 680 3930 tes,
717 3863 772 3916 in
801 3821 1098 3928 quibusque
1123 3840 1386 3903 scandalis
1410 3835 1670 3906 adjutorio
1696 3827 1860 3885 nostri
1887 3821 2148 3879 sermonis

572 3974 674 4013 non
705 3951 953 4024 egeretis,
983 3955 1034 4000 et
1060 3942 1147 3998 ille
1173 3953 1268 3993 vos
1292 3933 1464 4005 potius
1490 3925 1868 3984 consolaretur,
1899 3917 1986 3988 qui
2013 3929 2146 3969 con-

572 4049 772 4106 solatur
801 4051 855 4098 et
881 4053 979 4094 nos
1008 4054 1020 4090 :
1053 4033 1141 4102 qui
1170 4044 1274 4084 non
1305 4025 1475 4084 solum
1500 4019 1639 4078 bona
1659 4057 1672 4081 ,
1712 4028 1830 4084 qua:
1876 4007 2071 4064 sanctis
2097 4013 2152 4060 et

574 4137 816 4194 ﬁdelibus
843 4130 952 4186 suis
976 4135 1058 4184 est
1083 4120 1384 4178 redditurus
1401 4154 1418 4178 ,
1449 4123 1630 4165 verum
1658 4105 1816 4159 etiam
1839 4100 1975 4156 mala
1993 4139 2009 4164 ,
2037 4095 2155 4164 qui-

577 4231 674 4286 bus
715 4237 832 4282 erat
871 4222 958 4276 hic
1003 4213 1233 4273 mundus
1265 4203 1660 4264 abundaturus,
1707 4204 1830 4250 ante
1876 4187 2152 4261 praedixit,

577 4330 702 4384 ante
722 4309 1101 4372 conscribenda
1127 4301 1325 4360 curmit
1349 4340 1360 4362 ,
1393 4305 1450 4351 ut
1477 4294 1610 4347 bona
1637 4293 1754 4358 post
1780 4281 1959 4339 smculi
1997 4279 2158 4333 ﬁnem

581 4418 821 4467 secutura
861 4403 1114 4460 certiores
1142 4397 1572 4461 exspectaremus
1592 4423 1607 4445 ,
1634 4394 1792 4450 quam
1813 4374 1948 4430 mala
1968 4368 2159 4424 simili-

587 4511 668 4558 ter
697 4494 1040 4568 prmnuntiata
1082 4495 1205 4540 ante
1229 4479 1408 4537 seaculi
1440 4476 1596 4530 linem
1623 4466 1971 4542 praecedentia
1999 4461 2164 4518 senti-

586 4553 785 4649 rem‘us.
831 4583 982 4641 Unde
1030 4587 1085 4636 et
1123 4571 1406 4645 Apostolus
1444 4566 1572 4620 dicit
1613 4581 1627 4618 :
1673 4561 2008 4626 Quwcumque
2032 4553 2164 4607 enim

591 4695 706 4739 ante
727 4681 914 4748 scripta
940 4681 1087 4735 sunt,
1117 4675 1172 4722 ut
1194 4681 1282 4726 nos
1307 4661 1597 4716 doceremur
1620 4652 1806 4722 scripta
1824 4656 1969 4711 sunt,
1997 4654 2050 4699 ut
2079 4659 2168 4714 per

594 4772 881 4847 patientiori:
897 4776 941 4821 et
961 4759 1345 4818 consolationem
1361 4751 1738 4819 Scripturarum
1749 4757 1888 4813 spem
1900 4739 2169 4792 habeamus

693 4864 850 4918 Deum
891 4856 1062 4928 (Rom.
1089 4867 1178 4916 xv,
1208 4846 1290 4918 4).
1315 4843 1448 4912 Quid
1478 4848 1651 4896 autem
1685 4848 1817 4905 opus
1843 4841 1956 4889 erat
1984 4839 2040 4885 ut
2061 4829 2172 4898 ipso

597 4958 854 5018 Dominus
893 4923 1046 5006 iesus
1085 4960 1189 4999 non
1227 4941 1398 4994 solum
1428 4936 1656 4995 diceret,
1683 4929 1826 4984 Tunc
1857 4927 1984 5000 justi
2011 4923 2174 4994 fulge-

599 5015 718 5121 bunt
761 5047 886 5100 sicut
911 5041 988 5096 sol
1031 5039 1080 5092 in
1113 5050 1264 5105 regno
1312 5028 1482 5084 Patris
1523 5025 1599 5080 sui
1652 5021 1860 5096 (Matth.
1891 5033 2014 5085 xm,
2043 5015 2172 5084 45),

595 5140 739 5212 quod
763 5145 873 5206 post
905 5131 1082 5188 surculi
1117 5129 1270 5180 linem
1301 5123 1533 5177 futurum
1553 5124 1662 5180 est;
1695 5127 1878 5168 verum
1904 5109 2060 5164 etiam
2084 5120 2178 5160 ex-

610 5195 902 5292 hlatnarct,
933 5223 1018 5277 Vw
1047 5219 1231 5276 mundo
1257 5216 1320 5269 ab
1345 5211 1596 5270 scandatis
1627 5206 1732 5281 (Id.
1763 5220 1919 5270 xvnt,
1946 5200 2000 5272 7)
2033 5217 2044 5252 :
2077 5195 2180 5253 nisi

609 5334 665 5380 ut
708 5320 858 5376 nobis
899 5331 1004 5371 non
1032 5309 1392 5367 blandiremur
1419 5302 1598 5358 venire
1624 5313 1721 5354 nos
1751 5310 1907 5366 posse
1931 5291 1997 5346 ad
2025 5287 2183 5344 sedes

611 5411 879 5472 felicitatis
919 5399 1301 5467 acternzchnisi
1347 5391 1724 5464 temporalibus
1763 5385 1917 5441 malis
1959 5375 2184 5438 exerciti

677 5530 692 5560 ²
718 5533 826 5576 uss.
858 5523 936 5572 ob.
959 5527 1011 5570 et
1033 5525 1091 5576 t.,
1107 5514 1158 5566 in
1177 5510 1373 5564 Domino
1399 5514 1632 5559 attentam
1652 5499 1868 5551 salutem.

677 5611 693 5627 ‘
716 5615 843 5656 Hauc
871 5575 1160 5654 contulimus
1179 5605 1350 5646 curua.
1375 5604 1422 5656 ᾳ.
1455 5589 1540 5656 b3.
1563 5584 1634 5634 bl.
1657 5595 1701 5631 c.
1729 5593 1800 5656 oe.
2012 5586 2184 5656 ἓξὲξ

617 5684 697 5736 gv.
718 5643 1324 5736 duobusisb.
1362 5643 1551 5701 duobus
1571 5659 1646 5695 vc.
1685 5648 1888 5707 quatuor
1921 5652 1967 5690 ν.
2009 5643 2061 5686 et
2080 5647 2190 5685 cum

620 5729 732 5788 λιιιξ
746 5729 853 5780 Bad.
874 5735 947 5776 Er.
978 5733 1084 5776 Lov.

681 5815 752 5877 (a)
780 5811 900 5877 alias
918 5811 1050 5877 ιδῖλ
1059 5820 1166 5877 qua:
1189 5812 1352 5854 autem
1372 5797 1436 5850 78
1459 5801 1580 5854 erat,
1603 5803 1730 5842 mino
1753 5783 2194 5848 197.5(n'iptafort9

621 5870 699 5962 sp:
723 5870 832 5936 404,
855 5875 967 5924 circ.
993 5870 1138 5933 26qu

1710 409 1768 482 S.
1810 393 2173 462 AUGUSTINI
2215 379 2516 447 EPISCOPI

3654 351 3758 410 263

2184 522 2290 561 non
2322 493 2709 558 det‘ecerimus?
2735 489 2870 562 Quid
2897 500 3030 557 opus
3053 483 3146 537 fuit
3169 486 3226 534 ut
3249 478 3450 533 diceret
3471 518 3485 540 ,
3511 469 3761 538 Quoniam

2181 594 2454 652 abundabit
2478 589 2715 660 iniquitas
2732 628 2744 650 ,
2771 583 3053 655 refrigescet
3081 574 3298 628 cltaritas
3328 568 3634 628 multorum;
3663 564 3761 618 nisu

2188 698 2242 745 ut
2263 689 2334 744 illi
2362 687 2427 741 de
2452 657 2639 755 quibus
2668 676 2918 733 continuo
2943 673 3147 724 locutus
3174 661 3409 730 adjunxit
3427 701 3440 725 ,
3475 657 3571 722 Qui
3602 669 3765 726 perse-

2186 781 2422 838 veraverit
2451 793 2601 849 usque
2638 775 2691 828 in
2720 773 2896 842 ﬁnem,
2923 767 3002 820 hic
3026 763 3192 818 saluus
3217 759 3309 812 erit
3339 752 3449 825 (Id.
3482 764 3632 813 sxw,
3666 745 3763 804 1‘2,

2187 874 2310 944 13),
2345 885 2464 926 cum
2511 869 2608 921 hac
2639 860 2926 933 iniquitatis
2970 852 3287 910 abundantia
3336 845 3770 911 refrigesccntcm

2187 962 2501 1020 cbaritatem
2530 956 2791 1018 viderent,
2831 965 2936 1005 non
2969 943 3424 1017 perturbarentur,
3455 948 3560 987 non
3604 944 3771 997 crpu-

2189 1061 2500 1116 vescerent,
2547 1065 2652 1104 non
2701 1043 2851 1116 quasi
2895 1041 3054 1096 rebus
3086 1032 3368 1104 insperatis
3395 1037 3448 1082 et
3491 1023 3775 1092 inopinatis

2191 1142 2488 1202 contristati
2533 1113 2851 1199 deﬁcerent;
2883 1131 2974 1186 sed
3022 1128 3193 1199 potius
3222 1122 3462 1177 videntes
3498 1113 3775 1176 accidere,

2193 1248 2311 1308 Quae
2353 1235 2521 1288 futura
2559 1228 2805 1301 praedicta
2835 1228 2959 1277 sunt
2999 1227 3120 1272 ante
3147 1217 3304 1268 linem
3328 1253 3340 1276 ,
3371 1210 3633 1279 patienter
3663 1218 3780 1270 pcr-

2195 1327 2501 1385 severarent
2550 1336 2716 1392 usque
2763 1319 2816 1372 in
2881 1317 3076 1378 linem,
3127 1317 3186 1362 ut
3229 1303 3400 1359 securi
3451 1303 3781 1358 mererentur

2197 1437 2420 1494 regnare
2447 1426 2564 1488 post
2591 1416 2749 1470 finem
2773 1412 2824 1465 in
2853 1425 2913 1464 ea
2938 1408 3043 1460 vita
3069 1418 3184 1474 quae
3217 1415 3320 1453 non
3345 1397 3501 1450 habet
3529 1393 3712 1445 linem.

2206 1535 2210 1540 '
2269 1517 2324 1570 2.
2354 1511 2616 1575 Proinde,
2649 1501 2943 1562 eharissimi
2965 1541 2980 1566 ,
3023 1500 3073 1552 in
3123 1497 3225 1549 isto
3263 1487 3545 1550 scandala,
3575 1497 3684 1553 quo
3720 1480 3786 1534 de

2201 1606 2472 1664 Bonifacio
2495 1571 2800 1673 presbytero
2823 1589 3067 1649 nonnulli
3094 1583 3482 1658 perturbantur,
3513 1591 3616 1629 non
3640 1571 3790 1625 vobis

2205 1699 2324 1753 dico
2351 1706 2408 1750 ut
2434 1710 2540 1748 non
2585 1667 2808 1744 deleatis
2841 1704 2856 1738 :
2884 1683 2974 1752 qui
3000 1679 3140 1734 enim
3169 1677 3267 1729 ista
3295 1687 3400 1725 non
3431 1667 3614 1723 dolent
3636 1705 3650 1728 ,
3685 1676 3791 1716 non

2207 1799 2290 1846 ‘cst
2327 1791 2378 1844 in
2427 1787 2506 1842 eis
2547 1781 2775 1838 cltaritas
2817 1772 3046 1836 Christi;
3075 1767 3163 1839 qui
3190 1774 3364 1819 autem
3389 1761 3548 1815 etiam
3574 1755 3642 1809 de
3673 1752 3793 1807 talio

2209 1885 2308 1939 bus
2333 1880 2596 1952 gaudent,
2624 1869 2854 1928 abundat
2901 1868 2952 1921 in
2992 1866 3068 1919 eis
3096 1858 3394 1929 malignitas
3433 1851 3648 1908 diaboli.
3679 1847 3797 1901 Non

2212 1937 2415 2048 quiavin
2446 1937 2741 2027 memorato
2765 1961 3075 2034 presbytero
3103 1952 3346 2023 apparuit
3387 1943 3584 2015 aliquid
3607 1986 3621 2009 ,
3654 1937 3800 2011 quod

2215 2070 2428 2138 dignum
2472 2030 2810 2117 damnatione
2854 2030 3212 2122 judicaretur;
3257 2039 3350 2095 sed
3395 2038 3515 2107 quia
3577 2035 3683 2088 duo
3733 2030 3802 2085 de.

2216 2162 2376 2216 domo
2421 2162 2601 2211 nostra
2647 2151 2806 2205 talem
2853 2145 3050 2199 habent
3093 2150 3339 2199 causam,
3370 2140 3425 2185 ut
3453 2143 3585 2183 unus
3614 2139 3802 2181 eorum

2219 2251 2336 2307 sine
2377 2247 2539 2303 dubio
2579 2241 2817 2316 perditus
2859 2236 3140 2294 habeatur,
3188 2238 3242 2281 et
3283 2226 3352 2278 sit
3398 2219 3616 2275 alterius
3661 2217 3802 2270 fama

2219 2304 2355 2412 apud
2395 2304 2650 2408 quosdam
2681 2330 2850 2393 mala,
2883 2323 3018 2394 apud
3061 2317 3318 2391 quosdam
3360 2311 3516 2367 dubia
3538 2351 3550 2372 ,
3595 2304 3805 2362 etiamsi

2222 2442 2329 2487 non
2353 2430 2421 2483 sit
2449 2424 2710 2480 maculata
2762 2413 3105 2473 conscientia.
3158 2407 3342 2462 Dolete
3383 2405 3522 2466 ista,
3555 2398 3808 2468 quoniam

2223 2521 2447 2578 dolenda
2473 2526 2595 2572 sunt
2619 2531 2632 2569 :
2662 2528 2766 2567 non
2794 2520 2968 2564 tamen
2993 2506 3070 2559 sic
3097 2513 3151 2557 ut
3177 2515 3241 2555 eo
3265 2498 3446 2552 dolore
3475 2503 3645 2547 vestra
3674 2493 3809 2543 cha-

2225 2618 2356 2672 ritas
2380 2630 2408 2667 a
2432 2613 2567 2666 bene
2592 2604 2820 2662 vivendo
2846 2601 3152 2670 refrigescat
3171 2638 3184 2662 ,
3214 2592 3307 2649 sed
3337 2595 3510 2660 potius
3534 2587 3598 2640 ad
3629 2585 3812 2640 Dorul-

2228 2725 2353 2766 num
2375 2701 2764 2776 deprecandum
2793 2695 3124 2756 inardescat;
3157 2687 3278 2742 utsi
3301 2685 3558 2739 innocens
3582 2687 3663 2732 est
3693 2692 3815 2746 pre—

2228 2803 2410 2872 sbyter
2433 2802 2610 2852 vester
2637 2793 2679 2859 ¹,
2707 2787 2848 2862 quod
2878 2785 3045 2855 magis
3064 2781 3245 2845 credo,
3265 2777 3383 2847 quia
3413 2789 3531 2829 cum
3558 2773 3817 2826 sensisset

2231 2892 2449 2950 alterius
2481 2898 2682 2943 motum
2719 2879 3044 2952 impudicum
3073 2884 3129 2930 et
3153 2869 3510 2928 immundum,
3557 2877 3654 2918 nec
3680 2877 3816 2916 con-

2231 2984 2432 3041 sentire
2460 2979 2625 3035 voluit
2667 2991 2763 3030 nec
2801 2983 2978 3028 tacere
2999 3012 3014 3036 ,
3045 2969 3150 3022 cito
3189 2979 3309 3020 eum
3338 2960 3514 3016 divina
3555 2955 3818 3011 sententia

2236 3076 2627 3134 manifestatum
2655 3066 2948 3124 ministerio
2971 3060 3184 3133 proprio
3214 3060 3556 3124 repraesentet
3589 3068 3604 3104 :
3645 3049 3690 3101 si
3725 3063 3820 3100 au-

2238 3180 2342 3225 tem
2373 3167 2509 3222 male
2535 3163 2632 3217 sibi
2661 3158 2940 3223 conscius,
2979 3152 3120 3224 quod
3167 3147 3421 3218 suspicari
3467 3159 3573 3197 non
3613 3139 3818 3206 audeo,

2237 3260 2402 3316 voluit
2428 3255 2646 3311 alterius
2670 3247 3117 3307 existimationem
3160 3241 3384 3304 ltedere,
3417 3251 3535 3290 cum
3581 3234 3698 3302 ejus
3732 3245 3824 3300 pu-

2240 3352 2474 3408 dicitiam
2503 3345 2864 3403 contaminare
2891 3353 2995 3393 non
3024 3343 3229 3406 posset,
3259 3331 3396 3386 sicut
3415 3328 3542 3382 dicit
3563 3326 3674 3394 ipse
3702 3337 3824 3376 cum

2243 3459 2346 3513 quo
2367 3441 2527 3495 habet
2549 3450 2761 3492 causam
2780 3475 2793 3499 ,
2819 3446 2921 3486 non
2943 3443 3063 3484 eum
3089 3425 3356 3496 permittat
3383 3434 3530 3474 suam
3559 3416 3826 3471 occultare

2247 3533 2562 3604 nequitiam,
2608 3536 2666 3582 ut
2706 3523 2846 3595 quod
2889 3521 3128 3575 homines
3158 3514 3393 3570 invenire
3436 3526 3540 3564 non
3570 3512 3826 3577 posumt,

2245 3627 2311 3681 de
2336 3603 2572 3694 quolibet
2598 3633 2780 3673 eorum
2810 3612 2989 3668 divino
3013 3609 3210 3679 judicio
3241 3603 3560 3675 propaletur.

2317 3717 2371 3771 5.
2399 3713 2530 3768 Cum
2557 3710 2698 3764 enim
2727 3709 2824 3760 ista
2865 3719 2952 3758 me
2980 3715 3136 3756 causa
3158 3698 3245 3752 diu
3273 3695 3592 3755 cruciasset,
3621 3705 3729 3744 nec
3751 3689 3833 3742 in-

2253 3807 2483 3861 venirem
2546 3797 2813 3870 quomodo
2874 3807 3010 3848 unus
3057 3806 3087 3844 e
3139 3787 3345 3842 duobus
3405 3782 3832 3840 convinceretur,

2251 3895 2493 3968 quamvis
2531 3891 2702 3959 magis
2744 3886 3055 3956 presbytero
3079 3877 3450 3938 credidissem;
3479 3873 3838 3940 cogitaveram

2257 3989 2426 4059 primo
2460 3983 2536 4039 sic
2561 3980 2746 4034 ambos
2769 3978 2878 4032 Deo
2901 3973 3201 4041 relinquere
3217 4011 3230 4034 ,
3255 3967 3423 4021 donec
3449 3965 3498 4016 in
3528 3975 3632 4013 uno
3648 3970 3838 4013 eorum

2256 4081 2344 4149 qui
2374 4076 2502 4132 mihi
2547 4079 2826 4142 suspectus
2843 4076 2991 4132 erat,
3020 4059 3217 4132 aliquid
3247 4057 3530 4119 existeret,
3562 4051 3707 4106 unde
3735 4064 3840 4104 non

2257 4175 2372 4227 sine
2411 4168 2553 4238 justa
2595 4173 2642 4220 et
2687 4158 2964 4217 manifesta
3004 4169 3160 4209 causa
3205 4151 3272 4206 de
3318 4157 3499 4203 nostro
3543 4142 3842 4198 habitaculo

2262 4264 2622 4336 projiceretur.
2649 4255 2758 4312 Sed
2785 4266 2906 4307 cum
2945 4245 3243 4319 promoveri
3273 4243 3323 4296 in
3353 4241 3658 4296 clericatum
3689 4237 3710 4270 ³
3735 4236 3845 4289 sive

2261 4357 2370 4411 illic
2399 4368 2490 4423 per
2513 4366 2628 4415 me,
2655 4347 2767 4402 sive
2796 4343 2917 4398 alibi
2941 4355 3035 4410 per
3058 4339 3259 4392 litteras
3300 4347 3445 4387 meas
3484 4327 3847 4383 vehementis-

2265 4448 2398 4502 sime
2422 4447 2722 4502 conaretur,
2753 4449 2852 4506 ego
2876 4439 3052 4486 autem
3094 4427 3238 4482 nullo
3277 4422 3433 4478 modo
3459 4420 3758 4475 adducerer
3799 4415 3847 4470 ei

2266 4537 2500 4603 homini,
2529 4534 2595 4588 de
2617 4545 2721 4602 quo
2747 4536 2948 4582 tantum
2971 4522 3096 4578 mali
3124 4518 3515 4579 existimarem,
3547 4527 3740 4567 manus
3760 4526 3849 4563 or-

2269 4627 2553 4687 dinationis
2573 4629 2847 4694 imponere
2865 4658 2881 4683 ,
2903 4624 2995 4670 aut
3018 4629 3112 4684 per
3134 4605 3646 4666 commendationem
3681 4615 3848 4654 tumuit

2271 4722 2430 4778 alicui
2469 4718 2616 4774 fratri
2653 4693 2779 4769 meo
2830 4724 2950 4766 eum
2993 4700 3458 4760 subintroducerc,
3499 4693 3854 4749 turbulentius

2273 4830 2430 4887 agere
2459 4812 2620 4881 erepit
2639 4851 2652 4876 ,
2681 4816 2741 4862 nt
2766 4805 2808 4860 si
2835 4805 2946 4873 ipse
2966 4801 3019 4854 in
3042 4796 3346 4853 clericatum
3375 4804 3479 4844 non
3511 4799 3858 4856 promovere-

2278 4881 2381 4973 tur,
2413 4920 2513 4961 nec
2543 4901 2817 4973 presbyter
2845 4891 3146 4950 Bonifacius
3176 4889 3230 4944 in
3258 4899 3354 4939 suo
3380 4881 3541 4950 gradu
3571 4891 3697 4932 esse
3743 4891 3861 4943 per-

2279 4968 2592 5058 mitteretur.
2615 4995 2674 5048 ln
2698 4968 2797 5061 qua
2820 4987 2936 5056 ejus
2961 4980 3333 5053 provocatione
3351 4990 3472 5030 cum
3501 4971 3740 5025 viderem
3765 4968 3863 5020 Bo-

2281 5094 2526 5151 nifacium
2550 5086 2691 5142 nolle
2717 5079 3038 5152 quibuslibet
3073 5072 3296 5129 infirmis
3326 5080 3380 5124 et
3407 5067 3472 5122 ad
3499 5063 3863 5132 suspicionem

2283 5145 2560 5258 propensis
2600 5177 2669 5232 de
2695 5145 2805 5229 sua:
2833 5171 2954 5225 vitae
2996 5166 3321 5223 dubitatione
3361 5157 3669 5214 scandalum
3719 5153 3864 5216 fieri,
3955 5145 3960 5150 ’

2284 5281 2630 5344 paratumque
2657 5279 2778 5321 esse
2803 5259 3021 5315 honoris
3049 5256 3130 5310 sui
3155 5252 3292 5323 apud
3338 5249 3580 5304 homines
3608 5245 3870 5300 darnuum

2287 5341 2520 5439 perpeti,
2549 5359 2722 5429 potius
2749 5368 2906 5423 quam
2951 5351 3004 5404 in
3047 5362 3108 5402 ea
3146 5342 3485 5400 contentione
3503 5379 3518 5405 ,
3549 5341 3600 5392 iu
3629 5354 3735 5406 qua
3765 5348 3872 5389 non

2291 5426 2470 5529 posset
2493 5426 2926 5523 ignorantibuset
2945 5437 3306 5496 dubitantibus
3333 5432 3415 5488 vel
3439 5432 3502 5485 ad
3533 5431 3671 5484 male
3699 5426 3877 5496 suspi-

2291 5545 2516 5604 candum
2560 5535 2960 5612 proclivior-ibus
3002 5545 3150 5586 suam
3191 5528 3554 5583 demonstrare
3593 5520 3879 5576 conscien-

2294 5648 2442 5702 tiam,
2468 5611 2637 5703 usque
2661 5628 2728 5684 ad
2754 5623 3007 5684 Ecclesia:
3028 5618 3475 5692 perturbationem
3495 5611 3734 5677 inaniter
3755 5621 3880 5680 pso-

2362 5776 2379 5808 t
2398 5781 2532 5837 ιον,
2550 5773 2725 5837 ηρειςτ.
2752 5763 2836 5837 Alii

2552 5828 2790 5882 clericum.
2821 5833 2948 5884 Mss,
2969 5820 3244 5873 eleru‘atum
