4090 6356
360 280 466 343 969

352 406 542 487 gredi;
573 404 708 477 elegi
739 403 931 474 aliquid
965 404 1215 469 medium,
1243 411 1299 459 ut
1327 413 1469 460 certo
1493 404 1684 475 placito
1709 404 1944 467 se'ambo

352 484 781 569 {canistringcrent
801 499 865 552 ad
890 500 1061 554 locum
1083 508 1320 553 sanctum
1342 515 1400 554 se
1422 509 1753 569 perrecturos
1783 498 1820 562 ³,
1854 497 1941 552 ubi

358 591 675 644 terribiliora
694 606 851 659 opera
868 589 960 643 Dei
978 590 1079 643 n'oa
1094 604 1275 643 sanam
1289 589 1663 659 cujuscumque
1674 595 1942 643 conscien-

356 682 483 736 tiam
512 683 685 736 multo
715 681 921 736 facilius
957 682 1243 750 aperirent,
1279 691 1330 736 et
1357 681 1420 736 ad
1451 680 1836 736 confessionem
1858 680 1939 735 vel

353 787 509 843 poma
525 774 605 827 vel
627 773 813 827 timore
829 774 1224 841 compellerent.
1240 772 1444 842 Ubique
1458 773 1667 842 quidem
1689 772 1823 826 Deus
1838 779 1939 837 est,

353 872 408 917 et
430 864 577 918 nullo
601 866 901 918 continetur
924 864 1007 917 vel
1034 864 1318 918 includitur
1334 865 1449 918 loco
1469 864 1555 934 qui
1572 863 1806 917 condidit
1826 879 1941 918 om-

355 956 466 1022 nia,
487 965 671 1013 etenm
696 972 722 1009 a
751 957 891 1012 veris
921 954 1289 1010 adoratoribus
1334 957 1386 1009 in
1428 955 1614 1026 spiritu
1631 964 1684 1011 et
1719 956 1939 1010 veritate

354 1048 972 1119 oportetadorariann.
992 1065 1063 1116 tv,
1086 1046 1199 1121 24),
1221 1057 1276 1101 ιιι
1299 1049 1353 1102 in
1388 1049 1597 1103 occulto
1626 1048 1937 1115 exaudiens,

352 1141 408 1196 in
438 1141 646 1196 occulto
668 1142 825 1195 etiam
848 1141 1172 1211 justificetet
1204 1150 1440 1196 coronet.
1472 1139 1849 1195 Verumtamen
1871 1139 1937 1194 ad

350 1234 450 1288 ista
467 1250 585 1303 quae
604 1234 903 1289 hominibus
921 1234 1198 1289 visibiliter
1213 1242 1333 1287 nota
1350 1241 1491 1299 sunt,
1508 1233 1624 1302 quis
1642 1242 1811 1302 potest
1825 1231 1939 1300 ejus

350 1327 630 1381 consilium
649 1327 989 1396 perscrutari,
1019 1342 1179 1395 quare
1212 1327 1263 1380 in
1281 1326 1397 1380 aliis
1412 1326 1543 1379 locis
1558 1324 1669 1379 haec
1687 1325 1935 1378 miracula

351 1418 513 1481 fiant,
561 1418 610 1470 in
652 1417 769 1471 aliis
808 1432 909 1470 non
959 1416 1118 1470 ﬂant?
1162 1416 1340 1470 Multis
1370 1416 1825 1471 cnim'notissima
1855 1423 1937 1469 est

349 1508 606 1561 sanctitas
647 1508 745 1561 loci
772 1550 785 1570 ,
817 1508 903 1561 ubi
931 1507 1068 1561 beati
1110 1506 1297 1561 Felicis
1324 1505 1565 1565 Nolensis
1588 1521 1778 1576 corpus
1803 1521 1933 1559 eon-

350 1599 518 1654 ditum
567 1608 680 1665 est,
723 1616 828 1670 quo
873 1601 1007 1653 volui
1038 1608 1094 1653 ut
1128 1610 1435 1669 pergerent:
1468 1600 1589 1669 Quia
1620 1599 1743 1654 inde
1783 1599 1935 1654 nobis

349 1690 556 1746 facilius
588 1692 895 1761 fideliusque
933 1693 1091 1747 scribi
1137 1701 1311 1761 potest
1354 1691 1606 1762 quidquid
1651 1692 1702 1746 in
1746 1704 1932 1747 eorum

348 1787 526 1853 aliquo
555 1786 811 1840 divinitus
833 1786 989 1841 fuerit
1030 1786 1378 1856 prepalatum.
1414 1785 1545 1840 Nam
1575 1792 1629 1840 et
1653 1799 1751 1839 nos
1781 1784 1934 1839 novi-

349 1892 469 1930 mus
493 1877 776 1931 Mediolani
804 1877 942 1945 apud
972 1880 1281 1933 memoriam
1303 1885 1633 1938 sanctorum,
1660 1876 1745 1929 ubi
1777 1876 1935 1929 mira-

347 1967 527 2020 biliter
580 1976 635 2021 ct
693 1968 999 2022 terribiliter
1057 1967 1327 2022 dmmones
1377 1968 1713 2035 conlitentur,
1764 1966 1931 2021 furem

346 2059 632 2128 quemdam
654 2102 667 2127 ,
699 2060 787 2129 qui
828 2060 894 2114 ad
931 2076 1050 2115 eum
1084 2061 1256 2114 locum
1299 2068 1513 2115 venerat
1547 2070 1604 2113 ut
1632 2061 1819 2114 falsum
1843 2059 1932 2129 ju-

348 2150 517 2205 rando
544 2150 842 2220 deciperet,
872 2153 1203 2221 compulsum
1233 2151 1656 2206 fuisse-confiteri
1699 2152 1894 2205 furtum
1915 2192 1929 2216 ,

346 2250 402 2295 et
431 2242 573 2311 quod
615 2242 902 2297 abstulerat
929 2242 1194 2297 reddere:
1228 2243 1479 2312 numquid
1520 2258 1622 2296 non
1667 2250 1719 2297 ct
1760 2240 1932 2296 Africa

346 2345 657 2389 maximorum
687 2344 981 2407 martyrum
1006 2336 1317 2406 corporibus
1345 2337 1497 2407 plena
1536 2335 1657 2391 est?
1681 2344 1733 2390 et
1758 2342 1933 2390 tamen

346 2441 610 2496 nusquam
664 2426 749 2481 hic
795 2429 992 2481 scimus
1038 2428 1157 2482 talia
1214 2428 1346 2482 fieri.
1393 2427 1540 2482 Sicut
1573 2427 1747 2491 enim,
1793 2426 1934 2495 quod

349 2518 641 2585 Apostolus
666 2518 821 2581 dicit,
844 2535 943 2571 non
972 2535 1143 2573 omnes
1169 2519 1337 2573 sancti
1362 2519 1540 2572 habent
1565 2519 1696 2572 dona
1720 2519 1937 2573 curatio-

348 2626 473 2663 num
494 2654 507 2675 ,
534 2628 622 2664 nec
649 2628 818 2666 omnes
845 2612 1023 2667 habent
1042 2613 1449 2681 dijudicationcm
1464 2614 1727 2683 spirituum
1753 2613 1789 2684 (l
1815 2613 1931 2668 Cor.

350 2717 461 2763 xu,
517 2703 619 2767 50;
658 2704 730 2758 ita
782 2719 882 2758 nec
926 2704 976 2758 in
1027 2705 1272 2759 omnibus
1322 2705 1590 2760 memoriis
1633 2714 1936 2761 sanctorum

351 2793 453 2847 ista
498 2794 610 2848 fieri
650 2795 815 2849 voluit
858 2795 982 2862 ille,
1031 2796 1120 2865 qui
1169 2795 1355 2851 dividit
1403 2798 1613 2867 pr0pria
1656 2796 1937 2867 unicuique

352 2896 510 2956 prout
536 2887 660 2940 vult.

422 2979 476 3032 4.
521 2978 850 3049 Quapropter
889 2996 1008 3035 cum
1054 2996 1153 3051 ego
1182 2980 1466 3036 noluissem
1512 2981 1648 3036 hunc
1689 2982 1936 3052 gravissi-

355 3086 500 3123 mum
529 3071 765 3125 dolorem
793 3073 971 3127 cordis
1011 3072 1116 3128 mei
1144 3074 1295 3128 vobis
1327 3073 1548 3143 perferri
1580 3075 1630 3127 in
1677 3075 1933 3137 notitiam,

356 3180 425 3218 ne
469 3180 567 3219 vos
610 3166 861 3220 atrociter
894 3176 949 3220 et
990 3167 1216 3221 inaniter
1244 3166 1608 3221 contristando
1638 3166 1936 3232 turbarum;

357 3255 598 3311 fortassis
641 3257 758 3312 ideo
804 3257 943 3312 Deus
986 3258 1152 3313 noluit
1196 3274 1292 3313 vos
1337 3258 1522 3324 latere,
1572 3268 1627 3311 ut
1670 3259 1940 3313 nobiscum

354 3349 687 3403 orationibus
731 3350 1077 3417 incumbatis,
1126 3362 1185 3405 ut
1219 3350 1358 3421 quod
1394 3351 1505 3421 ipse
1547 3350 1597 3404 iu
1650 3350 1748 3405 hac
1784 3367 1941 3405 causa

357 3442 539 3504 novit,
572 3458 670 3495 nos
698 3451 872 3497 autem
903 3458 1062 3499 nosse
1102 3460 1205 3519 non
1253 3459 1565 3513 possumus,
1600 3445 1758 3500 etiam
1791 3446 1943 3500 nobis

359 3532 705 3589 manifestare
732 3535 996 3605 dignetur.
1037 3535 1243 3590 Nomen
1271 3548 1446 3590 autem
1493 3536 1780 3608 presbyteri
1822 3552 1945 3608 pro-

362 3634 543 3695 pterea
576 3642 683 3680 non
715 3642 876 3681 ausus
902 3643 1019 3681 sum
1047 3627 1113 3681 de
1139 3644 1357 3682 numero
1377 3629 1694 3698 collegarum
1718 3630 1830 3698 ejus
1861 3630 1943 3684 vel

330 3743 341 3750 -
362 3719 696 3786 supprimere
720 3719 802 3772 vel
830 3718 1009 3773 delere
1026 3759 1041 3785 ,
1077 3734 1144 3772 ne
1168 3718 1359 3772 divina:
1382 3719 1649 3787 potestati,
1674 3720 1773 3773 sub
1794 3720 1945 3789 cujus

363 3813 608 3865 examine
628 3826 786 3867 causa
807 3811 978 3865 adlmc
1006 3811 1218 3879 pendet,
1250 3810 1423 3865 facere
1444 3812 1655 3865 viderer
1674 3812 1941 3881 iujuriam,

364 3901 407 3952 si
435 3900 574 3953 illius
598 3901 850 3969 judicium
890 3916 1010 3955 meo
1046 3901 1235 3955 vellem
1268 3900 1572 3970 pracjudicio
1608 3901 1898 3970 praivenire
1927 3918 1942 3956 :

362 3991 504 4058 quod
554 4007 651 4045 nec
702 3993 751 4045 in
800 3994 1020 4063 negotiis
1062 3993 1404 4048 scccularihus
1454 3993 1657 4064 jndiecs
1717 3993 1943 4063 faciunt,

365 4085 578 4151 quando
600 4102 771 4139 causae
797 4086 1053 4140 dubitatio
1078 4086 1142 4140 ad
1175 4086 1425 4156 majorem
1456 4095 1764 4155 potestatem
1792 4088 1950 4145 refer-

367 4182 467 4237 tur,
498 4186 550 4227 ιιι
577 4176 839 4245 pendente
859 4177 1113 4231 relatione
1135 4178 1329 4247 aliquid
1355 4178 1579 4231 audeant
1601 4188 1944 4235 couunutare.

368 4264 435 4319 Et
463 4268 513 4319 in
544 4267 911 4336 episcoporum
943 4270 1168 4323 coocilio
1200 4269 1271 4341 (τι)
1301 4270 1642 4323 constitutum
1674 4278 1753 4323 est
1774 4312 1786 4333 ,
1829 4272 1948 4325 nul-

368 4356 477 4410 lum
506 4360 757 4414 clericum
789 4361 877 4429 qui
920 4361 1149 4415 nondmn
1182 4362 1453 4415 convictus
1495 4361 1594 4427 sit,
1643 4361 1891 4431 suspendi
1919 4378 1950 4417 a

368 4450 747 4505 commuoionc
773 4450 964 4506 debere
983 4493 995 4515 ,
1024 4452 1122 4505 nisi
1150 4451 1215 4505 ad
1244 4467 1454 4505 causam
1476 4467 1622 4505 suam
1647 4456 1951 4507 examinan-

369 4539 492 4593 dam
535 4555 594 4594 se
641 4556 744 4594 non
790 4542 1204 4610 prmseutaverit.
1249 4540 1545 4596 Bonifacius
1590 4553 1762 4597 tamen
1815 4541 1952 4598 hanc

374 4632 727 4688 humilitatem
758 4635 1024 4703 suscepit,
1062 4644 1122 4688 ut
1161 4650 1259 4688 nec
1284 4634 1486 4689 litteras
1510 4635 1801 4703 acciperet,
1830 4635 1950 4704 qui-

372 4725 472 4778 bus
500 4725 549 4777 in
582 4725 1008 4793 peregrinatione
1038 4725 1291 4780 honorem
1316 4742 1468 4780 suum
1490 4735 1781 4796 qumreret,
1814 4736 1870 4780 ut
1900 4727 1949 4781 in

369 4831 435 4869 co
464 4817 582 4877 loco
610 4816 695 4869 ubi
724 4816 880 4870 ambo
909 4817 1070 4885 ignoti
1105 4828 1226 4871 sunt
1247 4858 1259 4881 ,
1293 4817 1432 4872 circa
1470 4818 1654 4871 ambos
1679 4818 1953 4888 inqualitas

371 4917 698 4961 servnretnr.
728 4908 794 4962 Et
822 4925 962 4962 nunc
987 4910 1029 4963 si
1057 4909 1204 4963 vobis
1224 4910 1395 4978 placet
1414 4920 1469 4963 ut
1492 4925 1685 4965 nomen
1711 4910 1826 4979 ejus
1847 4925 1953 4965 non

370 5000 647 5065 recitetnr,
698 5014 767 5054 ne
797 5000 860 5053 iis
889 5002 976 5068 qui
1022 5000 1088 5053 ad
1138 5001 1427 5055 Ecclesiam
1457 5002 1714 5057 accedere
1742 5002 1949 5068 nolunt,

367 5092 510 5145 sicut
537 5092 613 5145 ait
652 5094 932 5160 Apostolus
956 5134 970 5159 ,
1012 5093 1197 5147 demus
1224 5096 1553 5150 occasionem
1595 5098 1953 5166 quaerentibus

371 5197 715 5237 occasionem
750 5184 813 5255 (II
841 5185 959 5239 Cor.
1008 5186 1243 5258 xt,12);
1288 5203 1391 5241 non
1435 5188 1535 5242 erit
1578 5197 1812 5243 nostrum
1853 5190 1953 5245 hoc

375 5275 571 5329 factum
594 5317 606 5338 ,
637 5276 728 5329 sed
751 5292 934 5331 eorum
960 5293 1180 5346 quorum
1208 5293 1366 5333 causa
1391 5277 1547 5333 fuerit
1576 5279 1789 5335 factum.
1816 5281 1952 5348 Quid

374 5368 519 5420 enim
550 5366 701 5422 obest
724 5367 956 5435 homini,
981 5369 1118 5439 quod
1148 5385 1211 5423 ex
1240 5370 1323 5423 illa
1355 5372 1526 5425 tabula
1558 5387 1665 5427 non
1691 5374 1802 5427 vult
1828 5389 1951 5429 cum

375 5459 587 5512 recitari
626 5459 851 5513 lmmana
885 5461 1171 5530 ignorantia
1194 5503 1207 5528 ,
1237 5462 1287 5517 si
1321 5462 1385 5515 de
1415 5463 1549 5518 libro
1580 5464 1818 5520 vivorum
1846 5480 1951 5521 non

376 5563 496 5602 eum
525 5549 668 5604 deiet
698 5551 871 5620 iniqua
904 5550 1262 5605 conscientia?

446 5703 557 5768 far.
582 5709 717 5768 Lo_v.,
738 5711 1140 5768 pgregrmaturos.
1166 5714 1294 5765 Mss,
1321 5713 1636 5766 perrecturos.

439 5764 511 5827 (α)
534 5764 749 5829 Carthagl
765 5766 815 5828 δ,
837 5764 948 5817 am.
968 5768 1078 5831 597,
1098 5782 1237 5819 canu.
1252 5769 1302 5831 7,
1322 5764 1372 5819 ε.

1484 250 1975 344 Ἐριετοωιιιωι
2014 284 2285 344 CLASSIS
2322 282 2385 342 ll.

3517 291 3626 359 270

2120 404 2171 459 5.
2211 403 2464 468 Proinde,
2500 402 2685 459 fratres
2714 405 2850 472 mei,
2896 408 2984 477 qui
3025 407 3220 465 timetis
3262 410 3463 479 Deum,
3508 429 3622 472 me-

2049 504 2283 550 mentote
2313 495 2453 566 quod
2496 496 2568 549 ait
2593 498 3090 566 ApostolusjPetrus
3120 518 3132 554 :
3167 501 3413 566 Quoniam
3440 507 3623 565 adver-

2048 588 2210 642 sarius
2236 598 2389 642 vester
2413 588 2642 644 diabolus
2663 592 2899 662 tanquam
2928 592 3004 645 leo
3024 592 3223 663 rugiens
3245 596 3469 650 circumit
3487 613 3623 671 qua-

2047 692 2162 732 rens
2199 696 2344 750 quem
2387 680 2583 735 devoret
2626 680 2703 754 (ll
2748 680 2887 736 Petr.
2921 698 2976 747 ν,
3004 681 3080 755 8).
3121 686 3288 752 Quem
3319 702 3424 742 non
3452 697 3624 758 potest

2047 766 2309 824 devorare
2352 770 2621 825 seductum
2666 773 2731 827 ad
2776 775 3091 844 nequitiam,
3124 776 3313 831 famam
3354 780 3518 848 ipsius
3544 782 3621 836 in-

2047 858 2264 928 quinare
2288 870 2528 928 conatur,
2555 870 2608 917 ut
2634 864 2677 916 si
2700 863 2810 918 fieri
2838 873 3010 933 potest
3029 868 3325 936 opprobriis
3352 870 3623 929 hominum

2045 960 2100 1004 et
2129 952 2384 1006 malarum
2416 954 2711 1024 linguarum
2740 955 3068 1012 detractione
3094 958 3335 1028 deficiat,
3366 972 3416 1017 et
3447 964 3525 1017 sic
3567 965 3623 1020 in

2044 1042 2158 1113 ejus
2186 1043 2363 1099 fauces
2388 1052 2525 1098 ruat.
2558 1045 2612 1101 Si
2643 1056 2817 1101 autem
2842 1063 2941 1103 nec
2966 1048 3158 1104 famam
3188 1052 3483 1109 innocentis
3510 1072 3617 1109 ma-

2044 1135 2226 1189 culare
2273 1139 2531 1205 potuerit,
2583 1137 2683 1193 hoc
2724 1140 2771 1193 ei
2833 1142 3148 1210 persuadere
3198 1153 3393 1213 teutat,
3435 1156 3496 1202 ut
3529 1162 3615 1217 per

2045 1228 2331 1283 malevolas
2373 1230 2701 1298 suspiciones
2748 1232 2815 1287 de
2864 1232 3023 1289 fratre
3065 1250 3160 1289 suo
3186 1236 3418 1308 judicet,
3448 1248 3501 1294 et
3546 1241 3616 1297 sic

2043 1319 2111 1373 ab
2148 1320 2238 1374 illo
2276 1320 2575 1390 implicatus
2604 1322 2971 1379 absorbeatur.
3016 1328 3080 1381 Et
3122 1329 3239 1398 quis
3268 1345 3457 1385 omnes
3504 1333 3619 1401 ejus

2041 1410 2313 1479 captiones
2339 1420 2393 1465 et
2422 1412 2901 1469 circumventiones
2934 1418 3016 1471 vel
3055 1420 3505 1488 comprehendere
3538 1424 3623 1478 vel

2040 1516 2359 1557 enumerare
2394 1504 2658 1560 sufﬁciat?
2699 1506 2970 1561 Adversus
2999 1518 3171 1564 tamen
3214 1510 3325 1565 haec
3356 1513 3456 1567 tria
3504 1528 3621 1584 qua:

2040 1592 2106 1647 ad
2132 1609 2342 1648 causam
2385 1606 2698 1664 praesentem
2746 1599 3011 1666 pertinent
3056 1602 3270 1669 propius
3312 1603 3327 1634 ¹
3349 1644 3362 1667 ,
3393 1619 3459 1657 ne
3485 1604 3622 1659 mala

2041 1686 2283 1755 exempla
2320 1686 2571 1741 imitando
2601 1687 2666 1742 ad
2705 1690 2992 1758 nequitiam
3034 1692 3387 1761 seducamini,
3425 1695 3495 1749 ita
3525 1710 3622 1753 vos

2040 1786 2137 1845 per
2173 1778 2483 1844 Apostolum
2514 1780 2799 1849 alloquitur
2831 1782 2968 1836 Deus
3001 1801 3014 1837 :
3046 1781 3129 1837 Ne
3162 1786 3270 1839 sitis
3298 1787 3481 1857 jugum
3522 1789 3621 1841 du-

2038 1876 2202 1920 centes
2228 1884 2339 1921 cum
2376 1869 2701 1937 inﬁdelibus;
2741 1888 2855 1943 quae
2890 1873 3021 1926 enim
3062 1876 3381 1946 participatio
3413 1878 3627 1948 justitia

2040 1974 2153 2011 cum
2175 1960 2453 2031 iniquitate,
2478 1972 2563 2015 aut
2587 1979 2699 2033 qua
2721 1965 2930 2018 societas
2950 1964 3047 2019 luci
3072 1966 3138 2020 ad
3167 1968 3393 2022 tenebras
3416 1971 3480 2042 (ll
3503 1969 3621 2025 Cor.

2040 2064 2125 2112 vr,
2176 2047 2305 2122 ll)?
2345 2049 2474 2105 Item
2524 2053 2629 2107 alio
2676 2054 2835 2108 loco:
2883 2054 3089 2121 Nolite,
3133 2056 3336 2128 inquit,
3391 2061 3560 2115 seduci
3604 2077 3624 2116 :

2038 2138 2376 2211 Corrumpunt
2402 2160 2563 2198 mores
2591 2144 2744 2199 bonos
2769 2146 3019 2217 colloquia
3053 2149 3206 2202 mala.
3240 2150 3408 2204 Sobrii
3434 2161 3587 2206 estote
3605 2195 3622 2221 ,

2032 2229 2195 2299 justi,
2226 2240 2269 2285 et
2300 2232 2451 2286 nolite
2472 2250 2679 2304 peccare
2710 2233 2765 2306 (ι
2800 2234 2919 2290 Cor.
2944 2254 3048 2303 xv,
3081 2239 3183 2306 33,
3209 2239 3322 2312 54).
3360 2242 3423 2296 Ut
3445 2251 3625 2298 autem

2040 2320 2233 2390 linguis
2260 2322 2651 2380 detrahentium
2696 2341 2801 2381 non
2828 2327 3085 2383 deficiatis
3104 2369 3119 2397 ,
3162 2330 3240 2385 sic
3273 2347 3367 2401 per
3390 2332 3627 2404 Prophe-

2042 2420 2147 2466 tam
2197 2414 2323 2469 dicit
2368 2432 2381 2468 :
2427 2415 2611 2472 Audite
2648 2435 2726 2472 me
2766 2420 2853 2490 qui
2897 2421 3034 2474 scitis
3073 2422 3355 2491 judicium,
3407 2426 3628 2496 populus

2042 2520 2206 2570 mens,
2234 2506 2286 2559 in
2312 2523 2523 2577 quorum
2548 2510 2699 2564 corde
2725 2511 2808 2565 lea:
2828 2528 2939 2566 mea
2964 2522 3036 2567 est
3062 2529 3083 2568 :
3105 2516 3430 2586 opprobrium
3458 2518 3626 2573 homi-

2043 2610 2163 2649 num
2186 2595 2341 2651 nolite
2364 2610 2598 2666 metuere,
2623 2610 2668 2655 et
2692 2602 2999 2657 detractione
3023 2621 3194 2660 eorum
3219 2624 3281 2662 ne
3302 2610 3625 2680 superemins',

2044 2701 2132 2738 nec
2150 2686 2283 2756 quod
2312 2703 2395 2742 ros
2414 2700 2651 2759 spernant
2677 2693 2848 2764 magni
2869 2693 3133 2750 eluseritis.
3157 2696 3301 2752 Sicut
3326 2700 3459 2753 enim
3482 2702 3631 2756 uesti-

2030 2786 2263 2831 ttucntum
2282 2821 2295 2841 ,
2320 2780 2391 2833 ita
2432 2798 2521 2850 per
2540 2793 2734 2851 tempus
2759 2785 3104 2854 absumentur,
3134 2797 3178 2841 et
3202 2790 3330 2844 sicut
3356 2791 3474 2845 lana
3500 2808 3533 2845 a
3560 2793 3630 2847 ti-

2045 2883 2139 2923 nea
2166 2870 2516 2939 comedeutur;
2547 2874 2748 2943 justitia
2774 2884 2938 2931 autem
2967 2895 3076 2932 mea
3103 2880 3155 2934 in
3188 2890 3428 2937 aeternum
3466 2892 3633 2939 manu

2050 2959 2200 3031 (Isai.
2229 2978 2278 3017 ι.ι
2298 3002 2312 3027 ,
2344 2964 2395 3029 7,
2424 2964 2499 3035 8).
2528 2964 2646 3021 Jam
2673 2982 2802 3021 vero
2831 2983 2898 3021 ne
2938 2970 3199 3024 malevolo
3224 2971 3401 3026 animo
3428 2972 3495 3027 de
3518 2988 3634 3029 ser-

2050 3050 2127 3105 vis
2170 3052 2263 3107 Dei
2307 3053 2434 3108 falsa
2464 3056 2783 3123 suspicando
2812 3059 3073 3126 pereatis,
3106 3059 3234 3115 illud
3267 3062 3633 3132 Apostolicutn

2048 3143 2433 3211 recordamini,
2473 3146 2565 3201 ubi
2608 3148 2683 3201 ait
2727 3165 2740 3201 :
2790 3147 2966 3204 Nolite
3007 3160 3124 3205 ante
3164 3160 3358 3223 tempus
3397 3155 3635 3226 judicare

2048 3237 2353 3308 quidquam,
2381 3239 2536 3295 donec
2559 3242 2720 3295 veniat
2742 3242 2990 3298 Dominus
3008 3286 3022 3311 ,
3056 3256 3102 3298 et
3127 3246 3375 3302 illuminat
3418 3248 3634 3304 abscon-

2049 3327 2156 3383 dita
2184 3331 2499 3386 tenebrarum
2518 3376 2533 3399 ,
2572 3344 2620 3387 et
2650 3336 2985 3407 manifestabit
3009 3337 3332 3407 cogitationes
3356 3341 3547 3408 cordis,
3587 3349 3636 3396 et

2050 3430 2168 3474 tunc
2193 3423 2303 3477 laus
2333 3424 2423 3477 erit
2451 3425 2715 3496 unicuique
2746 3443 2778 3479 a
2813 3426 2919 3481 Deo
2950 3426 3005 3499 (Ι
3033 3428 3149 3482 Cor.
3191 3446 3264 3496 tv,
3290 3429 3371 3503 ὅ).
3401 3432 3467 3486 Et
3507 3432 3635 3487 item

2049 3510 2180 3567 illud
2219 3514 2358 3582 quod
2404 3516 2655 3584 scriptum
2705 3525 2829 3571 est:
2872 3515 2999 3581 Quae
3036 3519 3305 3590 manifesta
3349 3530 3499 3589 sunt,
3543 3538 3635 3577 vo-

2051 3603 2155 3670 bis;
2191 3620 2304 3674 qua:
2348 3614 2515 3659 autem
2556 3606 2785 3675 occulta,
2832 3605 3052 3662 Domino
3096 3608 3202 3665 Deo
3245 3619 3404 3665 vestro
3439 3610 3631 3684 (Ibid.,

2052 3711 2105 3763 ν,
2135 3695 2234 3760 ta,
2265 3695 2375 3767 is).

2124 3786 2176 3843 6.
2209 3786 2541 3842 Manifestum
2569 3796 2651 3844 est
2672 3790 2907 3859 quidem,
2930 3793 3048 3862 quia
3073 3792 3170 3847 ista
3193 3793 3244 3848 in
3270 3794 3506 3850 Ecclesia
3526 3810 3638 3852 non

2054 3878 2299 3934 accidunt
2318 3879 2434 3935 sine
2454 3880 2600 3949 gravi
2628 3881 2837 3937 tristitia
2863 3892 3166 3939 sanctorum
3187 3896 3346 3955 atque
3367 3885 3634 3953 ﬁdelium;

2056 3978 2417 4025 verumtamen
2443 3971 2749 4028 consoletur
2778 3988 2873 4033 nos
2900 3976 2990 4045 qui
3026 3985 3213 4031 cuncta
3251 3977 3521 4047 praedixit,
3549 3987 3638 4034 at.

2054 4075 2157 4131 que
2189 4070 2245 4116 ut
2272 4061 2590 4119 abundantia
2622 4064 2911 4134 iniquitatis
2944 4081 3049 4120 non
3080 4066 3514 4137 refrigescamus,
3540 4069 3633 4129 δε(

2058 4168 2225 4222 usque
2254 4155 2305 4211 in
2339 4155 2496 4210 linem
2527 4171 2947 4225 perseveremus,
2975 4166 3034 4212 ut
3054 4158 3184 4212 salvi
3208 4173 3328 4215 esse
3350 4161 3633 4230 possimus,

2056 4244 2347 4300 admonuit.
2378 4245 2510 4301 Nam
2538 4257 2793 4317 quantum
2835 4248 2902 4303 ad
2930 4264 3018 4304 me
3055 4250 3263 4314 attinet,
3294 4251 3341 4306 si
3367 4258 3447 4313 est
3468 4251 3522 4306 in
3548 4266 3638 4309 me

2059 4335 2541 4406 quantulacumque
2569 4337 2798 4394 Charitas
2822 4339 3039 4403 ChriSti,
3068 4340 3187 4410 quis
3212 4351 3446 4396 vestrum
3485 4342 3637 4403 infir-

2057 4433 2266 4491 matur,
2298 4434 2352 4481 et
2394 4442 2491 4497 ego
2522 4443 2625 4482 non
2676 4428 2947 4487 inlirnior?
2988 4430 3105 4500 quis
3148 4431 3553 4501 scandalizatur,
3584 4441 3640 4488 et

2059 4530 2157 4585 ego
2203 4532 2305 4571 non
2335 4533 2461 4571 uror
2505 4517 2570 4591 (ll
2600 4518 2715 4574 Cor.
2748 4536 2824 4585 χι,
2853 4518 2980 4593 99)?
3013 4521 3187 4577 Nolite
3226 4522 3421 4592 itaque,
3441 4538 3640 4595 augere

2060 4609 2326 4662 cruciatus
2352 4624 2517 4673 meos,
2542 4609 2840 4666 deficiendo
2867 4612 2949 4667 vel
2981 4613 3032 4667 in
3057 4614 3447 4684 suspicionibus
3470 4615 3637 4683 falsis,

2060 4698 2143 4753 vel
2166 4699 2219 4753 in
2248 4700 2479 4769 peccatis
2507 4701 2713 4757 alienis.
2746 4702 2941 4770 Nolite,
2964 4705 3187 4761 obsecro
3213 4721 3326 4772 vos,
3362 4722 3429 4761 ne
3468 4707 3641 4762 dicam

2061 4790 2128 4845 de
2155 4790 2303 4845 vobis
2328 4809 2340 4845 :
2372 4790 2439 4846 Et
2462 4808 2613 4863 super
2648 4793 2872 4849 dolorem
2901 4796 3159 4851 vulnerum
3181 4814 3405 4853 meorum
3430 4799 3642 4852 addide-

2062 4893 2198 4938 ruut.
2225 4883 2356 4938 Nam
2383 4884 2454 4939 illi
2481 4885 2569 4954 qui
2610 4885 2842 4954 gaudent
2869 4887 2936 4943 de
2960 4888 3075 4943 istis
3110 4890 3381 4945 doloribus
3408 4890 3603 4944 nostris
3623 4931 3638 4955 ,

2061 4972 2128 5028 de
2154 4974 2344 5043 quibus
2370 4975 2421 5028 in
2451 4990 2677 5045 persona
2703 4978 2940 5047 corporis
2965 4976 3162 5039 Christi
3192 4988 3335 5035 tanto
3361 4988 3483 5035 ante
3507 4995 3642 5048 pra:-

2061 5067 2258 5127 dictum
2287 5074 2402 5135 est,
2446 5068 2699 5124 Adversus
2725 5086 2802 5124 me
2827 5071 3133 5129 insultabant
3175 5073 3261 5144 qui
3306 5072 3540 5127 sedebant
3586 5073 3641 5127 in

2062 5168 2239 5229 porta,
2283 5168 2330 5213 et
2367 5160 2420 5213 in
2463 5176 2539 5215 me
2584 5160 2865 5231 psallebant
2888 5165 2974 5233 qui
3003 5165 3228 5220 bibebant
3263 5166 3432 5219 vinum
3462 5163 3639 5234 (Psal.

2062 5268 2252 5320 vant,
2294 5251 2526 5324 27,15),
2578 5254 2731 5311 valde
2771 5256 3097 5312 tolerabilius
3138 5258 3495 5323 sustinentur;
3545 5271 3641 5326 pro

2059 5342 2252 5413 quibus
2291 5352 2463 5400 tamen
2494 5344 2652 5399 etiam
2704 5345 2834 5416 ipsis
2872 5362 3059 5414 orare,
3092 5357 3145 5402 et
3174 5347 3368 5403 bonum
3399 5347 3476 5405 eis
3506 5346 3641 5404 velle

2059 5434 2360 5493 didicimus.
2390 5436 2471 5492 Ad
2511 5437 2640 5508 quid
2684 5439 2823 5497 enim
2864 5439 3006 5496 aliud
3048 5439 3235 5495 sedent
3277 5440 3393 5508 isti,
3437 5438 3643 5511 etquid

2058 5528 2201 5585 aliud
2221 5536 2454 5598 captant,
2489 5528 2589 5585 nisi
2618 5538 2675 5585 ut
2694 5531 2930 5602 quisquis
2956 5532 3257 5601 episcOpus,
3281 5531 3361 5587 vel
3390 5530 3637 5596 clericus,

2060 5622 2144 5681 vel
2173 5620 2496 5687 monachus,
2525 5621 2611 5676 vel
2653 5621 3068 5681 sanctimonialis
3093 5623 3113 5656 ³
3143 5622 3427 5692 ceciderit.
3453 5636 3640 5681 Otones

2129 5715 2146 5783 ξ
2166 5720 2273 5765 Mss.
2300 5719 2444 5783 vatio.
2466 5726 2575 5762 cum
2594 5712 2830 5783 decente
2840 5711 3018 5780 nostris
3036 5746 3053 5776 ,

2129 5778 2148 5807 ι
2169 5784 2272 5827 mss.
2298 5775 2375 5826 ch.
2402 5789 2507 5841 gg.,
2538 5770 2890 5843 castunonialis.
