4032 6334
443 467 540 529 271

446 589 585 647 tales
629 598 751 643 esse
788 579 1049 646 credant,
1093 575 1296 648 jactent
1316 611 1334 639 ,
1378 565 1732 630 contendant,
1781 561 1877 619 sed
1922 573 2030 616 non

451 695 640 740 omnes
682 691 839 750 posse
879 667 1246 731 manifestari?
1287 667 1554 721 Et'tamen
1582 659 1742 716 etiam
1781 656 1882 727 ipsi
1909 668 2032 709 cum

450 768 626 844 aliqua
671 745 917 825 mat-itala
972 761 1242 819 invenitur
1285 755 1706 838 adultera,-nec
1751 745 2035 818 projicinnt

461 838 652 927 νχᾶιεε
677 875 800 917 51138
820 898 836 925 ,
882 871 981 912 nec
1017 857 1269 908 accusant
1295 855 1492 903 matres
1521 857 1664 898 suas.
1695 838 1826 896 Cum
1858 846 2034 892 autem

454 926 524 1012 dc
564 951 827 1023 aliquibus
856 947 945 1019 qui
972 952 1213 1000 sanctum
1240 954 1433 995 nomen
1476 933 1812 1006 proﬁtentur,
1840 925 2037 998 aliquid

455 1047 695 1105 criminis
722 1043 805 1100 vel
831 1041 944 1096 falsi
970 1035 1227 1100 sonuerit,
1256 1033 1341 1088 vel
1367 1031 1478 1086 veri
1505 1026 1765 1100 patuerit,
1807 1023 2033 1087 instant,

455 1147 722 1210 satagunt,
762 1133 1034 1198 ambiunt,
1065 1137 1124 1184 ut
1141 1127 1209 1183 de
1231 1123 1480 1182 omnibus
1497 1121 1610 1175 hoc
1632 1115 1899 1174 credatur.
1931 1112 2040 1167 Hos

459 1205 598 1304 ergo
618 1231 684 1285 de
705 1226 900 1282 nostris
921 1221 1195 1279 doloribus
1215 1216 1529 1273 suavitatem
1550 1226 1660 1268 suae
1681 1208 1833 1264 mala:
1849 1205 2042 1304 linguas

457 1293 728 1394 captantes
747 1360 762 1384 ,
803 1316 954 1371 facile
979 1323 1062 1370 est
1085 1321 1145 1367 ut
1164 1311 1270 1366 illis
1297 1307 1517 1364 canibus
1543 1312 1913 1372 comparemus
1932 1338 1947 1363 ,
1995 1293 2043 1350 si

458 1391 594 1472 forte
619 1415 670 1468 in
706 1411 844 1468 malo
874 1404 1205 1477 intelligendi
1236 1410 1384 1468 sunt,
1412 1398 1501 1470 qui
1537 1395 1804 1467 fingebant
1829 1391 2044 1446 vulnera

461 1506 708 1579 pauperis
736 1505 907 1568 illius,
949 1501 1040 1572 qui
1081 1505 1206 1552 ante
1239 1495 1455 1566 januam
1497 1489 1674 1545 divitis
1707 1485 1948 1579 jacehat,
1991 1488 2047 1536 et

351 1667 356 1670 _
458 1574 732 1672 quousque
752 1595 960 1651 veniret
979 1591 1044 1647 ad
1070 1589 1304 1660 requiem
1331 1586 1478 1640 sinus
1502 1579 1752 1644 Abrahae,
1781 1574 2046 1632 laboriosa

461 1669 516 1747 et
542 1689 755 1758 indigna
785 1685 963 1740 omnia
989 1679 1246 1736 tolerabat
1268 1676 1421 1748 (Luc.
1453 1689 1568 1740 xvt,
1599 1669 1799 1740 21-25).

530 1783 586 1837 7.
631 1781 736 1836 Vos
779 1792 865 1833 me
905 1775 1071 1830 nolite
1098 1770 1325 1840 amplius
1367 1765 1624 1830 cruciare,
1673 1761 1766 1833 qui
1812 1758 2049 1829 aliquam

462 1887 612 1944 spem
640 1869 846 1926 habetis
871 1867 938 1922 ad
965 1853 1133 1921 Deum
1158 1880 1172 1917 :
1200 1876 1295 1916 vos
1321 1859 1484 1914 nolite
1526 1857 1638 1927 ipsa
1676 1854 1896 1909 vulnera
1931 1865 2050 1922 quae

471 1968 547 2022 illi
575 1966 800 2036 lingunt,
825 1958 1207 2028 multiplicare;
1237 1969 1332 2009 vos
1358 1967 1454 2023 pro
1480 1951 1669 2021 quibus
1695 1947 2054 2019 periclitamur

463 2057 611 2112 omni
643 2035 769 2110 liora
793 2095 809 2121 ,
848 2050 1104 2105 habentes
1132 2047 1256 2101 foris
1281 2058 1483 2114 pugnas
1502 2082 1517 2108 ,
1547 2042 1688 2095 intus
1715 2040 1931 2094 timores
1980 2035 2053 2108 (ll

471 2151 591 2206 Cor.
621 2163 716 2213 vn,
749 2145 826 2217 5),
859 2141 1150 2214 periculum
1179 2139 1230 2192 in
1273 2136 1514 2200 civitate,
1545 2131 1836 2204 periculurn
1874 2129 1928 2182 in
1955 2127 2052 2182 de-

464 2251 632 2309 serto,
658 2237 953 2311 periculum
979 2250 1044 2290 ex
1067 2231 1335 2304 gentibus,
1370 2226 1660 2299 periculum
1689 2239 1754 2280 ex
1778 2222 1922 2277 falsis
1944 2219 2054 2274 fra-

469 2335 638 2391 tribus
667 2331 777 2405 (Id.
803 2345 880 2397 xr,
908 2327 1026 2399 26).
1071 2325 1195 2381 Scio
1238 2323 1359 2393 quia
1399 2319 1624 2382 doletis;
1665 2315 1760 2372 sed
1802 2311 2057 2383 numquid

467 2429 644 2484 acrius
674 2440 834 2496 quam
861 2419 996 2492 ego?
1027 2419 1150 2476 Scio
1176 2415 1301 2487 quia
1321 2409 1620 2469 conturbati
1641 2408 1788 2472 estis,
1820 2415 1875 2460 et
1895 2405 2058 2458 timeo

471 2536 538 2576 ne
567 2520 706 2574 inter
732 2517 940 2585 linguas
967 2509 1350 2568 maledicorum
1380 2503 1591 2560 deﬁciat
1615 2511 1670 2557 et
1698 2507 1882 2572 pereat
1908 2496 2059 2551 inﬁr-

471 2627 612 2678 mus,
638 2617 860 2681 propter
888 2619 1044 2676 quem
1068 2601 1312 2658 Christus
1339 2605 1582 2653 mortuus
1607 2602 1710 2650 est.
1735 2591 1853 2648 Non
1878 2607 1942 2646 ex
1969 2604 2062 2645 vo-

473 2704 555 2759 bis
579 2680 839 2756 increscat
865 2696 1018 2752 dolor
1042 2703 1240 2760 noster,
1280 2691 1404 2762 quia
1434 2704 1540 2744 non
1583 2686 1736 2755 culpa
1773 2693 1953 2739 nostra
1979 2680 2061 2736 fa-

480 2804 600 2852 ctus
626 2803 710 2850 est
735 2799 931 2847 vester.
961 2788 1096 2844 Nam
1125 2788 1226 2841 hoc
1251 2792 1333 2840 est
1358 2781 1498 2854 quod
1525 2792 1824 2851 praecavere
1842 2782 2063 2831 conatus

477 2903 619 2955 sum,
659 2894 718 2941 ut
749 2885 792 2940 si
819 2883 933 2938 fieri
959 2889 1161 2952 posset,
1188 2879 1290 2933 hoc
1318 2875 1513 2930 malum
1543 2887 1644 2927 nec
1667 2869 1936 2924 vitandum
1967 2880 2065 2921 ne-

480 2979 800 3050 gligeretur,
833 2989 936 3030 nec
964 2973 1018 3027 in
1060 2979 1291 3026 vestram
1332 2965 1575 3022 notitiam
1602 2960 1946 3033 perferretur,
1975 2957 2066 3013 ubi

477 3069 806 3124 infructuose
831 3064 1196 3120 cruciarentur
1217 3057 1376 3125 ﬁrmi,
1399 3066 1454 3112 ct
1476 3054 1770 3126 periculose
1792 3050 2069 3106 turbaren-

480 3170 566 3215 tur
591 3157 809 3214 infirmi.
840 3154 945 3212 Sed
969 3153 1060 3224 qui
1087 3153 1188 3206 hoc
1212 3149 1426 3220 cognito
1454 3144 1694 3218 permisit
1716 3156 1812 3197 vos
1842 3139 2066 3206 tentari,

479 3251 572 3308 det
599 3249 751 3305 vobis
778 3247 920 3304 vires
945 3242 1264 3309 sustinendi,
1295 3249 1349 3296 et
1368 3239 1576 3296 erudiat
1593 3252 1688 3292 vos
1715 3252 1781 3291 ex
1808 3235 1922 3305 lege
1942 3247 2066 3299 sua;

485 3341 674 3397 doceat
699 3353 792 3394 vos
819 3347 877 3392 et
904 3336 1110 3405 mitiget
1132 3348 1162 3388 a
1188 3332 1376 3388 diebus
1404 3329 1671 3400 malignis,
1701 3326 1874 3383 donec
1898 3323 2070 3386 fodia-

485 3442 572 3488 tur
597 3429 861 3502 peccatori
885 3427 1039 3482 fovea
1071 3422 1243 3493 (Psal.
1270 3437 1416 3488 xcnt,
1448 3420 1536 3485 l2,
1566 3418 1680 3490 15).

553 3522 607 3577 8.
645 3519 816 3575 Audio
859 3516 1146 3572 nonnullos
1181 3523 1415 3568 vestrum
1457 3512 1580 3566 hinc
1618 3509 1844 3578 amplius
1869 3505 2073 3562 contri-

467 3612 640 3680 stari,
667 3625 826 3683 quam
855 3609 920 3664 de
943 3609 1095 3678 lapsu
1125 3605 1353 3661 duorum
1383 3604 1593 3658 illorum
1614 3601 1959 3655 diaconorum
1982 3596 2074 3667 qui

488 3723 552 3762 ex
578 3715 725 3776 parte
751 3702 939 3757 Donati
968 3707 1242 3766 venerant,
1275 3707 1523 3768 tanquam
1553 3694 1846 3764 disciplima
1871 3693 2073 3748 Procu-

489 3796 650 3854 leiani
695 3792 1081 3856 insultaverint,
1113 3790 1261 3846 velut
1291 3789 1582 3860 gloriantes
1618 3785 1686 3840 de
1717 3784 1904 3849 nobis,
1933 3781 2075 3854 quod

491 3906 557 3947 ex
587 3898 768 3945 nostra
805 3885 1083 3956 disciplina
1111 3882 1243 3938 nihil
1271 3881 1377 3936 tale
1409 3880 1462 3935 in
1501 3877 1710 3934 clericis
1747 3871 2073 3932 exStitisset:

493 3980 636 4053 quod
661 3979 980 4050 quicumque
1028 3974 1248 4041 fecistis,
1297 3973 1465 4027 fateor
1491 3971 1662 4036 vobis,
1706 3984 1812 4024 non
1837 3969 1971 4024 bene
1994 3965 2078 4023 fe-
2152 4031 2166 4044 ρ

517 4072 660 4130 istis.
691 4070 830 4126 Ecce
854 4066 1036 4124 docuit
1063 4080 1158 4122 vos
1183 4066 1324 4120 Deus
1342 4105 1358 4132 ,
1398 4072 1456 4118 ut
1480 4063 1567 4133 qui
1589 4061 1857 4133 gloriatur,
1884 4059 1937 4113 in
1965 4057 2078 4114 Do-

515 4167 634 4221 nino
660 4163 902 4236 glorietur
930 4161 980 4234 (l
1002 4160 1119 4215 Cor.
1149 4175 1190 4227 ι,
1222 4156 1312 4231 51)
1341 4175 1355 4211 :
1383 4171 1484 4213 nec
1511 4153 1774 4225 objiciatis
1795 4152 2077 4219 haereticis,

497 4260 598 4315 nisi
623 4260 745 4329 quia
775 4272 881 4312 non
909 4263 1035 4312 sunt
1071 4251 1350 4318 catholici;
1378 4265 1447 4305 ne
1480 4249 1679 4304 similes
1705 4247 1784 4304 eis
1808 4247 1952 4314 sitis,
1991 4245 2082 4316 qui

499 4368 607 4409 non
635 4349 879 4406 habendo
904 4346 1046 4418 quod
1066 4346 1120 4400 in
1148 4359 1308 4401 causa
1337 4359 1446 4399 suae
1475 4341 1751 4397 divisionis
1769 4339 2079 4405 defendant,

499 4459 607 4500 non
638 4441 739 4496 nisi
768 4439 1043 4494 hominum
1072 4437 1294 4492 crimina
1323 4435 1572 4504 colligere
1610 4432 1883 4498 affectant,
1928 4440 1982 4486 et
2020 4445 2084 4485 ea

451 4607 454 4610 ἢ
502 4536 613 4606 ipsa
651 4535 804 4605 plura
833 4531 1112 4586 falsissime
1137 4529 1340 4599 jactant
1368 4545 1381 4581 :
1412 4535 1473 4581 ut
1515 4527 1637 4597 quia
1681 4526 1848 4595 ipsam
1890 4524 2084 4580 divinas

503 4627 792 4696 Scriptura:
827 4622 1136 4689 veritatem,
1169 4635 1269 4690 qua
1297 4618 1490 4688 ubique
1528 4616 1719 4672 diffusa
1759 4615 1951 4672 Christi
1979 4615 2084 4670 Ec-

507 4717 667 4773 clesia
693 4712 1114 4776 commendatur,
1143 4709 1413 4765 criminari
1439 4715 1492 4762 et
1517 4707 1804 4762 obscurare
1833 4719 1936 4760 non
1966 4721 2088 4776 pos-

505 4815 646 4873 sunt,
669 4803 912 4859 homines
934 4817 1027 4872 per
1045 4815 1179 4872 quos
1197 4799 1509 4870 praedicatur
1524 4797 1788 4852 adducant
1807 4795 1857 4851 in
1874 4796 2084 4863 odium;

505 4897 576 4953 de
599 4897 789 4970 quibus
813 4903 868 4951 et
889 4893 1090 4965 ﬁngere
1112 4889 1365 4963 quidquid
1390 4890 1442 4944 in
1469 4896 1702 4945 mentem
1722 4888 1944 4954 venerit,
1966 4902 2092 4959 pos-

509 4999 652 5047 sunt.
683 4987 793 5045 Vos
821 4994 998 5043 autem
1041 5001 1147 5041 non
1192 4986 1264 5040 ita
1306 4983 1562 5039 didicistis
1589 4981 1891 5048 Christum;
1933 4983 1976 5036 si
2007 4989 2090 5037 ta-

517 5098 636 5138 men
665 5081 810 5137 illum
840 5079 1082 5145 audistis,
1115 5088 1169 5133 et
1195 5079 1247 5131 in
1275 5077 1364 5132 illo
1387 5074 1527 5131 docti
1551 5075 1682 5130 estis
1712 5073 1870 5146 (Eph.
1899 5089 1971 5142 tv,
1997 5073 2088 5142 20,

511 5173 628 5245 2f).
663 5167 1003 5246 lpse‘quippe
1043 5169 1226 5225 ﬁdeles
1267 5182 1393 5223 suos
1432 5181 1648 5223 securos
1685 5163 1810 5221 fecit
1835 5166 1993 5221 etiam
2024 5166 2092 5222 de

518 5266 972 5338 dispensatoribus
996 5263 1179 5330 malis,
1206 5261 1344 5317 mala
1371 5275 1466 5316 sua
1495 5253 1835 5327 facientibus,
1865 5266 1920 5313 et
1953 5258 2092 5313 bona

524 5362 636 5432 ejus
661 5359 1020 5432 loquentibus,
1049 5355 1137 5411 ubi
1164 5355 1271 5409 ait:
1307 5354 1434 5430 Qua:
1459 5352 1629 5407 dicunt
1654 5352 1836 5423 facile;
1865 5367 1976 5422 qua:
1998 5367 2094 5405 au-

517 5462 618 5508 tem
648 5453 869 5523 faciunt,
905 5453 1071 5522 facere
1095 5447 1290 5502 nolite:
1314 5446 1487 5500 dicunt
1521 5447 1674 5511 enim,
1701 5453 1748 5498 et
1777 5459 1877 5497 non
1904 5442 2096 5512 faciunt

516 5541 731 5616 (Matth.
757 5558 912 5610 unt,
940 5541 1017 5612 5).
1048 5539 1208 5597 Orate
1234 5537 1448 5609 quidem
1470 5550 1566 5607 pro
1590 5549 1695 5599 me,
1727 5548 1795 5588 ne
1816 5531 1954 5588 forte
1977 5533 2094 5589 aliis

516 5633 814 5704 praedicans
839 5633 953 5704 ipse
976 5631 1232 5702 reprobus
1259 5629 1502 5684 inveniar
1528 5626 1578 5699 (Ι
1600 5624 1716 5680 Cor.
1744 5641 1821 5691 ιι,
1850 5623 1941 5696 27)
1964 5641 1979 5691 ;
2004 5640 2098 5682 ve-

513 5730 818 5782 rumtamen
843 5737 963 5778 cum
989 5719 1304 5794 gloriamini,
1332 5735 1437 5773 non
1463 5717 1517 5772 in
1544 5731 1650 5784 me,
1678 5715 1773 5771 sed
1793 5715 1846 5771 in
1872 5715 2097 5772 Domino

517 5820 842 5895 gloriamini.
873 5817 1272 5888 Quantumlibet
1317 5812 1460 5872 enim
1487 5812 1668 5884 vigilet
1695 5811 1968 5883 disciplina
1995 5811 2095 5868 do-

521 5930 642 5980 mus
683 5930 847 5994 meae,
890 5913 1054 5975 homo
1077 5925 1231 5982 sum,
1274 5917 1328 5968 et
1372 5908 1509 5967 inter
1551 5906 1794 5966 homines
1826 5909 1964 5976 vivo,
1997 5919 2095 5966 nec

1669 445 1726 503 S.
1767 434 2130 501 AUGUSTINI
2167 433 2468 495 EPISCOPI

2135 556 2264 613 mihi
2311 573 2559 630 arrogare
2582 558 2753 616 audeo
2789 565 2849 615 ut
2881 557 3073 615 domus
3094 571 3214 615 mea
3239 556 3433 614 melior
3456 556 3528 614 sit
3551 572 3723 629 quam.

2138 666 2259 709 arca
2299 652 2431 720 Noe,
2479 651 2568 706 ubi
2613 660 2789 706 tamen
2832 647 2972 706 inter
3012 659 3133 706 octo
3176 649 3422 706 homines
3455 649 3715 720 reprobus

2140 760 2277 800 unus
2306 746 2550 800 inventus
2575 752 2658 800 est
2687 743 2837 816 (Gen.
2869 759 2945 810 ιχ,
2971 743 3064 815 27)
3090 761 3102 796 :
3131 751 3224 797 aut
3248 743 3434 798 melior
3461 742 3722 812 sitquam

2139 838 2331 894 domus
2353 838 2600 904 Abrahar,
2621 837 2709 892 ubi
2729 837 2926 892 dictum
2946 845 3046 904 est,
3071 835 3214 908 Ejice
3227 835 3467 890 ancillam
3485 845 3534 890 et
3553 835 3721 904 ﬁlium

2143 931 2251 1000 ejus
2277 929 2388 1000 (Id.
2417 947 2531 996 XXI,
2563 930 2651 1000 l0)
2677 947 2689 982 :
2717 937 2808 984 aut
2835 929 3024 984 melior
3050 929 3117 982 sit
3139 943 3295 998 quam
3335 927 3525 982 domus
3550 926 3720 995 lsaac,

2142 1023 2294 1092 cujus
2318 1024 2333 1055 ¹
2370 1022 2437 1078 dc
2474 1022 2681 1078 duobus
2711 1021 2936 1092 geminis
2961 1021 3161 1076 dictum
3201 1031 3304 1088 est,
3343 1019 3504 1075 Iacob
3532 1020 3721 1086 dilexi,

2145 1113 2286 1169 Esau
2314 1124 2481 1168 autem
2506 1113 2622 1168 odio
2650 1112 2800 1166 habui
2830 1112 3082 1184 (Malach.
3113 1128 3151 1179 ι,
3181 1111 3237 1184 2)
3265 1130 3277 1166 :
3307 1120 3398 1167 aut
3424 1111 3615 1166 melior
3655 1111 3727 1167 sit

2145 1221 2302 1276 quam
2331 1205 2517 1260 domus
2545 1205 2710 1274 ipsius
2735 1203 2918 1270 Iacob,
2949 1203 3035 1260 ubi
3064 1203 3258 1259 lectum
3289 1203 3453 1273 patris
3471 1202 3610 1258 ﬁlius
3639 1202 3728 1256 in-

2147 1298 2367 1354 cestavit
2408 1297 2561 1368 (Gen.
2590 1311 2738 1362 nix,
2761 1296 2855 1367 ll):
2886 1304 2978 1350 aut
3017 1294 3206 1350 melior
3228 1295 3298 1349 sit
3334 1309 3490 1364 quam
3535 1293 3730 1349 domus

2149 1389 2336 1456 David,
2363 1388 2515 1459 cujus
2538 1388 2677 1443 ﬁlius
2700 1403 2820 1443 cum
2853 1402 3039 1443 sorore
3061 1386 3346 1442 concubuit
3366 1385 3432 1456 (ll
3452 1385 3579 1457 Reg.
3606 1402 3730 1454 xm,

2151 1480 2272 1554 id);
2301 1481 2453 1566 cujus
2474 1482 2610 1536 alter
2635 1480 2773 1536 ﬁlius
2793 1490 2977 1536 contra
3007 1480 3170 1550 patris
3197 1487 3304 1534 tam
3325 1489 3558 1535 sanctam
3581 1495 3737 1534 man-

2151 1573 2482 1630 suetudinem
2501 1572 2777 1628 rebellavit
2797 1572 2958 1643 (Ibid.
2982 1589 3074 1639 xv,
3098 1573 3188 1644 ιε)
3213 1587 3226 1625 :
3257 1581 3348 1628 aut
3367 1572 3554 1627 melior
3571 1586 3735 1642 quam

2152 1666 2477 1723 cohabitatio
2516 1666 2665 1721 Pauli
2697 1665 2950 1737 apostoli,
2981 1665 3070 1736 qui
3101 1673 3277 1720 tamen
3307 1665 3353 1719 si
3382 1664 3520 1719 inter
3544 1679 3736 1720 omnes

2152 1757 2322 1814 bonos
2365 1757 2657 1824 habitaret,
2697 1772 2801 1812 non
2831 1757 3034 1813 diceret
3057 1756 3198 1827 quod
3221 1756 3468 1826 superius
3494 1771 3736 1812 comme'

2154 1850 2391 1918 moravi,
2433 1851 2560 1922 foris
2585 1865 2804 1920 pugnas,
2847 1848 2982 1902 intus
3021 1848 3223 1901 timores
3266 1845 3343 1916 (ll
3369 1845 3486 1901 Cor.
3519 1861 3614 1910 vn,
3640 1847 3738 1916 5);

2155 1957 2256 1998 nec
2285 1942 2485 1997 diceret
2511 1956 2632 1996 cum
2655 1939 2722 1995 de
2749 1942 3026 1994 sanctitate
3045 1948 3100 1994 et
3131 1938 3234 1993 ﬁde
3259 1937 3520 1993 Timothei
3546 1938 3740 2008 loque-

2158 2042 2326 2098 retur,
2358 2031 2625 2088 Neminem
2666 2032 2824 2086 habeo
2857 2031 2942 2102 qui
2979 2047 3214 2102 germane
3240 2030 3304 2083 de
3330 2030 3467 2085 vobis
3495 2030 3742 2085 sollicitus

2158 2128 2242 2181 sit.
2275 2126 2462 2181 Omnes
2485 2127 2617 2180 enim
2635 2143 2730 2180 sua
2747 2133 2997 2196 quaerunt,
3021 2141 3122 2178 non
3141 2140 3254 2194 qua:
3275 2132 3390 2178 sunt
3407 2121 3443 2176 Ι
3446 2141 3533 2178 esu
3553 2121 3745 2179 Christi

2159 2217 2418 2290 (Philipp.
2456 2234 2524 2286 ιι,
2554 2217 2645 2284 20,
2675 2217 2805 2287 21);
2849 2225 2940 2271 aut
2980 2207 3171 2271 melior
3214 2231 3373 2286 quam
3419 2214 3746 2271 cohabitatio

2163 2313 2328 2382 ipsius
2355 2312 2564 2368 Domini
2593 2311 2808 2379 Christi,
2842 2311 2896 2365 in
2921 2325 3024 2381 qua
3053 2309 3298 2364 undecim
3328 2308 3454 2364 boni
3485 2307 3746 2379 perﬁdum

2162 2412 2217 2460 et
2239 2403 2411 2458 furem
2431 2402 2460 2458 .I
2467 2403 2622 2458 udam
2643 2403 2999 2457 toleraverunt
3021 2418 3035 2454 :
3063 2410 3154 2456 aut
3177 2401 3365 2456 melior
3385 2399 3456 2455 sit
3476 2408 3748 2471 postremo

2163 2511 2320 2566 quam
2349 2495 2565 2561 coelum,
2595 2494 2734 2550 unde
2761 2493 2952 2564 Angcli
2971 2492 3294 2548 ceciderunt.

2235 2587 2288 2642 9.
2321 2585 2640 2658 Simpliciter
2667 2594 2844 2642 autem
2872 2583 3045 2640 fateor
3070 2583 3328 2640 Charitati
3353 2593 3544 2639 vestras
3565 2597 3750 2638 coram

2170 2680 2396 2736 Domino
2451 2681 2560 2736 Deo
2605 2689 2824 2746 nostro,
2880 2677 2971 2748 qui
3019 2677 3167 2732 testis
3195 2685 3278 2733 est
3321 2692 3482 2747 super
3516 2676 3752 2730 animam

2169 2787 2373 2840 meam,
2405 2787 2470 2828 ex
2497 2786 2603 2842 quo
2630 2772 2740 2827 Deo
2779 2769 2982 2826 servire
3026 2768 3163 2839 (εωρί
3189 2788 3203 2823 :
3232 2767 3500 2838 quomodo
3537 2767 3757 2821 difficile

2169 2879 2286 2918 sum
2316 2872 2568 2934 expertus
2605 2863 2854 2927 meliores
2881 2877 3038 2932 quam
3067 2861 3155 2931 qui
3186 2860 3239 2915 in
3267 2860 3601 2915 monasteriis
3627 2873 3760 2928 ιιι-ι)⁸

2172 2956 2444 3022 fecerunt;
2491 2956 2560 3012 ita
2605 2971 2711 3010 non
2749 2969 2868 3010 sum
2912 2961 3163 3024 expertus
3212 2952 3420 3023 pejores
3460 2966 3618 3022 quam
3661 2949 3760 3020 qui

2173 3050 2228 3107 in
2267 3049 2607 3105 monasteriis
2631 3049 2653 3080 ¹
2680 3047 3020 3114 ceciderunt,
3051 3046 3120 3100 ita
3165 3056 3222 3099 ut
3265 3043 3390 3098 hinc
3430 3043 3657 3099 arbitrer
3703 3043 3763 3098 in

2177 3141 2498 3214 Apocalypsi
2544 3141 2834 3210 scriptum,
2873 3137 3055 3192 Justus
3094 3137 3274 3205 iustior
3311 3137 3431 3206 fiat,
3489 3145 3535 3188 et
3586 3135 3762 3190 sordi-

2175 3236 2270 3289 dus
2322 3236 2574 3290 sordescat
2620 3234 2787 3288 adhuc
2839 3232 3035 3305 (Apoc.
3063 3247 3210 3298 xm,
3258 3229 3380 3302 ll).
3427 3230 3768 3300 Quapropter

2173 3331 2274 3385 etsi
2311 3329 2686 3384 contristamur
2718 3327 2785 3382 de
2811 3326 3078 3396 aliquibus
3105 3324 3483 3396 purgamentis,
3511 3324 3768 3378 consola-

2177 3437 2299 3478 mur
2323 3429 2499 3478 tamen
2527 3422 2688 3477 etiam
2712 3419 2780 3476 de
2799 3419 3038 3491 pluribus
3056 3417 3404 3474 ornamentis.
3432 3417 3608 3473 Nolite
3632 3433 3771 3488 ergo

2177 3525 2397 3584 prepter
2420 3527 2690 3567 amurcam
2718 3527 2822 3582 qua
2855 3510 2994 3566 oculi
3021 3509 3180 3566 vestri
3201 3508 3553 3576 offenduntur,
3586 3518 3770 3564 torcu-

2179 3605 2306 3658 laria
2338 3604 2627 3672 detestari,
2671 3603 2814 3658 unde
2841 3602 3114 3674 apotheca:
3151 3601 3431 3657 dominicte
3460 3599 3635 3656 fructu
3657 3600 3772 3656 olei

2181 3696 2544 3753 luminosioris
2573 3697 2878 3767 implentur,
2909 3695 3116 3751 Domini
3144 3694 3236 3750 Dei
3266 3695 3434 3750 nostri
3462 3693 3775 3748 misericor-

2181 3790 2269 3847 dia
2301 3805 2396 3845 vos
2423 3790 2676 3845 adversus
2720 3805 2908 3845 omnes
2952 3789 3171 3845 insidias
3199 3787 3398 3844 inimici
3428 3788 3482 3843 in
3509 3801 3603 3843 sua
3633 3801 3776 3858 paco

2182 3875 2464 3952 custodiat,
2496 3883 2823 3940 dilectissimi
2849 3883 3060 3940 fratres.

2597 4019 2929 4077 EPISTOLA
2966 4017 3183 4075 LXXIX
3209 4021 3229 4044 ⁶
3270 4017 3365 4092 (a).

2185 4135 2456 4210 Augustini
2497 4136 2719 4208 episcopi
2774 4134 2842 4188 ad
2889 4133 3228 4205 presbyterum
3279 4131 3543 4204 quemdam
3590 4129 3778 4186 Mani-

2259 4229 2472 4294 chwum,
2496 4227 2797 4282 denuntians
2824 4235 2879 4280 ut
2898 4225 3058 4280 solvat
3081 4226 3402 4296 qutestionem
3428 4225 3481 4279 in
3507 4241 3608 4296 qua
3634 4239 3780 4294 prc-

2261 4338 2428 4377 cessor
2454 4322 2562 4392 ejus
2603 4318 2914 4390 Fortunatus
2956 4318 3239 4389 defecerat,
3273 4317 3350 4372 uel
3397 4315 3571 4387 procul
3609 4332 3642 4369 α
3676 4331 3783 4371 sua

2193 4414 2197 4417 ’
2261 4414 2493 4469 Ecclesia
2517 4412 2758 4468 discedat.

2264 4529 2392 4584 Sine
2419 4542 2579 4583 causa
2600 4525 2983 4596 tergiversaris,
3014 4540 3136 4580 cum
3157 4524 3312 4594 longe
3331 4531 3581 4594 appareat
3601 4521 3785 4591 qualis

2193 4624 2287 4679 sis.
2317 4621 2455 4690 Quid
2496 4628 2671 4676 tecum
2701 4620 2860 4675 locuti
2906 4619 3100 4674 fuerint
3141 4616 3358 4682 fratres,
3407 4614 3787 4671 indicaverunt

2197 4714 2348 4770 mihi.
2383 4715 2552 4779 Bene,
2585 4713 2708 4782 quia
2746 4725 2852 4766 non
2888 4709 3043 4764 times
3069 4716 3328 4772 mortem;
3359 4705 3454 4762 sed
3480 4721 3598 4760 eam
3627 4721 3787 4760 mor-

2195 4817 2302 4864 tem
2329 4806 2494 4862 debes
2526 4806 2716 4861 timere
2735 4844 2749 4870 ,
2782 4818 2938 4874 quam
2979 4800 3075 4856 tibi
3118 4801 3231 4871 ipse
3261 4799 3388 4855 facis
3419 4799 3542 4853 talia
3568 4796 3636 4852 de
3667 4797 3790 4853 Deo

2196 4896 2637 4969 blaSphemando.
2667 4895 2737 4950 Et
2761 4893 2901 4965 quod
2928 4893 3175 4962 intelligis
3203 4897 3429 4946 mortem
3463 4889 3617 4944 istam
3647 4889 3790 4943 visi-

2194 4991 2388 5057 bilem,
2431 5003 2589 5060 quam
2617 5001 2803 5042 omnes
2842 4985 3082 5040 homines
3117 4991 3344 5049 norunt,
3387 4981 3791 5051 separationem

2199 5099 2319 5140 esse
2343 5083 2540 5138 mentis
2567 5095 2598 5134 a
2627 5093 2851 5149 corpore
2870 5119 2885 5144 ,
2925 5093 3031 5133 non
3059 5086 3144 5132 est
3169 5092 3418 5146 magnum
3459 5073 3787 5142 intelligere.

2197 5176 2302 5233 Sed
2331 5173 2470 5245 quod
2498 5171 2742 5242 adjungis
2768 5170 2835 5225 de
2859 5177 3058 5236 vestro,
3090 5168 3481 5238 separationem
3507 5180 3629 5220 esse
3657 5166 3791 5222 boni

2201 5285 2232 5324 a
2258 5267 2432 5324 malo:
2465 5266 2509 5320 si
2535 5279 2685 5320 mens
2709 5264 2907 5319 bonqu
2935 5269 3097 5318 estet
3120 5275 3315 5331 corpus
3343 5259 3540 5314 malum
3557 5298 3570 5319 .
3599 5258 3686 5327 qui
3723 5273 3792 5314 ea

2199 5359 2534 5419 commiscuit
2557 5373 2662 5413 nou
2689 5365 2773 5413 est
2799 5355 3004 5422 bonus;
3047 5353 3222 5409 dicitis
3259 5360 3438 5406 autem
3482 5349 3602 5420 quia
3640 5348 3796 5404 Deus

2275 5458 2620 5483 ωειόηνοιν
2636 5458 2686 5475 In
2715 5464 2736 5472 ἰ
2750 5454 2762 5468 ⁷

2265 5528 2282 5560 ι
2303 5521 2439 5583 Edd.,
2461 5519 2556 5572 cui.
2583 5526 2638 5569 At
2659 5517 2892 5569 meliores
2910 5522 3018 5583 mss.
3035 5513 3220 5583 habent
3237 5546 3258 5583 ,_
3293 5509 3450 5574 cujus.

2265 5591 2286 5622 ³
2306 5571 2439 5637 ὦ]
2459 5571 2562 5648 ggg,
2585 5594 2648 5633 ex
2679 5576 2980 5631 monasterio.
3016 5577 3148 5626 idem
3304 5571 3415 5623 cum
3443 5571 3519 5621 ch.
3543 5576 3595 5620 et
3610 5581 3711 5619 uno
3737 5584 3794 5623 ν.

2202 5651 2382 5711 subdit,
2406 5648 2697 5711 defecerunt.

2219 5803 2227 5810 _
2266 5738 2286 5756 '
2307 5743 2408 5786 Non
2441 5731 2687 5794 reperitur
2707 5728 2801 5779 nisi
2821 5728 2874 5777 in
2904 5724 3126 5775 Vaticano
3147 5718 3427 5783 exemplari.

2220 5804 2227 5821 =
2264 5841 2477 5962 (muas
2497 5835 2589 5890 244
2612 5849 2624 5890 :
2651 5845 2761 5902 qua:
2774 5838 2940 5886 autem
2958 5831 3022 5882 79
3044 5834 3166 5892 erat,
3191 5837 3318 5881 nunc
3340 5821 3446 5874 l98.
3467 5819 3650 5884 Scripta
3661 5804 3803 5878 forte

2220 5922 2282 5962 in.
2389 5942 2402 5962 .

2201 5922 2282 5966 an.
2294 5922 2402 5964 Win
