4090 6356
395 432 505 492 273
550 468 555 473 -

392 550 569 606 bonus
598 547 699 606 ista
723 546 1055 606 commiscuit
1084 566 1097 607 :
1127 564 1254 622 ergo
1272 557 1363 606 aut
1386 551 1556 607 malus
1580 560 1696 620 est,
1727 560 1818 607 aut
1858 567 1975 606 ma-

390 644 504 701 lum
550 645 789 701 timebat.
820 644 888 699 Et
930 654 983 699 tu
1011 645 1277 715 gloriaris,
1308 645 1430 717 quia
1470 660 1575 700 non
1614 647 1770 701 times
1799 645 1974 701 homi-

1534 433 1953 496 EPISTOLARU

2058 433 2320 497 CLASSIS
2353 434 2417 494 ιι.
3076 464 3079 465 ί
3144 438 3147 441 ’
3326 448 3330 457 ·
3553 449 3665 520 επ

2080 546 2253 605 Oretis
2273 566 2368 620 pro
2396 550 2547 608 nobis
2566 593 2581 619 ,
2609 560 2668 610 ut
2694 552 2869 615 videat
2893 554 3031 615 Deus
3054 556 3403 621 humilitatem
3423 574 3663 625 nostram

2079 648 2134 696 et
2156 640 2387 698 laborem
2416 655 2652 702 nostrum
2669 692 2682 716 ,
2710 658 2764 704 et
2778 648 3007 706 dimittat
3024 655 3202 710 omnia
3218 666 3433 726 peccata
3453 667 3660 717 nostra.

388 752 541 803 nem,
565 752 685 793 cum
708 738 872 792 Deum
897 738 1052 792 talem
1076 738 1167 793 tibi
1192 739 1375 809 ﬁngas,
1398 738 1488 809 qui
1515 738 1758 795 tenebras
1780 738 1970 805 timuit,

286 828 299 833 ’
386 839 451 884 ιιι
473 831 847 885 commisceret
876 829 1069 884 bonum
1100 840 1154 885 et
1180 830 1411 885 malum?
1439 830 1555 885 Noli
1585 840 1761 886 autem
1792 830 1972 885 extolli
2018 864 2025 871 -

385 922 593 988 animo,
624 922 760 977 sicut
788 922 1077 991 scripsisti,
1108 923 1227 992 quia
1255 937 1349 977 vos
1378 938 1594 993 magnos
1620 922 1841 977 facimus
1861 965 1875 989 ,
1905 938 1970 977 eo

381 1013 533 1083 quod
560 1012 813 1082 impedire
838 1013 1079 1067 volumus
1103 1028 1306 1067 venena
1326 1021 1522 1077 vestra,
1549 1030 1614 1069 ne
1640 1014 1703 1067 ad
1726 1013 1969 1069 homines

381 1105 687 1172 pestilentia
730 1113 943 1173 serpat:
976 1119 1077 1159 non
1107 1105 1248 1159 enim
1290 1106 1605 1175 Apostolus,
1634 1120 1770 1176 quos
1808 1121 1967 1161 canes

376 1196 619 1265 appellat
656 1211 878 1265 magnos
905 1195 1060 1262 facit,
1108 1212 1227 1251 cum
1254 1196 1413 1261 dicit,
1446 1197 1623 1253 Cavete
1646 1214 1793 1251 canes
1816 1195 1968 1265 (Phi-

376 1289 517 1356 lipp.
549 1304 625 1353 tu,
655 1287 742 1359 2);
780 1298 869 1343 aut
900 1289 1019 1344 illos
1057 1305 1273 1360 magnos
1298 1290 1551 1355 faciebat,
1595 1306 1818 1359 quorum
1850 1305 1965 1345 scr-

376 1395 598 1434 monem
624 1380 833 1435 dicebat
875 1396 1087 1450 serpere
1124 1390 1181 1436 ut
1208 1396 1455 1436 cancrum
1500 1382 1566 1451 (ll
1594 1381 1727 1436 Tim.
1758 1398 1816 1447 ιι,
1850 1383 1959 1453 l7).

376 1468 567 1540 Itaque
592 1470 846 1526 denuntio
876 1472 968 1527 tibi
1015 1474 1066 1527 in
1096 1472 1308 1527 nomine
1333 1472 1528 1527 Christi
1548 1516 1561 1538 ,
1591 1482 1647 1527 ut
1674 1474 1718 1527 si
1750 1483 1962 1543 paratus

373 1576 474 1623 cs,
519 1562 663 1616 solve
686 1564 1035 1632 quaestionem
1064 1564 1116 1617 in
1152 1579 1254 1633 qua
1292 1562 1483 1617 defecit
1526 1580 1816 1633 przecessor
1843 1574 1962 1619 tuus

373 1650 710 1709 Fortunatus
741 1652 839 1726 (α).
869 1656 935 1710 Et
956 1655 1025 1710 ita
1057 1656 1179 1709 hinc
1205 1656 1358 1722 ierat,
1388 1664 1446 1710 ut
1467 1671 1569 1709 non
1592 1656 1807 1720 rediret,
1835 1656 1957 1721 nisi,

372 1759 502 1799 cum
529 1747 639 1801 suis
677 1746 1032 1816 disputatione
1059 1747 1281 1812 collata,
1327 1746 1585 1801 inveniret
1611 1746 1736 1817 quid
1776 1756 1958 1801 contra

372 1838 704 1905 respondere
733 1848 931 1907 posset,
959 1837 1232 1906 disputans
1258 1852 1378 1891 cum
1404 1836 1669 1891 fratribus.
1699 1836 1754 1892 Si
1782 1844 1957 1892 autem

368 1930 443 1984 ad
473 1930 576 1984 hoc
606 1944 707 1984 non
739 1946 797 1985 es
828 1938 1081 2001 paratus;
1112 1930 1325 1985 discede
1354 1930 1496 1994 hinc,
1524 1938 1579 1985 et
1608 1930 1712 1985 noli
1739 1944 1955 2000 perver-

368 2030 491 2074 tere
513 2022 623 2075 vias
643 2020 872 2087 Domini,
897 2031 950 2075 et
977 2022 1259 2090 illaqueare
1284 2029 1343 2075 ut
1369 2021 1588 2075 venenis
1611 2020 1826 2077 inﬁcere
1844 2022 1958 2076 ani-

365 2127 493 2167 mas
525 2113 785 2179 inﬁrmas,
825 2128 893 2167 ne
931 2112 1212 2181 adjuvanle
1252 2112 1467 2167 dextera
1507 2111 1715 2166 Domini
1754 2113 1954 2179 nostri,

364 2205 645 2276 quomodo
671 2219 775 2259 non
802 2212 1085 2275 putaveras
1115 2204 1418 2259 erubescas.

808 2297 1134 2354 EPISTULA
1164 2296 1357 2351 LXXX
1386 2300 1405 2322 ⁶
1436 2296 1533 2369 (b).

361 2389 525 2462 Cupit
564 2391 807 2462 explicari
839 2391 1076 2461 liquidius
1106 2406 1137 2443 a
1164 2388 1387 2443 Paulino
1405 2431 1419 2455 ,
1449 2406 1667 2460 quonam
1691 2390 1839 2443 modo
1865 2406 1954 2444 vo-

439 2484 685 2537 luntatem
716 2481 829 2549 Dei,
858 2498 971 2553 qua:
991 2491 1176 2537 nostra:
1202 2481 1516 2552 prwferenda
1541 2491 1635 2547 est,
1670 2497 1814 2536 nosse
1832 2497 1953 2552 pos-

435 2576 617 2629 simus.

362 2671 587 2726 Sanctis
630 2679 685 2724 et
702 2670 813 2725 Deo
839 2668 1046 2723 dilectis
1063 2711 1078 2735 ,
1105 2670 1296 2725 merito
1322 2667 1713 2724 vcnerabilibus
1740 2674 1794 2721 et
1818 2666 1958 2720 mul-

436 2771 553 2817 tum
583 2760 1027 2816 desiderabilibus
1048 2760 1297 2816 fratribus
1321 2762 1550 2817 PAULINO
1571 2767 1625 2815 et
1643 2759 1949 2822 Tantusne,

431 2856 802 2917 AUGUSTINUS,
832 2852 883 2907 in
905 2853 1130 2907 Domino
1154 2854 1397 2909 salutem.

432 2947 495 3000 1.
540 2946 898 3001 Charissimus
938 2945 1100 3001 frater
1139 2945 1325 3001 Celsus
1363 2962 1481 3001 cum
1509 2945 1764 3015 rescripta
1795 2960 1953 3015 repe-

353 3044 540 3103 teret,
585 3036 819 3091 debitum
859 3037 1084 3092 reddere
1115 3037 1353 3092 festinavi
1380 3053 1393 3103 ;
1425 3038 1518 3092 sed
1544 3054 1667 3093 vere
1690 3037 1949 3092 festinavi.

350 3127 503 3182 Cum
536 3128 677 3183 enim
703 3144 823 3183 eum
848 3138 1089 3197 putarem
1118 3129 1290 3185 adhuc
1319 3130 1519 3199 aliquot
1542 3130 1656 3183 dies
1681 3129 1953 3184 nobiscum

352 3231 693 3276 moraturum
722 3264 737 3289 ,
796 3231 1015 3291 repente
1064 3232 1338 3290 comperta
1389 3221 1669 3276 occasione
1725 3221 1951 3290 navigii,

350 3312 500 3367 mihi
547 3313 841 3382 pridianam
888 3328 1037 3367 suam
1082 3313 1461 3383 profectionem
1498 3314 1608 3382 jam
1648 3323 1803 3369 nocte
1832 3330 1956 3383 sug-

351 3404 553 3473 gessit.
579 3403 712 3471 Quid
737 3404 963 3458 facerem
994 3420 1112 3458 cum
1140 3420 1264 3459 eum
1287 3413 1468 3459 tenere
1498 3420 1603 3459 non
1632 3420 1839 3474 possem
1862 3448 1875 3469 ,
1901 3413 1957 3461 et

352 3496 491 3564 quia
522 3494 589 3549 ad
618 3510 741 3560 vos,
772 3511 890 3550 cum
921 3496 1112 3565 quibus
1137 3497 1185 3551 ci
1211 3497 1403 3551 melius
1424 3504 1585 3564 esset,
1614 3498 1951 3567 properabat.

352 3600 467 3641 nec
513 3585 558 3639 si
606 3600 847 3655 possem,
889 3585 1160 3641 deberem.
1208 3586 1435 3641 Proinde
1482 3602 1644 3656 pauca
1672 3589 1812 3644 illico
1841 3588 1955 3645 bace

350 3676 566 3746 arripui
608 3677 852 3732 dictanda
879 3687 1037 3748 atque
1063 3677 1318 3732 mittenda
1341 3721 1355 3744 ,
1388 3679 1691 3748 prolixioris
1715 3680 1954 3750 cpistolze

353 3787 450 3824 me
492 3769 753 3825 conﬁtens
794 3769 1125 3837 debitorem,
1166 3785 1285 3825 cum
1326 3779 1447 3841 post
1473 3771 1699 3826 reditum
1726 3788 1951 3827 venera-

349 3863 554 3918 biiium
582 3862 799 3917 fratrum
826 3872 1128 3917 nostrorum
1160 3864 1483 3933 collegarum
1510 3879 1750 3919 meorum
1775 3865 1950 3920 Thea-

349 3955 419 4008 sii
456 3955 474 3984 ί
520 3963 575 4008 et
616 3953 824 4019 Evodii,
856 3955 1083 4024 primum
1101 3955 1264 4009 vestri
1287 3970 1350 4010 ex
1370 3965 1518 4025 parte
1539 3958 1756 4012 satiatus
1778 3957 1948 4014 fuero.

350 4045 597 4100 Uberius
637 4046 776 4100 enim
814 4045 879 4099 ad
911 4060 1009 4099 nos
1034 4046 1084 4099 in
1113 4061 1295 4100 eorum
1322 4048 1625 4116 pectoribus
1649 4057 1703 4104 et
1726 4050 1907 4104 oribus
1928 4052 1949 4082 ⁸

350 4149 463 4189 vos
513 4150 633 4190 esse
683 4145 937 4190 venturos
979 4136 1342 4206 jamjamque,
1394 4138 1446 4191 in
1494 4137 1692 4193 Christi
1736 4141 1949 4196 nomine

351 4238 522 4296 atque
547 4228 809 4296 adjutorio
833 4243 1127 4299 speramus.
1156 4227 1287 4283 Cum
1318 4228 1433 4283 haec
1458 4230 1763 4293 scriberem,
1788 4232 1947 4286 etiam

351 4336 461 4391 per
487 4321 789 4376 unanimem
817 4321 979 4376 ﬁlium
1008 4330 1243 4375 nostrum
1268 4321 1643 4391 Thagastcnsis
1664 4323 1947 4379 ’Ecclesize

351 4411 731 4482 presbyterum
775 4410 1208 4467 Fortunatianum
1231 4453 1245 4477 ,
1294 4411 1516 4466 Romam
1550 4414 1942 4482 navigaturum,

349 4504 523 4559 aliam
575 4504 854 4573 epistolam
903 4504 1085 4573 paucis
1129 4510 1253 4558 ante
1295 4502 1481 4557 diebus
1517 4503 1624 4573 jam
1668 4504 1941 4561 dederam.

347 4596 512 4653 Nunc
555 4612 679 4666 ergo
721 4596 863 4668 quod
900 4597 1046 4652 soleo
1075 4610 1231 4667 rogo,
1259 4602 1317 4650 ut
1340 4595 1479 4666 quod
1509 4596 1689 4651 soletis
1720 4597 1941 4655 faciatis.

422 4732 443 4763 ι
466 4730 602 4792 Apud
631 4737 703 4779 Er.
728 4737 779 4792 et
808 4737 942 4788 Lov.',
967 4727 1208 4792 rTherasii.
1244 4736 1294 4778 In
1322 4734 1402 4779 Ms.
1443 4735 1657 4789 cervas,
1686 4728 1853 4780 Thesii.
1882 4738 1944 4792 tu

347 4791 543 4855 aliquot
565 4791 688 4855 aliis,
720 4791 939 4855 Tlieasii:
964 4791 1055 4855 boc
1078 4799 1213 4855 pacto
1255 4792 1398 4855 etiam
1416 4792 1641 4855 scribitur
1664 4792 1713 4840 in
1742 4791 1943 4855 concilio

348 4852 526 4924 habito
537 4854 841 4924 Carthagine,
859 4854 940 4903 die
955 4852 1026 4924 26
1045 4853 1169 4901 .tunii
1188 4865 1265 4924 an.
1286 4852 1395 4924 40f,
1418 4855 1559 4924 cujus
1570 4852 1944 4924 decretolcgati

346 4918 414 4967 ad
468 4916 726 4965 Honorium
764 4918 1107 4977 imperatorem
1155 4921 1319 4977 contra
1338 4916 1623 4977 rDonatistas
1661 4916 1790 4963 missi
1831 4922 1944 4966 sunt

347 4978 593 5027 Theasius
607 4984 659 5026 et
669 4976 888 5039 Evmlius,
904 4978 1008 5025 sive
1021 4976 1253 5039 Evhodius
1268 4983 1320 5025 ut
1335 4976 1382 5023 in
1395 4976 1687 5039 membranis
1706 4976 1939 5039 habetur;

348 5040 508 5090 iidem
526 5040 635 5102 ipsr,
662 5039 790 5087 haud
803 5038 949 5102 dubie
968 5072 982 5095 ,
1000 5038 1085 5102 qui
1110 5038 1253 5102 visuri
1280 5044 1419 5102 erant
1435 5035 1693 5085 Paulinum.

419 5096 734 5168 attain
771 5108 829 5151 At
861 5101 912 5148 in
934 5096 1427 5168 vulgmorationibusz
1560 5156 1571 5168 ι
1632 5157 1642 5168 ⁸

420 5162 444 5193 ³
466 5162 600 5224 Apud
622 5162 730 5211 Bad.
756 5170 855 5209 Am.
877 5168 974 5224 Ern,
990 5156 1449 5224 du‘thagustinensis
1471 5156 1702 5209 ecclesia.
1721 5156 1771 5210 1n
1791 5174 1888 5211 uno
1910 5174 1942 5213 e

346 5230 461 5273 Vat.
488 5223 597 5273 I38.
621 5223 965 5287 'rbagancnsis.

419 5310 441 5325 '
461 5308 712 5357 necensita
746 5307 893 5356 estad
916 5318 964 5355 a.
989 5306 1073 5368 bg.
1099 5303 1167 5354 bl.
1185 5318 1236 5368 re.
1266 5318 1336 5355 ec.
1358 5304 1407 5353 ti‘.
1424 5318 1545 5368 ggv.
1567 5306 1605 5368 j.
1640 5303 1675 5354 l.
1700 5319 1748 5355 n.
1781 5319 1824 5356 r.
1861 5307 1938 5357 ὼ.

348 5369 431 5420 th.
456 5381 531 5419 vc.
554 5369 676 5418 duos
696 5376 734 5419 t.
758 5375 963 5432 quatuor
978 5367 1104 5417 vict
1137 5367 1195 5416 ad
1220 5375 1320 5416 Am.
1346 5367 1453 5416 Bad.
1486 5367 1691 5417 Er.'bov.

420 5452 809 5514 (a)Fortunatum
833 5454 883 5501 in
906 5452 1229 5514 disputatione
1253 5452 1367 5501 vicit
1390 5453 1697 5513 Augustinus,
1723 5466 1833 5503 cum
1854 5452 1940 5503 ad-

347 5511 454 5563 huc
467 5511 724 5577 presbyter
747 5521 899 5573 esset,
915 5511 995 5577 ,ex‘
1014 5511 1097 5562 lib.
1126 5514 1148 5562 1
1176 5511 1566 5577 Retract.,c.'16.
1593 5511 1813 5563 Jamvero
1835 5516 1941 5577 epi-

349 5573 535 5637 scopus
554 5573 697 5624 aliam
717 5588 826 5625 etun
849 5575 1033 5634 Felice,
1058 5576 1140 5637 qui
1172 5575 1467 5637 «flipponem
1490 5583 1694 5624 venerat
1716 5573 1940 5627 eumdem

357 5636 728 5687 «seminaturus
752 5650 967 5687 errorem
984 5654 1036 5697 ,ιν
1066 5636 1120 5685 ut
1135 5637 1201 5685 ait
1223 5636 1269 5683 in
1288 5636 1377 5697 lib.
1404 5636 1435 5684 2
1456 5642 1678 5693 Retract.,
1705 5648 1749 5685 c.
1773 5637 1822 5696 8,
1845 5638 1943 5688 dis-

351 5701 659 5762 putationem
695 5698 892 5762 habuit;
916 5696 1040 5762 anno
1061 5698 1247 5762 scilicet
1269 5696 1362 5762 404
1390 5710 1453 5746 ex
1487 5698 1611 5762 Actis
1631 5710 1744 5762 cum
1762 5698 1937 5749 Felice.

353 5758 475 5809 huic
499 5773 620 5810 eruo
644 5760 895 5810 epistolam
918 5760 1041 5810 hanc
1061 5761 1286 5810 scriptam
1299 5758 1450 5808 fuisse
1472 5759 1700 5810 suspicari
1716 5758 1848 5809 licet.

424 5822 496 5893 gb)
515 5822 646 5893 .Alias
666 5822 728 5871 65
755 5834 897 5885 :qute
919 5830 1084 5893 autem
1119 5822 1181 5872 80
1216 5829 1339 5881 erat,
1363 5834 1491 5872 nunc
1514 5822 1621 5872 199.
1647 5822 1825 5883 Scripta
1857 5834 1936 5871 an.

352 5883 469 5945 ωδ,
479 5883 598 5935 circ.
623 5883 843 5936 mensem
864 5884 1102 5934 martium.

1216 5829 1339 5881 erat,
1363 5834 1491 5872 nunc
1514 5821 1535 5872 i

2146 732 2200 785 2.
2242 734 2481 807 Colloqui
2514 748 2693 795 autem
2721 740 2993 797 vobiscum
3025 744 3146 799 talia
3175 747 3331 816 cupio
3350 789 3365 813 ,
3396 749 3440 803 si
3468 750 3658 821 digne-

2076 822 2234 891 mini,
2284 825 2515 894 litteris;
2566 831 2740 901 qualia
2787 833 3013 904 colloqui
3064 851 3373 905 possemus,
3402 841 3445 895 si
3474 856 3656 898 coram

2075 916 2264 971 vestris
2314 920 2556 975 sensibus
2606 922 2937 980 adessemus.
2988 928 3124 983 Ecce
3171 930 3314 984 illam
3366 934 3656 1002 qumstiun-

2072 1006 2245 1061 culam
2270 1048 2284 1072 ,
2328 1025 2485 1078 quam
2532 1028 2701 1082 nuper
2727 1031 3101 1086 proposueram
3124 1063 3138 1087 ,
3172 1028 3418 1093 tanquam
3446 1026 3489 1078 si
3519 1042 3657 1095 prae-

2072 1112 2195 1153 sens
2220 1103 2466 1169 praesenti
2494 1103 2631 1159 inter
2658 1106 2841 1163 dulces
2867 1109 3105 1180 loquelas
3134 1113 3385 1169 obderem
3410 1116 3429 1148 ⁸
3450 1158 3465 1183 ,
3488 1119 3646 1188 plane

2069 1191 2357 1249 christiano
2395 1197 2666 1254 intellectu
2708 1211 2763 1256 et
2790 1202 3071 1259 devotione
3100 1207 3336 1273 solvisti,
3367 1209 3462 1264 sed
3494 1210 3653 1269 nimis

2070 1287 2271 1340 cursim
2301 1296 2353 1342 et
2373 1288 2639 1357 breviter;
2664 1304 2843 1362 posset
2866 1296 3057 1366 quippe
3079 1298 3147 1351 ibi
3169 1298 3437 1369 aliquanto
3453 1300 3651 1357 diutius

2068 1383 2122 1429 et
2146 1377 2358 1433 uberius
2388 1380 2626 1437 habitare
2652 1384 2820 1453 gratia
2846 1385 2952 1439 oris
2982 1387 3086 1452 tui,
3120 1388 3165 1441 si
3184 1403 3305 1443 cum
3328 1389 3554 1445 dixisses
3578 1392 3651 1447 ita

2068 1476 2118 1523 te
2158 1470 2210 1523 in
2250 1471 2369 1538 illo,
2417 1489 2524 1543 quo
2569 1476 2789 1531 feliciter
2814 1480 2976 1532 uteris
2996 1521 3011 1544 ,
3044 1480 3162 1533 loco
3190 1497 3531 1551 perseverare
3555 1484 3650 1539 de-

2065 1560 2296 1616 crevisse
2315 1603 2328 1626 ,
2360 1572 2417 1617 ut
2442 1564 2486 1619 si
2514 1566 2640 1635 quid
2663 1566 2729 1621 de
2757 1577 2808 1623 te
2828 1569 2967 1623 aliud
2991 1570 3217 1624 Domino
3239 1573 3511 1641 placuerit,
3532 1574 3649 1644 ejus

2063 1650 2385 1708 voluntatem
2413 1655 2663 1725 praeferas
2712 1666 2843 1725 tute,
2876 1658 3101 1729 idipsum
3125 1661 3393 1732 aliquanto
3413 1665 3647 1732 apertius

2063 1742 2371 1812 explicares.
2394 1746 2633 1815 Quonam
2654 1750 2810 1805 modo
2831 1751 3153 1807 voluntatem
3176 1754 3290 1819 Dei,
3317 1771 3436 1825 qua:
3451 1767 3646 1812 nostra:

2062 1834 2314 1891 voluntati
2340 1840 2693 1909 pra‘ponenda
2719 1850 2829 1909 est,
2864 1844 3166 1899 noverimus
3194 1861 3207 1898 :
3238 1855 3416 1900 utrum
3440 1855 3647 1902 tantum

2062 1925 2115 1979 in
2165 1941 2226 1980 ea
2270 1942 2330 1983 re
2350 1970 2365 1996 ,
2414 1945 2570 1999 quam
2602 1942 2884 2002 propterea
2914 1934 3154 1990 volentes
3174 1938 3195 1968 ¹
3223 1937 3457 2007 perferre
3484 1939 3646 1995 debe-

2060 2032 2210 2085 mus,
2259 2022 2382 2091 quia
2427 2031 2481 2077 et
2521 2024 2670 2079 inviti
2719 2040 3047 2097 cogeremur.
3078 2028 3152 2084 lbi
3177 2031 3317 2086 enim
3348 2031 3403 2087 ﬁt
3429 2034 3643 2103 quidem

2058 2110 2199 2180 quod
2240 2112 2483 2169 nolumus
2516 2132 2529 2168 :
2561 2117 2655 2172 sed
2687 2117 2805 2173 ideo
2834 2133 2933 2174 nos
2960 2121 3271 2190 corrigimus
3297 2133 3353 2178 ut
3380 2126 3605 2180 velimus
3624 2168 3640 2192 ,

2059 2203 2181 2272 quia
2223 2204 2312 2259 ille
2352 2206 2498 2275 vult,
2549 2208 2700 2277 cujus
2734 2209 3019 2265 voluntatis
3050 2226 3147 2267 nec
3170 2215 3535 2270 excellentiam
3565 2216 3642 2272 fas

2060 2302 2143 2348 est
2157 2309 2421 2361 recusare,
2440 2313 2540 2353 nec
2557 2301 2989 2371 omnipotentiam
3010 2303 3133 2359 licet
3145 2307 3369 2371 evitare;
3388 2309 3526 2363 sicut
3543 2309 3645 2364 Pe-

2059 2393 2199 2440 trum
2216 2387 2351 2442 alter
2362 2388 2525 2443 cinxit
2539 2398 2595 2445 et
2615 2377 2734 2446 tulit
2748 2408 2852 2463 quo
2868 2394 3112 2449 noluerat
3130 2394 3647 2471 (Joan.xxt,18),ve-

2059 2487 2357 2535 rumtamen
2386 2498 2491 2553 quo
2520 2484 2685 2540 nollet
2724 2485 2811 2554 iit,
2857 2495 2915 2542 et
2945 2487 3131 2542 volens
3170 2499 3394 2543 mortem
3437 2491 3646 2561 subegit

2057 2584 2321 2640 asperam.
2337 2574 2417 2627 An
2438 2583 2490 2629 et
2508 2575 2577 2630 ibi
2594 2576 2681 2630 ubi
2702 2585 2784 2631 est
2805 2587 3056 2648 potestas,
3082 2595 3186 2634 non
3208 2591 3414 2637 mutare
3429 2594 3645 2638 senten-

2060 2662 2183 2716 tiam
2202 2705 2216 2728 ,
2251 2666 2491 2734 quamvis
2511 2668 2654 2722 aliud
2679 2679 2954 2737 occurrat,
2987 2671 3040 2726 in
3063 2688 3170 2742 quo
3198 2674 3373 2743 potius
3392 2685 3646 2745 appareat

2056 2756 2300 2811 voluntas
2346 2758 2436 2812 Dei
2476 2759 2543 2813 ad
2583 2761 2889 2816 mutandam
2916 2765 3230 2818 sententiam
3258 2780 3356 2819 nos
3376 2768 3641 2832 vocantis,

2058 2860 2161 2900 non
2209 2847 2330 2917 quia
2378 2856 2556 2903 nostra
2600 2851 2739 2905 mala
2766 2861 2914 2918 erat,
2948 2854 3040 2907 sed
3063 2853 3115 2908 in
3143 2870 3243 2925 qua
3271 2864 3414 2910 recte
3438 2872 3646 2926 perma-

2058 2948 2304 3007 nerctur,
2352 2942 2451 2996 nisi
2496 2943 2564 2997 ab
2608 2944 2699 2999 illo
2741 2945 2794 2999 in
2838 2947 3057 3001 alteram
3098 2964 3429 3003 vocaremur.
3460 2950 3645 3020 Neque

2059 3032 2199 3085 enim
2241 3032 2436 3086 malum
2476 3032 2575 3089 fuit
2612 3036 2839 3090 Abraha:
2877 3038 3079 3093 nutrire
3117 3048 3170 3093 et
3190 3039 3416 3095 educare
3440 3039 3641 3110 tilium,

2058 3122 2229 3192 quoad
2259 3133 2474 3193 posset,
2500 3136 2754 3195 quantum
2781 3127 2832 3182 in
2864 3128 2982 3197 ipso
3012 3136 3183 3197 esset,
3208 3145 3373 3201 usque
3394 3131 3461 3185 ad
3483 3133 3642 3187 ﬁnem

2058 3213 2181 3267 vita:
2201 3229 2310 3268 sua:
2330 3230 2345 3279 ;
2369 3216 2462 3271 sed
2485 3226 2705 3286 repente
2722 3219 2904 3288 jussus
2920 3220 3182 3287 occidere,
3214 3226 3435 3277 mutavit
3460 3223 3644 3293 utique

2059 3320 2163 3358 non
2198 3306 2341 3375 prius
2367 3308 2560 3361 malam
2588 3310 2903 3364 sententiam
2922 3352 2937 3375 ,
2970 3310 3063 3365 sed
3093 3327 3210 3382 qua:
3241 3313 3377 3367 mala
3400 3322 3573 3380 esset,
3596 3315 3644 3369 si

2061 3406 2179 3467 post
2189 3400 2393 3466 jussum
2414 3408 2610 3454 mutata
2638 3416 2741 3455 non
2760 3402 2932 3456 esset'
2954 3400 3105 3469 (Gen.
3129 3418 3265 3470 χχιι,
3284 3403 3339 3470 2,
3363 3405 3453 3477 i0)
3480 3422 3494 3460 :
3517 3403 3643 3461 hinc

2059 3504 2267 3560 quoque
2296 3505 2399 3544 non
2420 3490 2604 3545 dubito
2626 3492 2758 3548 nihil
2781 3493 2923 3547 aliud
2945 3494 3112 3549 videri
3134 3494 3248 3548 tibi.

2130 3582 2181 3637 5.
2212 3582 2315 3637 Sed
2347 3582 2655 3654 plerumque
2685 3600 2791 3640 non
2816 3601 2947 3641 voce
2975 3586 3042 3641 de
3067 3588 3203 3642 melo
3221 3630 3235 3655 ,
3264 3602 3371 3643 non
3395 3603 3491 3659 per
3514 3604 3641 3660 pro-

2058 3674 2292 3744 phetam,
2317 3690 2421 3729 non
2442 3691 2534 3744 per
2549 3677 2925 3733 revelationem
2943 3680 3023 3733 vcl
3046 3680 3258 3745 somnii,
3286 3682 3369 3736 vel
3391 3697 3642 3739 excessus

2058 3766 2252 3820 mentis
2292 3766 2379 3835 qui
2423 3767 2613 3822 dicitur
2651 3770 2870 3823 ecstasis
2897 3812 2912 3836 ,
2943 3770 3037 3825 sed
3058 3772 3217 3828 rebus
3237 3773 3365 3842 ipsis
3392 3774 3642 3829 acciden-

2060 3857 2230 3921 tibus,
2272 3866 2326 3911 et
2365 3858 2431 3912 ad
2475 3858 2613 3913 aliud
2648 3876 2806 3929 quam
2839 3870 3192 3917 statueramus
3220 3865 3531 3918 vocantibus
3550 3880 3641 3919 co—

2055 3948 2228 4018 gimur
2255 3963 2541 4017 agnoscere
2562 3950 2654 4005 Dei
2675 3952 3003 4006 voluntatem
3029 3968 3147 4008 esse
3170 3953 3326 4007 aliam
3345 3969 3502 4024 quam
3525 3962 3641 4010 erat

2055 4049 2235 4095 nostra
2267 4058 2280 4094 :
2314 4049 2561 4112 tanquam
2587 4043 2631 4097 si
2659 4044 2919 4111 proﬁcisci
2948 4054 3335 4111 statueremus,
3367 4055 3422 4101 et
3436 4046 3635 4117 aliquid

2054 4131 2284 4186 oriretur
2328 4133 2468 4202 quod
2512 4134 2754 4188 consulta
2803 4134 2867 4189 de
2905 4134 3082 4189 ofﬁcio
3108 4144 3289 4190 nostro
3315 4139 3513 4192 veritas
3538 4153 3633 4193 ve-

2055 4231 2190 4278 taret
2218 4223 2465 4279 deserere
2485 4265 2499 4289 ,
2526 4235 2617 4279 aut
2646 4226 3051 4282 decernentibus
3078 4230 3148 4283 ibi
3177 4245 3395 4286 manere
3422 4232 3636 4286 nuntia-

2053 4324 2201 4368 retur
2226 4314 2421 4384 aliquid
2444 4356 2457 4380 ,
2489 4315 2629 4385 quod
2652 4316 2835 4370 eadem
2856 4318 3079 4372 veritate
3103 4319 3345 4373 consulta
3371 4335 3471 4376 nos
3488 4335 3634 4376 com-

2053 4404 2274 4473 pelleret
2315 4404 2596 4473 proficisci.
2644 4406 2719 4460 De
2766 4405 2867 4461 hoc
2916 4409 3070 4462 tertio
3116 4425 3311 4479 genere
3353 4427 3631 4469 causarum

2050 4495 2318 4550 mutanda:
2357 4498 2666 4563 sententizn,
2714 4497 2837 4567 quid
2885 4498 2976 4552 tibi
3015 4499 3255 4556 videatur
3277 4511 3399 4571 peto
3423 4519 3631 4561 mecum

2052 4587 2257 4657 plenius
2299 4598 2353 4643 et
2400 4589 2677 4643 enodatius
2719 4591 3058 4661 colloquaris.
3106 4594 3259 4665 Saepe
3301 4611 3398 4651 nos
3434 4600 3631 4669 quippe

2050 4680 2368 4746 conturbat,
2410 4688 2464 4734 et
2490 4680 2703 4735 difﬁcile
2729 4691 2811 4736 est
2838 4698 2941 4737 non
2969 4684 3165 4754 aliquid
3191 4688 3333 4757 quod
3359 4690 3528 4760 magis
3552 4691 3630 4746 fa-

2050 4769 2294 4824 ciendum
2338 4779 2452 4826 erat
2492 4772 2736 4827 omittere
2756 4814 2770 4838 ,
2804 4772 2926 4827 dum
2956 4775 3081 4829 illud
3111 4786 3314 4832 mutare
3340 4781 3586 4835 nolumus
3606 4783 3629 4815 ⁸

2050 4862 2102 4917 in
2151 4878 2256 4932 quo
2306 4864 2449 4931 prius
2496 4878 2804 4933 permanere
2851 4875 3235 4933 statueramus,
3280 4886 3383 4926 non
3414 4874 3629 4943 quidem

2050 4954 2247 5008 malum
2292 4968 2474 5007 verum
2494 4995 2508 5019 ,
2550 4954 2661 5023 jam
2686 4954 2805 5010 ideo
2832 4957 3028 5011 malum
3056 4960 3175 5029 quia
3202 4960 3257 5015 id
3285 4962 3423 5031 quod
3452 4965 3627 5032 potius

2047 5043 2309 5115 agendum
2333 5052 2415 5099 est
2441 5059 2725 5102 occurrens
2754 5046 3049 5116 deseritur;
3078 5051 3218 5121 quod
3245 5052 3292 5107 si
3316 5066 3421 5107 non
3436 5068 3625 5108 occur-

2111 5200 2129 5266 ξ
2154 5206 2284 5266 Lov.,
2304 5198 2571 5262 objicerem.
2600 5200 2684 5250 Alii
2708 5202 2930 5266 plerique
2951 5204 3082 5265 Odd.,
3105 5204 3342 5257 obderem.

2108 5263 2131 5333 ξ
2152 5264 2223 5312 sic
2245 5272 2347 5333 MS.
2372 5268 2579 5324 septem.
2595 5271 2659 5333 At
2680 5263 2787 5312 Bad.
2801 5263 2913 5333 _Ain.
2940 5273 2992 5333 et
3012 5263 3107 5327 1-1.,
3127 5275 3376 5333 propterea
3390 5270 3626 5333 praeferre

2047 5322 2285 5393 debemus.
2311 5322 2443 5393 tbv;
2463 5324 2982 5393 praptereatvohmtati
3008 5322 3241 5393 prtéferre
3284 5322 3523 5393 debémus'.
3569 5322 3625 5385 Et

2046 5400 2157 5457 mox
2184 5386 2295 5434 Edd.
2322 5384 2643 5457 illgequatuor
2666 5387 2847 5457 habent
2871 5402 2883 5437 :
2913 5387 2982 5439 Ibi
3180 5391 3242 5457 sit
3279 5391 3472 5457 quidem
3493 5384 3623 5457 quod

2046 5447 2272 5513 volumus,
2298 5446 2383 5513 sed
2405 5446 2514 5498 ideo
2534 5460 2620 5498 nos
2640 5448 2870 5513 cogimur,
2899 5458 2993 5501 etc.
3006 5446 3341 5503 Substituimus
3362 5446 3624 5508 lectionem

2048 5513 2101 5561 in
2124 5510 2406 5559 melioribus
2427 5515 2535 5572 Mss.
2558 5510 2820 5572 repertam.

2110 5574 2130 5605 ³
2154 5580 2284 5643 Lov.,
2308 5584 2417 5643 qua:
2438 5569 2567 5643 mala
2604 5569 2728 5643 esset
2771 5576 2925 5643 potius
2946 5577 2992 5627 si
3003 5581 3203 5643 mutata.
3229 5576 3338 5625 Bad.
3365 5584 3417 5627 et
3438 5579 3622 5643 aliquot

2047 5642 2175 5707 ειιςιςι.2
2188 5633 2232 5707 si
2254 5633 2405 5707 potius
2426 5634 2709 5707 subrutam.
2733 5633 2829 5707 Eia,
2852 5636 2896 5707 si
2915 5637 3171 5702 potioribus
3182 5645 3376 5689 mutata.
3400 5642 3490 5691 Sed
3511 5633 3621 5692 ine-

2046 5695 2141 5745 lius
2164 5695 2319 5758 Ms.'j.,
2342 5695 2385 5746 si
2405 5702 2507 5759 post
2517 5697 2708 5760 jussum
2729 5695 2925 5747 mutata:

2094 5760 2131 5833 β
2154 5758 2488 5833 Edd.,_muture
2499 5758 2726 5810 volumus.
2751 5759 3144 5833 Sed_legendum,
3158 5770 3215 5814 ut
3237 5770 3312 5833 est
3335 5765 3383 5814 in
3404 5772 3510 5833 bss.
3534 5778 3618 5833 no-

2046 5819 2776 5894 vemnmutaretwtumusmuo
2807 5819 3031 5894 nimii-um
3072 5819 3153 5889 ﬁt,
3198 5832 3250 5878 ut
3292 5827 3421 5893 quod
3462 5828 3619 5894 potita

2048 5836 2179 5880 ven),
2200 5836 2387 5870 mutare
2408 5836 2625 5872 nouimus
2641 5836 2658 5881 ,'
2672 5836 2776 5934 suo
2807 5836 2939 5871 ntmu

2048 5882 2287 5947 αοαιάωιι
2305 5888 2376 5935 εει
2396 5895 2651 5936 occurrens
2706 5888 2939 5936 ematur.
