4032 6334
433 490 540 561 Ξήἐ

432 628 612 688 reret,
659 633 764 673 non
790 601 960 671 solum
989 619 1106 670 sine
1130 611 1513 684 vituperatione
1532 651 1550 676 ,
1578 609 1670 664 sed
1699 609 1858 664 etiam
1887 623 2009 663 cum

433 710 591 766 laude
615 751 629 776 ,
678 710 728 764 in
756 709 846 764 illo
874 708 1048 778 priore
1074 705 1468 776 pcrduraretur.
1496 702 1590 757 llic
1617 717 1721 754 non
1751 700 1859 754 falli
1879 699 2018 753 diffi-

432 801 535 858 cile
557 810 637 855 est
660 816 674 864 ;
701 797 784 854 hic
804 798 1020 853 omnino
1047 811 1146 850 vox
1176 793 1484 867 prophetica
1512 792 1761 864 praevalet
1785 791 2020 845 :‘Delicta
2082 858 2084 860 _

433 895 548 966 quis
586 891 818 964 intelligit
848 890 1014 963 (Psal.
1042 904 1171 944 xvut
1194 930 1210 957 ,
1235 887 1326 958 13)
1347 887 1371 942 ?
1394 886 1529 942 Hinc
1551 899 1675 949 oro,
1709 882 2018 953 participem

435 1000 525 1041 me
567 984 728 1040 facias
767 982 1141 1053 cogitationum
1195 989 1436 1046 tuarum,
1479 976 1602 1048 quid
1634 976 1687 1030 in
1716 973 1906 1036 talibus
1936 971 2022 1027 vel

435 1074 616 1133 facere
636 1058 922 1140 soleas,vel
951 1061 1244 1126 faciundum
1270 1085 1388 1125 esse
1414 1067 1668 1138 reperias.

845 1162 1173 1219 EPISTOLA
1203 1159 1418 1216 LXXXI
1456 1161 1475 1183 ‘
1507 1159 1603 1231 (a).

441 1253 781 1331 Hieronymus
823 1256 1132 1327 Augustino,
1181 1269 1425 1308 excusans
1465 1251 1599 1320 quod
1647 1249 1806 1319 ipsius
1843 1248 2021 1304 litteris

510 1351 820 1422 responderit
849 1349 1049 1403 liberius
1079 1347 1308 1416 Epistola
1332 1347 1419 1408 75,
1439 1359 1717 1415 rogansque
1732 1351 1806 1406 ut,
1825 1341 2022 1396 omissis

508 1443 827 1508 sententias-is
879 1439 1232 1508 quaestionibus
1256 1478 1273 1505 ,
1323 1437 1556 1505 deinceps
1603 1450 1768 1488 secum
1815 1432 2024 1486 invicem

510 1538 669 1592 amice
694 1540 984 1607 conferant,
1012 1542 1056 1589 et
1083 1533 1280 1604 placide
1304 1539 1558 1586 versentur
1583 1530 1635 1583 in
1655 1543 1834 1600 campo
1849 1543 2023 1582 sacra-

509 1646 622 1684 rum
647 1627 1049 1698 Scripturarum.

441 1721 662 1780 Domino
712 1737 824 1776 vere
862 1727 1036 1773 sancto
1083 1725 1129 1772 et
1163 1715 1445 1770 beatissimo
1496 1728 1644 1784 papa:
1681 1711 1979 1768 Ancus-riuo
2005 1749 2023 1774 ,

772 1809 1144 1878 llu-znouvuus,
1172 1807 1225 1861 in
1249 1805 1446 1860 Christo
1467 1805 1698 1860 salutem.

515 1903 640 1958 Cum
680 1919 711 1956 a
751 1911 924 1956 sancto
964 1903 1120 1971 fratre
1157 1907 1329 1958 nostra
1377 1894 1554 1950 Firmo
1582 1896 1597 1926 ί
1643 1893 1858 1948 sollicite
1883 1906 2026 1963 qua:-

442 2013 603 2051 rerem
642 1994 762 2065 quid
803 2009 1003 2064 ageres,
1046 1992 1281 2060 sospitem
1324 1998 1370 2044 te
1413 1989 1556 2044 lwtus
1591 1986 1776 2040 audivi.
1808 1984 2030 2038 Rursum

442 2103 556 2141 cum
584 2096 698 2140 tuas
723 2085 913 2140 litteras
939 2101 1039 2137 non
1064 2083 1176 2137 dico
1202 2095 1486 2151 sperarem,
1520 2077 1605 2132 sed
1638 2077 1918 2147 exigerem;
1939 2092 2028 2130 ne-

409 2185 418 2196 ‘
443 2181 626 2234 sciente
647 2188 715 2246 te,
737 2178 798 2231 de
816 2177 992 2248 Africa
1012 2192 1064 2229 se
1083 2178 1360 2246 profectum
1381 2187 1485 2226 esse
1504 2171 1650 2224 dixit.
1676 2168 1854 2240 Itaque
1875 2167 2031 2221 reddo

447 2275 537 2340 tibi
591 2291 680 2345 per
728 2289 840 2326 eum
886 2268 1209 2325 salutationis
1253 2266 1441 2338 officia,
1481 2263 1566 2334 qui
1609 2273 1655 2320 te
1693 2263 1840 2316 unico
1864 2277 2034 2314 amore

446 2364 795 2434 complectitur
817 2361 1099 2430 :simulque
1127 2359 1329 2412 obsecro
1358 2366 1412 2410 ut
1443 2356 1675 2426 ignoscas
1701 2351 1882 2424 pudori
1902 2367 2030 2420 meo,

445 2456 583 2529 quod
612 2456 701 2509 diu
739 2453 1050 2525 praecipienti
1079 2463 1133 2506 ut
1161 2447 1478 2504 rescriberem
1497 2487 1510 2512 ,
1538 2463 1720 2518 negare
1747 2461 1846 2499 non
1873 2443 2031 2514 potui.

447 2547 562 2604 Nec
607 2564 697 2620 ego
742 2546 862 2611 tibi,
911 2545 999 2601 sed
1038 2560 1205 2598 causa:
1233 2559 1388 2596 causa
1416 2538 1694 2612 respondit.
1727 2537 1793 2593 Et
1816 2537 1861 2593 si
1885 2537 2036 2606 culpa

447 2649 521 2696 est
544 2639 890 2710 respondisse,
920 2652 1089 2705 quceso
1113 2644 1167 2689 ut
1193 2633 1438 2707 patienter
1461 2632 1660 2695 audias,
1691 2629 1848 2684 multo
1874 2629 2038 2698 major

449 2740 524 2785 est
549 2745 860 2802 provocasse.
886 2725 990 2783 Sed
1011 2731 1261 2797 facessunt
1284 2721 1568 2779 istiusmodi
1585 2720 1913 2794 querimonia:
1936 2720 2039 2773 :sit

450 2823 580 2876 inter
609 2838 697 2876 nos
723 2838 853 2893 pura
881 2819 1214 2891 germanitas;
1238 2825 1284 2871 et
1310 2817 1541 2886 deinceps
1562 2831 1662 2868 non
1683 2813 2035 2880 quiestionum,

451 2914 541 2980 sed
575 2913 834 2966 charitatis
853 2909 920 2964 ad
949 2928 1037 2964 nos
1062 2910 1250 2979 scripta
1280 2908 1554 2961 mittamus.
1585 2903 1763 2960 Sancti
1790 2903 1969 2972 fratres
1994 2903 2038 2967 ',

452 3007 540 3078 qui
601 3003 854 3058 nobiscum
918 3001 1136 3054 Domina
1179 2998 1431 3064 serviunt,
1479 2993 1674 3063 affatim
1713 3003 1759 3047 te
1798 2993 2039 3047 salutant.
2121 3010 2125 3014 ·

459 3095 676 3156 Sanctos
704 3097 787 3168 qui
818 3106 978 3150 tecum
1004 3092 1191 3149 Christi
1220 3091 1322 3146 leve
1347 3089 1554 3144 trahunt
1569 3089 1775 3159 jugum,
1795 3085 2045 3156 prtecipue

456 3199 686 3248 sanctum
710 3198 757 3242 et
783 3183 1154 3255 suscipiendum
1183 3198 1368 3254 papam
1391 3179 1658 3250 Alypium,
1687 3185 1740 3230 ut
1769 3193 1876 3230 meo
1907 3175 2048 3228 obse-

455 3281 575 3354 quio
618 3281 833 3345 salutes,
884 3293 1077 3348 precor.
1126 3273 1441 3328 Incolumem
1480 3281 1526 3326 te
1553 3280 1601 3325 et
1627 3286 1894 3324 memorem
1918 3268 2043 3333 mei,

459 3371 687 3426 Christus
735 3367 872 3422 Deus
919 3375 1086 3421 noster
1115 3374 1314 3420 tueatur
1341 3363 1684 3432 omnipotens,
1710 3360 1909 3414 domine
1938 3377 2049 3414 vere

459 3471 632 3517 sancte
679 3470 725 3515 et
777 3459 1054 3513 beatissime
1097 3473 1248 3527 papa.
1292 3455 1352 3510 Si
1385 3454 1544 3526 legisti
1573 3453 1750 3506 librum
1780 3452 2046 3522 Eur-plnum

462 3557 653 3610 tionum
690 3554 744 3606 in
785 3550 1008 3617 Jonam,
1051 3560 1172 3619 puto
1207 3548 1338 3620 quod
1362 3547 1629 3600 ridiculam
1655 3545 1922 3599 cucurbita:
1947 3561 2050 3598 non

461 3647 676 3715 recipias
719 3643 1060 3713 qurestionem.
1115 3639 1174 3694 Si
1202 3648 1366 3692 autem
1393 3638 1580 3690 amicus
1598 3677 1612 3702 ,
1638 3636 1723 3706 qui
1753 3651 1829 3687 me
1857 3635 2048 3704 primus

463 3735 635 3808 gladio
689 3734 860 3804 petiit,
910 3732 1026 3786 stilo
1073 3729 1302 3802 repulsus
1340 3737 1451 3791 est;
1492 3727 1554 3780 sit
1587 3725 1912 3779 humanitatis
1949 3734 2050 3778 ttae

466 3837 616 3896 atque
647 3824 898 3897 justitice,
939 3830 1255 3875 accusantem
1291 3817 1680 3889 reprehendere,
1709 3832 1808 3869 non
1838 3831 2048 3884 respon-

469 3918 685 3972 dentem.
715 3913 779 3968 In
807 3914 1188 3984 Scripturarum
1214 3927 1390 3981 campo
1411 3951 1426 3976 ,
1453 3910 1496 3964 si
1524 3909 1715 3979 placet,
1745 3909 1852 3963 sine
1879 3917 2049 3964 nostra

466 4007 676 4061 invicem
701 4005 874 4059 dolore
897 4003 1146 4057 ludarnus.

872 4095 1198 4153 EPISTOLA
1227 4092 1464 4150 LXXXII
1493 4096 1529 4116 “
1560 4090 1658 4164 (b).

469 4193 700 4264 Receptis
738 4193 798 4246 ab
840 4190 1150 4260 Hieronymo
1193 4187 1528 4260 superioribus
1569 4184 1812 4258 Epistolis
1846 4185 1950 4252 72,
1983 4185 2051 4240 75

540 4293 586 4336 ει
630 4283 729 4347 8-1,
775 4281 998 4336 rescribit
1023 4280 1304 4332 accuratius
1334 4277 1638 4349 Augustinus
1668 4275 1729 4331 de
1754 4277 2050 4345 interpreta-

543 4375 674 4426 tione
703 4374 798 4427 loci
830 4373 1070 4444 Epistola:
1097 4371 1162 4424 ad
1189 4369 1395 4424 Galatas
1413 4411 1428 4434 ,
1456 4370 1760 4437 confirmans
1785 4367 1919 4438 quod
1947 4366 2051 4420 Pe-

545 4475 652 4518 trus
694 4465 866 4518 merito
904 4463 1234 4528 veraciterque
1264 4462 1588 4531 reprehensus
1624 4462 1773 4530 fuerit
1799 4477 1830 4513 a
1863 4459 2050 4515 Paulo.

545 4553 790 4611 Caztcrum
830 4553 1124 4624 deprecatur
1163 4553 1389 4615 veniam,
1414 4550 1457 4604 si
1479 4551 1619 4604 dictis
1645 4550 1940 4621 quibusdam
1969 4549 2054 4602 in-

546 4646 846 4702 cautioribus
893 4637 1188 4715 Hieronymi
1228 4643 1450 4696 animum
1489 4640 1784 4708 offenderit,
1814 4657 2054 4695 excusans

547 4738 682 4812 quod
716 4737 852 4791 nulla
887 4753 977 4790 sua
1019 4735 1170 4805 culpa
1196 4751 1284 4805 per
1308 4733 1580 4788 multorum
1608 4749 1786 4788 manus
1819 4733 2056 4787 obambu-

549 4830 665 4885 larit
712 4828 952 4897 epistula,
993 4827 1282 4900 priusquam
1321 4825 1388 4880 ad
1422 4841 1534 4880 cum
1574 4826 1655 4880 cui
1693 4827 1877 4898 scripta
1913 4835 2054 4894 erat,

549 4931 852 4996 pervenerat.

543 5060 563 5094 ι
588 5054 744 5109 Firmi
765 5060 940 5104 nomen
962 5052 1042 5104 hic
1064 5052 1153 5102 loci
1172 5053 1403 5102 omittitur
1425 5051 1473 5100 in
1495 5051 1639 5102 vatio.
1661 5057 1786 5112 octo,
1813 5051 1932 5101 etin
1955 5050 2063 5102 aliis

480 5133 573 5172 sex
600 5133 630 5169 e
653 5119 832 5168 nostris
853 5123 982 5174 Mss,
1015 5115 1103 5164 sed
1129 5116 1176 5164 in
1199 5116 1423 5163 omnibus
1444 5114 1550 5163 fere
1574 5113 1780 5164 habetur
1805 5114 1940 5163 initio
1963 5120 2010 5177 E1
2027 5114 2064 5162 i-

480 5181 618 5233 uola:
643 5181 860 5242 proxime
884 5178 1154 5242 sequentis.
1221 5211 1223 5214 ‹

547 5246 569 5274 ι
592 5234 676 5302 rus.
717 5250 775 5302 1.,
800 5234 1162 5302 suncli‘ptit'res.
1204 5234 1290 5299 ιι]ἰί
1314 5250 1485 5302 omnes
1514 5238 1698 5302 verius,
1721 5237 1914 5302 fratres.
1949 5244 2064 5287 Nam

480 5300 603 5356 Illud
629 5297 840 5366 prius'ap
862 5297 1118 5352 icllaiionis
1140 5297 1297 5362 genus
1318 5297 1554 5362 improbat
1563 5297 1934 5362 Hieronymusin
1955 5311 2061 5362 cap.

482 5363 517 5415 4
539 5365 683 5415 Epist.
709 5364 768 5414 ad
789 5319 935 5414 caiat.

539 5365 683 5428 EpiSt.
709 5365 768 5414 ad
789 5365 935 5414 Galat.

553 5448 570 5466 ‘
596 5447 662 5494 Ad
683 5459 728 5494 a.
754 5447 836 5508 hg.
862 5445 929 5494 hl.
955 5445 1037 5492 hu.
1054 5456 1106 5508 _c.
1130 5454 1200 5492 cc.
1225 5440 1284 5492 fs.
1308 5455 1359 5504 ς.
1384 5455 1466 5504 g'v.
1485 5439 1584 5508 j._l.
1606 5454 1658 5489 ιι.
1682 5453 1723 5490 r.
1748 5441 1821 5490 sb.
1842 5447 1878 5490 t.
1894 5452 1970 5491 vc.
1986 5453 2069 5490 no-

485 5519 601 5558 vem
625 5522 671 5556 v.
700 5515 750 5556 et
770 5505 828 5555 ad
852 5515 952 5555 Am.
978 5505 1085 5553 Bad.
1112 5511 1184 5553 Er.
1211 5511 1315 5566 an.
1341 5505 1607 5566 recognita.

501 5611 511 5628 ί
555 5569 593 5588 ³·
622 5575 673 5616 ιιι
691 5568 833 5628 hujus
846 5567 1178 5628 recognitione
1195 5564 1350 5615 collati
1381 5562 1493 5615 sunt
1508 5578 1554 5613 a.
1578 5577 1624 5614 a.
1643 5565 1728 5626 bg.
1747 5562 1815 5612 bl.
1835 5563 1917 5611 bu.
1933 5575 1976 5628 ρ.
1995 5576 2066 5614 cc.

487 5627 628 5740 ἂγε.
653 5642 734 5690 gv.
754 5625 795 5691 'j.
819 5627 852 5677 l.
878 5642 928 5678 ιι.
951 5625 995 5677 ιδ.
1039 5641 1082 5678 s.
1107 5628 1183 5678 sb.
1210 5633 1246 5677 t.
1270 5640 1346 5677 vc.
1370 5639 1546 5677 novem
1569 5641 1615 5677 v.
1664 5625 1715 5675 et
1737 5634 1836 5673 sm.
1863 5625 1970 5674 had.
1995 5632 2068 5676 Er.

553 5704 600 5739 ν.

491 5749 780 5864 “ganges
804 5751 862 5801 l8
889 5765 902 5800 :
925 5763 1035 5814 qtae
1055 5759 1222 5804 autem
1243 5749 1300 5802 81
1317 5749 1460 5813 erat,
1485 5763 1612 5800 nunc
1633 5749 1709 5798 ιϐ.
1747 5750 1928 5812 scripta
1947 5748 2074 5801 forte

552 5871 629 5946 (ρ)
653 5872 780 5946 Alias
802 5873 859 5922 l9
884 5887 896 5923 :
920 5887 1030 5937 quae
1044 5883 1209 5929 autem
1231 5874 1288 5926 81
1317 5880 1440 5935 erat,
1465 5886 1593 5925 nunc
1612 5873 1721 5927 sos.
1736 5875 1916 5941 scripta
1931 5873 2076 5939 paulo

485 5941 597 6006 post
617 5941 935 5998 superiorem.

1639 495 1697 551 S.
1739 493 2101 550 AUGUSTlNl
2143 492 2439 547 El'lSCOi‘l

3591 497 3697 554 276

2126 605 2346 660 Domino
2385 605 2760 676 dilectissimo,
2810 617 2865 664 et
2903 609 2954 664 in
2985 607 3180 665 Christi
3210 610 3502 667 visceribus
3525 611 3698 666 hono-

2191 699 2356 753 rando
2376 741 2390 767 ,
2430 709 2612 754 sancto
2643 701 2785 756 fratri
2817 711 2870 756 et
2893 702 3324 774 compresbytero
3350 704 3657 762 Ηιειιοιιῖιο
3679 745 3697 770 .

2191 791 2558 857 Aucusrtxus,
2590 792 2641 847 in
2673 791 2891 848 Domino
2916 795 3157 849 salutem.

2192 883 2414 939 CAPUT
2445 883 2725 939 PRIMUM.
2754 912 2826 924 ---
2856 886 2904 938 l.
2934 884 3049 939 lam
3079 885 3282 955 pridem
3311 894 3414 939 tua:
3437 883 3695 940 Charltatt

2122 976 2382 1046 prolixam
2403 978 2678 1046 epistolam
2702 978 2842 1044 misi,
2866 979 3190 1048 respondens
3208 978 3280 1032 illi
3308 988 3408 1032 tua:
3428 993 3585 1048 quam
3610 995 3704 1049 per

2123 1079 2362 1125 sanctum
2375 1068 2539 1123 filium
2558 1071 3000 1138 tuumAsterium,
3016 1086 3152 1125 nunc
3163 1070 3273 1141 jam
3292 1085 3394 1126 non
3413 1071 3587 1127 solum
3602 1071 3703 1125 fra-

2124 1171 2280 1226 trem,
2300 1176 2486 1217 verum
2509 1161 2665 1217 etiam
2682 1162 2939 1234 collegam
2962 1177 3159 1230 meum,
3181 1163 3390 1217 misisse
3420 1171 3472 1218 te
3491 1164 3702 1218 recolis.

2125 1255 2252 1323 Qua:
2275 1263 2450 1310 utrum
2475 1255 2527 1310 in
2549 1271 2736 1312 manus
2761 1264 2878 1320 tuas
2901 1256 3177 1327 pervenire
3206 1257 3461 1311 meruerit
3485 1297 3500 1320 ,
3531 1255 3708 1310 adhuc

2125 1347 2307 1403 nescio
2333 1365 2347 1414 ;
2373 1348 2474 1402 nisi
2499 1347 2639 1417 quod
2666 1363 2759 1418 per
2785 1347 3000 1403 fratrem
3025 1348 3444 1403 sincerissimum
3465 1347 3708 1402 Firmum

2126 1439 2349 1506 scribis,
2397 1439 2442 1492 si
2486 1439 2575 1493 ille
2600 1438 2689 1509 qui
2721 1447 2772 1493 te
2801 1440 3027 1508 primum
3055 1438 3230 1510 gladio
3259 1439 3440 1509 petiit,
3474 1437 3599 1493 stilo
3625 1455 3711 1493 re-

2125 1533 2310 1602 pulsus
2329 1541 2410 1587 est
2424 1571 2440 1598 ,
2464 1541 2522 1586 ut
2540 1532 2611 1586 sit
2633 1531 2969 1587 humanitatis
2991 1547 3123 1587 mete
3144 1540 3301 1601 atque
3315 1530 3533 1602 iustitiae
3551 1545 3710 1585 accu-

2126 1630 2330 1678 santem
2376 1623 2794 1692 reprehendere,
2842 1638 2949 1677 non
2989 1621 3419 1692 respondentem.
3462 1621 3571 1675 Hoc
3595 1620 3713 1676 solo

2128 1715 2440 1770 tenuissimo
2496 1714 2688 1770 indicio
2721 1755 2737 1782 ,
2795 1723 3081 1785 utcumque
3133 1713 3359 1784 conjicio
3409 1712 3601 1782 legisse
3656 1721 3712 1768 te

2128 1809 2272 1866 illam
2293 1809 2571 1879 epistolam
2597 1824 2792 1864 meam.
2824 1808 2881 1863 ln
2909 1824 2971 1864 ea
2999 1809 3190 1879 quippe
3216 1807 3484 1877 deploravi
3507 1813 3711 1861 tantam

2131 1900 2268 1958 inter
2296 1916 2392 1956 vos
2417 1903 2685 1957 exstitisse
2705 1900 3048 1967 discordiam,
3069 1901 3136 1956 de
3163 1915 3383 1970 quorum
3411 1906 3552 1954 tanta
3577 1899 3715 1953 ami-

2131 1995 2286 2060 citia,
2330 2008 2754 2065 quaquaversum
2793 2008 2910 2049 eam
2952 1992 3090 2048 fama
3133 1993 3447 2056 diffuderat,
3480 1991 3717 2046 charitas

2132 2087 2367 2142 fraterna
2421 2087 2700 2158 gaudebat.
2754 2085 2906 2152 Quod
2959 2101 3064 2140 non
3116 2085 3218 2139 feci
3275 2083 3716 2154 reprehendendo

2133 2180 2544 2237 Germanitatem
2591 2189 2763 2245 tuam,
2808 2177 2960 2247 cujus
2997 2179 3049 2232 in
3079 2192 3141 2232 ea
3171 2192 3228 2232 re
3251 2177 3476 2244 aliquam
3504 2176 3715 2246 culpam

2135 2287 2223 2327 me
2264 2273 2574 2343 cognovisse
2620 2287 2725 2328 non
2771 2269 2942 2327 ausim
2985 2269 3204 2334 dicere;
3242 2267 3336 2323 sed
3363 2267 3590 2322 dolendo
3618 2267 3718 2322 hu-

2135 2381 2344 2421 manam
2381 2366 2678 2430 miseriam,
2707 2364 2862 2435 cujus
2891 2364 2944 2418 in
2973 2361 3221 2416 amicitiis
3248 2370 3429 2415 mutua
3457 2359 3720 2414 charitate

2137 2457 2428 2514 retinendis
2450 2499 2465 2522 ,
2494 2457 2820 2527 quantalibet
2848 2456 2938 2511 illa
2958 2455 3046 2522 sit,
3068 2453 3267 2508 incerta
3286 2450 3592 2523 permansio
3613 2459 3716 2505 est.

2138 2549 2336 2605 Verum
2381 2548 2513 2604 illud
2552 2548 2842 2603 malueram
2886 2547 2989 2601 tuis
3022 2559 3178 2601 nosse
3205 2543 3508 2611 rescriptis,
3539 2550 3718 2596 utrum

2138 2642 2270 2698 mihi
2313 2642 2520 2696 veniam
2558 2655 2717 2710 quam
2748 2652 3088 2709 poposceram
3117 2635 3325 2690 dederis
3353 2651 3368 2688 :
3393 2633 3534 2702 quod
3561 2648 3721 2702 aper-

2140 2733 2245 2788 tius
2291 2733 2416 2787 mihi
2464 2730 2695 2786 intimari
2739 2731 2936 2800 cupio;
2979 2727 3219 2799 quamvis
3256 2725 3474 2780 hilarior
3501 2723 3720 2796 quidam

2141 2825 2320 2880 vultus
2346 2825 2636 2879 litterarum
2665 2831 2872 2878 tuarum
2892 2862 2908 2890 ,
2938 2821 3097 2876 etiam
3128 2820 3229 2874 hoc
3257 2834 3342 2874 me
3371 2819 3684 2887 impetrasse
3704 2859 3721 2885 ,

2143 2916 2442 2988 significare
2461 2916 2700 2971 videatur
2727 2933 2740 2971 :
2770 2915 2815 2970 si
2837 2923 3012 2969 tamen
3035 2921 3152 2982 post
3171 2911 3359 2966 lectam
3379 2909 3522 2965 illam
3546 2908 3726 2963 missa:

2144 3017 2268 3063 sunt
2293 3025 2308 3073 ;
2337 3007 2477 3077 quod
2503 3007 2554 3062 in
2583 3005 2661 3062 eis
2686 3006 2902 3061 minime
2921 3011 3158 3075 apparet.

2216 3102 2270 3155 2.
2319 3101 2494 3164 Petis,
2537 3099 2620 3155 vel
2664 3100 2840 3169 potius
2864 3098 3052 3154 fiducia
3079 3095 3351 3154 charitatis
3375 3094 3564 3166 jubes,
3591 3101 3648 3148 ut
3672 3111 3730 3148 ιιι

2147 3193 2539 3263 Scripturarum
2586 3206 2773 3260 campo
2818 3189 2932 3244 sine
2972 3196 3155 3261 nqstro
3182 3187 3405 3242 invicem
3435 3185 3618 3240 dolore
3643 3184 3701 3239 lu

2149 3285 2355 3340 damus.
2416 3283 2673 3353 Equidem
2720 3291 2970 3353 quantum
3014 3280 3081 3334 ad
3105 3295 3191 3335 me
3214 3280 3433 3342 attinet,
3464 3279 3605 3334 serio
3635 3293 3739 3333 nos

2151 3377 2285 3440 ista,
2315 3391 2473 3446 quam
2503 3375 2653 3441 ludo,
2687 3389 2843 3444 agere
2872 3373 3104 3428 mallem.
3135 3371 3284 3441 Quod
3315 3371 3362 3427 si
3389 3371 3488 3426 hoc
3511 3369 3738 3424 verbum

2153 3469 2244 3523 tibi
2291 3479 2504 3538 propter
2545 3467 2845 3521 facilitatem
2891 3479 3088 3534 ponere
3128 3463 3358 3533 placuit;
3400 3477 3498 3532 ego
3526 3460 3699 3516 fateor
3723 3502 3742 3528 ,

2151 3559 2325 3627 majus
2371 3555 2569 3628 aliquid
2614 3565 2804 3626 expeto
2845 3571 2876 3611 a
2920 3555 3243 3626 benignitate
3271 3554 3461 3610 virium
3491 3562 3742 3620 tuarum,
3779 3547 3783 3549 ’

2153 3649 2542 3721 prudentiaque
2567 3655 2673 3701 tam
2697 3647 2882 3712 docta,
2909 3653 2964 3702 et
2985 3647 3153 3701 otiosa
3175 3686 3190 3713 ,
3218 3660 3420 3699 annosa
3438 3685 3451 3708 ,
3479 3642 3744 3709 studiosa,

2155 3739 2427 3810 ingeniosa
2457 3737 2726 3808 diligentia
2753 3738 2770 3768 ί
2795 3752 2811 3802 ;
2843 3739 2957 3790 haec
2985 3735 3079 3790 tibi
3108 3750 3212 3790 non
3243 3743 3444 3789 tantum
3473 3733 3745 3800 donante,

2153 3844 2337 3885 verum
2365 3829 2522 3884 etiam
2546 3827 2777 3882 dictante
2802 3825 3003 3896 Spiritu
3028 3834 3212 3880 sancto
3236 3865 3250 3889 ,
3283 3831 3341 3878 ut
3369 3823 3419 3877 in
3452 3822 3656 3892 magnis
3687 3829 3750 3877 et

2154 3923 2434 3978 laboriosis
2473 3920 2886 3992 qumstionibus,
2935 3935 3041 3974 nou
3089 3928 3336 3988 tanquam
3379 3915 3649 3972 ludentem
3691 3917 3752 3973 in

2155 4029 2346 4084 campo
2389 4013 2818 4083 Scripturarum,
2865 4011 2960 4068 sed
3008 4011 3058 4078 in
3099 4010 3367 4065 montibus
3407 4006 3762 4063 anhelantem

2160 4106 2401 4176 adjuves.
2436 4105 2491 4160 Si
2519 4113 2696 4159 autem
2726 4112 2941 4174 propter
2968 4101 3286 4157 hilaritatem
3305 4116 3458 4170 quam
3477 4100 3764 4156 esseintet‘

2155 4195 2498 4252 charissimos
2525 4196 2847 4250 disserentes
2869 4194 3054 4259 decet,
3081 4192 3268 4262 putasti
3285 4190 3568 4246 dicendum
3587 4205 3744 4258 esse,

2155 4287 2421 4343 Ludamus
2470 4305 2486 4343 :
2535 4285 2650 4341 sive
2690 4285 2816 4340 illud
2862 4293 3100 4354 apertum
3146 4293 3200 4337 et
3226 4285 3437 4352 planum
3464 4280 3566 4346 sit,
3604 4281 3752 4338 unde

2157 4379 2512 4450 colloquimur
2531 4421 2547 4446 ,
2587 4377 2699 4432 sive
2742 4377 2963 4432 arduum
2989 4385 3146 4445 atque
3169 4373 3413 4440 difficile,
3442 4373 3543 4428 hoc
3569 4375 3751 4443 ipsum

2156 4471 2321 4545 edoce
2339 4513 2352 4536 ,
2387 4471 2608 4525 obsecro
2631 4478 2712 4536 te,
2741 4483 2969 4538 quonam
2997 4468 3154 4523 modo
3183 4468 3393 4538 assequi
3421 4467 3702 4522 valeamus
3731 4484 3750 4521 :

2158 4572 2214 4617 ut
2237 4578 2354 4618 cum
2384 4562 2517 4616 forte
2544 4560 2739 4630 aliquid
2766 4574 2863 4615 nos
2887 4567 3091 4626 movet,
3118 4559 3257 4629 quod
3283 4558 3433 4612 nobis
3451 4600 3463 4622 ,
3489 4567 3541 4610 et
3562 4557 3606 4610 si
3629 4573 3749 4610 non

2157 4654 2364 4707 cautius
2402 4651 2826 4718 attendentibus,
2873 4659 3017 4705 certe
3058 4649 3257 4703 tardius
3297 4647 3751 4717 intelligentibus,

2158 4760 2264 4800 non
2285 4743 2563 4816 probatum
2591 4749 2704 4810 est,
2732 4749 2786 4797 et
2811 4738 2939 4814 quid
2966 4741 3120 4796 nobis
3143 4739 3415 4804 videatur,
3448 4747 3632 4793 eontra
3665 4755 3760 4794 Cn.

2159 4851 2350 4892 namur
2368 4849 2628 4899 asserere,
2652 4833 2696 4887 si
2721 4833 2823 4888 hoc
2841 4831 3109 4902 aliquanto
3124 4831 3392 4885 securiore
3409 4828 3650 4883 libertati!
3669 4831 3726 4883 di
3744 4860 3754 4866 -

2162 4941 2348 4983 camus
2367 4968 2381 4991 ,
2408 4941 2513 4980 non
2536 4923 2835 4979 incidamus
2857 4923 2908 4977 in
2931 4921 3287 4992 suspicionem
3313 4917 3527 4991 puerilis
3546 4920 3681 4987 jar-1;:
3699 4940 3748 4972 ιτ-

2165 5018 2282 5082 tite,
2306 5016 2455 5088 quasi
2477 5023 2659 5070 nostro
2687 5013 2886 5069 nomini
2911 5011 3108 5067 famam
3129 5054 3143 5079 ,
3167 5010 3311 5065 viros
3335 5011 3570 5064 illustres
3593 5025 3686 5062 arr
3722 5029 3734 5060 i

2165 5108 2331 5183 sando
2350 5149 2367 5176 ,
2399 5119 2699 5178 quaeramus
2733 5121 2745 5157 :
2778 5103 2822 5158 si
2850 5110 3026 5158 autem
3053 5101 3250 5171 aliquid
3276 5109 3558 5180 aSperum,
3589 5099 3726 5151 rell-1

2168 5175 2308 5258 lendi
2341 5175 2691 5262 necessitate,
2722 5195 3089 5266 depromptum
3115 5193 3308 5260 fuerit;
3340 5207 3446 5263 quo
3474 5175 3755 5247 tolerabile

2170 5295 2261 5350 flat
2278 5334 2293 5359 ,
2321 5292 2523 5347 leniore
2541 5287 3025 5344 circumfundamus
3043 5287 3273 5357 eloquio,
3296 5301 3366 5341 ne
3379 5287 3398 5317 ²
3419 5286 3569 5340 litum
3594 5282 3754 5339 ιιιριιε

2169 5387 2398 5459 gladium
2427 5383 2686 5455 stringere
2705 5381 3024 5455 judicemur.
3045 5379 3154 5436 Nisi
3177 5379 3312 5436 forte
3329 5379 3418 5435 ille
3442 5376 3627 5433 modus
3651 5383 3755 5445 cst,

2173 5472 2277 5550 quo
2323 5484 2606 5546 utrumque
2653 5474 2755 5530 hoc
2779 5474 2997 5540 vitium,
3032 5473 3112 5528 vel
3143 5472 3253 5527 vitii
3280 5471 3636 5541 suSpicioncm
3665 5481 3762 5522 αις

2174 5584 2426 5639 veamus,
2476 5571 2521 5625 si
2562 5584 2684 5625 cum
2725 5568 2964 5624 doctiore
3002 5566 3178 5622 amico
3205 5567 3282 5620 sic
3303 5563 3670 5634 disputemus,
3702 5569 3764 5619 ιι

2174 5663 2427 5737 quidquid
2471 5661 2693 5729 dixerit,
2736 5675 2955 5716 necesse
2995 5659 3065 5714 sit
3101 5656 3426 5730 approbare,
3472 5669 3572 5710 nec
3609 5665 3767 5725 quae.

2177 5755 2328 5812 rendi
2355 5753 2546 5808 saltem
2574 5765 2731 5807 causa
2752 5791 2767 5816 ,
2799 5750 2957 5806 liceat
2979 5749 3358 5820 aliquantulum
3380 5746 3648 5802 reluctari.

2239 5862 3497 5989 iiiiva‘il‘tflt’Esflll’éfll‘i‘éinﬁelt‘m
3521 5936 3580 5978 ηε
