4090 6356
404 405 509 462 2⁵17

475 527 533 582 3.
574 525 711 581 Tum
736 536 863 580 vero
883 523 1000 577 Sine
1026 520 1139 576 ullo
1184 521 1374 575 timore
1412 516 1716 573 otl’ensionis
1740 527 1987 587 tanquam

404 618 458 673 in
497 630 690 688 campo
718 616 942 678 luditur;
972 612 1065 668 sed
1093 614 1286 667 mirum
1313 611 1359 665 si
1399 610 1551 664 nobis
1592 624 1698 663 non
1731 606 1985 662 illuditur.

405 707 523 777 Ego
551 708 694 762 enim
721 705 890 760 fateor
909 703 1166 757 Charitati
1193 708 1315 769 tum,
1348 700 1478 755 solis
1503 700 1581 754 eis
1595 697 1987 769 Scripturarum

405 801 560 855 libris
587 800 673 870 qui
698 800 807 870 jam
836 797 1075 853 canonici
1100 794 1453 866 appellantur,
1481 792 1637 847 didici
1668 791 1812 847 hunc
1833 791 1987 845 timo-

402 906 521 946 rem
554 891 919 959 [acrioremque
939 888 1171 955 deferre,
1197 895 1256 941 ut
1281 887 1481 941 nullum
1507 900 1693 940 eorum
1715 893 1985 938 auctorem

402 984 692 1039 scribendo
717 982 913 1054 aliquid
940 992 1151 1037 errasse
1167 980 1469 1035 firmissime
1481 979 1713 1033 credam.
1731 980 1807 1032 Ac
1826 977 1870 1031 si
1885 977 1985 1030 ali-

402 1076 530 1146 quid
572 1076 626 1130 in
658 1076 733 1130 eis
773 1074 1047 1131 oll‘endero
1077 1072 1291 1128 Litteris
1310 1112 1326 1139 ,
1355 1071 1494 1142 quod
1522 1071 1760 1126 videatur
1777 1079 1984 1124 contra-

399 1168 543 1220 rium
576 1166 818 1231 veritati;
869 1166 998 1219 nihil
1042 1164 1203 1229 aliud,
1232 1177 1391 1234 quam
1415 1162 1497 1217 vel
1523 1162 1838 1217 mendosum
1865 1176 1985 1216 esse

399 1257 645 1312 codicem
666 1298 681 1322 ,
727 1257 807 1312 vel
850 1258 1192 1325 interpretem
1222 1270 1325 1309 non
1357 1264 1654 1309 assecutum
1694 1266 1815 1308 esse
1842 1252 1981 1322 quod

399 1351 604 1406 dictum
650 1359 764 1415 est,
810 1352 893 1405 vel
935 1366 1021 1404 me
1061 1351 1277 1404 minime
1305 1348 1649 1414 intellexisse,
1684 1362 1788 1401 non
1816 1346 1981 1400 ambi-

398 1458 544 1513 gam.
578 1442 725 1497 Alios
763 1452 937 1496 autem
962 1442 1035 1496 ita
1076 1442 1192 1511 lego
1213 1484 1226 1507 ,
1260 1450 1315 1496 ut
1351 1440 1678 1511 quantalibet
1703 1440 1981 1495 sanetitate

398 1533 753 1602 doctrinaque
777 1532 1140 1602 priepollcant,
1165 1549 1269 1586 non
1295 1532 1413 1586 ideo
1436 1546 1617 1585 verum
1638 1541 1831 1601 putem,
1859 1532 1979 1600 quia

403 1623 504 1692 ipsi
539 1624 608 1676 ita
640 1631 954 1689 senserunt;
988 1623 1080 1677 sed
1106 1624 1225 1693 quia
1252 1622 1380 1677 mihi
1407 1624 1491 1678 vel
1529 1637 1624 1692 per
1654 1622 1771 1676 illos
1796 1630 1979 1675 aucto-

403 1730 493 1769 res
514 1717 830 1781 canonicos,
861 1715 940 1769 vel
973 1715 1228 1784 probabili
1257 1713 1479 1777 ratione,
1503 1713 1642 1782 quod
1663 1728 1691 1765 a
1721 1727 1848 1767 vero
1874 1727 1978 1766 non

397 1805 725 1868 abhorreat,
772 1806 1095 1875 persuadere
1117 1813 1413 1875 potuean
1448 1803 1558 1859 Nec
1588 1813 1660 1872 te,
1694 1803 1762 1857 mi
1793 1805 1972 1869 frater,

395 1896 601 1951 sentire
646 1896 787 1951 aliud
817 1896 1063 1951 existimo
1094 1916 1106 1950 :
1138 1911 1372 1966 prorsus,
1402 1897 1636 1965 inquam,
1669 1911 1773 1950 non
1800 1904 1851 1951 te
1888 1911 1978 1951 ar-

398 1986 571 2040 bitror
617 1989 696 2042 sic
735 1987 835 2057 legi
869 1997 987 2041 tuos
1014 1988 1179 2043 libros
1214 1988 1371 2049 velle,
1405 1997 1654 2057 tanquam
1684 1987 1973 2056 Propheta-

396 2094 549 2145 rum,
581 2080 665 2134 vel
696 2076 1110 2149 Apostolorum;
1154 2078 1223 2133 de
1270 2081 1494 2149 quorum
1541 2079 1788 2146 scriptis,
1834 2076 1975 2146 quod

391 2171 541 2226 omni
582 2184 767 2226 errore
811 2179 1061 2237 careant,
1113 2170 1358 2225 dubitare
1394 2170 1650 2225 nefarium
1691 2180 1792 2224 est.
1825 2170 1979 2224 Absit

392 2265 498 2319 hoc
522 2278 553 2318 a
582 2267 664 2333 pia
690 2263 991 2318 humilitate
1013 2272 1066 2318 et
1097 2263 1269 2319 veraci
1299 2263 1367 2319 de
1394 2264 1673 2332 teinetipso
1694 2263 1974 2331 cogitatio-

390 2374 501 2424 ne;
530 2370 635 2427 qua
689 2357 789 2412 nisi
825 2370 975 2411 esses
1020 2356 1305 2426 praeditus,
1352 2371 1456 2409 non
1503 2355 1682 2424 utique
1728 2353 1970 2410 diceres:

398 2451 606 2504 Utinam
630 2466 932 2504 mereremur
957 2448 1244 2517 complexus
1270 2459 1379 2501 tuos
1398 2487 1414 2514 ,
1444 2455 1489 2501 et
1510 2446 1780 2501 collatione
1799 2457 1972 2501 statua

386 2544 468 2594 eet
490 2541 782 2594 docerentur
802 2539 992 2608 aliqua,
1021 2539 1097 2593 vel
1118 2538 1441 2592 disceremus.

459 2630 688 2687 CAPUT
713 2629 903 2684 ΙΙ.-4.
921 2629 1069 2696 Quod
1086 2630 1128 2683 si
1147 2629 1392 2698 teipsum,
1405 2628 1830 2683 consideratione
1850 2629 1971 2684 vitae

384 2732 451 2778 ac
474 2736 686 2778 morum
716 2731 949 2789 tuorum,
974 2738 1077 2776 non
1098 2722 1345 2776 simulate
1370 2736 1468 2776 nec
1496 2721 1752 2777 fallaciter
1772 2722 1970 2777 dixisse

384 2816 587 2877 credo;
620 2825 819 2883 quanto
841 2815 1007 2883 magis
1028 2824 1236 2883 mquam
1257 2822 1341 2867 est
1364 2829 1451 2868 me
1475 2813 1695 2868 credere
1716 2854 1730 2877 ,
1752 2824 1968 2883 aposto-

386 2908 495 2960 lum
540 2907 756 2961 Paulum
789 2918 892 2959 non
924 2906 1062 2960 aliud
1087 2906 1320 2961 sensisse
1358 2920 1515 2975 quam
1544 2907 1848 2972 scripserit,
1878 2907 1965 2962 ubi

387 2999 460 3050 ait
488 2997 559 3050 de
592 2996 748 3049 l'etro
777 3004 830 3050 et
869 2996 1110 3049 Barnaba
1136 3011 1150 3048 :
1179 2995 1305 3049 Cum
1330 2996 1546 3050 viderem
1574 2998 1691 3067 quia
1713 3013 1814 3050 non
1837 3005 1969 3050 recte

384 3090 737 3159 ingrediuntur
761 3089 828 3140 ad
863 3090 1121 3141 veritatem
1146 3088 1439 3159 Evangelii,
1479 3088 1587 3141 dixi
1617 3087 1773 3142 Petro
1796 3104 1966 3142 coram

384 3181 619 3233 omnibus
651 3195 668 3233 :
703 3179 764 3234 Si
794 3190 866 3244 tu,
897 3195 1012 3233 cum
1037 3179 1106 3233 eis
1128 3178 1341 3233 Judteus
1360 3218 1374 3245 ,
1404 3180 1650 3249 gentiliter
1672 3188 1842 3234 etnon
1867 3180 1963 3248 ju-

381 3275 529 3327 dirice
543 3274 685 3336 vivis,
714 3273 961 3343 quomodo
983 3273 1165 3327 Gentes
1183 3274 1317 3344 cogis
1328 3272 1750 3345 judaizare(Gal.
1769 3289 1825 3340 ιι,
1847 3272 1965 3343 tt)?

383 3368 459 3420 De
489 3381 596 3436 quo
626 3368 766 3419 enim
793 3375 971 3421 certus
1015 3368 1113 3419 siin
1162 3366 1301 3436 quod
1328 3382 1414 3422 me
1442 3366 1722 3422 scribendo
1760 3368 1841 3422 vel
1884 3368 1964 3422 lo-

377 3460 591 3527 quendo
614 3473 718 3512 non
734 3459 901 3524 fallat,
926 3460 970 3512 si
990 3457 1499 3527 fallebatApostolus
1516 3459 1653 3513 ﬁlios
1666 3475 1813 3523 suos,
1828 3475 1962 3529 quos

376 3551 571 3604 iterum
586 3551 933 3620 parturiehat,
954 3550 1124 3604 donec
1144 3551 1195 3603 in
1210 3551 1288 3605 eis
1304 3550 1564 3616 Christus,
1581 3550 1631 3605 id
1653 3552 1957 3616 estveritas,

375 3642 832 3711 formaretur(ld.
882 3658 951 3705 iv,
988 3641 1334 3711 l9)?Quihus
1353 3657 1472 3696 cum
1507 3644 1852 3712 praemisisset
1876 3644 1957 3700 di-

374 3750 526 3795 cens,
548 3735 675 3800 Quae
688 3744 851 3787 autem
873 3736 1033 3789 scribo
1051 3733 1207 3800 vobis,
1237 3750 1347 3788 ecce
1366 3750 1538 3787 coram
1557 3734 1686 3800 Deo,
1715 3737 1834 3805 quia
1859 3753 1961 3791 non

374 3828 592 3879 mentior
609 3824 717 3898 (id.
740 3843 776 3891 i,
794 3826 885 3896 20)
909 3844 921 3879 :
942 3841 1048 3879 non
1072 3835 1245 3880 tamen
1269 3826 1529 3880 veraciter
1552 3826 1839 3891 scribebat,
1864 3828 1959 3883 sed

374 3918 559 3972 nescio
580 3930 681 3988 qua
702 3918 1086 3988 dispensatoris
1123 3918 1463 3972 simulatione
1499 3918 1734 3983 fallebat,
1762 3920 1959 3976 vidisse

373 4024 433 4063 se
460 4011 677 4064 Petrum
696 4019 750 4065 et
772 4009 1063 4064 Barnabam
1083 4023 1186 4063 non
1204 4018 1350 4064 recte
1369 4009 1433 4062 ad
1458 4009 1749 4080 Evangelii.
1766 4014 1958 4067 verita-

374 4110 484 4156 tem
510 4103 882 4173 ingredientes,
915 4118 979 4157 ac
1002 4103 1161 4157 Petro
1182 4103 1232 4157 in
1256 4102 1440 4157 faciem
1464 4105 1743 4171 restitisse,
1770 4106 1959 4160 nono!)

375 4194 517 4247 aliud
539 4195 639 4248 nisi
667 4194 807 4264 quod
836 4195 1034 4249 Gentes
1061 4201 1279 4264 cogeret
1296 4193 1600 4263 judaizarel

444 4287 501 4341 5.
546 4288 613 4339 At
650 4287 792 4340 enim
824 4287 990 4341 satius
1015 4296 1095 4340 est
1125 4286 1343 4341 credere
1364 4328 1378 4352 ,
1408 4287 1704 4355 apostolum
1736 4288 1955 4343 Paulum

373 4376 575 4446 aliquid
600 4391 703 4431 non
730 4392 855 4433 vere
897 4378 1194 4447 scripsisse,
1219 4392 1375 4447 quam
1403 4379 1699 4448 apostolum
1742 4379 1955 4435 Petrum

376 4485 482 4525 non
505 4479 645 4526 recte
662 4470 859 4541 aliquid
877 4472 1070 4540 egisse.
1098 4471 1207 4525 lloc
1237 4471 1279 4525 si
1312 4470 1380 4523 ita
1402 4480 1513 4536 est,
1532 4470 1791 4538 dicamus,
1816 4473 1957 4543 quod

374 4562 533 4629 absit,
549 4566 711 4618 satius
724 4577 842 4618 esse
853 4564 1075 4619 credere
1087 4564 1297 4618 mentiri
1314 4564 1677 4635 Evangelium,
1696 4581 1854 4636 quam
1871 4583 1958 4623 ne-

373 4660 551 4721 gatum
573 4667 691 4707 esse
706 4668 733 4705 a
755 4653 913 4707 Petro
927 4653 1195 4707 Christum
1215 4652 1425 4725 (lauit.
1444 4655 1706 4728 xxvr,75);
1733 4665 1786 4711 ct
1804 4674 1955 4713 meu-

376 4744 461 4797 tiri
484 4744 785 4813 Regnorum
806 4743 1019 4811 librum,
1044 4759 1199 4814 quam
1215 4753 1419 4800 tantum
1439 4745 1772 4816 prophetam,
1796 4763 1826 4803 a
1848 4749 1954 4804 Do-

374 4838 521 4890 mino
539 4838 645 4891 Deo
664 4849 768 4892 tam
787 4839 1110 4893 excellenter
1126 4840 1370 4906 electum,
1390 4824 1445 4896 et
1465 4841 1516 4895 in
1532 4844 1954 4913 concupiscenda

373 4937 533 4998 atque
558 4928 865 4983 abducenda
883 4944 1047 4985 uxore
1064 4930 1235 4986 aliena
1255 4933 1588 4989 commisisse
1611 4934 1952 5003 adulterium,

374 5031 425 5074 et
450 5021 501 5074 iu
521 5021 712 5075 marito
732 5021 847 5089 ejus
870 5022 1109 5076 necando
1134 5032 1240 5077 tam
1267 5024 1593 5080 horrendum
1611 5025 1953 5083 homicidium

374 5111 445 5180 (ll
478 5112 603 5181 Reg.
629 5125 702 5175 ιι,
731 5114 784 5179 4,
815 5110 925 5184 l7).
968 5112 1079 5167 lmo
1106 5129 1234 5168 vero
1260 5124 1498 5170 sanctam
1522 5116 1870 5187 Scripturam,
1899 5121 1955 5175 in

376 5217 587 5255 summo
616 5212 669 5257 et
693 5203 901 5257 ctelesti
924 5206 1250 5260 auctoritatis
1270 5207 1501 5263 culmine
1528 5210 1862 5279 collocatam,
1888 5213 1956 5270 de

376 5295 601 5349 veritate
626 5294 742 5363 ejus
767 5304 945 5349 certus
972 5310 1035 5351 ac
1063 5310 1283 5352 securus
1311 5298 1504 5368 legam,
1534 5301 1663 5356 etin
1690 5317 1752 5357 ea
1780 5302 1955 5359 homi-

376 5401 475 5440 nes
496 5386 577 5439 vel
605 5386 945 5456 approbatos,
977 5388 1059 5443 vel
1078 5387 1409 5455 emendatos,
1439 5391 1525 5446 vel
1552 5393 1832 5451 damnatos
1860 5412 1955 5452 ve-

378 5479 575 5533 raciter
613 5478 814 5533 discam
838 5520 855 5546 ,
895 5482 1250 5551 potiusquam,
1281 5482 1413 5538 facta
1445 5483 1675 5540 humana
1708 5490 1725 5521 ⁸
1753 5488 1879 5544 dum
1900 5490 1956 5545 in

377 5567 694 5640 quibusdam
727 5569 1006 5625 laudabilis
1030 5572 1357 5646 excellentia:
1390 5578 1630 5643 personis
1671 5579 1957 5650 aliquando

376 5659 596 5714 credere
641 5659 801 5715 timeo
840 5662 1308 5731 reprehendenda,
1364 5664 1477 5736 ipsa
1527 5660 1699 5722 divina
1750 5672 1957 5743 eloquia

439 5796 613 5867 fietu,
632 5792 932 5867 potiusguarn
954 5797 1079 5867 facta
1097 5794 1321 5867 humana,
1344 5799 1537 5862 nedum,
1559 5810 1653 5854 etc.
1672 5801 1759 5854 sed
1783 5804 1958 5857 melius

372 5854 585 5915 sublato,
608 5854 683 5919 tie,
710 5864 765 5907 ut
788 5854 834 5906 iii
857 5854 966 5908 aliis
987 5859 1098 5908 lldd.
1127 5867 1177 5910 et
1202 5861 1248 5909 iu
1274 5854 1377 5911 Mss.

1520 399 1997 457 EPISTOLARUM
2036 399 2308 457 CLJiSSlS
2347 402 2406 457 ll.

3565 413 3668 473 27’s

2090 513 2220 567 mihi
2249 514 2354 569 sint
2380 515 2574 585 ubique
2603 525 2871 587 suspecta.
3644 576 3649 583 .

2162 604 2214 659 6.
2243 606 2515 662 MillilClllBl
2543 610 2767 678 plurima
2795 610 3089 667 divinarum
3115 612 3527 684 Scripturarum,
3552 617 3669 687 qui-

2089 699 2192 755 bus
2248 715 2432 755 eorum
2479 702 2712 757 nefarius
2757 719 2910 759 error
2951 704 3242 760 clarissima
3285 708 3664 763 sententiarum

2091 793 2469 863 perspicuitate
2493 795 2849 860 convincitur,
2886 797 3006 865 quia
3043 797 3096 850 in
3120 797 3279 851 alium
3324 812 3536 853 sensum
3575 800 3666 855 de-

2090 893 2337 955 torquere
2377 902 2482 940 non
2511 896 2771 957 possunt,
2801 887 2928 944 falsa
2959 899 3079 943 esse
3103 889 3459 953 contendunt;
3488 892 3557 946 ita
3591 903 3667 947 ta-

2089 991 2235 1044 men,
2264 986 2325 1031 ut
2349 978 2592 1033 eamdem
2622 978 2904 1033 falsitatem
2932 996 3036 1033 non
3060 980 3411 1035 scribentibus
3435 983 3665 1050 Aposto-

2088 1070 2153 1126 lis
2174 1072 2425 1137 tribuant,
2449 1073 2543 1128 sed
2566 1075 2747 1129 nescio
2765 1076 2957 1145 quibus
2975 1076 3216 1130 codicum
3245 1079 3662 1147 corruptoribus.

2084 1163 2239 1230 Quod
2285 1174 2461 1219 tamen
2512 1165 2635 1235 quia
2679 1182 2780 1221 nec
2830 1166 3070 1237 pluribus
3117 1166 3229 1223 sive
3279 1169 3663 1238 antiquioribus

2085 1257 2509 1326 exemplaribus,
2543 1271 2641 1311 nec
2691 1259 3039 1327 praecedentis
3086 1260 3277 1329 linguae
3328 1263 3661 1322 auctoritate.

2086 1348 2225 1403 unde
2255 1348 2401 1401 latini
2429 1348 2546 1402 libri
2569 1349 2900 1419 interpretati
2927 1360 3083 1418 sunt,
3117 1354 3341 1420 probare
3380 1354 3662 1422 aliquando

2086 1451 2388 1511 potuerunt,
2439 1442 2715 1495 notissima
2746 1443 2993 1496 omnibus
3017 1446 3237 1497 veritate
3268 1446 3500 1514 superati
3529 1460 3662 1497 cou—

2084 1532 2292 1602 fusique
2305 1532 2604 1588 discedunt.
2627 1532 2773 1610 ltane
2794 1548 2899 1587 non
2923 1534 3163 1603 intelligit
3186 1536 3459 1604 prudentia
3480 1545 3661 1590 sancta

2084 1635 2194 1691 tua,
2224 1633 2417 1695 quanta
2447 1626 2665 1680 malitia:
2693 1627 2903 1680 illorum
2949 1634 3188 1697 patescat
3217 1628 3454 1693 occasio,
3484 1628 3527 1682 si
3554 1643 3659 1682 non

2082 1718 2150 1773 ab
2170 1719 2285 1773 aliis
2309 1719 2626 1788 apostolicos
2654 1718 2882 1774 Litteras
2926 1734 3047 1775 esse
3087 1720 3336 1787 falsatas,
3380 1721 3473 1775 sed
3518 1723 3661 1790 ipsos

2082 1812 2367 1880 Apostolus
2406 1813 2535 1867 falsa
2563 1814 2860 1883 scripsisse,
2886 1813 3167 1868 dicamus?

2152 1905 2204 1958 7.
2245 1903 2359 1959 Non
2381 1914 2482 1969 est,
2512 1907 2703 1975 inquis,
2731 1906 3007 1973 credibile,
3035 1907 3135 1961 hoc
3160 1908 3210 1960 in
3241 1907 3398 1963 Petro
3415 1906 3656 1972 Paulum,

2078 1998 2220 2067 quod
2249 2000 2361 2068 ipse
2388 1999 2580 2053 Paulus
2611 1999 2827 2063 fecerat,
2851 2000 3108 2069 arguisse.
3138 1998 3253 2054 Non
3281 2014 3420 2053 nunc
3448 2000 3658 2069 inquiro

2079 2089 2205 2160 quid
2230 2090 2451 2157 fecerit;
2480 2091 2605 2161 quid
2646 2091 2915 2160 scripserit
2940 2105 3122 2160 quer
3149 2109 3161 2144 :
3190 2090 3293 2145 hoc
3316 2090 3381 2145 ad
3407 2090 3658 2160 qumstio-

2078 2195 2199 2235 nem
2226 2195 2382 2251 quam
2405 2182 2634 2251 suscepi,
2658 2182 2887 2235 maxime
2912 2182 3171 2251 pertinet;
3205 2189 3261 2235 ut
3287 2182 3480 2235 veritas
3523 2180 3657 2234 divi-

2077 2284 2264 2327 narum
2296 2273 2685 2341 Scripturarum
2707 2314 2722 2339 ,
2751 2272 2816 2327 ad
2841 2282 3073 2326 nostram
3108 2272 3263 2327 fidem
3290 2271 3655 2326 aedificandam

2074 2362 2347 2417 memoriae
2367 2363 2756 2428 commendata,
2780 2377 2886 2416 non
2906 2378 2936 2417 a
2957 2362 3299 2431 quibuslibet,
3326 2362 3420 2416 sed
3440 2361 3507 2415 ab
3529 2362 3655 2429 ipsis

2076 2455 2343 2526 Apostolis
2362 2498 2377 2521 ,
2408 2471 2470 2511 ac
2500 2472 2594 2525 per
2632 2456 2731 2510 hoc
2761 2456 2813 2510 in
2845 2455 3157 2510 canonicum
3183 2454 3511 2509 auctoritatis
3535 2455 3652 2508 cul-

2072 2563 2196 2604 men
2224 2558 2454 2617 recepta,
2485 2564 2550 2603 ex
2578 2550 2723 2603 omni
2751 2557 2898 2618 parte
2928 2564 3088 2603 verax
3129 2557 3285 2618 atque
3308 2547 3652 2602 iudubitanda

2074 2640 2342 2709 persistat.
2372 2639 2501 2695 Nam
2526 2642 2569 2694 si
2595 2640 2699 2695 hoc
2723 2640 2848 2695 fecit
2871 2642 3057 2695 Petrus
3087 2640 3227 2709 quod
3255 2639 3428 2695 facere
3447 2639 3649 2706 debuit,

2074 2733 2326 2786 mentitus
2356 2740 2437 2787 est
2465 2732 2680 2797 Paulus,
2715 2732 2855 2802 quod
2898 2748 3017 2786 eum
3045 2732 3234 2786 viderit
3265 2746 3368 2785 non
3400 2738 3542 2784 recte
3567 2730 3652 2784 in-

2072 2824 2396 2893 gredientem
2450 2825 2515 2879 ad
2562 2826 2841 2880 veritatem
2881 2826 3176 2894 Evangelii.
3222 2826 3470 2894 Quisquis
3508 2824 3649 2879 enim

2074 2914 2177 2969 hoc
2206 2916 2325 2969 facit
2362 2914 2501 2984 quod
2531 2916 2703 2971 facere
2745 2917 2939 2980 debet,
2993 2925 3138 2970 recte
3181 2915 3362 2982 utique
3406 2914 3547 2968 facit.
3582 2913 3650 2968 Et

2072 3005 2193 3060 ideo
2220 3004 2408 3060 falsum
2433 3006 2500 3060 de
2532 3007 2620 3059 illo
2648 3007 2806 3070 dicit,
2836 3006 2928 3075 qui
2959 3005 3085 3059 dicit
3110 3020 3231 3059 eum
3266 3020 3371 3057 non
3398 3014 3542 3058 recte
3567 3004 3647 3057 fe-

2070 3096 2209 3150 cisse
2236 3095 2375 3165 quod
2396 3111 2516 3149 eum
2541 3098 2689 3150 novit
2706 3093 2881 3150 facere
2902 3096 3167 3150 debuisse.
3193 3096 3248 3148 Si
3264 3102 3437 3148 autem
3465 3108 3647 3147 verum

2072 3187 2282 3256 Scripsit
2308 3186 2522 3252 Paulus,
2551 3202 2731 3240 verum
2753 3196 2836 3241 est
2851 3187 2989 3256 quod
3020 3186 3204 3239 Petrus
3232 3200 3335 3237 non
3357 3192 3502 3238 recte
3521 3192 3645 3238 tunc

2070 3277 2463 3349 ingrediebatur
2499 3277 2564 3331 ad
2611 3280 2887 3333 veritatem
2930 3278 3217 3347 Evangelii.
3249 3276 3303 3330 ld
3333 3291 3459 3345 ergo
3486 3275 3647 3329 facie-

2070 3371 2159 3427 bat
2185 3372 2323 3443 quod
2352 3371 2527 3426 facere
2558 3386 2662 3425 non
2689 3371 2950 3433 debebat;
2999 3378 3051 3424 et
3079 3370 3123 3423 si
3156 3371 3257 3424 tale
3283 3369 3477 3438 aliquid
3506 3369 3645 3422 Pauw

2067 3463 2151 3519 ius
2189 3464 2303 3535 ipse
2336 3464 2443 3534 jam
2482 3466 2695 3529 fecerat,
2727 3477 3026 3518 correctum
3059 3464 3230 3531 potius
3264 3463 3424 3515 etiam
3473 3462 3647 3531 ipsum

2065 3555 2280 3611 credam
2307 3556 2597 3626 'coapostoli
2624 3557 2706 3610 sui
2730 3556 3117 3611 correctionem
3151 3569 3252 3607 non
3280 3553 3516 3623 potuisse
3547 3567 3644 3606 ne»

2067 3648 2283 3719 gligere,
2316 3663 2475 3717 quam
2516 3647 2841 3702 mendaciter
2866 3646 3061 3715 aliquid
3088 3647 3140 3699 iu
3167 3660 3259 3699 sua
3284 3644 3518 3714 Epistola
3547 3657 3646 3712 po-

2065 3740 2269 3803 suisse;
2300 3747 2353 3793 et
2378 3738 2680 3808 qupistola
2709 3738 2943 3807 qualibet
2968 3754 2980 3789 :
3013 3745 3212 3806 quanto
3243 3735 3411 3804 magis
3437 3735 3488 3788 in
3516 3733 3601 3787 illa
3622 3774 3641 3797 ,

2065 3828 2119 3883 in
2144 3846 2243 3899 qua
2277 3830 2596 3899 praelocutus
2644 3830 2715 3882 ait
2738 3870 2751 3891 ,
2795 3828 2919 3893 Quae
2946 3837 3113 3881 autem
3152 3826 3312 3882 scribo
3339 3825 3473 3879 vobis
3493 3866 3506 3891 ,
3533 3840 3648 3878 ecce

2063 3936 2231 3974 eorum
2260 3918 2365 3974 Deo
2390 3922 2507 3990 quia
2533 3937 2634 3974 non
2660 3922 2871 3973 mentior
2896 3918 3040 3989 (Gal.
3072 3934 3109 3983 l,
3135 3920 3267 3989 20)?

2135 4014 2186 4068 8.
2229 4012 2340 4082 Ego
2365 4013 2573 4082 quidem
2617 4011 2743 4067 illud
2772 4012 2983 4066 Petrum
3029 4011 3107 4065 sic
3155 4011 3326 4079 egisse
3367 4010 3558 4075 credo,
3586 4012 3645 4064 tit

2063 4104 2263 4159 Gentes
2305 4114 2519 4174 cogeret
2543 4103 2831 4173 judaizarc.
2873 4103 2983 4155 lloc
3021 4102 3162 4154 enim
3208 4101 3326 4169 lego
3365 4100 3643 4168 scripsisse

2064 4194 2306 4259 Paulum,
2328 4206 2485 4266 quem
2509 4196 2786 4250 mentitum
2812 4210 2931 4249 esse
2951 4209 3054 4248 non
3082 4193 3261 4248 credo.
3297 4193 3366 4246 Et
3384 4192 3503 4247 ideo
3530 4208 3640 4248 non

2062 4294 2209 4340 recte
2238 4287 2424 4355 agebat
2461 4288 2561 4339 hoe
2592 4287 2799 4340 Petrus.
2833 4285 2961 4339 Erat
2984 4285 3127 4339 enim
3154 4292 3338 4339 contra
3358 4285 3635 4354 Evangelii

2061 4377 2380 4441 veritatem,
2431 4386 2488 4431 ut
2527 4384 2772 4445 putarent
2810 4377 2898 4446 qui
2943 4375 3228 4430 credebant
3267 4375 3317 4428 in
3349 4375 3637 4441 Christum,

2061 4468 2178 4523 sine
2224 4469 2328 4523 illis
2370 4469 2641 4523 veteribus
2683 4469 3029 4523 sacramentis
3068 4469 3246 4522 salvos
3284 4482 3342 4522 se
3378 4482 3498 4522 esse
3534 4482 3639 4522 non

2063 4575 2238 4630 posse.
2264 4560 2375 4615 Hoc
2404 4562 2546 4616 enim
2576 4561 2971 4616 contendebant
2993 4559 3308 4626 Antiochiae,
3335 4560 3424 4629 qui
3453 4575 3517 4613 ex
3538 4561 3643 4615 cir-

2060 4651 2387 4707 cumcisione
2405 4652 2742 4706 crediderant
2769 4670 2780 4704 :
2810 4658 2992 4705 contra
3022 4666 3155 4721 quos
3181 4652 3372 4705 Paulus
3396 4665 3644 4719 perseve-

2060 4750 2239 4796 ranter
2261 4743 2560 4811 acriterque
2600 4740 2853 4811 c0ulligit.
2885 4740 3062 4810 Ipsum
3102 4757 3230 4794 vero
3276 4741 3497 4794 Paulum
3529 4752 3634 4794 nun

2059 4832 2127 4887 ad
2181 4832 2283 4887 hoc
2336 4833 2389 4887 id
2430 4834 2626 4902 egisse,
2658 4833 2797 4902 quod
2827 4833 2908 4886 vel
2932 4833 3268 4887 Timotheum
3309 4833 3642 4887 circumcidit

2062 4923 2198 4996 (Aet.
2229 4938 2337 4988 xvr,
2357 4922 2434 4996 5),
2458 4924 2541 4977 vel
2561 4923 2849 4980 Cenchreis
2870 4934 3048 4977 votum
3075 4924 3330 4993 persolvit
3357 4922 3465 4994 (1d.
3490 4936 3637 4985 svnt,

2061 5015 2170 5084 18),
2200 5016 2284 5069 vel
2306 5014 2650 5086 Jerosolymis
2674 5030 2702 5067 a
2724 5015 2924 5069 .laeobo
2942 5014 3243 5068 admonitus
3261 5053 3275 5078 ,
3303 5030 3424 5068 cum
3450 5014 3528 5071 eis
3553 5014 3643 5081 qui

2059 5116 2320 5160 noverant
2341 5144 2356 5172 ,
2412 5106 2643 5176 legitima
2684 5106 2773 5160 illa
2799 5106 3111 5161 celebranda
3138 5105 3370 5174 suscepit
3399 5103 3507 5173 (Id.
3533 5118 3640 5168 ut,

2059 5197 2191 5271 36),
2222 5209 2280 5254 ut
2320 5200 2493 5269 putari
2520 5199 2808 5263 videretur,
2856 5216 2954 5273 per
2996 5217 3059 5255 ea
3106 5210 3436 5255 sacramenta
3483 5198 3643 5252 etiam

2060 5290 2403 5345 ehristianam
2427 5292 2653 5346 salutem
2687 5292 2833 5357 dari;
2859 5292 2951 5346 sed
2977 5307 3043 5346 ne
3071 5292 3158 5345 illa
3188 5306 3307 5360 qua:
3347 5289 3641 5359 prioribus,

2062 5389 2121 5435 ut
2168 5381 2528 5451 congruebat,
2575 5384 2899 5451 temporibus
2929 5384 2981 5437 in
3009 5383 3208 5437 umbris
3236 5398 3414 5436 rerum
3445 5380 3642 5435 futurav-

2062 5486 2181 5527 rum
2215 5473 2357 5527 Deus
2396 5473 2509 5527 ﬁeri
2550 5474 2799 5544 jusserat,
2832 5483 3078 5543 tanquam
3110 5474 3458 5527 idulolatriam
3496 5472 3642 5531 Geu-

2065 5563 2231 5618 tilium
2250 5564 2506 5620 dantuare
2526 5565 2852 5620 crederetur.
2887 5566 2998 5620 Hoc
3023 5574 3103 5619 cst
3131 5566 3270 5620 enim
3291 5566 3433 5635 quod
3457 5566 3527 5619 illi
3549 5565 3643 5619 Ja-

2062 5657 2230 5711 cobus
2246 5659 2338 5722 ait,
2370 5660 2605 5713 auditum
2626 5661 2692 5715 de
2714 5661 2802 5714 illo
2828 5676 2949 5715 esse
2978 5661 3119 5730 quod
3144 5662 3512 5718 diseissieuem
3546 5662 3639 5717 do-

2063 5758 2232 5803 ceata
2263 5749 2440 5821 Moyse
2474 5750 2666 5819 (Ibid,
2695 5752 2781 5822 2).
2831 5752 2984 5820 Quod
3022 5754 3201 5824 utique
3245 5754 3393 5810 nefas
3438 5764 3555 5820 est,
3587 5766 3646 5808 ut

2064 5841 2344 5899 credentes
2360 5844 2410 5897 in
2431 5842 2697 5906 CliriStuin
2720 5845 3080 5903 discindantur
3095 5862 3125 5902 ει
3150 5848 3405 5920 prepheta
3425 5847 3642 5918 Christi,
