4032 6334
504 353 607 412 979

482 450 750 543 tanquam
771 467 889 539 ejus
900 466 1196 523 doctrinam
1215 465 1539 523 detestantes
1563 473 1723 538 atque
1746 467 2079 532 damnantes;

496 560 566 617 de
577 577 682 632 quo
706 561 817 631 ipse
832 559 1073 616 Christus
1093 559 1217 615 dicit
1238 576 1252 614 :
1271 558 1331 614 Si
1346 556 1800 628 crederetisMoysi,
1817 556 2083 612 crederetis

498 660 549 709 et
572 653 732 720 mihi;
753 653 816 705 de
839 669 919 707 me
940 652 1074 707 enim
1093 652 1179 705 ille
1203 651 1411 721 scripsit
1434 648 1669 721 (Joan.v,
1699 649 1814 721 ιϐ).

570 748 626 804 9.
651 745 878 802 Attende
894 744 1060 811 enim,
1078 745 1321 809 obsecro,
1344 744 1456 814 ipsa
1476 743 1637 799 verba
1656 743 1834 799 Jacobi
1859 759 1873 798 :
1905 741 2076 809 Vides,

498 836 693 908 inquit,
724 841 882 908 frater
913 878 925 900 ,
953 844 1072 905 quot
1101 834 1263 888 millia
1305 842 1421 889 sunt
1446 835 1499 887 in
1524 832 1727 900 Iudaea,
1751 836 1839 904 qui
1857 833 2084 889 credide-

496 939 620 984 runt
656 928 708 983 in
735 928 1028 991 Christum;
1057 934 1103 980 et
1128 927 1182 979 hi
1209 942 1379 979 omnes
1405 924 1720 981 wntulatores
1762 935 1880 980 sunt
1906 925 2076 996 Legis.

500 1020 786 1075 Audierant
815 1029 979 1073 autent
1002 1018 1065 1072 de
1086 1027 1132 1071 te
1149 1006 1266 1087 quia
1285 1016 1628 1071 discissionem
1644 1017 1661 1049 ⁸
1689 1017 1837 1070 doces
1856 1032 1888 1069 a
1904 1015 2082 1087 Moyse

498 1128 693 1178 eorum,
732 1111 817 1181 qui
843 1127 932 1181 per
950 1119 1117 1181 gentes
1143 1116 1279 1174 sunt,
1303 1106 1600 1162 Iudaeorum
1623 1123 1643 1171 ;
1669 1108 1840 1162 dicens
1860 1124 1961 1162 non
1986 1109 2077 1163 de-

494 1203 613 1258 bere
646 1203 998 1257 circumcidere
1030 1217 1114 1255 eos
1142 1200 1275 1269 ﬁlios
1302 1216 1440 1266 suos,
1482 1217 1641 1270 neque
1664 1199 1936 1255 secundum
1959 1217 2082 1256 con-

496 1294 809 1349 suetudine»:
832 1292 1047 1363 ingredi.
1081 1291 1216 1357 Quid
1243 1307 1360 1361 ergo
1385 1300 1457 1345 est
1480 1292 1505 1345 ?
1536 1290 1722 1361 Utique
1745 1300 1941 1360 oportet
1959 1308 2080 1347 con-

496 1386 664 1440 venire
687 1385 1109 1449 multitudinem;
1137 1384 1404 1438 audierunt
1445 1384 1575 1437 enim
1617 1392 1665 1437 te
1713 1385 2075 1455 supervenisse.

500 1473 614 1528 Hoc
640 1492 755 1546 ergo
785 1480 898 1546 fac,
938 1475 1073 1544 quod
1114 1473 1200 1527 tibi
1237 1474 1466 1528 dicimus.
1503 1474 1635 1529 Sunt
1659 1475 1801 1530 nobis
1832 1476 1926 1529 viri
1951 1492 2077 1547 qua-

499 1575 615 1620 tuor
635 1577 801 1620 votum
834 1565 1071 1620 habentes
1090 1582 1241 1636 super
1270 1582 1355 1629 se;
1385 1565 1463 1619 his
1483 1567 1773 1636 assumptis,
1793 1568 2080 1636 sanctiﬁca-

497 1666 545 1711 te
572 1675 687 1712 cum
728 1659 852 1729 ipsis
875 1699 890 1724 ,
916 1659 989 1710 ‘et
1026 1656 1262 1725 impende
1302 1656 1355 1709 in
1384 1672 1468 1710 eos
1495 1665 1549 1708 ut
1586 1658 1770 1709 rodant
1798 1657 2002 1725 capita;
2032 1669 2078 1713 et

498 1750 656 1802 scient
684 1765 853 1803 omnes
894 1748 1012 1819 quia
1038 1763 1150 1817 qua:
1192 1746 1255 1800 de
1295 1756 1341 1799 te
1381 1746 1647 1800 audierunt
1675 1746 1807 1817 falsa
1830 1757 1966 1813 sunt,
1990 1748 2079 1802 sed

495 1842 716 1912 sequeris
754 1851 800 1894 et
845 1841 954 1909 ipse
980 1839 1263 1893 custodiens
1292 1839 1473 1909 legem.
1513 1838 1593 1892 De
1630 1837 1867 1893 Gentibus
1911 1847 2079 1893 autem

494 1933 583 2004 qui
601 1931 937 1993 crediderunt,
965 1947 1055 1983 nos
1081 1929 1450 1994 mandavimus,
1470 1929 1764 1999 judicantes
1789 1930 1917 1984 nihil
1942 1931 2081 2001 ejus-

496 2023 634 2077 modi
648 2038 845 2076 servare
863 2022 998 2086 illos,
1022 2021 1121 2074 nisi
1139 2030 1191 2074 ut
1208 2038 1261 2076 se
1280 2020 1534 2075 observent
1553 2020 1614 2074 ab
1626 2020 1775 2075 idolis
1795 2020 2075 2089 immolato,

493 2123 545 2167 et
570 2130 600 2166 a
628 2113 894 2183 sanguine,
915 2121 963 2166 et
999 2128 1032 2165 α
1060 2112 1390 2180 fornicatione
1412 2110 1546 2182 (Act.
1576 2127 1682 2177 xxi,
1706 2111 1914 2183 20-95).
1937 2111 2056 2169 Non

495 2205 704 2274 Opinor,
732 2206 1021 2260 obscurum
1040 2212 1141 2272 est,
1165 2212 1219 2258 et
1233 2204 1489 2259 Jacobum
1507 2204 1608 2258 hoc
1633 2205 1752 2259 ideo
1782 2205 2072 2272 monuisse,

495 2304 557 2351 ut
570 2297 769 2352 scirent
782 2296 905 2351 falsa
920 2312 1039 2351 esse
1055 2280 1172 2366 qua:
1187 2296 1253 2351 de
1271 2296 1361 2351 illo
1375 2295 1652 2351 audierant
1672 2295 1745 2361 bi,
1768 2296 1998 2364 quicum
2022 2296 2077 2352 in

495 2386 766 2443 Christum
797 2404 859 2443 ex
898 2387 1096 2442 Judaeis
1124 2386 1506 2449 credidissent,
1534 2396 1709 2441 tamen
1740 2386 2077 2442 aemulatores

494 2487 646 2533 erant
670 2478 846 2547 Legis,
869 2493 934 2532 ne
961 2493 1057 2547 per
1083 2477 1376 2532 doctrinam
1404 2477 1599 2532 Christi
1630 2477 1771 2532 velut
1796 2476 2072 2548 sacrilega,

496 2582 597 2623 nec
646 2569 755 2622 Deo
803 2567 1089 2623 mandante
1138 2567 1436 2636 conscripta
1480 2567 1718 2622 damnari
1765 2576 2078 2637 putarentur

489 2676 751 2731 qute‘per
793 2660 1012 2731 Moysen
1056 2658 1293 2729 patribus
1343 2658 1550 2713 fuerant
1598 2658 1914 2712 ministrata.
1963 2658 2077 2714 Hoc

490 2753 636 2807 enim
664 2752 731 2807 de
759 2753 921 2807 Paulo
946 2752 1274 2822 jactaverant
1293 2792 1308 2817 ,
1337 2767 1445 2807 non
1492 2751 1567 2805 illi
1592 2752 1681 2821 qui
1712 2751 2076 2822 intelligebant

490 2861 600 2917 quo
625 2846 802 2900 animo
840 2861 871 2900 a
910 2845 1107 2901 Iudaeis
1138 2845 1381 2900 ﬁdelibus
1409 2844 1680 2901 observari
1709 2853 1832 2898 tunc
1858 2844 1955 2899 ista
1980 2844 2076 2901 de-

488 2935 716 3002 berent,
761 2946 980 3007 propter
1020 2934 1495 2991 commendandam
1544 2935 1749 2989 scilicet
1784 2935 2070 2990 auctorita~

493 3037 600 3084 tem
626 3030 859 3085 divinam
885 3038 940 3085 et
977 3036 1434 3084 sacramentorum
1466 3027 1676 3082 illorum
1708 3026 2072 3098 propheticum

488 3122 844 3188 sanctitatem,
883 3136 988 3175 non
1017 3129 1236 3190 propter
1272 3119 1665 3190 adipiscendam
1686 3119 1931 3185 salutem,
1954 3135 2073 3189 qua:

488 3212 595 3284 jam
618 3213 671 3268 in
696 3212 909 3268 Christo
932 3212 1286 3276 revelabatur,
1309 3220 1367 3266 et
1387 3227 1479 3281 per
1499 3211 1753 3280 Baptismi
1773 3226 2050 3267 sacramen

488 3313 601 3360 tum
630 3305 1030 3360 ministrabatur
1054 3320 1068 3369 ;
1109 3304 1203 3358 sed
1230 3304 1303 3357 illi
1335 3302 1435 3357 hoc
1464 3303 1530 3357 de
1558 3303 1720 3357 Paulo
1745 3310 2071 3373 sparserant,

488 3397 580 3467 qui
623 3399 700 3451 sic
741 3413 802 3452 ea
845 3397 1093 3451 volebant
1135 3396 1441 3462 observari,
1476 3403 1723 3465 tanquam
1752 3394 1974 3451 sinchis
2018 3395 2073 3450 in

488 3485 780 3556 Evangelio
808 3486 949 3540 salus
974 3485 1316 3541 credentibus
1340 3500 1461 3539 esse
1507 3500 1612 3538 non
1659 3492 1856 3553 posset.
1896 3484 2073 3555 Ipsum

487 3578 635 3634 enim
681 3587 961 3631 senserant
996 3576 1520 3631 vehementissimum
1549 3575 1734 3644 gratiae
1763 3575 2075 3645 prtedicato-

486 3683 604 3724 rem
626 3677 680 3723 et
703 3667 983 3722 intentioni
1003 3681 1188 3722 eorum
1214 3666 1441 3720 maxime
1466 3665 1767 3731 adversum,
1793 3664 2075 3722 docentem

487 3774 599 3815 non
632 3774 728 3830 per
756 3759 842 3813 illa
865 3758 1131 3812 hominem
1149 3755 1450 3826 justiﬁcari,
1476 3755 1570 3810 sed
1588 3771 1684 3825 per
1701 3756 1925 3826 gratiam
1944 3755 2075 3813 Jesu

490 3847 691 3945 films“
712 3891 727 3915 ν
778 3848 928 3945 091“
976 3846 1750 3945 Ρτίθηξ¹¹ίξίξ¹¹άῖῗη⁰ξ¹¹¹έ³ηίυίθ
1793 3847 1995 3902 umbra
2022 3850 2114 3929 in:
2153 3875 2365 3945 ,ctione,
2397 3882 2451 3926 ut
2475 3846 2653 3927 ueritas
2674 3846 3322 3943 Evangeliipermaneatad
3339 3867 3585 3940 vos(Gal.
3616 3846 3771 3938 11,73-

489 3939 635 4011 Lege
665 3938 927 3994 mandatae
955 3946 1096 3994 sunt.
1128 3938 1194 3993 Et
1216 3937 1336 3993 ideo
1364 3937 1436 3992 illi
1468 3937 1720 3992 invidiam
1746 3945 1801 3993 et
1827 3952 2077 4007 persecu-
2107 3954 2112 3970 ι

489 4030 693 4086 tionem
719 4031 1001 4086 molientes
1021 4030 1310 4096 concitare,
1340 4036 1591 4099 tanquam
1621 4029 1892 4084 inimicum
1917 4029 2077 4101 Legis

491 4126 969 4197 mandatorumque
981 4126 1278 4181 divinorum
1295 4125 1745 4180 criminabantur:
1764 4124 1914 4194 cujus
1932 4125 2075 4182 lalsce

490 4220 880 4275 criminationis
897 4219 1146 4275 invidiam
1165 4218 1543 4289 congruentius
1562 4216 1798 4272 devitarc
1818 4232 1925 4272 non
1953 4232 2076 4289 pos-

490 4322 599 4381 set,
619 4329 776 4384 quam
804 4323 861 4369 ut
882 4328 945 4368 ea
967 4312 1083 4383 ipse
1103 4314 1397 4369 celebraret
1410 4327 1529 4383 quae
1550 4312 1805 4367 damnare
1826 4319 2075 4383 tanquam

487 4405 746 4474 sacrilega
773 4405 1070 4473 putabatur,
1096 4413 1255 4475 atque
1273 4405 1343 4459 ita
1367 4403 1705 4473 ostenderet,
1736 4419 1835 4460 nec
1862 4404 2076 4460 Judmos

492 4502 621 4549 tunc
640 4495 707 4549 ab
723 4495 801 4548 eis
828 4503 1074 4563 tanquam
1102 4510 1133 4549 a
1153 4494 1368 4550 nefariis
1396 4494 1778 4563 prohibendos,
1804 4511 1905 4552 nec
1930 4496 2077 4553 Gen-

490 4583 616 4638 tiles
640 4583 706 4638 ad
726 4598 789 4638 ea
811 4594 1059 4655 tanquam
1087 4584 1155 4639 ad
1180 4585 1476 4640 necessaria
1501 4585 1919 4655 compellendos.

564 4675 655 4730 10.
681 4674 814 4729 Nam
848 4675 892 4729 si
921 4690 1110 4731 revera
1148 4676 1225 4731 sic
1256 4691 1317 4730 ea
1343 4676 1653 4745 reprobaret
1674 4716 1692 4743 ,
1725 4677 2076 4748 quemadmo-

491 4767 619 4824 dum
645 4767 714 4823 de
737 4766 826 4821 illo
841 4766 1076 4821 auditum
1098 4776 1211 4822 erat
1226 4808 1241 4835 ,
1273 4776 1330 4823 et
1354 4767 1475 4823 ideo
1495 4767 1811 4823 celebranda
1833 4769 2076 4839 suscipe-

490 4868 595 4926 ret,
615 4866 675 4915 ut
692 4859 900 4914 actione
925 4859 1168 4913 simulata
1190 4874 1338 4914 suam
1363 4866 1548 4930 posset
1570 4860 1840 4917 occultare
1858 4871 2078 4918 senten-

447 4949 456 4997 Ὗ
480 4955 644 5028 χιὶθιῐι,
663 4968 768 5009 non
788 4953 837 5007 ei
853 4954 1055 5009 diceret
1078 4953 1326 5019 Jacobus,
1346 4952 1415 5007 Et
1428 4954 1585 5019 scient
1600 4970 1770 5009 omnes
1783 4971 1806 5020 ,f
1822 4954 1918 5011 sed
1933 4954 2079 5012 dice-

480 5035 594 5116 fret,
622 5046 689 5101 Et
716 5045 977 5116 putabunt
999 5059 1209 5108 omnes,
1234 5045 1473 5116 quoniam
1495 5060 1608 5115 qua:
1631 5045 1694 5099 de
1717 5054 1764 5099 te
1786 5046 2074 5113 audierunt,

479 5104 626 5210 ){als'a
639 5104 754 5191 sunt
770 5152 786 5190 :
803 5136 1095 5207 praesertim
1114 5104 1233 5206 quia
1244 5104 1308 5191 'in
1327 5135 1455 5206 ipsis
1475 5104 1822 5208 ierosolymis
1837 5104 2080 5208 Apostoli

484 5230 595 5301 jam
611 5230 977 5296 decreverant,
995 5245 1063 5284 ne
1081 5230 1356 5300 quisquam
1374 5227 1570 5284 Gentes
1581 5238 1795 5300 cogeret
1808 5230 2080 5301 judaizare

489 5323 630 5397 (Act.
658 5338 754 5389 xv,
777 5324 901 5395 28);
947 5338 1053 5377 non
1096 5330 1271 5377 autem
1297 5322 1679 5397 decreverant,
1708 5338 1776 5378 ne
1799 5324 2079 5393 quisquam

487 5422 617 5471 tunc
659 5414 872 5470 Judzeos
908 5412 1177 5483 judaizare
1222 5412 1563 5483 prohiberet,
1626 5414 1868 5484 quamvis
1919 5413 2078 5468 etiam

487 5504 636 5575 ipsos
650 5504 760 5574 jam
784 5506 1024 5560 doctrina
1053 5503 1340 5560 christiana
1372 5520 1480 5559 non
1514 5514 1749 5575 cogeret.
1781 5503 2011 5559 Proinde
2029 5504 2076 5560 si

486 5603 615 5667 post
634 5595 1002 5665 Apostolorum
1019 5595 1289 5651 decretum
1313 5596 1501 5652 Petrus
1521 5594 1705 5650 habuit
1728 5594 1871 5649 illam
1896 5594 1950 5649 in
1965 5593 2077 5650 An-

491 5683 691 5747 tiochia
720 5686 1109 5743 simulationem
1130 5729 1147 5757 ,
1176 5704 1277 5759 qua
1307 5689 1507 5745 Gentes
1533 5697 1748 5759 cogeret
1765 5687 2038 5759 judaizare
2056 5729 2073 5759 ,

554 5798 574 5832 ⁸
599 5796 820 5862 Vulgata,
843 5798 1196 5853 discessionem.
1258 5807 1318 5853 tl.

1665 348 1726 407 S.
1764 346 2129 407 AUGUSTINI
2167 346 2474 405 EPISCOPI

2175 234 2238 283 κίε
2272 227 2281 238 ”

3670 356 3772 421 280

2193 466 2331 539 quod
2356 464 2465 539 jam
2506 481 2606 524 nec
2630 466 2744 540 ipse
2770 467 3060 540 cogebatur
3077 510 3091 536 ,
3113 468 3359 541 quamvis
3383 479 3605 543 propter
3623 487 3769 529 com-

2189 559 2490 617 mendanda
2518 561 2725 633 eloquia
2756 562 2850 617 Dei
2884 578 3002 633 quae
3032 562 3232 620 ludatis
3250 573 3376 620 sunt
3395 565 3599 621 credita
3621 606 3638 633 ,
3664 580 3771 622 non

2186 653 2594 724 prohibebatur;
2625 653 2751 725 quid
2776 654 2989 721 mirum,
3016 654 3061 710 si
3090 656 3480 725 constringebat
3494 672 3615 711 eum
3633 656 3769 712 Pau-

2186 746 2272 802 lus
2306 746 2472 802 libere
2505 761 2784 814 asserere,
2821 747 2960 817 quod
2999 762 3120 801 cum
3162 748 3369 803 caeteris
3404 749 3675 818 Apostolis
3710 762 3770 805 se

2186 838 2537 911 Jcrosolymis
2560 839 2861 896 decrevisse
2887 839 3241 895 meminerat?
3308 880 3311 883 λ

2257 931 2346 986 il.
2377 930 2437 988 Si
2457 939 2633 987 autem
2665 931 2801 997 hoc,
2841 931 2983 1002 quod
3007 931 3175 1002 magis
3204 931 3466 1000 arbitror,
3486 941 3613 988 ante
3640 932 3769 987 illud

2184 1022 2694 1095 Jerosolymitanum
2717 1024 3000 1080 concilium
3037 1024 3227 1079 Petrus
3261 1025 3547 1090 fecit;nec
3566 1026 3646 1081 sic
3667 1028 3761 1081 mi-

2186 1128 2304 1167 rum
2330 1121 2414 1168 est
2433 1154 2448 1178 ,
2474 1114 2613 1184 quod
2643 1129 2765 1170 eum
2791 1114 3003 1170 volebat
3023 1114 3222 1169 Paulus
3251 1129 3357 1169 non
3395 1115 3578 1171 timide
3614 1116 3767 1173 obte-

2182 1219 2310 1275 gere
2332 1246 2348 1271 ,
2387 1205 2483 1261 sed
2509 1205 2734 1261 ﬁdenter
2760 1220 3004 1262 asserere
3031 1206 3176 1275 quod
3203 1220 3325 1261 eum
3356 1205 3555 1276 pariter
3572 1208 3773 1263 sentire

2178 1293 2291 1365 jam
2316 1303 2540 1352 noverat
2568 1313 2582 1350 :
2609 1296 2721 1351 sive
2744 1295 2885 1366 quod
2930 1308 3054 1351 cum
3093 1310 3160 1351 eo
3198 1295 3497 1351 contulerat
3524 1296 3773 1367 Evange-

2184 1386 2347 1454 lium;
2392 1387 2504 1443 sive
2544 1387 2687 1458 quod
2724 1386 2780 1442 in
2820 1386 3053 1443 Cornelii
3089 1388 3417 1443 centurionis
3457 1394 3769 1456 vocatione,

2182 1478 2344 1533 etiam
2370 1478 2623 1534 divinitus
2648 1494 2769 1535 eum
2794 1478 2863 1533 de
2894 1478 2995 1534 hac
3018 1493 3079 1534 re
3102 1477 3432 1534 admonitum
3450 1489 3770 1550 acceperat;

2184 1570 2297 1626 sive
2334 1571 2475 1642 quod
2521 1578 2806 1641 antequam
2841 1569 2955 1637 illi,
2999 1584 3134 1641 quos
3172 1570 3450 1639 timuerat,
3497 1572 3776 1630 venissent

2185 1665 2549 1731 Antiochiam,
2579 1679 2700 1720 cum
2725 1664 2969 1735 gentibus
2994 1679 3116 1720 eum
3138 1664 3387 1719 convesci
3414 1663 3641 1721 viderat.
3668 1665 3775 1721 Ne-

2184 1773 2289 1827 que
2318 1757 2460 1813 enim
2489 1770 2746 1828 negamus
2791 1756 2845 1811 in
2868 1754 2969 1811 hac
3002 1755 3266 1811 sententia
3312 1755 3476 1823 fuisse
3504 1757 3616 1827 jam
3665 1759 3772 1814 Pe-

2186 1857 2327 1904 trum
2342 1890 2356 1914 ,
2376 1849 2430 1903 in
2454 1863 2555 1918 qua
2577 1856 2631 1903 et
2654 1846 2849 1902 Paulus
2864 1846 2980 1901 fuit.
3005 1845 3123 1901 Non
3150 1845 3327 1917 itaque
3353 1856 3479 1902 tunc
3496 1862 3619 1902 eum
3642 1850 3773 1920 quid

2186 1943 2242 1998 in
2271 1957 2333 1997 ea
2358 1956 2419 1998 re
2441 1954 2630 1996 verum
2656 1954 2776 1996 esse
2798 1939 3025 1995 docebat
3048 1956 3061 1993 :
3084 1939 3179 1995 sed
3203 1940 3320 2009 ejus
3339 1939 3736 1997 simulationem
3754 1984 3770 2010 ,

2184 2049 2286 2106 qua
2306 2034 2504 2091 Gentes
2522 2033 2793 2105 judaizare
2833 2034 3190 2104 cogebantur,
3216 2033 3506 2104 arguebat;
3553 2048 3662 2089 non
3703 2036 3775 2091 ob

2185 2124 2327 2180 aliud
2347 2165 2363 2191 ,
2391 2125 2492 2180 nisi
2519 2126 2642 2196 quia
2666 2125 2744 2180 sic
2764 2124 2852 2179 illa
2877 2124 3053 2179 omnia
3078 2124 3405 2180 simulatoria
3426 2123 3770 2195 gerebantur,

2185 2226 2439 2288 tanquam
2482 2231 2668 2272 verum
2696 2224 2842 2272 esset
2880 2215 3024 2286 quod
3068 2214 3145 2271 illi
3183 2214 3466 2282 dicebant,
3515 2216 3610 2286 qui
3653 2216 3775 2272 sine

2184 2308 2592 2364 circumcisione
2648 2306 2896 2378 praeputii
2934 2314 3094 2377 atque
3140 2306 3261 2361 aliis
3302 2304 3773 2363 observationibus

2184 2416 2305 2472 quae
2333 2410 2485 2457 erant
2507 2400 2711 2456 umbrae
2732 2399 3066 2466 futurorum,
3095 2397 3352 2477 putabant
3365 2397 3646 2455 credentes
3659 2397 3772 2454 sal-

2182 2510 2281 2551 vos
2308 2509 2429 2551 esse
2456 2509 2562 2550 non
2590 2509 2767 2565 posse.

2255 2586 2351 2643 i2.
2378 2586 2520 2658 Ergo
2546 2595 2601 2643 et
2619 2584 2955 2641 Timotheum
2984 2582 3323 2641 circumcidit
3345 2591 3635 2655 propterea
3653 2626 3671 2654 ,
3704 2600 3773 2643 uo

2182 2680 2402 2748 Iudaeis,
2424 2688 2479 2736 et
2500 2680 2731 2735 maxime
2754 2678 3059 2749 cognationi
3080 2679 3195 2747 ejus
3232 2685 3488 2732 materna:
3509 2678 3588 2733 sic
3616 2678 3772 2735 vide-

2181 2782 2368 2830 rentur
2385 2772 2475 2844 qui
2496 2788 2562 2828 ex
2587 2771 2845 2830 Gentibus
2860 2771 2913 2826 in
2938 2770 3210 2825 Christum
3223 2768 3562 2825 crediderant
3580 2811 3598 2837 ,
3620 2769 3773 2827 deto-

2182 2864 2313 2921 stari
2328 2862 2809 2927 circumcisionem,
2831 2861 2969 2917 sicut
2985 2859 3283 2915 idololatria
3313 2859 3623 2916 detestanda
3645 2872 3733 2918 est
3753 2879 3769 2929 ;

2182 2971 2304 3011 cum
2350 2956 2493 3010 illam
2538 2955 2679 3009 Deus
2702 2953 2817 3008 ﬁeri
2845 2952 3191 3024 prmeeperit,
3236 2951 3374 3006 hanc
3400 2962 3611 3007 satanas
3639 2967 3769 3023 per-

2180 3046 2427 3103 suaserit.
2460 3044 2529 3100 Et
2574 3044 2752 3099 Titum
2809 3051 3089 3115 propterea
3131 3057 3238 3097 nou
3281 3042 3649 3109 circumcidit,
3705 3058 3772 3100 ne

2180 3137 2519 3193 occasionem
2539 3134 2697 3190 daret
2722 3134 2800 3191 eis
2825 3135 2920 3205 qui
2944 3134 3062 3189 sine
3082 3133 3173 3188 illa
3196 3134 3601 3189 circumcisione
3624 3132 3773 3191 dice-

2180 3228 2310 3284 bant
2324 3228 2603 3286 credentes
2642 3229 2817 3283 salvos
2835 3242 2957 3283 esse
2983 3242 3088 3283 non
3116 3230 3301 3298 posse.
3330 3234 3386 3282 et
3401 3225 3469 3282 ad
3493 3226 3769 3298 deceptio-

2179 3336 2307 3377 nem
2329 3320 2579 3377 Gentium
2615 3320 2717 3375 hoc
2746 3321 2905 3375 etiam
2948 3319 3171 3375 Paulum
3197 3321 3213 3351 ⁸
3243 3318 3443 3373 sentire
3478 3318 3767 3388 jactarent.

2180 3412 2336 3480 Quod
2374 3414 2489 3483 ipse
2514 3413 2643 3468 satis
2668 3413 2958 3484 signiﬁcat,
2999 3411 3089 3467 ubi
3123 3411 3198 3466 ait
3227 3429 3241 3467 :
3274 3411 3379 3466 Sed
3423 3428 3577 3482 neque
3629 3411 3771 3468 Titus

2180 3508 2268 3579 qui
2294 3523 2490 3562 mecum
2526 3516 2667 3574 erat,
2699 3522 2815 3561 cum
2838 3514 2962 3560 esset
2990 3503 3226 3571 Graecus,
3256 3505 3546 3577 compulsus
3569 3516 3647 3560 est
3668 3507 3770 3560 cir-

2182 3598 2400 3653 cumcidi
2422 3614 2441 3653 :
2460 3608 2667 3670 prOpter
2693 3598 3093 3654 subintroductos
3104 3608 3271 3652 autem
3284 3596 3443 3666 falsos
3458 3597 3666 3666 fratres,
3687 3598 3771 3669 qui

2182 3691 2571 3747 subintroieraut
2594 3692 2912 3763 perscrutari
2940 3691 3215 3745 libertatem
3253 3698 3497 3756 nostram,
3526 3698 3583 3743 ut
3604 3706 3701 3745 nos
3719 3691 3770 3745 iu

2182 3784 2466 3838 servitutem
2481 3782 2778 3853 redigerent,
2792 3782 2971 3852 quibus
2987 3797 3075 3834 nec
3090 3779 3158 3833 ad
3169 3783 3345 3834 horam
3354 3780 3588 3833 cessimus
3600 3797 3662 3834 su
3669 3781 3772 3851 bje-

2182 3964 2260 4036 5).
2304 3965 2401 4021 Hic
2424 3972 2643 4035 apparet
2665 3963 2791 4034 quid
2816 3978 2909 4018 eos
2946 3970 3160 4031 captare
3185 3961 3537 4027 intellexerit,
3560 3973 3620 4015 ut
3662 3976 3767 4016 non

2182 4057 2382 4114 faceret
2407 4057 2549 4129 quod
2568 4058 2623 4113 in
2642 4056 2923 4112 Timotheo
2950 4055 3168 4123 fecerat,
3189 4064 3245 4111 et
3270 4055 3412 4126 quod
3438 4070 3500 4110 ea
3522 4054 3771 4111 libertate

2184 4149 2355 4204 facere
2383 4156 2617 4220 poterat,
2664 4164 2766 4219 qua
2794 4148 3101 4204 ostenderat
3125 4150 3146 4180 ⁸
3176 4148 3263 4202 illa
3306 4155 3641 4203 sacramenta
3674 4162 3771 4203 nec

2186 4250 2431 4312 tanquam
2475 4241 2772 4296 necessaria
2801 4239 2999 4296 debere
3025 4241 3200 4311 appeti
3224 4280 3241 4307 ,
3270 4254 3371 4296 nec
3398 4248 3651 4311 tanquam
3681 4254 3769 4297 sa-

2182 4335 2376 4407 crilega
2403 4334 2598 4390 debere
2624 4334 2882 4389 damnari.

2256 4428 2345 4484 i3.
2373 4427 2478 4484 Sed
2498 4426 2787 4483 cavendum
2808 4435 2890 4482 est
2910 4426 3155 4482 videlicet
3178 4426 3230 4481 in
3260 4427 3359 4482 hac
3383 4426 3765 4498 disputatione,

2183 4535 2252 4575 ne
2270 4559 2288 4587 ,
2329 4520 2465 4574 sicut
2491 4518 2824 4588 philosophi,
2854 4517 3096 4588 quaedam
3126 4516 3260 4572 facta
3289 4518 3559 4573 hominum
3588 4521 3766 4575 media

2184 4610 2423 4666 dicamus
2450 4610 2587 4663 inter
2614 4619 2758 4664 recte
2786 4608 2981 4664 factum
3011 4618 3066 4664 et
3106 4618 3378 4678 peccatum
3397 4650 3412 4676 ,
3443 4624 3561 4680 quae
3590 4625 3768 4680 neque

2184 4701 2241 4757 in
2261 4710 2405 4757 recte
2422 4700 2594 4768 factis,
2618 4716 2790 4771 neque
2809 4701 2861 4755 in
2879 4701 3108 4772 peccatis
3127 4709 3491 4767 numerentur;
3509 4711 3563 4756 et
3578 4717 3769 4773 urgea-

2184 4812 2307 4852 mur
2330 4810 2394 4851 eo
2419 4793 2560 4866 quod
2596 4794 2879 4850 observare
2906 4793 3061 4865 Legis
3089 4795 3405 4849 cerimonias
3433 4810 3536 4849 non
3586 4805 3769 4864 potest

2183 4902 2305 4944 esse
2334 4886 2638 4944 indifferens
2659 4928 2674 4954 ,
2698 4870 2821 4942 'sed
2860 4894 2952 4941 aut
2994 4887 3226 4953 bonum,
3257 4895 3348 4942 aut
3392 4887 3585 4942 malum
3620 4905 3634 4941 :
3671 4898 3728 4943 ut
3750 4930 3766 4955 ,

2183 4982 2230 5037 si
2250 4982 2447 5038 bonum
2469 4982 2787 5047 dixerimus,
2813 4994 2907 5035 eas
2930 4995 3029 5035 nos
3055 4995 3265 5051 quoque
3289 4980 3582 5035 observare
3606 4995 3767 5051 coga-

2183 5088 2341 5140 mur;
2374 5073 2421 5128 si
2450 5081 2625 5127 autem
2654 5071 2850 5125 malum
2870 5111 2887 5138 ,
2934 5086 3039 5125 non
3068 5086 3191 5126 vere
3213 5113 3230 5138 ,
3269 5071 3365 5127 sed
3408 5071 3652 5126 simulate
3699 5070 3767 5127 ab

2183 5164 2453 5236 Apostolis
2479 5162 2787 5217 observatas
2810 5177 2930 5217 esse
2956 5161 3255 5217 credamus.
3306 5162 3416 5233 Ego
3442 5176 3569 5217 vero
3612 5163 3759 5229 Αικγ

2184 5257 2335 5314 stolis
2386 5271 2491 5310 non
2550 5263 2657 5308 tam
2716 5254 3017 5325 exemplum
3075 5254 3509 5325 philosophorum
3562 5254 3755 5322 timeo,

2184 5347 2397 5419 quando
2421 5354 2477 5402 et
2503 5345 2578 5400 illi
2609 5346 2664 5400 in
2692 5360 2787 5401 sua
2813 5345 3171 5415 disputatione
3201 5348 3307 5399 veri
3331 5346 3527 5416 aliquid
3551 5345 3759 5411 dicunt,

2183 5454 2340 5509 quam
2379 5436 2668 5493 forensium
2694 5437 3066 5493 advocatorum
3090 5462 3115 5505 ,ν
3139 5438 3349 5509 quando
3379 5439 3430 5493 in
3465 5438 3760 5493 alienarum

2182 5545 2461 5588 causarum
2510 5531 2721 5587 actione
2759 5531 3107 5586 mentiuntur.
3135 5531 3371 5599 Quorum
3395 5531 3683 5587 similitudo
3712 5531 3761 5587 si

2184 5648 2193 5655 ’
2247 5676 2440 5749 l‘yatic.
2475 5682 2582 5728 uss.
2607 5677 2732 5738 duo,
2773 5688 2868 5727 non
2902 5688 3063 5742 posse,
3102 5682 3149 5729 et
3184 5674 3237 5730 id
3262 5684 3511 5731 Doctorem
3542 5676 3761 5731 Gentium

2180 5746 2374 5792 sentire.
3068 5768 3069 5771 η

2251 5804 2271 5835 ³
2288 5809 2390 5853 Mss.
2416 5815 2527 5865 sex,
2549 5799 2828 5854 ostenderet.
