4090 6356
1185 286 1202 313 ι

270 341 383 403 981

263 458 326 515 in
344 458 460 520 ipsa
478 449 810 526 expositione
833 447 1085 521 Epistolas
1108 447 1177 503 ad
1196 445 1410 504 Galatas
1435 446 1501 502 ad
1530 447 1856 506 conﬁrman-

260 547 391 605 dam
420 544 816 602 simulationem
843 541 984 598 Petri
1014 548 1069 596 et
1095 540 1243 596 Pauli
1270 548 1452 610 putata
1484 548 1568 595 est
1607 538 1859 600 decenter

261 638 446 693 induet
477 634 555 707 (a)
581 653 595 702 ;
624 634 749 706 quid
776 649 874 704 ego
912 632 1052 704 apud
1080 641 1132 687 te
1158 634 1369 688 timeam
1401 647 1592 689 nomen
1622 634 1859 704 philoso-

260 731 495 802 phorum
517 769 533 793 ,
586 728 678 798 qui
716 742 821 781 non
854 734 1133 796 propterea
1158 727 1279 781 vani
1327 737 1485 793 sunt,
1534 728 1654 797 quia
1681 730 1857 784 omnia

259 823 386 877 falsa
422 821 636 887 dicunt;
670 820 760 876 sed
792 820 913 891 quia
935 828 989 875 et
1012 819 1157 874 falsis
1181 819 1449 889 plerisque
1470 820 1774 887 conﬁdunt,
1805 830 1859 878 et

258 916 350 970 ubi
380 931 510 969 vera
542 914 880 969 inveniuntur
905 912 1084 967 dicere
1106 952 1121 980 ,
1152 926 1182 965 a
1201 909 1398 967 Christi
1436 912 1601 984 gratia
1623 954 1640 981 ,
1666 914 1757 984 qui
1776 922 1859 971 est

258 1007 373 1077 ipsa
407 1006 607 1061 veritas
625 1047 639 1070 ,
663 1004 823 1060 alieni
850 1003 1008 1058 sunt?

330 1099 423 1152 14.
448 1096 560 1153 Cur
579 1104 753 1151 autem
783 1110 887 1150 non
912 1095 1084 1150 dicam
1112 1086 1378 1166 praecepta
1400 1095 1490 1150 illa
1514 1103 1752 1152 veterum
1771 1111 1858 1152 sa-

260 1198 664 1243 cramentorum
688 1202 785 1242 nec
798 1187 949 1241 bona
975 1200 1113 1249 esse,
1139 1187 1259 1257 quia
1277 1201 1381 1242 non
1403 1188 1481 1242 eis
1502 1187 1744 1243 homines
1769 1188 1858 1259 ju-

255 1280 588 1343 stiﬁcantnr;
622 1278 825 1332 umbra:
846 1278 989 1332 enim
1020 1286 1143 1332 sunt
1168 1279 1585 1347 prtenuntiantes
1606 1279 1865 1348 gratiam,‘

254 1385 357 1439 qua
383 1368 768 1437 justiﬁcamur;
804 1383 900 1423 nec
917 1376 1091 1423 tamen
1111 1368 1268 1433 mala,
1298 1369 1418 1438 quia
1440 1367 1694 1423 divinitus
1720 1384 1877 1438 praet

254 1471 410 1532 cepta
438 1470 593 1527 sunt,
619 1460 841 1530 tempori
861 1460 1204 1529 personisque
1224 1457 1568 1529 congruentia
1593 1474 1745 1515 :eum
1767 1476 1854 1517 me

254 1554 470 1624 adjuvet
499 1554 660 1609 etiam
691 1552 994 1622 prophetica
1027 1552 1309 1617 sententia,
1341 1567 1443 1621 qua
1472 1551 1605 1606 dicit
1634 1552 1772 1607 Deus
1794 1566 1854 1607 se

255 1647 327 1701 illi
355 1646 556 1716 populo
584 1644 794 1699 dedisse
816 1655 1074 1714 praecepta
1099 1659 1202 1697 non
1225 1643 1361 1698 bona
1381 1643 1592 1714 (Ezech.
1614 1660 1713 1710 xx,
1733 1643 1853 1717 25)?

255 1738 421 1793 Forte
463 1740 607 1793 enim
658 1745 937 1807 prepterea
983 1752 1090 1790 non
1122 1736 1254 1789 dixit
1301 1736 1475 1802 mala,
1509 1735 1603 1791 sed
1650 1744 1852 1792 tantum

254 1848 360 1885 non
392 1831 568 1897 bona,
598 1830 649 1884 id
672 1838 754 1884 est
780 1843 885 1882 non
914 1828 1037 1881 talia
1068 1836 1120 1880 ut
1152 1827 1254 1880 illis
1278 1826 1521 1880 homines
1548 1827 1673 1880 boni
1703 1826 1848 1889 ﬁant,

254 1931 346 1976 aut
372 1923 492 1976 sine
521 1920 626 1974 illis
651 1919 779 1991 boni
804 1933 909 1974 non
933 1918 1081 1972 ﬁant.
1108 1916 1309 1970 Vellem
1339 1930 1424 1970 me
1449 1915 1665 1971 doceret
1702 1915 1851 1969 beni-

254 2034 358 2090 gna
387 2016 683 2071 Sinceritas
712 2025 819 2079 tua,
849 2021 1026 2067 utrum
1052 2010 1294 2065 simulate
1339 2009 1615 2080 quisquam
1638 2016 1851 2063 sanctus

255 2109 532 2165 orientalis
552 2149 567 2171 ,
590 2121 710 2161 cum
736 2105 963 2158 Romam
988 2102 1225 2166 venerit,
1250 2099 1452 2170 jejunet
1477 2099 1696 2154 sabbato
1715 2140 1729 2165 ,
1757 2113 1852 2154 ex-

255 2209 413 2270 cepto
447 2199 540 2253 illo
567 2197 653 2252 die
683 2194 945 2267 paschalis
981 2191 1173 2263 vigilite
1199 2207 1215 2245 :
1239 2191 1378 2260 quod
1425 2190 1469 2243 si
1508 2189 1703 2244 malum
1731 2203 1851 2245 esse

254 2292 586 2353 dixerimus;
638 2302 744 2341 non
795 2286 969 2340 solum
1016 2284 1309 2338 Romanam
1368 2280 1700 2344 Ecclesiam,
1754 2278 1849 2334 sed

254 2386 416 2439 etiam
450 2382 617 2436 multa
638 2380 687 2434 ei
709 2378 877 2433 vicina
895 2417 912 2445 ,
940 2383 994 2431 et
1021 2374 1292 2445 aliquanto
1320 2371 1608 2426 remotiora
1632 2371 1853 2449 damna-

253 2475 471 2540 bimus,
503 2472 597 2527 ubi
646 2486 761 2525 mos
806 2469 948 2522 idem
1000 2474 1210 2520 tenetur
1238 2473 1291 2518 et
1319 2470 1517 2516 manet.
1569 2461 1625 2516 Si
1670 2469 1849 2515 autem

256 2583 360 2621 non
400 2565 647 2634 jejunare
674 2561 892 2616 sabbato
922 2558 1115 2613 malum
1143 2555 1540 2627 putaverimus;
1574 2562 1650 2608 tot
1669 2553 1849 2607 eccle-

253 2658 360 2711 sias
390 2654 625 2709 Orientis
644 2694 659 2718 ,
689 2660 741 2706 et
768 2650 935 2705 multo
964 2647 1218 2717 majorem
1247 2643 1391 2699 orbis
1421 2643 1696 2699 christiani
1728 2659 1849 2714 par-

255 2758 361 2804 tem
392 2762 501 2817 qua
546 2744 842 2817 temeritate
874 2736 1307 2794 criminabimur?
1337 2736 1582 2791 Placetne
1622 2735 1754 2801 tibi,
1791 2742 1850 2790 ut

254 2814 491 2895 medium
519 2814 766 2906 quiddain
790 2846 908 2887 esse
935 2830 1171 2884 dicamus
1190 2869 1204 2893 ,
1233 2827 1372 2899 quod
1400 2836 1575 2882 tamen
1600 2835 1847 2896 accepta-

253 2927 361 2984 bile
387 2929 455 2982 sit
482 2928 531 2982 ei
557 2926 645 2996 qui
672 2924 774 2978 hoc
815 2939 920 2977 non
959 2922 1237 2987 simulate,
1286 2919 1379 2974 sed
1404 2919 1714 2991 congruenti
1757 2934 1849 2976 so-

255 3022 449 3074 cietate
475 3028 632 3088 atque
662 3015 994 3070 observantia
1017 3010 1243 3066 fecerit?
1275 3010 1341 3064 Et
1368 3017 1545 3064 tamen
1563 3009 1695 3063 nihil
1726 3008 1848 3064 inde

254 3109 486 3180 legimus
514 3109 565 3162 in
593 3106 864 3161 canonicis
896 3104 1066 3158 Libris
1096 3112 1416 3173 przcceptum
1447 3115 1565 3156 esse
1592 3100 1849 3155 Christia-

255 3203 362 3257 nis.
407 3201 617 3268 Qnanto
660 3198 828 3268 magis
879 3195 1005 3251 illud
1041 3194 1235 3249 malum
1275 3192 1453 3247 dicere
1497 3207 1602 3246 non
1646 3190 1843 3257 audeo,

256 3294 401 3366 quod
434 3295 601 3347 Deum
646 3290 964 3363 praecepisse
1010 3288 1121 3358 ipsa
1170 3285 1457 3340 christiana
1505 3284 1610 3339 ﬁde
1653 3299 1846 3354 negare

256 3404 365 3445 non
413 3401 671 3457 possum,
722 3399 823 3455 qua
851 3382 1010 3437 didici
1055 3394 1160 3435 non
1189 3394 1255 3434 eo
1286 3393 1371 3433 me
1390 3374 1702 3447 justiﬁcari,
1751 3375 1846 3431 sed

257 3478 426 3551 gratia
453 3478 553 3532 Dei
581 3492 674 3547 per
700 3475 879 3530 Jesnm
900 3472 1168 3527 Christum
1192 3470 1472 3525 Dominum
1493 3468 1774 3523 nostrum?

330 3572 419 3627 15.
454 3570 587 3625 Dico
628 3584 752 3639 ergo
781 3566 1237 3623 circnmcisionem
1279 3562 1522 3636 praeputii
1564 3569 1619 3617 et
1654 3570 1844 3617 uetera

257 3661 595 3733 hujusmodi,
651 3659 812 3730 priori
868 3657 1062 3727 papulo
1114 3670 1209 3726 per
1255 3654 1653 3709 Testamentum
1705 3652 1842 3721 quod

176 3756 185 3759 “
258 3756 427 3811 Vetus
450 3754 672 3817 dicitur,
719 3751 969 3805 divinitus
998 3747 1118 3802 data
1147 3746 1213 3801 ad
1244 3745 1681 3815 significationem
1709 3743 1847 3798 futu-

257 3864 439 3907 rorum
472 3862 592 3917 qua:
622 3860 716 3916 per
757 3842 1025 3898 Christum
1070 3840 1351 3910 oportebat
1374 3838 1582 3909 impleri
1610 3854 1624 3891 :
1656 3836 1844 3907 quibus

257 3938 697 4003 advenientibus,
728 3933 1077 4005 remansisse
1123 3931 1210 3985 illa
1259 3928 1574 3984 Christianis
1623 3926 1844 3997 legenda

257 4042 461 4089 tantum
486 4072 500 4098 ,
532 4028 601 4085 ad
628 4026 1025 4097 intelligentiam
1050 4021 1341 4093 praemissae
1378 4019 1704 4090 prophetiae;
1737 4032 1843 4073 non

256 4135 434 4182 autem
478 4120 785 4179 necessario
827 4116 1064 4172 facienda
1090 4155 1104 4180 ,
1142 4113 1290 4185 quasi
1320 4112 1495 4166 adhuc
1526 4118 1843 4179 ex5peetan-

257 4220 383 4275 dum
412 4224 595 4281 esset,
618 4223 676 4268 ut
700 4213 903 4267 veniret
928 4208 1046 4263 ﬁdei
1071 4206 1324 4262 revelatio
1339 4219 1457 4274 quae
1474 4203 1555 4258 his
1580 4200 1845 4272 signiﬁca-

260 4313 417 4368 batur
440 4324 563 4365 esse
585 4315 826 4363 ventura.
851 4302 956 4359 Sed
981 4299 1221 4371 quamvis
1241 4296 1495 4353 Gentibus
1523 4292 1841 4362 imponenda

256 4419 362 4459 non
385 4408 571 4457 essent
589 4441 603 4464 ,
630 4413 735 4453 non
764 4404 940 4451 tamen
968 4394 1045 4448 sic
1063 4390 1311 4446 debuisse
1335 4386 1531 4441 auferri
1560 4400 1591 4439 a
1619 4399 1846 4439 consue-

257 4494 439 4549 tudine
494 4490 831 4553 Judaeorum,
886 4496 1134 4555 tanquam
1183 4478 1494 4535 detestanda
1545 4487 1705 4545 atque
1745 4476 1843 4530 da-

255 4582 514 4641 mnanda.
559 4580 770 4637 Sensim
815 4576 1039 4649 proinde
1091 4582 1249 4644 atque
1299 4570 1552 4641 paulatim
1605 4567 1841 4622 fervente

256 4690 384 4731 sana
421 4671 797 4743 praedicatione
834 4666 1015 4739 gratia:
1041 4663 1271 4728 Christi,
1320 4675 1421 4731 qua
1466 4660 1577 4713 sola
1626 4666 1844 4713 nossent

255 4765 539 4820 credentes
568 4776 626 4816 se
645 4757 925 4829 justiﬁcari
943 4799 957 4823 ,
986 4756 1267 4824 salvosque
1291 4750 1404 4806 ﬁeri
1423 4791 1437 4814 ,
1466 4764 1571 4804 non
1596 4749 1700 4802 illis
1731 4765 1845 4802 um-

256 4858 368 4912 bris
388 4869 573 4911 rerum
591 4861 745 4925 aptea
773 4849 1070 4904 futurarum
1088 4887 1104 4913 ,
1136 4844 1381 4913 tuncjam
1402 4841 1728 4897 venientium
1758 4848 1842 4894 at-

258 4966 359 5021 que
391 4946 733 5019 praesentium
754 4984 770 5009 ,
799 4952 856 4997 ut
877 4942 928 4997 in
959 4941 1169 4995 illorum
1199 4936 1501 4993 Judteorum
1532 4933 1805 4988 vocatione
1824 4975 1839 5000 ,

257 5059 393 5115 quos
418 5040 698 5112 praesentia
723 5036 897 5094 carnis
921 5033 1153 5095 Domini,
1201 5038 1254 5086 et
1279 5027 1570 5100 apostolica
1601 5035 1842 5095 tempora

258 5136 335 5189 sic
363 5135 710 5197 invenerant,
766 5127 943 5183 omnis
976 5125 1062 5180 illa
1089 5122 1227 5178 actio
1272 5126 1670 5177 consumeretur
1720 5131 1842 5170 um-

258 5226 476 5280 brarum
506 5242 519 5277 :
554 5223 656 5278 hoc
692 5221 771 5277 eis
814 5218 1087 5274 suﬁ‘ecisse
1114 5214 1181 5270 ad
1210 5210 1755 5273 commendationem,
1788 5216 1846 5262 ut

263 5331 366 5371 non
389 5325 639 5385 tanquam
668 5308 1001 5375 detestanda,
1020 5314 1075 5362 et
1102 5305 1290 5360 similis
1317 5302 1627 5358 idololatriae
1652 5300 1845 5354 vitare-

262 5426 381 5479 tnr;
435 5414 573 5469 ultra
600 5426 727 5466 vero
753 5424 859 5463 non
908 5405 1130 5460 haberet
1172 5413 1543 5471 progressum,
1589 5411 1658 5450 ne
1696 5404 1845 5465 puta-

262 5516 412 5561 retur
450 5502 751 5559 necessaria
780 5506 1027 5568 tanquam
1058 5494 1144 5549 vel
1172 5493 1238 5547 ab
1263 5491 1351 5545 illa
1378 5490 1522 5543 salus
1551 5493 1691 5542 esset
1717 5528 1731 5551 ,
1761 5485 1844 5539 vel

261 5599 379 5654 sine
419 5596 507 5651 illa
529 5609 647 5649 esse
672 5606 777 5647 non
798 5596 997 5661 posset.
1031 5583 1183 5654 Quod
1213 5586 1535 5654 putaverunt
1572 5575 1809 5631 lueretiei
1827 5617 1842 5640 ,

262 5691 354 5762 qui
374 5687 501 5743 dum
524 5685 789 5741 volunt-et
807 5679 975 5736 Judaei
1000 5692 1119 5733 esse
1147 5685 1202 5731 et
1218 5671 1525 5739 Christiani,
1555 5683 1656 5725 nec
1675 5666 1845 5724 Judaei

323 5803 400 5867 (α)
418 5808 495 5855 Uti
514 5800 578 5852 ab
596 5799 882 5860 Hieronymo
895 5791 1149 5844 inducitur.

1384 331 1866 393 EPISTULARUM
1906 336 2179 397 CLASSIS
2215 340 2281 399 ll.

3437 361 3545 419 282

1966 470 2066 511 nec
2094 455 2381 515 Christiani
2426 473 2545 518 esse
2590 471 2896 535 potuerunt.
2950 458 3185 538 Quorum
3225 476 3540 532 sententiam

1965 548 2096 604 mihi
2117 551 2409 608 cavendam
2428 595 2444 619 ,
2475 557 2717 625 quamvis
2742 559 2795 613 in
2821 574 2881 614 ea
2912 577 3178 633 nunquam
3206 564 3397 622 fuerim
3416 608 3431 632 ,
3464 576 3544 622 ta-

1966 656 2087 697 men
2118 642 2614 702 benevolentissime
2637 649 2925 707 admonere
2943 652 3185 724 dignatus
3205 671 3283 709 es.
3316 655 3371 710 In
3392 658 3543 726 cujus

1966 737 2244 791 sententia}
2283 752 2388 793 non
2420 743 2858 809 consensionem,
2892 745 2984 799 sed
3012 745 3403 802 simulationem
3446 749 3543 804 Pe-

1966 828 2575 899 trnstimoreinciderat,
2605 843 2660 888 ut
2684 835 2749 892 de
2778 836 2867 890 illo
2894 836 3089 892 Paulus
3110 840 3384 895 verissime
3412 843 3542 895 seri-

1964 918 2115 975 beret
2133 922 2327 992 ,quod
2351 938 2473 978 eum
2506 924 2725 981 vidisset
2748 941 2853 981 non
2890 937 3033 983 recte
3063 929 3444 999 ingredientem
3473 933 3538 986 ad

1963 1012 2239 1067 veritatem
2289 1014 2595 1084 Evangelii,
2641 1018 2796 1087 eique
2821 1020 3096 1074 verissime
3131 1020 3364 1087 diceret,
3396 1024 3535 1092 quod

1964 1102 2162 1160 Gentes
2202 1105 2474 1174 judaizare
2514 1108 2754 1177 cogebat.
2806 1110 2955 1178 Quod
2984 1110 3177 1166 Paulus
3208 1113 3389 1183 utique
3435 1132 3541 1171 non

1962 1198 2200 1266 cogebat,
2235 1196 2304 1251 ob
2329 1196 2431 1254 hoc
2469 1198 2555 1253 illa
2574 1208 2751 1255 vetera
2788 1202 3065 1265 veraciter,
3100 1203 3188 1258 ubi
3208 1218 3340 1273 Opus
3363 1216 3503 1260 esset
3524 1248 3537 1270 ,

1963 1288 2255 1343 observans
2274 1330 2288 1355 ,
2325 1299 2385 1344 ut
2408 1291 2704 1345 damnanda
2731 1308 2836 1347 non
2863 1309 2982 1349 esse
3006 1305 3327 1350 monstraret
3351 1314 3364 1361 ;
3401 1314 3537 1366 pm:-

1961 1378 2143 1435 dicans
2188 1390 2363 1435 tamen
2403 1383 2658 1436 instanter
2693 1399 2798 1438 non
2828 1385 2939 1451 eis,
2983 1386 3076 1441 sed
3116 1388 3343 1442 revelata
3370 1389 3539 1457 gratia

1962 1470 2122 1537 ﬁdei,
2156 1471 2338 1526 ﬁdeles
2366 1472 2541 1527 salvos
2566 1474 2678 1528 ﬁeri
2704 1514 2719 1540 ,
2750 1490 2819 1531 ne
2856 1476 2921 1531 ad
2948 1492 3009 1531 ea
3049 1493 3363 1548 quemquam
3397 1479 3540 1533 velut

1961 1566 2259 1620 necessaria
2300 1566 2633 1635 suscipienda
2662 1569 3024 1636 compelleret.
3057 1570 3147 1624 Sic
3174 1578 3347 1624 autem
3377 1571 3538 1626 credo

1960 1658 2257 1727 apostolum
2283 1658 2501 1712 Paulum
2533 1659 2793 1715 veraciter
2819 1669 3007 1716 cuncta
3040 1662 3125 1716 illa
3155 1664 3384 1732 gessisse
3404 1706 3416 1726 ,
3441 1678 3539 1718 nec

1960 1755 2136 1803 tamen
2167 1765 2307 1804 nunc
2349 1765 2665 1820 quemquam
2712 1750 2906 1806 factum
2937 1768 3003 1806 ex
3049 1752 3235 1807 Judan
3277 1754 3537 1808 Christia-

1960 1854 2117 1905 num,
2151 1840 2242 1894 vel
2290 1856 2455 1910 cogo,
2502 1842 2586 1895 vel
2618 1842 2734 1896 sino
2761 1844 2884 1897 talia
2933 1845 3192 1898 veraciter
3233 1844 3534 1912 celebrare;

1957 1932 2101 1987 sicut
2120 1947 2221 1988 nec
2259 1940 2343 2001 tu,
2383 1935 2467 1989 cui
2492 1934 2701 1990 videtur
2724 1936 2920 1991 Paulus
2945 1951 3006 1992 ea
3035 1937 3346 2003 simulasse,
3390 1941 3537 2009 cogis

1957 2022 2117 2078 isutm
2138 2067 2153 2091 ,
2179 2026 2264 2079 vel
2285 2026 2413 2082 sinis
2442 2026 2567 2081 talia
2595 2028 2866 2084 simulare.

2028 2115 2117 2172 {6.
2141 2117 2220 2171 An
2244 2117 2342 2185 vis,
2371 2127 2430 2172 ut
2448 2118 2607 2173 etiam
2632 2134 2731 2190 ego
2755 2118 2949 2185 dicam,
2978 2120 3115 2175 hanc
3134 2135 3251 2176 esse
3271 2136 3533 2177 summam

1957 2211 2262 2280 quaestionis
2281 2254 2296 2278 ,
2331 2212 2437 2266 imo
2475 2213 2750 2267 sententia:
2780 2221 2915 2276 tute;
2945 2222 3000 2268 nt
3044 2224 3163 2283 post
3192 2211 3536 2283 Evangelinm

1956 2299 2186 2367 Christi,
2232 2303 2367 2357 bene
2409 2302 2605 2358 faciant
2632 2304 2910 2360 credentes
2936 2304 3141 2369 Judari,
3194 2306 3238 2360 si
3280 2306 3535 2361 sacriﬁcia

1956 2391 2218 2457 offerant,
2249 2408 2367 2464 quae
2396 2394 2585 2449 obtulit
2612 2395 2839 2460 Paulus;
2873 2396 2917 2450 si
2946 2396 3081 2451 ﬁlios
3120 2396 3495 2451 circumcidunt
3516 2437 3532 2462 ,

1956 2483 2001 2540 si
2050 2484 2328 2539 sabbatum
2373 2485 2688 2550 observent,
2736 2496 2793 2541 ut
2816 2486 3012 2542 Paulus
3051 2487 3106 2542 in
3132 2487 3413 2555 Timotheo
3436 2528 3450 2552 ,
3482 2494 3536 2541 et

1955 2590 2143 2632 omnes
2171 2577 2522 2633 observavere
2560 2578 2758 2644 Judaei,
2806 2578 3094 2633 dummodo
3137 2577 3534 2639 haecsimulate

1954 2683 2018 2724 ac
2042 2668 2296 2724 fallaciter
2320 2671 2517 2741 agant?
2541 2671 2657 2726 Hoc
2693 2672 2736 2725 si
2768 2671 2839 2726 ita
2866 2680 2978 2736 est;
3006 2682 3116 2726 non
3137 2670 3247 2739 jam
3277 2671 3331 2725 in
3358 2668 3533 2726 haere-

1955 2761 2056 2816 sim
2090 2761 2309 2817 Ebionis
2329 2804 2344 2829 ,
2368 2764 2450 2818 vel
2472 2778 2654 2817 eorum
2682 2778 2817 2832 quos
2834 2763 2989 2833 vulgo
3026 2762 3302 2830 Nagarzeos
3327 2778 3532 2817 nuncu-

1954 2865 2116 2928 pant,
2166 2856 2249 2911 vel
2293 2856 2584 2927 quamlibet
2628 2856 2783 2910 aliam
2827 2863 3097 2921 veterem,
3144 2854 3238 2909 sed
3269 2855 3449 2909 nescio
3479 2854 3533 2909 in

1952 2964 2109 3020 quam
2160 2964 2350 3004 novam
2396 2949 2725 3016 delabimur,
2757 2964 2876 3019 quae
2918 2948 2987 3007 sit
3032 2962 3097 3003 eo
3150 2946 3528 3017 perniciosior,

1952 3055 2058 3111 quo
2083 3055 2186 3095 non
2208 3055 2418 3106 errore,
2446 3040 2537 3096 sed
2564 3040 2833 3111 proposito
2857 3048 2938 3094 est
2957 3055 3019 3095 ac
3044 3038 3310 3093 voluntate
3337 3037 3529 3094 fallaci.

1951 3132 2103 3200 Quod
2132 3133 2175 3186 si
2206 3132 2557 3202 respondeas,
2594 3142 2652 3186 ut
2677 3141 2727 3187 te
2769 3133 2836 3187 ab
2872 3131 2971 3186 hac
3006 3146 3197 3202 purges
3232 3132 3527 3198 sententia,

1953 3232 2076 3279 tunc
2103 3226 2386 3295 Apostolos
2413 3225 2510 3279 ista
2552 3224 2884 3279 laudabiliter
2920 3224 3199 3279 simulasse
3220 3266 3234 3289 ,
3283 3240 3347 3279 ne
3371 3239 3528 3279 scan-

1950 3316 2303 3372 dalizarentur
2330 3317 2520 3370 inﬁrmi
2552 3315 2639 3386 qtti
2666 3331 2729 3370 ex
2756 3314 2952 3369 Juda'is
2982 3315 3129 3369 multi
3160 3313 3528 3379 crediderant,

1950 3415 2006 3462 et
2029 3421 2092 3461 ea
2117 3406 2412 3476 reSpuenda
2438 3406 2671 3459 nondum
2698 3404 3087 3474 intelligebant;
3117 3419 3257 3458 nunc
3272 3419 3397 3459 vero
3412 3419 3533 3459 con-

1952 3498 2161 3553 ﬁrmata
2212 3513 2308 3568 per
2355 3506 2431 3551 tot
2477 3506 2662 3567 gentes
2708 3496 2947 3551 doctrina
2981 3496 3164 3566 gratiae
3190 3495 3527 3563 christiantn,

1948 3588 2257 3644 conﬁrmata
2282 3590 2440 3644 etiam
2475 3604 2567 3659 per
2588 3604 2774 3643 omnes
2797 3586 2993 3643 Christi
3014 3588 3273 3643 Ecclesias
3300 3588 3529 3644 lectione

1951 3682 2105 3753 Legis
2133 3690 2187 3737 et
2212 3682 2594 3753 Prophetarum
2616 3723 2631 3748 ,
2681 3697 2786 3753 quo
2812 3682 2973 3738 modo
3010 3682 3125 3737 haec
3153 3682 3491 3752 intelligenda
3512 3724 3527 3747 ,

1950 3790 2055 3830 non
2094 3775 2425 3830 observanda
2469 3775 2794 3839 recitantur,
2845 3775 3085 3844 quisquis
3124 3789 3187 3829 ea
3236 3773 3531 3830 simulando

1950 3882 2106 3937 agere
2132 3866 2386 3932 voluerit,
2417 3866 2684 3920 insanire:
2717 3881 2813 3920 cur
2856 3865 2984 3919 mihi
3017 3880 3121 3920 non
3167 3866 3291 3920 licet
3315 3866 3529 3933 dicere,

1950 3959 2244 4027 apostolum
2273 3958 2488 4012 Paulum
2512 3998 2527 4022 ,
2554 3965 2609 4012 et
2650 3958 2781 4012 alios
2832 3966 2976 4012 recte
3012 3956 3134 4010 ﬁdei
3161 3956 3526 4021 Christianos,

1952 4057 2077 4104 tunc
2108 4049 2197 4103 illa
2221 4059 2401 4103 vetera
2424 4057 2754 4104 sacramenta
2780 4048 3047 4119 paululum
3073 4048 3404 4103 observando
3439 4064 3529 4102 ve-

1948 4139 2558 4195 raciter'commendare
2619 4139 2895 4205 debuisse,
2951 4152 3017 4192 ne
3069 4146 3379 4207 putarentur
3426 4138 3530 4192 illa:

1951 4231 2275 4303 prephetica:
2321 4230 2720 4300 signiﬁcationis
2760 4228 3159 4283 observationes
3204 4243 3236 4281 a
3274 4227 3529 4298 piissimis

1950 4322 2188 4393 patribus
2225 4320 2532 4385 custoditm,
2584 4328 2829 4389 tanquam
2875 4318 3152 4388 sacrilegia
3194 4317 3454 4371 diabolica
3496 4332 3526 4370 a

1948 4414 2183 4487 posteris
2226 4412 2587 4468 detestandae?
2614 4411 2731 4466 .lam
2771 4410 2914 4465 enim
2957 4424 3077 4465 cum
3126 4408 3359 4464 venisset
3398 4408 3531 4463 ﬁdes

1948 4521 2066 4577 qua:
2112 4504 2257 4574 prius
2306 4503 2412 4558 illis
2459 4501 2916 4557 observationibus
2970 4498 3352 4570 praenuntiata,
3410 4507 3531 4569 post

1948 4607 2173 4653 mortem
2204 4604 2259 4651 et
2286 4594 2729 4650 resurrectionem
2761 4591 2968 4647 Domini
2994 4591 3225 4646 revelata
3252 4598 3365 4656 est,
3394 4592 3531 4645 ami~

1948 4699 2129 4746 serant
2166 4698 2417 4758 tanquam
2457 4687 2618 4740 vitam
2642 4684 2803 4740 ofﬁcii
2832 4685 2933 4738 sui.
2979 4682 3356 4738 Verumtamen
3395 4684 3531 4738 sicut

1948 4781 2195 4837 defuncta
2224 4792 2481 4849 corpora,
2505 4775 2927 4831 necessariorum
2957 4774 3145 4828 ofﬁciis
3173 4775 3189 4805 ί
3221 4772 3528 4828 deducenda

1948 4883 2100 4929 erant
2125 4870 2516 4943 quodammodo
2543 4868 2610 4922 ad
2632 4867 2957 4938 sepulturam
2980 4908 2995 4932 ,
3029 4880 3130 4922 nec
3149 4866 3411 4932 simulate,
3434 4867 3526 4922 sed

1948 4968 2227 5036 religiose;
2262 4979 2369 5020 non
2394 4972 2569 5018 autem
2595 4960 2890 5031 deserenda
2917 4960 3170 5021 continuo
3190 5001 3205 5026 ,
3235 4960 3319 5015 vel
3350 4959 3521 5023 inimi-

1949 5074 2132 5114 corum
2156 5056 2624 5112 obtrectationibus
2644 5064 2896 5124 tanquam
2914 5069 3104 5107 canum
3127 5053 3389 5109 morsibus
3405 5067 3525 5122 pro-

1946 5152 2193 5225 jicienda.
2217 5150 2447 5207 Proinde
2466 5164 2607 5204 nunc
2629 5148 2867 5218 quisquis
2890 5147 3328 5210 Christianorum,
3349 5160 3522 5216 quam-

1950 5248 2030 5301 vis
2050 5247 2120 5300 sit
2140 5261 2206 5301 ex
2231 5242 2430 5298 Judaais
2446 5283 2461 5308 ,
2483 5240 2729 5296 similiter
2750 5254 2813 5294 ea
2839 5239 3108 5295 celebrare
3129 5237 3384 5303 voluerit,
3416 5246 3515 5291 tan-

1953 5353 2109 5410 quam
2140 5335 2342 5406 sopitos
2370 5333 2575 5387 cineres
2605 5345 2798 5386 eruens
2816 5370 2831 5395 ,
2862 5345 2968 5383 non
2997 5329 3099 5384 erit
3143 5329 3256 5398 pius
3275 5327 3531 5383 deductor

1954 5431 2038 5486 vel
2068 5429 2275 5499 bajulns
2296 5424 2535 5495 corporis
2555 5464 2571 5490 ,
2602 5422 2696 5478 sed
2723 5422 2916 5491 impius
2963 5421 3245 5491 sepultura:
3278 5418 3525 5474 violator.

2025 5527 2111 5581 17.
2144 5523 2334 5578 Fateor
2359 5534 2486 5574 sane
2505 5560 2521 5584 ,
2549 5518 2602 5572 in
2630 5531 2696 5571 eo
2715 5514 2853 5585 quod
2884 5513 3103 5584 epistola
3129 5514 3362 5567 continet
3386 5528 3525 5583 mea,

1956 5616 2097 5691 quod
2138 5615 2256 5670 ideo
2281 5619 2611 5669 sacramenta
2646 5607 2949 5664 Judteorum
2982 5605 3176 5662 Paulus
3212 5606 3524 5663 celebranda

2018 5766 2679 5836 *Deestoﬂiciisinﬁuss.
