4032 6334
533 381 639 440 283

533 505 872 566 susceperat,
896 509 1017 552 cum
1044 496 1154 566 jam
1192 496 1388 552 Christi
1418 503 1562 552 esset
1583 496 1854 566 apostolus
1875 537 1892 563 ,
1927 507 1983 550 ut
2007 495 2108 551 do-

533 597 678 643 ceret
706 603 810 642 non
854 602 990 644 esse.
1005 589 1300 659 perniciosa
1337 589 1422 642 his
1455 589 1543 658 qui
1572 603 1634 643 ea
1663 588 1891 656 vellent,
1920 589 2058 643 sicut
2081 603 2109 643 α

533 680 838 750 parentibus
875 695 973 750 per
997 681 1189 752 Legem
1216 690 1559 750 acceperant,
1591 681 1889 747 custodire,
1933 682 2110 738 minus

531 787 618 826 me
653 773 917 842 posuisse,
951 773 1054 828 Illo
1075 774 1322 828 duntaxat
1341 785 1591 842 tempore,
1619 791 1716 844 quo
1745 776 1965 846 primum
1991 776 2112 845 ﬁdei

529 863 692 932 gratia
716 864 932 916 revelata
957 873 1029 917 est
1051 878 1070 916 :
1101 871 1225 918 tunc
1257 864 1400 919 enim
1428 864 1533 920 hoc
1571 881 1676 919 non
1703 874 1818 920 erat
1844 865 2110 934 pernicio-

528 969 667 1008 sum.
700 954 989 1025 Progressu
1031 970 1159 1009 vero
1186 957 1442 1026 temporis
1488 958 1591 1012 illa:
1617 958 2015 1015 observationes
2040 959 2108 1015 ab

527 1044 772 1098 omnibus
799 1045 1111 1100 Christianis
1137 1044 1544 1112 desererentur;
1576 1064 1676 1114 ne,
1707 1050 1751 1104 si
1782 1059 1905 1104 tunc
1935 1050 2106 1118 ﬁeret,

528 1151 631 1190 non
656 1137 1047 1194 discerneretur
1073 1140 1088 1171 ¹
1107 1140 1248 1210 quod
1282 1142 1423 1196 Deus
1457 1143 1648 1211 p0pulo
1665 1157 1765 1198 suo
1780 1159 1873 1212 per
1891 1143 2108 1215 Moysen

529 1228 778 1296 pnecepit
795 1269 807 1291 ,
827 1228 973 1283 abeo
1001 1231 1141 1301 quod
1169 1234 1218 1284 in
1249 1233 1459 1301 templis
1479 1233 1864 1288 daemoniorum
1892 1234 2109 1304 spiritus

527 1319 828 1374 immundus
857 1321 1101 1376 instituit.
1131 1323 1361 1378 Proinde
1401 1325 1572 1393 potius
1596 1325 1856 1394 culpanda
1888 1333 1970 1381 est
2007 1340 2106 1382 ue-

523 1410 769 1479 gligentia
794 1426 940 1478 mea,
975 1413 1096 1482 quia
1128 1414 1228 1468 hoc
1266 1429 1368 1469 non
1393 1415 1601 1478 addidi,
1631 1431 1789 1486 quam
1812 1417 2106 1488 objurgatio

525 1509 632 1556 tua.
668 1501 1038 1558 Verumtamen
1070 1505 1223 1574 longe
1258 1515 1539 1577 antequam
1575 1507 1780 1562 litteras
1805 1517 1922 1563 tuas
1948 1523 2104 1564 acce-

523 1594 718 1662 pissem
739 1637 753 1661 ,
786 1596 1028 1650 scribens
1065 1605 1246 1650 contra
1292 1598 1544 1652 Faustum
1573 1599 1923 1653 manichazum
1967 1613 2101 1668 quo-

522 1684 682 1739 modo
704 1685 947 1740 eumdem
972 1686 1166 1755 locum,
1191 1688 1434 1758 quamvis
1457 1689 1687 1744 breviter
1706 1689 2100 1758 explicaverim,

520 1785 575 1828 et
605 1774 704 1829 hoc
734 1777 836 1830 illic
866 1792 969 1830 non
1002 1777 1430 1846 prietermiserim
1452 1819 1467 1844 ,
1510 1787 1565 1833 et
1600 1779 1774 1849 legere
1803 1780 2026 1849 poterit,
2057 1780 2104 1836 si

520 1881 625 1920 non
664 1866 978 1936 dedignetur
1002 1908 1017 1934 ,
1047 1869 1353 1938 Bcnignitas
1384 1878 1502 1936 tua,
1529 1877 1583 1924 et
1607 1884 1635 1924 a
1663 1871 1989 1926 charissimis
2009 1886 2106 1926 no-

519 1956 642 2010 stris
667 1999 680 2023 ,
713 1971 807 2025 per
835 1973 971 2026 quos
1002 1974 1141 2012 nunc
1177 1959 1290 2012 huic
1314 1960 1506 2030 scripta
1530 1960 1683 2026 misi,
1707 1961 1974 2030 quomodo
2008 1977 2102 2015 vo-

518 2049 684 2103 lueris
710 2049 803 2103 tibi
837 2051 968 2104 ﬁdes
996 2051 1114 2115 ilet,
1161 2050 1286 2104 illud
1311 2066 1396 2106 me
1423 2059 1548 2106 ante
1566 2051 1794 2108 dictasse
1823 2069 1836 2106 :
1867 2053 2103 2124 mihique

518 2140 585 2194 de
614 2141 794 2195 animo
820 2157 938 2194 meo
967 2142 1128 2197 crede
1147 2184 1162 2207 ,
1189 2141 1329 2212 quod
1359 2158 1536 2197 coram
1573 2143 1684 2199 Deo
1709 2144 1960 2215 loquens,
1983 2145 2105 2215 jure

519 2231 792 2286 cbaritatis
849 2247 1112 2301 exposco,
1176 2249 1446 2304 nunquam
1499 2235 1630 2289 mihi
1675 2237 1845 2291 visum
1905 2237 2097 2305 fuisse,

521 2324 677 2379 etiam
711 2338 852 2378 nunc
870 2322 1200 2380 Christianos
1225 2340 1290 2380 ex
1314 2325 1512 2380 Judaris
1541 2325 1708 2382 factos
1727 2369 1741 2392 ,
1770 2338 2104 2384 sacramenta

525 2415 613 2470 illa
641 2425 817 2470 vetera
847 2415 1088 2486 quolibet
1113 2416 1334 2482 affectu,
1364 2418 1604 2487 quolibet
1627 2419 1806 2474 animo
1831 2419 2104 2478 celebrare

516 2506 710 2562 debere
729 2549 742 2571 ,
781 2515 872 2561 aut
896 2507 976 2561 eis
1003 2506 1111 2562 ullo
1139 2507 1298 2561 modo
1321 2507 1510 2575 licere;
1547 2524 1670 2564 cum
1698 2511 1826 2565 illud
1845 2511 1913 2566 de
1938 2511 2103 2568 Paulo

515 2615 728 2668 semper
753 2600 825 2654 lta
857 2598 1150 2665 senserim,
1175 2616 1241 2656 ex
1258 2615 1364 2670 quo
1394 2601 1534 2657 illius
1554 2602 1684 2656 tnihi
1707 2602 1922 2658 Litterae
1953 2605 2104 2661 inno-

516 2701 733 2748 tuerunt
762 2709 777 2746 :
806 2693 948 2751 sicut
962 2707 1059 2747 nec
1087 2692 1181 2746 tibi
1205 2692 1442 2760 videtur,
1473 2693 1578 2750 hoc
1599 2703 1838 2764 tempore
1855 2696 2102 2766 cuiquam

515 2799 633 2842 esse
659 2786 953 2840 simulanda
971 2787 1089 2851 ista,
1114 2801 1234 2841 cum
1254 2787 1354 2841 hoc
1381 2787 1570 2842 fecisse
1590 2789 1872 2856 Apostolus
1891 2789 2098 2846 credas.

585 2880 672 2934 18.
707 2879 934 2934 Proinde
967 2880 1103 2934 sicut
1145 2889 1198 2934 tu
1226 2894 1258 2935 e
1283 2880 1550 2935 contrario
1590 2881 1854 2951 loqueris,
1897 2890 1955 2938 et
1980 2884 2102 2940 licet

515 2973 855 3036 reclamante,
877 2973 1008 3026 sicut
1037 2972 1250 3038 scribis,
1279 2974 1498 3040 mundo,
1531 2973 1696 3028 libera
1720 2989 1851 3030 voce
1868 2990 2104 3045 pronun-

514 3069 648 3133 tias,
697 3066 1016 3120 cerimonias
1058 3062 1364 3119 Judteornm
1409 3075 1462 3120 et
1512 3065 1841 3134 perniciosas
1883 3082 2004 3122 esse
2048 3076 2102 3124 ot

514 3161 816 3217 mortiferas
830 3159 1168 3224 Christianis,
1191 3168 1244 3213 et
1265 3161 1584 3230 quicumque
1609 3175 1700 3215 eas
1719 3160 2098 3228 observaverit,

512 3253 624 3306 sive
655 3267 718 3305 ex
734 3251 960 3314 Iuda-is,
992 3250 1106 3304 sive
1127 3265 1191 3304 ex
1222 3249 1480 3305 Gentibus
1500 3291 1514 3314 ,
1547 3266 1668 3305 eum
1700 3251 1754 3306 in
1791 3251 2099 3306 barathrum

513 3341 706 3396 diaboli
731 3340 1074 3404 devolutum;
1113 3341 1184 3395 ita
1216 3355 1315 3410 ego
1345 3339 1480 3396 hanc
1499 3357 1684 3396 vocem
1717 3350 1858 3398 tuam
1882 3343 2100 3402 omnino

514 3434 800 3498 confirmo,
834 3442 888 3488 et
905 3434 1042 3488 addo
1067 3451 1080 3487 :
1110 3434 1440 3503 Quicumque
1466 3449 1558 3489 eas
1579 3434 1961 3502 observaverit,
1988 3437 2100 3494 sive

515 3540 581 3580 ex
607 3523 837 3590 Judzeis,
869 3525 982 3579 sive
1010 3540 1074 3578 ex
1113 3523 1400 3589 Gentibus,
1452 3540 1557 3580 non
1593 3527 1764 3580 solum
1809 3529 2096 3596 veraciter,

513 3631 698 3670 verum
743 3616 905 3670 etiam
950 3615 1224 3680 simulate,
1275 3630 1396 3670 eum
1442 3615 1494 3669 in
1547 3615 1859 3672 barathrum
1903 3618 2098 3674 diaboli

512 3706 839 3761 devolutum.
867 3705 1006 3774 Quid
1035 3705 1230 3776 qumris
1255 3707 1518 3776 amplius?
1547 3707 1652 3762 Sed
1688 3708 1820 3763 sicut
1848 3718 1900 3764 tu
1931 3710 2096 3766 simu-

512 3798 764 3852 lationem
804 3797 1181 3866 Apostolorum
1213 3797 1280 3851 ab
1305 3796 1460 3866 hujus
1489 3799 1744 3866 temporis
1773 3800 1977 3855 ratione
2005 3817 2097 3857 se-

512 3889 714 3943 cernis:
736 3889 805 3942 ita
824 3904 921 3958 ego
943 3887 1092 3942 Pauli
1114 3887 1337 3957 apostoli
1358 3903 1600 3943 veracem
1619 3897 1744 3945 tunc
1759 3889 1808 3944 in
1833 3890 1915 3945 his
1927 3893 2098 3946 omni-

511 3981 612 4035 bus
639 3979 1100 4034 conversationem
1139 3978 1206 4032 ab
1237 3977 1395 4048 hujus
1428 3980 1678 4050 temporis
1700 4021 1713 4047 ,
1739 3983 1980 4050 quamvis
2001 3983 2099 4037 mi-

511 4072 654 4126 nime
673 4071 939 4133 simulata,
956 4069 1366 4125 cerimoniarum
1382 4069 1717 4125 Judaicarum
1731 4071 2097 4129 observatione

509 4177 764 4227 secerno;
813 4162 1060 4232 quoniam
1099 4169 1227 4216 tunc
1257 4160 1354 4216 fuit
1381 4161 1744 4231 approbanda,
1773 4179 1913 4218 nunc
1945 4164 2096 4222 dcte-

511 4255 717 4310 standa.
755 4255 825 4308 lta
848 4255 1090 4324 quamvis
1117 4256 1420 4325 legerimus,
1448 4255 1556 4310 Lea:
1578 4265 1626 4311 et
1654 4255 1920 4328 Propheta
1944 4275 2098 4329 usque

512 4349 579 4401 ad
606 4349 857 4401 Joannem
880 4346 1163 4416 Baptistam
1184 4347 1330 4416 (Luc.
1354 4363 1464 4411 xvt,
1489 4349 1599 4418 16):
1617 4359 1670 4404 et
1691 4351 1812 4419 quia
1835 4361 2097 4420 propterea

512 4439 796 4507 quwrebant
820 4436 990 4490 Judaei
1027 4437 1277 4491 Christum
1310 4440 1615 4506 interﬁcere,
1647 4442 1766 4511 quia
1802 4458 1902 4497 non
1935 4443 2097 4496 solum

513 4537 728 4590 solvebat
752 4535 1041 4599 sabbatum,
1075 4535 1162 4589 sed
1185 4544 1234 4589 et
1277 4534 1477 4588 Patrem
1509 4553 1657 4590 suum
1685 4537 1879 4590 dicebat
1906 4538 2095 4604 Deum,

513 4627 752 4690 tequalem
777 4643 830 4680 se
854 4625 1042 4694 faciens
1074 4625 1181 4678 Deo
1211 4625 1386 4697 (Joan.
1414 4641 1471 4691 v,
1502 4626 1614 4695 18);
1643 4635 1697 4682 et
1729 4628 1851 4698 quia
1881 4629 2099 4699 gratiam

515 4735 604 4788 pro
626 4719 789 4789 gratia
815 4718 1130 4787 accepimus;
1150 4727 1202 4773 et
1227 4718 1463 4787 quoniam
1488 4717 1597 4772 Lea:
1629 4735 1716 4789 per
1742 4718 1954 4790 Moysen
1979 4721 2099 4774 data

513 4818 584 4862 est
604 4851 616 4870 ,
654 4807 830 4861 Gratia
877 4817 1043 4860 autem
1069 4816 1113 4860 et
1141 4808 1322 4861 veritas
1351 4824 1439 4877 per
1466 4807 1641 4861 Iesum
1670 4807 1924 4863 Christum
1963 4809 2100 4878 facta

514 4908 586 4954 cst
620 4898 728 4971 (Id.
756 4916 794 4965 ι,
825 4899 912 4962 16,
944 4900 1053 4966 17);
1084 4907 1137 4954 et
1167 4914 1262 4969 per
1294 4900 1578 4954 Jeremiam
1618 4902 1938 4972 promissum
1983 4913 2094 4972 est,

515 4993 758 5046 daturum
786 4994 953 5048 Deum
975 4994 1370 5047 Testamentum
1392 5009 1586 5048 novum
1607 4995 1786 5049 domui
1804 4995 1959 5061 Juda,
1991 5012 2099 5051 non

513 5085 802 5140 secundum
847 5085 1243 5141 Testamentum
1268 5085 1408 5156 quod
1439 5087 1698 5156 disposuit
1732 5089 1970 5158 patribus
2000 5104 2096 5144 eo-

515 5189 629 5229 rnu;
650 5174 783 5246 (lar.
833 5189 988 5240 ιλιι,
1011 5175 1101 5246 51)
1129 5194 1143 5230 :
1201 5193 1307 5232 non
1347 5187 1522 5233 tamen
1548 5179 1777 5234 arbitror
1796 5179 1967 5249 ipsum
1991 5181 2098 5235 Do-

517 5269 719 5324 minum
761 5265 1016 5325 falaciter
1041 5285 1068 5324 a
1110 5271 1416 5339 parentibus
1459 5272 1852 5326 circumcisum.
1897 5273 2004 5326 Aut
2052 5273 2098 5328 si

515 5359 617 5414 hoc
641 5367 857 5431 propter
875 5371 1084 5416 aetatem
1118 5362 1337 5419 minime
1363 5363 1712 5432 prohibebat;
1741 5377 1839 5418 nec
1858 5363 1988 5419 illud
2013 5379 2099 5418 ar-

583 5560 1016 5636 ‘Eddprroaresu
1037 5575 1147 5636 vere
1169 5562 1519 5636 ιεηιηοπιτρτφ
1887 5560 1982 5613 ’ἀεί
1999 5560 2101 5636 ille.

519 5623 869 5675 observatiOnes
897 5623 955 5675 ab
991 5624 1203 5675 omnibus
1238 5623 1518 5675 (In-istianis
1540 5623 1913 5684 desererentur;
1956 5637 2015 5674 ne
2057 5624 2100 5676 si

521 5693 634 5736 tunc
669 5684 855 5752 ﬁerent,
898 5699 996 5752 nos:
1042 5687 1446 5752 discernerentur,
1476 5695 1570 5737 etc.
1597 5694 1652 5752 at
1673 5695 1779 5752 MSS.
1805 5688 1973 5752 viginti
2018 5699 2098 5736 ca-

529 5747 764 5812 rent'his
806 5750 996 5812 verbis,
1043 5757 1145 5812 erat
1189 5747 1531 5812 perniciorm,
1560 5747 1668 5812 nisi.
1694 5747 1876 5798 Deludé
1899 5747 2098 5812 habent,

525 5822 584 5861 ne
607 5807 651 5861 si
692 5815 804 5860 tunc
824 5808 1014 5875 ﬁerent,
1040 5810 1088 5860 id
1133 5807 1209 5860 est
1230 5823 1294 5860 ne
1316 5813 1357 5862 si
1382 5813 1534 5874 primo
1555 5811 1637 5862 illo
1660 5819 1880 5873 tempore
1899 5807 2101 5861 desereé

1694 383 1752 438 ὃ.
1793 380 2158 440 AUGUSTINI
2193 381 2499 442 EPISCOPI

2219 497 2386 552 bitror
2405 512 2525 551 eum
2555 495 2752 552 dixisse
2779 493 3033 552 fallaciter
3061 494 3305 566 leproso,
3331 510 3488 565 quem
3510 503 3655 553 certe
3685 513 3789 553 non

2219 584 2306 640 illa
2335 601 2427 656 per
2451 585 2666 658 Moysen
2695 595 2955 657 praecepta
2978 586 3295 652 observatio,
3323 585 3416 642 sed
3443 586 3554 658 ipse
3576 585 3792 644 manda-

2219 687 2368 733 verat
2395 695 2411 734 :
2450 677 2587 732 Vade
2603 687 2650 732 et
2676 677 2805 747 offer
2844 695 2935 750 pro
2966 688 3013 734 te
3040 679 3342 748 sacriﬁcium
3373 679 3507 750 quod
3558 683 3793 754 praecepit

2217 767 2421 840 Moyses
2457 769 2512 824 in
2548 770 2885 826 testimonium
2907 770 3008 826 illis
3039 768 3226 843 (Marc.
3260 786 3311 838 ι,
3339 771 3450 841 tu).
3499 770 3609 828 Nec
3647 769 3796 827 falla-

2216 862 2348 918 citer
2374 862 2612 918 ascendit
2633 862 2699 917 ad
2727 862 2867 918 diem
2896 861 3087 920 festum
3108 904 3121 929 ,
3152 878 3314 933 usque
3342 863 3474 918 adeo
3500 879 3606 919 non
3635 880 3794 920 causa

2215 954 2584 1008 ostentationis
2632 968 2812 1009 coram
2860 951 3188 1018 hominibus,
3248 962 3304 1008 ut
3366 969 3470 1009 non
3522 953 3797 1012 evidenter

2213 1044 2540 1112 ascenderit,
2587 1044 2683 1100 sed
2712 1045 2934 1100 latenter
2963 1043 3135 1116 (Ioan.
3167 1060 3262 1111 vn,
3295 1042 3410 1116 10).

2287 1136 2373 1190 19.
2397 1137 2468 1190 At
2491 1121 2631 1191 enim
2653 1134 2784 1192 dixit
2809 1135 2947 1190 idem
2970 1137 3242 1207 apostolus
3275 1153 3288 1188 :
3325 1133 3453 1190 Ecce
3477 1153 3568 1208 ego
3599 1135 3796 1194 Paulus

2213 1226 2326 1280 dico
2342 1225 2477 1282 vobis
2491 1227 2610 1297 curia
2623 1228 2665 1282 si
2681 1226 3126 1293 circumcidamini,
3143 1225 3372 1282 Christus
3389 1227 3524 1282 vobis
3541 1227 3670 1283 nihil
3687 1247 3800 1300 pro-

2212 1316 2338 1370 derit
2363 1315 2502 1389 (Gal.
2526 1315 2680 1389 v,2).
2715 1317 2927 1387 Decepit
2954 1332 3079 1389 ergo
3106 1317 3471 1386 Timotheum,
3503 1327 3556 1374 et
3600 1318 3722 1374 fecit
3745 1323 3798 1378 ei

2211 1408 2340 1464 nihil
2368 1409 2620 1479 prodesse
2639 1409 2925 1465 Christum.
2954 1409 3035 1464 An
3056 1409 3176 1480 quia
3198 1409 3298 1464 hoc
3322 1409 3575 1466 fallaciter
3601 1411 3796 1466 factum

2210 1508 2313 1567 est,
2332 1500 2452 1556 ideo
2477 1517 2582 1556 non
2602 1499 2806 1556 obfuit?
2821 1501 2891 1556 At
2907 1501 3136 1571 ipsehoc
3157 1516 3260 1556 non
3283 1502 3476 1572 posuit,
3503 1517 3603 1558 nec
3624 1504 3716 1569 ait,
3739 1503 3798 1557 Si

2209 1591 2661 1648 circumcidamini
2676 1593 2956 1662 veraciter,
2978 1593 3118 1647 sicut
3139 1607 3235 1648 nec
3260 1593 3532 1662 fallaciter;
3556 1595 3649 1650 sed
3679 1593 3800 1652 sine

2208 1686 2317 1742 ulla
2359 1687 2669 1757 exceptione
2712 1685 2843 1741 dixit
2889 1703 2902 1740 :
2946 1684 3011 1740 Si
3057 1685 3518 1752 circumcidamini,
3565 1684 3800 1741 Christus

2209 1777 2345 1832 vobis
2378 1776 2507 1831 nihil
2530 1775 2774 1848 proderit.
2806 1775 2955 1830 Sicut
2997 1791 3126 1847 ergo
3162 1785 3217 1830 tu
3246 1777 3325 1831 vis
3355 1773 3440 1830 hic
3467 1777 3636 1831 locum
3664 1775 3799 1832 dare

2208 1869 2487 1925 sententias
2521 1877 2662 1934 tum,
2706 1876 2765 1923 ut
2793 1868 2925 1924 velis
2968 1868 3317 1939 subintelligi,
3353 1866 3450 1922 nisi
3501 1867 3796 1935 fallaciter;

2208 1961 2282 2016 ita
2320 1976 2428 2018 non
2467 1959 2831 2030 imprudenter
2859 1957 3041 2030 ﬂagito
3063 1968 3120 2014 ut
3148 1960 3308 2014 etiam
3335 1974 3431 2014 nos
3461 1959 3566 2013 illic
3595 1959 3799 2014 intelli-

2206 2067 2332 2123 gere
2357 2053 2500 2106 sinas
2524 2052 2603 2108 eis
2631 2050 2852 2116 dictum,
2873 2050 2934 2107 Si
2954 2051 3405 2116 circumcidamini,
3436 2049 3523 2122 qui
3554 2062 3802 2122 propter-

2207 2158 2271 2199 ea
2318 2141 2564 2198 volebant
2602 2141 2944 2209 circumcidi,
2991 2140 3131 2212 quod
3160 2142 3312 2197 aliter
3356 2157 3413 2196 se
3441 2141 3700 2212 putabant
3741 2142 3800 2197 in

2206 2232 2420 2290 Christo
2434 2233 2610 2290 salvos
2628 2247 2747 2289 esse
2763 2249 2866 2288 non
2889 2247 3062 2303 posse.
3089 2232 3200 2287 Hoc
3214 2247 3342 2302 ergo
3359 2233 3558 2298 animo,
3587 2233 3686 2286 hac
3708 2248 3807 2288 vo-

2209 2326 2430 2393 luntate,
2455 2327 2553 2382 ista
2573 2327 2867 2382 intentione
2888 2325 3121 2397 quisquis
3140 2335 3262 2380 tunc
3280 2325 3766 2380 circumcidebatur
3781 2369 3797 2396 ,

2206 2416 2448 2476 Christus
2471 2419 2523 2475 ei
2555 2419 2683 2474 nihil
2704 2417 2922 2474 omnino
2950 2417 3198 2487 proderat
3226 2434 3239 2469 :
3267 2415 3414 2471 Sicut
3443 2417 3568 2472 alibi
3607 2426 3803 2488 aperte

2205 2509 2366 2576 dicit,
2409 2509 2546 2564 Nam
2573 2511 2618 2564 si
2645 2527 2734 2580 per
2759 2509 2944 2580 Legem
2963 2509 3165 2580 justitia
3184 2550 3199 2576 ,
3227 2525 3344 2579 ergo
3380 2507 3606 2563 Christus
3633 2511 3805 2580 gratis

2208 2610 2434 2656 mortuus
2459 2600 2691 2674 πείσαι.
2725 2617 2782 2664 ιι.
2819 2599 2932 2670 21).
2977 2597 3087 2654 Hoc
3140 2598 3375 2654 declarat
3414 2608 3468 2653 et
3503 2599 3641 2670 quod
3683 2601 3805 2671 ipse

2205 2694 2632 2751 eorumemorasti
2651 2711 2664 2748 :
2683 2692 2930 2748 Evacuati
2941 2691 3056 2758 estis
3075 2708 3106 2744 a
3122 2689 3319 2744 Christo
3336 2689 3488 2761 quiin
3510 2688 3807 2763 Legcjusti-

2206 2786 2432 2855 ﬁcamini
2449 2800 2469 2849 ;
2489 2802 2523 2840 a
2542 2785 2706 2856 gratia
2735 2784 3011 2838 excidistis.
3036 2780 3162 2836 Illos
3191 2781 3367 2851 itaque
3394 2781 3597 2851 arguit,
3625 2781 3720 2852 qui
3743 2795 3807 2838 se

2201 2876 2480 2946 iustificari
2514 2876 2566 2931 in
2594 2876 2734 2946 Lege
2754 2873 3081 2937 credebant,
3110 2887 3214 2926 nou
3253 2870 3344 2941 qui
3369 2871 3596 2942 legitima
3627 2870 3721 2926 illa
3751 2873 3807 2928 in

2207 2967 2324 3036 ejus
2355 2967 2644 3033 honorem,
2694 2981 2725 3021 a
2765 2979 2876 3036 quo
2923 2962 3166 3018 mandata
3203 2972 3360 3029 sunt,
3409 2961 3805 3030 observabant,

2207 3061 2560 3130 iutelligcntes
2595 3068 2652 3115 et
2687 3074 2792 3130 qua
2839 3055 3250 3126 praenuntianda:
3307 3054 3548 3109 veritatis
3590 3055 3809 3113 ratione

2205 3153 2452 3209 mandata
2482 3155 2616 3218 sint,
2646 3161 2701 3208 et
2727 3163 3006 3222 quousque
3043 3147 3270 3203 debeant
3297 3146 3606 3216 perdurare.
3640 3145 3808 3203 Unde

2203 3257 2284 3302 est
2308 3248 2436 3302 illud
2463 3246 2603 3317 quod
2623 3247 2730 3312 ait,
2762 3243 2828 3300 Si
2845 3242 3023 3312 spiritu
3045 3239 3286 3294 ducimini
3307 3282 3321 3307 ,
3349 3256 3448 3293 non
3480 3239 3649 3292 adhuc
3680 3241 3810 3295 estis

2203 3343 2292 3397 sub
2316 3341 2448 3412 Lege
2464 3340 2573 3413 (Id.
2595 3356 2648 3407 v,
2672 3341 2726 3407 ι,
2751 3340 2843 3410 18)
2866 3355 2878 3390 :
2904 3335 3042 3390 unde
3059 3376 3074 3402 ,
3103 3335 3244 3390 velut
3268 3333 3472 3405 colligis
3493 3375 3506 3400 ,
3534 3337 3812 3406 apparet‘

2203 3433 2290 3504 qui
2335 3433 2435 3488 sub
2464 3435 2602 3502 Lege
2636 3440 2717 3487 est
2749 3445 2857 3486 non
2901 3427 3255 3498 dispensative
3293 3434 3352 3479 ut
3391 3434 3600 3480 nostros
3648 3436 3816 3496 putas

2204 3527 2433 3580 voluisse
2458 3528 2705 3593 majores,
2729 3523 2824 3579 sed
2841 3535 2991 3584 vere,
3011 3527 3180 3590 utego
3207 3516 3464 3588 intelligo,
3480 3532 3604 3574 eum
3625 3517 3817 3588 Spiri—

2203 3626 2313 3671 tum
2343 3626 2580 3672 sanctum
2613 3631 2718 3671 non
2741 3615 2963 3670 habere.

2271 3709 2360 3764 20.
2391 3709 2573 3779 Magna
2614 3709 2742 3763 mihi
2774 3708 2980 3764 videtur
3009 3703 3241 3778 quiestio
3261 3743 3277 3770 ,
3305 3701 3428 3772 quid
3457 3701 3525 3756 sit
3555 3715 3680 3757 esse
3706 3701 3824 3758 sub

2202 3800 2340 3870 Lege
2360 3801 2455 3863 sic,
2476 3798 2919 3870 quemadmodum
2937 3795 3228 3870 Apostolus
3245 3795 3440 3864 culpat.
3459 3792 3639 3862 Neque
3658 3793 3824 3849 enim

2203 3890 2304 3945 hoc
2328 3906 2448 3946 eum
2482 3900 2694 3960 propter
2721 3890 3178 3945 circumcisioncm
3212 3885 3441 3942 arbitror
3460 3882 3641 3937 dicere
3660 3925 3674 3946 ν
3713 3891 3826 3939 aut

2201 3983 2286 4037 illa
2325 3982 2583 4037 sacriﬁcia
2609 3998 2726 4053 qua:
2755 3991 2877 4036 tunc
2901 3981 3036 4036 facta
3064 3997 3094 4034 a
3117 3981 3386 4052 patrihus,
3408 3989 3554 4028 nunc
3578 3989 3605 4027 εὶ
3639 3969 3828 4030 Chri-

2200 4073 2386 4128 stianis
2407 4087 2508 4126 non
2541 4072 2690 4138 ﬁunt,
2720 4083 2772 4126 ct
2796 4081 2986 4126 caetera
3009 4071 3306 4142 hujusmodi
3337 4090 3350 4126 :
3379 4070 3472 4125 sed
3491 4072 3590 4125 hoc
3613 4071 3824 4141 ipsum

2202 4166 2360 4221 etiam
2378 4164 2516 4234 quod
2539 4164 2649 4219 Lex
2673 4163 2830 4229 dicit,
2859 4162 2977 4216 Non
2992 4163 3310 4234 concupisces
3342 4161 3535 4232 (Exod.
3569 4179 3669 4229 xx,
3709 4165 3824 4224 l7.

2199 4268 2246 4310 et
2267 4256 2414 4310 Deut.
2435 4272 2498 4322 v,
2536 4255 2628 4328 21)
2645 4295 2660 4321 ,
2681 4254 2818 4325 quod
2840 4257 3063 4310 fatemur
3083 4265 3225 4310 certe
3247 4248 3571 4309 Christianos
3593 4254 3827 4314 debere

2201 4351 2503 4416 observare,
2536 4360 2694 4419 atque
2709 4348 3008 4417 evangelica
3029 4349 3255 4402 maxime
3283 4345 3635 4402 illustratiouc
3660 4363 3829 4418 prae-

2201 4441 2387 4506 dicari,
2415 4440 2606 4508 Legem
2633 4437 2760 4494 dicit
2789 4453 2907 4492 esse
2937 4446 3204 4504 sanctam,
3240 4446 3292 4492 et
3332 4435 3640 4490 mandatum
3676 4429 3832 4493 san-

2200 4543 2364 4598 ctum,
2384 4541 2436 4586 ct
2451 4532 2649 4600 justum
2665 4540 2719 4586 et
2741 4531 2956 4594 bonum;
2975 4528 3168 4584 deinde
3189 4529 3484 4600 subjungit:
3509 4530 3666 4595 Quod
3686 4548 3832 4602 ergo

2201 4624 2386 4678 bonum
2405 4632 2496 4687 est,
2525 4623 2648 4676 mihi
2671 4626 2860 4693 factum
2880 4629 2952 4675 est
2974 4637 3107 4674 mors
3123 4619 3301 4674 ?Absit
3319 4636 3336 4684 ,'
3354 4619 3441 4673 sed
3458 4629 3742 4689 peccatum
3770 4631 3836 4677 ut

2201 4725 2444 4786 appareat
2461 4724 2739 4784 peccatum,
2757 4729 2846 4783 per
2860 4711 3043 4766 bonum
3061 4711 3182 4764 mihi
3199 4720 3460 4781 operatum
3471 4720 3541 4763 est
3558 4723 3831 4777 mortem,

2202 4817 2255 4862 ut
2271 4809 2359 4877 fiat
2384 4823 2537 4878 supra
2565 4805 2768 4859 modum
2787 4812 3015 4874 peccator
3034 4813 3120 4856 aut
3143 4812 3428 4872 peccatum,
3462 4817 3552 4873 per
3578 4805 3839 4860 manda-

2204 4909 2309 4952 tum
2323 4896 2496 4971 (Rom.
2517 4911 2608 4961 vu,
2631 4894 2717 4961 12,
2739 4892 2847 4966 15).
2867 4893 3016 4960 Quod
3035 4902 3210 4948 autem
3234 4892 3319 4947 hic
3339 4883 3482 4955 dicit,
3504 4891 3840 4951 Peccatum

2201 4986 2611 5058 permandatum
2630 4984 2742 5040 fieri
2764 4998 2921 5054 supra
2940 4981 3173 5049 modum,
3192 4983 3290 5036 hoc
3305 4981 3428 5036 alibi
3447 4982 3540 5046 ait,
3562 4979 3680 5036 Lex
3703 4987 3843 5040 sub-

2203 5082 2401 5134 intrauit
2424 5087 2475 5132 ut
2494 5077 2767 5131 abundaret
2786 5074 3041 5130 delictum.
3070 5073 3165 5129 Ubi
3181 5083 3345 5127 autem
3368 5073 3644 5126 abundavit
3679 5077 3848 5132 deli-

2202 5181 2354 5237 stunt,
2377 5167 2796 5240 superabundavit
2814 5175 2861 5220 et
2875 5169 3038 5237 gratia
3061 5164 3169 5240 (Id.
3199 5162 3384 5239 v.10).
3408 5163 3476 5219 Et
3496 5164 3652 5228 alibi,
3686 5181 3846 5222 cum

2203 5262 2445 5332 superius
2463 5261 2532 5316 de
2549 5259 2941 5329 dispensatione
2962 5259 3144 5328 gratia:
3171 5257 3492 5330 loqueretur,
3512 5255 3666 5325 quod
3697 5258 3853 5329 ips.

2198 5355 2470 5425 justilicct,
2501 5352 2647 5408 velut
2672 5356 3003 5422 interrogans
3023 5351 3129 5416 ait,
3157 5348 3292 5415 Quid
3314 5364 3431 5419 ergo
3457 5345 3605 5400 Lex?
3635 5359 3854 5424 atque

2203 5448 2326 5503 huic
2348 5445 3013 5517 interrogationicontinuo
3034 5442 3326 5512 respondit,
3348 5439 3860 5506 Prteuaricasionis

2203 5540 2366 5613 gratia
2410 5542 2574 5610 posita
2601 5547 2704 5604 est,
2737 5537 2893 5590 donec
2929 5535 3115 5590 veniret
3158 5551 3322 5589 semen
3369 5533 3452 5588 cui
3487 5535 3863 5602 promissum

2201 5644 2274 5689 est
2301 5633 2441 5705 (Gal.
2465 5649 2542 5699 ιιι,
2578 5631 2690 5700 19).
2721 5631 2828 5686 Hos
2849 5645 2975 5701 ergo
2995 5628 3366 5684 damuabiliter
3389 5623 3516 5681 dicit
3544 5642 3690 5684 csse
3733 5639 3869 5692 sub

2203 5729 2359 5800 Lege,
2384 5744 2515 5798 quos
2535 5741 2657 5780 reus
2676 5724 2799 5779 facit
2830 5725 2956 5792 Lex,
2983 5739 3085 5778 non
3119 5724 3398 5794 itnpleutes
3420 5719 3617 5790 Legem
3641 5763 3663 5788 ,
3695 5723 3873 5786 dum

2271 5867 2289 5898 ι
2310 5863 2443 5925 Edd.,
2467 5874 2719 5928 apparere.
2743 5861 2834 5914 sed
2855 5862 3136 5914 concinnius
3164 5861 3263 5913 duo
3285 5861 3452 5922 vstic.,
3474 5869 3745 5922 appares.
