4032 6334
547 323 656 390 ΩΒῚ

548 449 794 521 superius
845 449 898 506 in
945 448 1183 520 ejusdem
1230 446 1554 505 narrationis
1608 443 1830 503 exordio
1885 445 2134 516 religiosa

547 556 680 597 voce
708 541 840 608 mihi,
879 542 1235 596 clamantem:
1272 542 1397 608 Qua:
1432 548 1595 593 autem
1624 537 1788 592 scribo
1813 537 1983 604 vobis,
2026 552 2137 592 ecce

545 650 715 689 coram
748 633 872 700 Deo,
899 635 1018 703 quia
1043 651 1142 688 non
1171 633 1383 686 mentior
1412 630 1550 701 (Gal.
1577 646 1616 697 ι,
1645 629 1760 700 20).

618 725 708 782 25.
744 727 877 781 Dent
909 727 1115 781 veniam
1140 724 1363 796 quilibet
1386 723 1529 778 aliud
1549 723 1828 794 opinantes
1853 738 1868 787 ;
1899 735 1998 792 ego
2022 734 2138 776 ma-

544 819 626 889 gis
657 817 819 873 credo
843 827 990 872 tanto
1017 817 1259 886 apostolo
1293 817 1346 871 in
1389 817 1530 881 suis,
1565 823 1618 870 et
1644 830 1744 887 pro
1781 813 1892 870 suis
1919 813 2136 868 Litteris

539 910 739 981 juranti
759 953 775 978 ,
806 928 960 981 quam
1001 911 1248 982 cuiquam
1293 910 1602 966 doctissimo
1628 909 1694 965 de
1723 909 1912 964 alienis
1945 907 2136 963 litteris

544 1002 854 1071 disputanti.
883 1003 989 1058 Nec
1014 1003 1118 1057 dici
1150 1004 1328 1069 timeo,
1354 1018 1440 1058 me
1459 1003 1537 1058 sic
1563 1001 1786 1057 Paulum
1817 999 2131 1068 defendere,

542 1094 682 1163 quod
728 1109 831 1148 non
874 1094 1136 1148 simularit
1179 1109 1419 1149 errorem
1466 1093 1814 1159 Judaeorum,
1864 1091 1959 1148 sed
2006 1107 2135 1148 vere

545 1183 706 1239 fuerit
734 1186 785 1239 in
816 1200 1018 1240 errore.
1047 1185 1308 1252 Quoniam
1341 1200 1514 1255 neque
1554 1185 1840 1241 simulabat
1867 1199 2130 1252 errorem,
2181 1205 2185 1208 λ

542 1276 628 1344 qui
659 1276 902 1331 libertate
924 1277 1240 1347 apostolica,
1263 1278 1400 1332 sicut
1426 1277 1500 1332 illi
1525 1277 1752 1348 tempori
1781 1277 2130 1348 congruebat,

543 1375 719 1422 vetera
753 1370 836 1424 illa
870 1379 1230 1434 sacramenta,
1264 1370 1352 1424 ubi
1386 1385 1520 1440 opus
1562 1379 1704 1436 erat,
1739 1369 1946 1440 agendo
1987 1385 2107 1425 com

541 1462 822 1537 mendabat
857 1478 916 1517 ea
938 1505 951 1526 ,
984 1478 1088 1518 non
1118 1472 1316 1518 satana:
1345 1463 1576 1518 versutia
1603 1463 1932 1534 decipiendis
1961 1463 2134 1518 homi-

541 1552 720 1614 nibus.
741 1554 832 1608 sed
859 1555 950 1609 Dei
973 1555 1303 1624 providentia
1323 1555 1746 1626 praenuntiandis
1764 1556 1923 1610 rebus
1943 1555 2135 1611 futuris

543 1642 853 1712 prophetice
883 1645 1209 1700 constituta:
1240 1660 1340 1700 nec
1378 1660 1502 1701 vere
1542 1645 1716 1700 fuerat
1742 1645 1792 1700 in
1831 1661 2014 1701 errore
2042 1646 2136 1702 Ju-

541 1732 800 1799 darorum,
835 1736 922 1805 qui
956 1751 1060 1790 non
1092 1737 1263 1792 solum
1295 1745 1534 1801 noverat,
1564 1736 1656 1791 sed
1685 1738 1844 1792 etiam
1875 1737 2134 1793 instanter

540 1834 596 1878 et
624 1826 822 1880 acriter
851 1828 1171 1897 praedicabat
1194 1842 1288 1884 eos
1319 1844 1520 1895 errare,
1551 1829 1640 1900 qui
1670 1829 1926 1899 putabant
1951 1829 2134 1886 Genti-

540 1915 638 1971 bus
669 1918 1011 1988 imponenda,
1036 1921 1119 1977 vel
1141 1921 1504 1992 justiﬁeationi
1525 1937 1982 1995 quorumcumque
2004 1923 2135 1980 lide-

541 2006 671 2063 lium
700 2014 1023 2067 necessaria.

609 2102 698 2156 26.
739 2104 891 2170 Quod
921 2114 1099 2160 autem
1130 2105 1240 2160 dixi
1278 2121 1399 2162 eum
1431 2106 1626 2161 factum
1657 2106 1857 2164 Judaeis
1883 2117 2131 2180 tanquam

537 2190 783 2249 Judaeum
811 2203 866 2250 et
903 2204 1154 2266 tauquam
1195 2198 1446 2268 gentilem
1485 2197 1783 2254 Gentilibus
1803 2242 1818 2268 ,
1847 2215 1952 2254 non
1984 2216 2136 2256 meu-

538 2285 720 2341 tientis
743 2295 884 2350 astu,
908 2287 1001 2343 sed
1029 2289 1401 2359 compatientis
1425 2290 1616 2346 affectu
1643 2310 1656 2345 :
1684 2292 2132 2363 quemadmodum

537 2375 762 2432 dixerim
797 2393 983 2448 parum
1010 2379 1139 2435 mihi
1165 2380 1311 2435 visus
1331 2395 1390 2436 es
1417 2382 1741 2448 attendisse;
1775 2384 1883 2439 imo
1907 2399 2006 2456 ego
2028 2384 2135 2440 for-

539 2475 682 2523 tasse
710 2483 820 2524 non
858 2471 988 2526 satis
1016 2470 1118 2526 hoc
1144 2472 1430 2543 explanare
1461 2466 1748 2543 potuerim.
1776 2473 1961 2546 Neque
1990 2475 2132 2531 enim

538 2560 642 2618 hoc
671 2563 792 2619 ideo
829 2565 974 2631 dixi,
1005 2566 1146 2637 quod
1191 2567 1608 2624 misericorditer
1634 2569 1724 2624 illa
1765 2569 2128 2636 simulaverit;

538 2657 800 2728 sedquia
838 2659 915 2715 sic
961 2673 1068 2715 non
1107 2675 1170 2715 ea
1211 2661 1481 2716 simulavit
1517 2677 1635 2734 qua:
1674 2662 1903 2719 faciebat
1940 2664 2132 2719 similia

538 2745 738 2803 Iudicis
762 2791 777 2815 ,
813 2751 1262 2821 quemadmodum
1294 2768 1395 2808 nec
1421 2753 1508 2808 illa
1537 2769 1658 2824 quae
1683 2753 1910 2810 faciebat
1938 2756 2132 2810 similia

539 2835 819 2907 Gentibus,
851 2856 970 2911 qua:
1019 2852 1073 2896 tu
1118 2857 1331 2913 quoque
1371 2846 1841 2912 commemorasti;
1871 2853 2028 2916 atque
2076 2847 2130 2901 in

538 2942 606 2984 eo
635 2945 743 2998 me,
769 2931 910 3002 quod
941 2947 1047 2988 non
1080 2933 1287 3004 ingrate
1313 2933 1503 3000 fateor,
1533 2933 1805 3006 adjuvisti.
1827 2937 1958 2992 Cum
1987 2936 2132 2992 enim

537 3022 635 3078 abs
663 3030 714 3078 te
755 3024 1067 3094 quaesissem
1097 3025 1151 3081 in
1181 3026 1406 3097 epistola
1440 3041 1590 3092 mea,
1616 3027 1884 3098 quomodo
1920 3036 2134 3098 putetur

537 3112 660 3170 ideo
695 3114 869 3172 factus
905 3116 1104 3174 Iudaeis
1149 3126 1398 3190 tanquam
1441 3119 1676 3185 Judaeus,
1710 3120 1834 3191 quia
1859 3120 2134 3178 fallaciter

537 3207 777 3276 suscepit
795 3218 1133 3264 sacramenta
1159 3209 1490 3276 Iudaeorum,
1512 3227 1634 3268 cum
1660 3219 1718 3267 et
1737 3211 1994 3268 Gentibus
2018 3221 2133 3269 tan-

537 3310 698 3368 quam
727 3299 940 3368 gentilis
965 3298 1136 3356 factus
1157 3300 1248 3368 sit,
1280 3315 1380 3356 nec
1409 3310 1584 3357 tamen
1615 3302 1850 3373 suscepit
1875 3303 2133 3359 fallaciter

537 3387 796 3444 sacrificia
821 3389 1110 3455 Gentium;
1143 3400 1198 3445 tu
1223 3391 1567 3462 respondisti,
1593 3393 1647 3448 in
1673 3408 1739 3449 eo
1765 3393 1962 3449 factum
1991 3394 2136 3450 Gen-

539 3477 683 3533 tibus
726 3487 976 3550 tanquam
1005 3481 1257 3550 gentilem
1277 3524 1292 3548 ,
1321 3483 1463 3554 quod
1499 3484 1814 3555 praeputium
1847 3488 2130 3557 receperit,

538 3569 682 3639 quod
703 3568 1068 3627 indifferenter
1083 3574 1387 3642 permiserit
1403 3575 1549 3631 vesci
1568 3575 1702 3630 cibis
1723 3591 1859 3646 quos
1879 3577 2134 3636 damnant

539 3658 712 3716 Judaai
738 3678 752 3716 :
777 3662 865 3718 ubi
887 3677 989 3734 ego
1007 3680 1190 3735 quaero
1217 3677 1394 3722 utrum
1421 3676 1475 3723 et
1504 3668 1607 3725 hoc
1635 3669 1880 3726 simulate
1904 3671 2091 3728 fecerit
2115 3691 2130 3728 :

540 3751 684 3821 quod
727 3753 774 3808 si
817 3753 1259 3812 absurdissimum
1304 3765 1463 3829 atque
1507 3758 1850 3816 falsissimum
1891 3771 2010 3830 est;
2054 3764 2132 3819 sic

537 3855 668 3912 ergo
705 3851 760 3898 et
797 3842 888 3898 illa
927 3845 980 3900 in
1021 3845 1212 3916 quibus
1249 3846 1555 3904 Iudaeorum
1597 3851 1967 3908 consuetudini
2005 3868 2133 3910 con-

537 3933 760 4004 gruebat
801 3935 1046 3993 libertate
1093 3938 1363 4010 prudenti,
1410 3956 1518 3996 non
1563 3943 1882 3999 necessitate
1925 3946 2128 4012 servili,

537 4033 630 4080 aut
669 4026 811 4098 quod
850 4037 933 4085 est
970 4029 1260 4102 indignius,
1303 4031 1702 4104 dispensatione
1739 4033 1916 4094 fallaci
1955 4037 2130 4110 potius

535 4133 696 4190 quam
725 4119 886 4178 fideli.

604 4211 694 4266 27.
737 4212 1010 4272 Fidelibus
1038 4216 1180 4273 enim
1200 4259 1216 4285 ,
1244 4225 1301 4274 et
1322 4218 1388 4275 iis
1416 4219 1507 4290 qui
1542 4231 1904 4291 cognoverunt
1930 4223 2127 4279 verita-

535 4315 665 4374 tem,
696 4308 835 4364 sicut
864 4310 978 4380 ipse
1007 4319 1252 4380 testatur,
1284 4313 1386 4368 nisi
1419 4313 1556 4369 forte
1585 4323 1638 4369 et
1664 4315 1750 4371 hic
1776 4315 1939 4384 fallit,
1966 4317 2129 4372 omnis

534 4409 766 4455 creatura
803 4401 900 4456 Dei
936 4403 1066 4458 bona
1095 4413 1167 4459 est
1186 4446 1201 4470 ,
1227 4414 1276 4459 et
1315 4406 1448 4460 nihil
1485 4407 1823 4477 abjiciendum
1850 4411 1986 4480 quod
2012 4427 2129 4465 cum

535 4493 818 4564 gratiarum
845 4495 1044 4550 actione
1067 4497 1314 4568 accipitur
1342 4497 1386 4570 (l
1408 4497 1543 4554 Tim.
1574 4515 1646 4564 tv,
1677 4501 1758 4568 4).
1784 4501 1924 4572 Ergo
1947 4511 2001 4558 et
2025 4502 2126 4573 ipsi

537 4583 706 4640 Paulo
749 4601 856 4640 non
895 4587 1066 4642 solum
1105 4588 1222 4643 viro
1263 4590 1302 4656 ³,
1347 4604 1532 4644 verum
1573 4592 1743 4666 etiam
1770 4592 2127 4662 dispensatori

535 4677 768 4733 maxime
812 4677 978 4744 fideli,
1030 4695 1137 4735 non
1186 4681 1357 4737 solum
1407 4683 1687 4753 cognitori,
1736 4700 1919 4741 verum
1964 4688 2126 4743 etiam

533 4769 742 4826 doctori
783 4771 1042 4839 veritatis,
1073 4773 1251 4829 omnis
1284 4774 1464 4844 utique
1501 4775 1554 4830 iu
1583 4775 1719 4830 cibis
1757 4786 2000 4833 creatura
2033 4779 2126 4834 Dei

533 4878 644 4920 non
667 4864 914 4920 simulate
933 4907 948 4932 ,
975 4865 1069 4921 sed
1092 4881 1219 4922 vere
1248 4867 1387 4922 bona
1413 4877 1546 4922 erat.
1575 4867 1683 4923 Cur
1709 4869 1865 4940 igitur
1892 4870 2024 4927 nihil
2048 4871 2125 4926 si-

533 4955 731 5011 mulate
759 4957 1106 5027 suscipiendo
1129 4973 1404 5014 sacrorum
1442 4961 1960 5034 cerimoniarumque
1986 4963 2128 5020 Gen-

534 5047 701 5102 tilium
723 5089 738 5115 ,
777 5049 873 5104 sed
902 5049 971 5105 de
996 5050 1131 5107 cibis
1163 5059 1217 5106 et
1253 5053 1514 5122 prmpntiu
1541 5069 1726 5109 verum
1756 5057 2035 5112 sentiendo
2063 5072 2128 5114 ac

534 5140 801 5210 docendo,
834 5154 1010 5200 tamen
1037 5154 1284 5217 tanquam
1309 5147 1523 5218 gentilis
1543 5149 1712 5204 factus
1733 5158 1817 5206 est
1843 5150 2122 5221 Gentibus,

534 5244 591 5288 et
617 5249 722 5290 non
746 5236 918 5305 potuit
947 5236 1060 5292 fieri
1085 5246 1335 5308 tanquam
1364 5238 1580 5295 Judmus
1603 5240 1823 5308 Judaeis,
1846 5243 1946 5297 nisi
1974 5242 2129 5297 falla-

533 5328 667 5382 citer
707 5328 1048 5398 suscipiendo
1085 5339 1416 5386 sacramenta
1458 5331 1807 5388 Judmorum?
1845 5332 1953 5389 Cur
1977 5333 2126 5390 olea-

535 5426 647 5473 stro
687 5419 890 5475 inserto
923 5422 1154 5476 servavit
1192 5421 1605 5493 dispensationis
1640 5438 1885 5479 veracem
1924 5424 2123 5491 fidem;

535 5518 592 5566 et
625 5513 954 5568 naturalibus
981 5515 1146 5571 ramis
1174 5531 1279 5572 non
1307 5525 1480 5583 extra,
1504 5516 1600 5573 sed
1627 5518 1679 5572 in
1705 5516 1896 5572 arbare
1921 5519 2124 5573 consti-

541 5602 691 5669 tutis,
715 5605 896 5660 neseio
916 5605 1057 5676 quod
1081 5607 1482 5678 dispensatoris;
1509 5607 1859 5662 simulationis
1883 5608 2124 5666 velamen

540 5695 824 5753 obtendit?
850 5699 958 5755 Cur
977 5701 1148 5757 factus
1174 5710 1422 5774 tanquam
1451 5701 1662 5773 gentilis
1685 5701 1962 5770 Gentibus,
1984 5703 2125 5776 quod

597 5831 619 5865 ⁸
645 5836 778 5898 tam,
799 5845 928 5888 vero.
953 5841 1011 5888 At
1029 5833 1112 5888 alii
1133 5835 1250 5888 Edd.
1274 5841 1328 5889 et
1347 5841 1454 5889 Mss.
1478 5835 1750 5900 sexdecim.
1771 5847 1891 5889 ure.

1785 327 1849 385 S.
1887 323 2258 385 AUGUSTINI
2295 325 2599 385 EPISCOPI

2245 444 2408 499 sentit
2435 443 2612 514 docet,
2641 444 2784 517 quod
2809 445 2884 501 ait
2907 444 2926 478 ¹
2953 444 3153 515 sentit;
3183 443 3352 504 factus
3380 453 3556 503 autem
3578 452 3835 520 tanquam

2240 537 2458 595 Judazus'
2480 537 2700 605 Judmis,
2724 538 2866 595 aliud
2893 538 2950 594 in
2979 549 3193 610 pectore
3219 539 3438 608 claudit,
3461 539 3607 596 aliud
3631 541 3834 612 promit

2242 628 2296 685 in
2325 630 2518 696 verbis,
2549 630 2603 686 in
2630 629 2806 698 factis,
2839 631 2891 686 in
2917 631 3172 702 scriptis?
3194 631 3298 688 Sed
3323 631 3462 687 absit
3487 631 3590 689 hoc
3618 647 3833 704 sapere.

2241 721 2494 794 Utrisque
2527 722 2669 778 enim
2709 721 2939 778 debebat
2971 721 3281 778 cbaritatem
3317 721 3386 778 de
3424 723 3586 778 corde
3616 739 3756 796 puro
3777 734 3837 781 et

2242 816 2566 871 conscientia
2596 815 2754 880 bona,
2790 823 2845 871 et
2871 814 2976 870 fide
3005 829 3111 870 non
3140 816 3257 869 ttcta
3286 813 3410 887 (Id.
3439 831 3478 882 ι,
3511 813 3602 887 5).
3630 817 3710 871 Ac
3738 831 3838 887 per

2240 907 2345 965 hoc
2373 909 2622 966 omnibus
2658 909 2833 964 omnia
2865 908 3031 964 factus
3061 917 3173 976 est,
3205 917 3264 964 ut
3289 923 3474 964 omnes
3499 908 3839 965 lucrifaceret
3914 939 3928 954 κ

2243 999 2266 1074 (
2287 1001 2306 1056 l
2335 1001 2450 1057 Cor.
2477 1017 2552 1066 rx,
2581 1000 2754 1058 19-22
2779 1001 2820 1072 ),
2850 1015 2956 1056 nou
2987 999 3293 1055 mentientis
3317 1008 3456 1064 astu,
3486 998 3583 1055 sed
3610 1014 3839 1070 compa-

2239 1095 2422 1152 tientis
2467 1094 2700 1161 affectu;
2751 1093 2802 1149 id
2849 1101 2953 1159 est,
2999 1107 3106 1148 non
3153 1091 3332 1147 omnia
3374 1091 3513 1146 mala
3557 1090 3836 1148 hominum

2239 1185 2500 1242 fallaciter
2519 1185 2745 1257 agendo,
2764 1184 2858 1241 sed
2881 1185 3105 1240 aliorum
3126 1183 3363 1238 omnium
3383 1183 3538 1238 malis
3560 1183 3832 1250 omnibus,

2240 1288 2492 1351 tanquam
2531 1280 2577 1334 si
2621 1295 2716 1334 sua
2759 1285 2969 1347 essent,
2997 1275 3356 1333 misericordis
3397 1275 3680 1332 medicinae
3717 1273 3838 1331 dili-

2239 1372 2471 1443 gentiam
2501 1370 2858 1442 procurando.
3300 1418 3324 1423 _

2309 1464 2399 1519 28.
2428 1463 2564 1519 Cum
2586 1463 2762 1534 itaque
2791 1462 2880 1517 illa
2907 1460 3234 1518 Testamenti
3260 1459 3474 1516 Veteris
3498 1466 3837 1516 sacramenta

2238 1555 2397 1612 etiam
2435 1555 2538 1610 sibi
2567 1553 2773 1626 agenda
2802 1554 3024 1609 minime
3049 1551 3366 1619 recusabat,
3397 1566 3504 1606 non
3529 1550 3837 1606 misericor-

2237 1645 2378 1702 diter
2423 1646 2658 1714 fallebat,
2708 1646 2804 1702 sed
2847 1647 3066 1702 omnino
3110 1660 3218 1700 non
3257 1643 3479 1713 fallens,
3526 1652 3692 1714 atque
3735 1642 3838 1700 hoc

2237 1738 2401 1794 modo
2437 1754 2468 1795 a
2515 1740 2743 1796 Domino
2790 1740 2902 1795 Deo
2945 1740 3032 1794 illa
3074 1753 3242 1809 usque
3285 1737 3353 1792 ad
3400 1737 3532 1792 certi
3576 1736 3836 1812 temporis

2238 1830 2692 1902 dispensationem
2728 1832 2880 1901 jussa
2905 1847 3028 1888 esse
3053 1828 3436 1886 commendans
3454 1869 3468 1894 ,
3499 1842 3530 1882 a
3559 1827 3838 1899 sacrilegis

2237 1922 2405 1978 sacris
2431 1921 2682 1978 Gentium
2710 1922 3089 1993 distinguebat.
3128 1921 3276 1976 Tunc
3300 1929 3476 1975 autem
3497 1961 3512 1986 ,
3538 1935 3647 1975 non
3681 1934 3836 1975 men-

2239 2015 2419 2072 tientis
2445 2025 2584 2083 astu,
2607 2017 2702 2073 sed
2727 2016 3102 2087 compatientis
3124 2013 3338 2081 all‘ectu,
3358 2012 3556 2068 .ludazis
3582 2021 3837 2083 tanquam

2237 2105 2452 2162 Iudaeus
2482 2106 2676 2174 fiebat,
2707 2107 2918 2179 quando
2949 2121 3042 2162 eos
3069 2107 3136 2161 ab
3165 2105 3258 2160 illo
3285 2119 3469 2160 errore
3488 2144 3503 2171 ,
3530 2118 3640 2174 quo
3671 2103 3758 2158 vel
3784 2103 3840 2158 iu

2238 2197 2507 2254 Christum
2527 2197 2749 2255 credere
2769 2198 3041 2265 nolebant,
3061 2196 3147 2251 vel
3169 2211 3265 2266 per
3286 2202 3470 2250 vetera
3494 2193 3800 2250 sacerdotia
3817 2195 3838 2226 ⁸

2237 2303 2332 2344 sua
2375 2289 2896 2360 cerimoniarumque
2938 2287 3376 2352 observationes,
3424 2301 3483 2342 se
3527 2300 3558 2340 a
3601 2286 3841 2357 peccatis

2237 2395 2397 2452 posse
2425 2380 2692 2448 mundari,
2735 2381 2956 2452 fierique
2994 2379 3169 2434 salvos
3209 2377 3603 2443 existimabant,
3645 2377 3728 2432 sic
3762 2369 3840 2432 Ἰἰ-

2237 2473 2429 2530 berare
2453 2473 2732 2544 cupiebat,
2764 2481 3017 2544 tanquam
3045 2472 3159 2542 ipse
3187 2471 3278 2526 illo
3307 2485 3492 2526 errore
3522 2479 3838 2535 teneretur;

2237 2562 2462 2635 diligens
2489 2564 2668 2635 utique
2711 2564 3010 2634 proximum
3050 2571 3300 2633 tanquam
3343 2561 3612 2630 seipsum,
3638 2569 3698 2615 et
3724 2559 3842 2616 lucc

2237 2655 2357 2711 aliis
2387 2654 2587 2710 faciens
2609 2696 2626 2722 ,
2652 2670 2773 2726 quae
2801 2654 2902 2709 sibi
2930 2654 2997 2709 ab
3025 2653 3144 2709 aliis
3171 2653 3284 2710 fieri
3322 2651 3518 2720 vellet,
3547 2652 3594 2707 si
3633 2652 3740 2707 hoc
3768 2653 3841 2708 illi

2236 2737 2372 2819 opus
2399 2757 2580 2804 esset:
2609 2749 2750 2820 quod
2781 2763 2901 2804 cum
2936 2749 3189 2805 Dominus
3218 2747 3542 2815 monuisset,
3571 2747 3841 2818 adjunxit,

2237 2841 2366 2897 Haec
2391 2851 2464 2897 est
2492 2843 2625 2898 enim
2657 2841 2762 2897 Lex
2795 2851 2842 2897 et
2873 2841 3148 2914 Propheta:
3176 2841 3196 2913 (
3220 2841 3410 2897 Matth.
3442 2857 3587 2907 xxu,
3622 2841 3697 2897 40
3722 2842 3768 2911 ).

2307 2936 2398 2992 29.
2437 2937 2589 2992 llunc
2613 2936 2987 3008 compatientis
3010 2936 3274 3004 affectum,
3302 2935 3355 2990 in
3383 2935 3570 2991 eadem
3597 2935 3842 3005 Epistola

2235 3027 2305 3082 ad
2347 3027 2561 3084 Galatas
2604 3029 2864 3098 praecipit,
2895 3027 3115 3084 dicens:
3151 3026 3213 3084 Si
3259 3035 3639 3098 prwoccitpatus
3684 3029 3842 3099 fuerit

2238 3117 2388 3173 homo
2425 3118 2479 3172 in
2525 3119 2695 3187 aliqua
2737 3118 2957 3184 delicto;
2997 3135 3084 3173 vos
3120 3118 3208 3190 qui
3244 3117 3534 3188 spirituales
3573 3118 3716 3186 estis,
3761 3117 3845 3174 itt-

2235 3210 2414 3264 struite
2437 3209 2727 3278 Itujusmodi
2755 3210 2806 3263 in
2834 3209 3017 3281 spiritu
3047 3209 3286 3274 lenitatis,
3309 3207 3572 3262 intendens
3593 3209 3840 3277 teipsum,

2237 3319 2300 3357 ne
2327 3311 2372 3356 et
2396 3311 2449 3356 tu
2475 3304 2677 3358 tentoria
2699 3300 2838 3374 (Gal.
2863 3318 2940 3368 vt,
2966 3303 3040 3373 1).
3068 3301 3199 3357 Vide
3228 3301 3273 3356 si
3299 3315 3402 3356 non
3432 3301 3566 3355 dixit
3593 3320 3606 3356 :
3635 3301 3800 3357 Fiere
3821 3302 3842 3334 ³

2237 3403 2488 3465 tanquam
2537 3394 2664 3461 ille,
2712 3402 2769 3449 ut
2814 3393 2964 3449 illum
3011 3393 3326 3449 lucrifacias.
3372 3393 3488 3448 Non
3535 3394 3725 3465 utique
3786 3405 3844 3452 ut

2235 3487 2409 3558 ipsum
2453 3487 2707 3542 dilectum
2757 3486 3013 3542 fallaciter
3054 3493 3272 3558 ageret,
3299 3493 3392 3540 aut
3431 3499 3490 3541 se
3536 3485 3590 3540 id
3633 3486 3842 3543 habere

2235 3579 2511 3634 simularet
2537 3595 2551 3643 ;
2584 3578 2678 3634 sed
2705 3587 2761 3633 ut
2788 3580 2840 3634 in
2877 3579 3098 3634 alterius
3121 3577 3314 3633 delicto
3333 3619 3349 3646 ,
3378 3577 3504 3648 quid
3535 3579 3705 3634 etiam
3736 3580 3842 3635 sibi

2234 3671 2479 3726 accidere
2507 3683 2704 3741 posset,
2730 3671 3052 3739 attenderet,
3082 3680 3242 3742 atque
3271 3672 3341 3732 ita
3367 3670 3543 3737 alteri,
3580 3680 3841 3743 tauquam

2235 3764 2335 3820 sibi
2363 3764 2429 3819 ab
2470 3764 2642 3819 altero
2678 3764 2870 3829 vellet,
2902 3765 3319 3820 misericorditer
3355 3764 3703 3820 subveniret:
3736 3767 3842 3823 hoc

2235 3864 2320 3912 est
2346 3869 2451 3911 non
2483 3856 2787 3912 mentientis
2811 3866 2950 3921 astu,
2977 3855 3071 3912 sed
3097 3857 3470 3927 compatientis
3497 3856 3714 3913 affectu.
3749 3859 3841 3916 Sic

2233 3948 2440 4016 Iudaeo,
2463 3950 2540 4005 sic
2562 3949 2766 4020 gentili,
2789 3951 2867 4005 sic
2890 3949 3108 4004 cuilibet
3127 3948 3329 4004 homini
3355 3947 3550 4004 Paulus
3571 3949 3622 4003 in
3644 3965 3842 4008 errore

2233 4041 2322 4096 vel
2365 4049 2583 4111 peccato
2621 4041 2799 4112 aliquo
2844 4039 3169 4104 constituto,
3215 4054 3318 4095 non
3359 4039 3658 4098 simulando
3687 4039 3841 4110 quod

2233 4148 2342 4190 non
2370 4143 2517 4198 erat,
2545 4133 2639 4188 sed
2663 4131 3056 4203 compatiendo,
3087 4131 3209 4203 quia
3236 4145 3356 4186 esse
3387 4131 3680 4202 potuisset,
3714 4140 3841 4188 tan-

2234 4243 2394 4298 quam
2415 4228 2584 4298 quise
2605 4226 2875 4282 hominem
2895 4225 3171 4296 cogitaret,
3189 4224 3437 4281 onmibus
3456 4225 3635 4279 omnia
3656 4224 3841 4282 factus

2234 4326 2337 4384 est,
2367 4327 2424 4373 ut
2452 4331 2640 4372 omnes
2671 4315 3032 4371 lucrifaceret.

2305 4407 2532 4464 CAPUT
2571 4406 2660 4462 IV.
2678 4438 2748 4447 —
2770 4406 2860 4462 50.
2893 4405 3168 4476 Teipsum,
3195 4404 3240 4460 si
3262 4405 3465 4476 placet,
3487 4403 3721 4462 obsecro
3751 4415 3837 4476 te,

2234 4501 2508 4573 paulisper
2519 4500 2752 4564 intuere;
2772 4499 3024 4569 teipsum,
3039 4497 3274 4567 inquam,
3289 4511 3412 4568 erga
3431 4496 3837 4569 memetipsum,

2233 4602 2288 4650 et
2313 4593 2522 4661 recole,
2554 4592 2637 4646 vel
2657 4632 2671 4657 ,
2703 4591 2748 4647 si
2774 4591 2940 4646 habes
2977 4589 3307 4659 conscripta,
3339 4588 3517 4659 relege
3547 4588 3711 4644 verba
3747 4599 3836 4647 tua

2237 4686 2289 4741 in
2323 4686 2408 4739 illa
2440 4683 2672 4755 Epistola
2703 4698 2862 4754 quam
2900 4681 3028 4737 mihi
3076 4696 3173 4751 per
3203 4681 3418 4736 fratrem
3445 4688 3691 4735 nostrum
3720 4682 3837 4751 jam

2235 4777 2492 4848 collegam
2516 4790 2693 4829 meum
2723 4772 3069 4846 Cyprianum,
3101 4772 3399 4828 breviorem
3433 4771 3642 4837 misisti,
3661 4787 3837 4842 quam

2233 4870 2432 4934 veraci,
2451 4884 2609 4940 quam
2637 4882 2915 4939 germano,
2947 4881 3103 4936 quam
3136 4865 3294 4936 pleno
3311 4863 3588 4919 charitatis
3607 4862 3838 4934 affectu,

2233 4977 2354 5019 cum
2378 4961 2620 5032 qumdam
2647 4975 2733 5014 me
2764 4961 2816 5014 in
2848 4967 2900 5014 te
2928 4958 3259 5013 commisisse
3283 4955 3681 5026 cxpostulasses
3713 4972 3840 5028 gra-

2233 5059 2397 5122 viter,
2419 5054 2741 5126 subjunxisti
2774 5072 2788 5107 :
2823 5051 2887 5107 In
2915 5052 3008 5106 hoc
3038 5051 3241 5106 laeditur
3265 5049 3506 5112 amicitia,
3542 5049 3593 5102 in
3618 5048 3718 5103 hoc
3751 5067 3841 5105 ηε.

2232 5149 2354 5204 cessi
2361 5148 2548 5202 tudinis
2560 5148 2683 5217 jura
2701 5144 2973 5210 violantur,
2989 5161 3052 5198 ne
3066 5143 3322 5198 videamur
3338 5151 3529 5196 certare
3543 5141 3838 5211 puerih'ter,

2234 5249 2280 5296 et
2313 5239 2594 5312 fautoribus
2623 5238 2870 5304 invicem;
2903 5237 2980 5290 vel
3006 5233 3368 5290 detractoribus
3398 5232 3579 5287 nostris
3608 5233 3843 5307 tribuere

2234 5331 2498 5386 materiam
2528 5329 2880 5385 contemteudi.
2931 5328 3053 5382 llaec
3098 5327 3194 5382 abs
3233 5331 3293 5382 te
3313 5325 3473 5382 verba
3503 5326 3841 5382 nonsolum

2235 5441 2301 5483 ex
2324 5425 2505 5481 animo
2525 5425 2663 5482 dicta
2685 5425 2880 5490 sentio,
2909 5399 3094 5479 vérum
3121 5421 3282 5480 etiam
3308 5420 3538 5491 benigno
3557 5421 3745 5475 animo
3768 5420 3842 5478 ad

2299 5587 2315 5618 ι
2343 5592 2391 5635 tu
2415 5584 2779 5650 quatuordecim
2799 5590 2928 5650 uss,
2953 5579 3067 5647 agit.

2295 5643 2871 5716 ξλιξιξῖάιιρνξαενίβεία-
3183 5702 3235 5716 _.

2296 5713 2318 5744 ³
2342 5701 2648 5776 Fddqfieri.
2676 5701 2803 5776 Unus
2825 5721 2855 5757 e
2879 5713 2979 5776 vat.
3003 5713 3111 5756 Mss.
3129 5702 3306 5776 ,rFias.
3332 5701 3419 5776 Alii
3442 5701 3809 5776 plureshngre.
3823 5715 3845 5763 ;

2232 5774 2365 5886 ἓυὲἀύ
2386 5763 2528 5885 ﬁo
2551 5773 2835 5838 imperativo
2857 5773 2928 5822 sic
2968 5775 3170 5833 usurpat
3192 5763 3484 5832 Augustinus
3505 5767 3556 5818 in
3577 5765 3685 5818 aliis
3709 5763 3846 5818 locis

2269 5851 2298 5886 υ
2485 5871 2495 5883 .

2237 5841 2365 5902 apud
2387 5841 2495 5885 uss.
