4090 6356
246 431 351 488 S89

244 541 641 600 consulendum
668 540 817 595 mihi.
848 537 1081 608 Denique
1108 536 1259 593 addis
1278 577 1292 602 ,
1323 536 1463 608 quod
1492 538 1697 593 etiamsi
1726 553 1833 593 non

242 637 827 706 adderes,«appareret,
848 642 902 688 et
930 632 1062 687 dicis
1096 649 1111 686 :
1140 630 1265 685 ch
1293 630 1473 696 scribo,
1498 631 1613 699 quia
1643 647 1767 700 pure
1789 638 1835 685 et

241 728 529 782 christiana
549 728 757 797 diligere
789 734 834 778 te
852 724 1021 793 cupio,
1053 739 1140 776 nec
1163 722 1434 793 quidquam
1459 722 1510 775 in
1535 738 1646 779 mea
1673 728 1834 774 mcnte

238 818 494 884 retinere,
522 817 659 889 quod
687 818 834 870 distet
863 833 895 869 a
930 815 1094 869 labiis.
1136 812 1180 869 Ο
1207 814 1287 867 vir
1314 823 1531 879 sancte,
1563 811 1831 882 mihique,

238 924 291 967 ut
323 912 474 968 Deus
502 912 650 967 videt
675 911 904 964 animam
945 923 1116 964 meam
1139 949 1153 971 ,
1186 907 1392 973 veraci,
1421 907 1580 961 corde
1604 905 1831 972 dilecte,

240 1007 346 1060 hoc
376 1006 557 1075 ipsum
589 1003 727 1075 quod
751 1003 970 1073 posuisti
1001 1002 1052 1056 in
1081 1001 1272 1057 litteris
1301 1001 1426 1066 tuis,
1454 999 1596 1070 quod
1626 1008 1677 1055 te
1704 1000 1832 1055 mihi

234 1097 569 1151 exhibuisse
596 1110 700 1150 non
725 1095 908 1149 dubito
926 1134 941 1160 ,
970 1092 1071 1147 hoc
1096 1092 1267 1162 ipsum
1297 1092 1513 1145 omnino
1538 1090 1833 1160 apostolum

239 1190 475 1245 Paulum
505 1190 665 1245 credo
702 1188 1005 1245 exhibuisse
1046 1188 1097 1241 in
1138 1186 1351 1242 Litteris
1398 1187 1537 1252 suis,
1580 1202 1683 1239 non
1713 1185 1830 1239 uni-

234 1285 466 1339 euilibet
482 1283 703 1350 homini,
728 1281 821 1337 sed
836 1281 861 1336 J
871 1279 1052 1342 udmis,
1067 1288 1120 1334 et
1132 1279 1352 1345 Graecis,
1366 1288 1420 1333 et
1434 1278 1678 1333 omnibus
1694 1277 1834 1332 Gen-

231 1374 391 1429 tibus
422 1375 543 1430 ﬁliis
571 1374 679 1428 suis
698 1415 713 1440 ,
743 1388 874 1443 quos
910 1372 962 1426 in
993 1370 1278 1440 Evangelia
1306 1378 1595 1441 genuerat,
1624 1377 1677 1423 et
1699 1382 1833 1438 quos

231 1466 538 1534 pariendos
568 1464 916 1533 parturiebat;
948 1470 1001 1517 et
1038 1462 1229 1517 deinde
1256 1470 1586 1530 posterorum
1617 1468 1693 1515 tot
1717 1459 1833 1514 mii-

232 1557 386 1611 libus
431 1557 661 1611 ﬁdelium
693 1554 1113 1610 Christianorum
1140 1595 1154 1619 ,
1187 1563 1403 1623 preptcr
1442 1566 1576 1622 quos
1605 1552 1691 1606 illa
1722 1566 1833 1605 me-

231 1650 438 1704 moriae
468 1649 815 1703 mandabalur
853 1647 1120 1717 Epistula,
1164 1657 1221 1700 ut
1259 1645 1389 1700 nihil
1429 1645 1480 1699 in
1524 1659 1621 1700 sua
1654 1652 1831 1699 mente

231 1747 513 1800 retineret
542 1742 678 1814 quod
708 1742 929 1797 distaret
953 1756 981 1794 a
1012 1740 1181 1795 labiis.

310 1839 416 1893 31.
454 1838 608 1891 Certe
636 1836 805 1890 factus
834 1849 892 1890 es
939 1834 1094 1889 etiam
1127 1841 1211 1900 tu,
1254 1840 1502 1902 tanquam
1546 1846 1678 1900 ego,
1724 1844 1829 1885 non

231 1930 559 1985 mentientis
588 1935 703 1982 astu
721 1969 736 1994 ,
767 1926 860 1982 sed
888 1925 1257 1996 compatientis
1292 1924 1479 1980 aﬁ‘ectu
1500 1964 1515 1989 ,
1545 1939 1663 1978 cum
1688 1922 1832 1993 cogi-

232 2033 398 2077 lares
422 2033 528 2076 tam
555 2036 637 2075 me
664 2036 767 2074 non
796 2019 1200 2089 relinquendum
1233 2017 1282 2070 in
1308 2031 1369 2071 ea
1392 2016 1567 2085 culpa,
1594 2015 1644 2068 in
1672 2029 1830 2083 quam

233 2122 329 2169 me
364 2114 668 2183 prolapsum
695 2109 1042 2175 existimasti,
1073 2123 1227 2178 quam
1260 2122 1358 2161 nec
1388 2114 1438 2159 te
1470 2105 1655 2169 velles,
1688 2104 1731 2157 si
1762 2118 1827 2157 eo

234 2208 417 2262 modo
446 2207 715 2276 prolapsus
741 2218 908 2259 esses.
954 2201 1109 2257 Unde
1152 2215 1311 2271 agens
1339 2199 1537 2268 gratias
1563 2196 1832 2252 benevoke

231 2298 420 2353 menti
446 2313 567 2367 erga
593 2312 677 2351 me
717 2306 848 2363 tum,
878 2293 1035 2349 simul
1068 2306 1254 2362 posco,
1288 2291 1531 2345 utetiam
1572 2288 1699 2343 mihi
1725 2302 1830 2343 non

234 2406 593 2455 succenseas,
618 2388 759 2459 quod
780 2403 898 2442 cum
921 2387 975 2440 in
994 2384 1262 2455 opusculis
1290 2383 1392 2438 tuis
1415 2382 1589 2452 aliqua
1612 2396 1697 2435 me
1720 2390 1833 2434 mo:

233 2492 439 2538 verent
463 2524 477 2545 ,
509 2491 706 2535 motum
734 2494 909 2535 meum
942 2477 1178 2532 intimavi
1210 2476 1299 2530 tibi
1332 2493 1344 2529 :
1378 2474 1479 2529 hoc
1506 2489 1631 2544 erga
1658 2488 1742 2528 me
1765 2474 1832 2528 ab

234 2575 504 2629 omnibus
540 2573 738 2628 servari
774 2572 986 2637 volens,
1025 2569 1165 2641 quod
1207 2584 1331 2640 erga
1369 2575 1420 2622 te
1447 2568 1560 2638 ipse
1590 2565 1828 2632 servavi,

235 2679 298 2725 ut
329 2666 589 2738 quidquid
635 2664 1039 2736 improbandum
1088 2671 1272 2733 putant
1320 2662 1372 2715 in
1412 2660 1622 2730 scriptis
1664 2660 1828 2725 meis,

236 2776 348 2814 nec
400 2758 615 2813 laudent
665 2759 682 2789 ⁸
736 2756 957 2811 subdolo
998 2765 1240 2823 pectore,
1293 2767 1389 2807 nec
1435 2753 1504 2806 ita
1541 2750 1831 2821 reprehen-

236 2851 383 2905 dant
404 2849 542 2919 apud
588 2849 753 2914 alios,
794 2855 851 2901 ut
898 2854 1107 2900 taceant
1153 2843 1289 2914 apud
1337 2858 1456 2907 me;
1487 2842 1611 2895 hinc
1659 2842 1832 2911 potius

240 2940 561 2994 existimans
593 2939 711 2993 hedi
743 2937 1028 2992 amicitiam
1059 2944 1112 2989 et
1142 2932 1547 2989 necessitudinis
1575 2932 1692 3001 jura
1720 2932 1834 2985 vio-

238 3031 372 3084 lari.
398 3029 582 3084 Nescio
603 3029 766 3092 enim,
798 3036 970 3080 utrum
992 3023 1295 3079 christiana:
1322 3023 1566 3077 amicitim
1589 3020 1833 3090 putanda:

237 3122 382 3183 sint,
414 3120 466 3174 in
494 3120 679 3190 quibus
705 3118 870 3189 magis
899 3117 1037 3171 valet
1057 3116 1271 3182 vulgare
1295 3114 1655 3183 proverbium,
1679 3112 1835 3167 Obse-

236 3213 426 3281 quium
454 3212 638 3264 amicos
657 3251 671 3276 ,
700 3209 881 3263 veritas
910 3207 1080 3261 odium
1105 3206 1236 3275 parit
1264 3204 1547 3278 (Terentius
1569 3205 1620 3257 in
1644 3203 1830 3269 Andr.,

237 3314 352 3358 act.
383 3304 406 3357 1
431 3346 447 3370 ,
485 3319 627 3357 scena
654 3302 679 3355 1
706 3299 748 3371 ),
779 3315 937 3370 quam
962 3297 1378 3353 ecclesiasticum
1395 3336 1410 3362 ,
1436 3294 1695 3348 Fideliora
1718 3304 1834 3348 sum

239 3397 462 3452 vulnera
490 3395 668 3460 amici,
700 3409 847 3464 quant
888 3391 1169 3447 voluntaria
1212 3390 1381 3445 oscula
1418 3389 1608 3442 inimici
1638 3387 1829 3459 (Prov.

241 3505 404 3544 xxvn
425 3527 439 3552 ,
473 3486 565 3559 6).

320 3582 413 3636 ⁸52.
457 3578 686 3634 Proinde
714 3576 1054 3635 charissimos
1085 3580 1314 3639 nostros,
1344 3572 1434 3643 qui
1461 3571 1655 3627 nostris
1682 3570 1833 3626 labo-

242 3674 402 3728 ribus
426 3670 785 3727 sincerissime
802 3669 1002 3735 favent,
1029 3668 1129 3721 hoc
1150 3665 1321 3736 potius
1336 3674 1528 3733 quanta
1554 3676 1853 3731 possumus,

243 3766 505 3820 instantia
542 3764 855 3827 doceamus,
890 3775 994 3829 quo
1033 3759 1204 3813 sciant
1248 3757 1362 3811 ﬁeri
1405 3771 1561 3825 posse
1600 3763 1657 3810 ut
1697 3756 1834 3810 inter

244 3857 597 3913 cbarissimos
628 3854 824 3925 aliquid
851 3853 1106 3921 alterutro
1141 3863 1387 3906 sermone
1413 3847 1831 3916 contradicatur,

249 3964 355 4003 nec
383 3958 561 4001 tamen
591 3944 821 4000 charitas
852 3944 963 4013 ipsa
991 3942 1278 4003 minuatur,
1309 3954 1408 3994 nec
1434 3939 1626 3992 veritas
1657 3937 1834 3993 odium

249 4040 461 4108 pariat,
488 4052 605 4106 qua:
651 4035 873 4090 debetur
918 4031 1191 4096 amicitia);
1230 4030 1342 4085 sive
1380 4028 1509 4083 illttd
1542 4044 1725 4083 verum
1768 4029 1837 4083 sit

247 4131 394 4202 quod
444 4128 847 4192 contradicitur,
881 4126 995 4181 sive
1038 4123 1200 4179 corde
1241 4122 1418 4193 veraci
1457 4121 1837 4191 qualecumque

249 4228 322 4280 sit
339 4225 554 4285 dicitur,
570 4238 675 4275 non
697 4218 978 4276 retinendo
999 4218 1050 4272 in
1076 4224 1253 4270 mente
1270 4213 1411 4284 quod
1432 4213 1593 4268 distet
1612 4229 1640 4266 a
1660 4213 1833 4268 labiis.

250 4320 489 4375 Credant
522 4320 699 4388 itaque
736 4316 927 4369 fratres
957 4312 1152 4375 nostri,
1186 4309 1471 4363 familiares
1518 4307 1618 4371 tui,
1650 4307 1838 4376 quibus

254 4411 623 4468 testimonium
671 4406 945 4479 perhibes,
988 4403 1129 4475 quod
1179 4403 1284 4456 sint
1327 4416 1450 4455 vasa
1480 4397 1701 4462 Christi,
1753 4413 1838 4454 me

254 4506 421 4560 invito
439 4503 658 4567 factum,
679 4516 776 4555 nec
796 4498 1116 4554 mediocrem
1135 4495 1200 4549 de
1220 4494 1320 4548 hac
1337 4508 1395 4547 re
1410 4491 1646 4546 dolorem
1666 4490 1839 4544 inesse

252 4596 405 4652 mrdi
426 4609 568 4656 meo,
587 4591 726 4662 quod
747 4592 933 4645 littera:
953 4604 1087 4643 mete
1108 4587 1250 4656 prius
1272 4585 1322 4637 in
1347 4583 1630 4637 multorum
1654 4596 1840 4635 manus

254 4696 539 4749 venerunt,
554 4702 709 4756 quam
732 4683 796 4738 ad
816 4693 867 4738 te
882 4724 895 4749 ,
915 4682 979 4736 ad
997 4695 1153 4751 quem
1175 4677 1383 4747 scripta:
1403 4685 1544 4739 sunt,
1566 4675 1841 4745 pervenire

257 4786 567 4850 potuerunt.
587 4778 702 4844 Quo
720 4784 897 4828 autem
918 4772 1074 4826 modo
1096 4770 1145 4825 id
1167 4768 1438 4831 acciderit,
1463 4776 1515 4821 et
1532 4766 1744 4833 longum
1760 4773 1842 4821 est

258 4887 507 4935 narrare,
536 4878 624 4935 et,
657 4868 755 4922 nisi
785 4866 939 4920 fallor
959 4906 974 4930 ,
1002 4862 1325 4932 superﬂuum
1356 4876 1368 4911 :
1399 4873 1519 4913 cum
1546 4857 1772 4912 sufﬁciat
1795 4856 1843 4911 si

258 4964 382 5035 quid
410 4962 542 5017 mihi
571 4962 625 5016 in
661 4959 763 5014 hoc
789 4956 1054 5022 creditur,
1085 4968 1188 5008 non
1219 4967 1283 5007 eo
1312 4949 1508 5005 factum
1535 4950 1713 5003 animo
1739 4964 1842 5019 quo

261 5062 507 5124 putatur;
537 5066 635 5106 nec
658 5049 877 5104 omnino
899 5061 1031 5100 mea:
1058 5043 1222 5098 fuisse
1248 5041 1535 5101 voluntatis
1553 5048 1644 5095 aut
1661 5039 1842 5109 dispo-

259 5145 490 5210 sitionis,
521 5151 613 5196 aut
638 5136 1004 5196 consensionis
1023 5175 1039 5202 ,
1070 5141 1162 5189 aut
1186 5132 1371 5188 saltem
1397 5131 1731 5202 cogitationis
1749 5171 1763 5196 ,
1787 5138 1845 5184 ut

260 5236 439 5290 ﬁeret.
478 5234 591 5288 lloc
619 5233 664 5287 si
695 5246 801 5286 non
832 5226 1090 5293 credunt,
1135 5223 1277 5294 quod
1318 5230 1454 5277 teste
1484 5222 1594 5276 Deo
1634 5221 1841 5299 loquor,

261 5327 389 5398 quid
414 5327 643 5396 amplius
670 5324 989 5379 faciamrnon
1030 5317 1220 5373 habeo.
1271 5315 1382 5385 Ego
1411 5324 1584 5369 tamen
1616 5312 1752 5367 absit
1792 5319 1848 5366 ut

264 5433 358 5472 eos
380 5416 597 5471 credam
622 5415 733 5469 haec
756 5422 861 5468 tua:
886 5407 1161 5466 Sanctitati
1183 5404 1442 5460 malevola
1467 5410 1644 5459 mente
1660 5415 1848 5472 sugge-

267 5522 389 5561 rere
409 5505 476 5560 ad
504 5503 807 5560 excitandas
834 5502 971 5557 inter
995 5514 1092 5554 nos
1119 5495 1457 5559 inimicitias;
1484 5508 1619 5564 quas
1644 5493 1848 5547 miseri-

268 5597 452 5651 cordia
480 5594 688 5651 Domini
718 5593 810 5649 Dei
841 5590 1011 5646 nostri
1056 5593 1258 5643 avertat
1301 5599 1331 5638 a
1359 5584 1545 5649 nobis;
1574 5582 1666 5637 sed
1688 5623 1702 5649 ,
1735 5584 1849 5638 sine

337 5775 352 5805 ³
378 5779 484 5822 uss.
511 5770 891 5835 quattuordecim,
914 5780 1001 5817 nec
1024 5763 1261 5835 claudant
1272 5758 1469 5835 subdolo
1512 5764 1715 5835 pectore.
1740 5765 1848 5835 Fors

272 5819 564 5900 venditandi
588 5832 804 5900 alludere
829 5819 889 5878 ad
913 5842 971 5877 ea
992 5828 1265 5891 Hieronymi
1289 5825 1458 5885 verba,
1482 5819 1566 5873 nec
1589 5819 1851 5887 quidqmmt

270 5898 324 5955 in
346 5911 449 5949 utea
472 5900 625 5949 mente
649 5898 869 5959 retinere,
897 5900 990 5945 etc.

1432 422 1903 483 EPISTOLARUM
1941 425 2214 484 CLASSIS
2252 427 2318 483 ll.

1940 538 2052 593 ullo
2092 540 2315 595 nocendi
2352 542 2563 611 animo,
2596 543 2750 602 facile
2785 547 2853 604 de
2891 548 3103 610 homine
3130 553 3357 614 humana
3386 560 3509 618 vitia

1940 630 2215 721 suspicari.
2243 632 2354 687 Hoc
2391 636 2534 689 enim
2571 652 2658 692 me
2683 638 2749 693 de
2775 640 2881 695 illis
2911 659 3117 713 acquum
3153 658 3234 704 est
3261 649 3509 721 credere,

1939 719 1985 774 si
2010 736 2134 775 vasa
2161 732 2283 777 sunt
2308 722 2540 793 Christi,
2570 742 2676 783 non
2703 730 2756 785 in
2785 736 3183 804 contumeliam,
3216 740 3308 794 sed
3339 744 3389 795 in
3414 719 3512 797 bro->-

1940 827 2124 869 norem
2160 814 2293 870 facta
2316 858 2329 882 ,
2358 826 2412 871 et
2437 818 2691 889 disposita
2735 823 2786 877 in
2822 824 2982 880 domo
3011 844 3199 899 magna
3228 848 3257 885 a
3288 832 3396 887 Deo
3416 875 3429 898 ,
3460 836 3511 890 in

1939 918 2070 974 opus
2101 905 2296 961 bonum
2324 909 2399 978 (ll
2432 909 2561 964 Tim.
2592 928 2662 976 ιι,
2689 914 2791 981 20,
2816 913 2941 986 21).
2982 918 3130 985 Quod
3157 921 3201 975 si
3234 932 3350 991 post
3379 924 3514 981 hanc

1938 996 2326 1052 attestationem
2356 1015 2525 1054 meam
2548 1043 2564 1068 ,
2596 1004 2641 1056 si
2674 1004 2723 1057 in
2773 1007 3013 1062 notitiam
3059 1026 3243 1066 eorum
3274 1017 3508 1083 venerit,

1938 1083 2113 1140 facere
2142 1088 2429 1154 voluerint;
2462 1106 2618 1160 quam
2646 1108 2750 1148 non
2778 1108 2923 1152 recte
2948 1098 3161 1164 faciant,
3191 1112 3244 1156 et
3265 1114 3318 1157 tu
3344 1105 3510 1160 vides.

2010 1177 2097 1232 35.
2138 1178 2288 1245 Quod
2319 1195 2447 1236 sane
2475 1184 2825 1253 scripseram,
2857 1191 3055 1245 nullum
3089 1210 3174 1249 me
3200 1195 3387 1250 librum
3417 1199 3513 1252 ad-

1937 1281 2124 1357 versus
2155 1278 2204 1324 te
2240 1270 2462 1326 Romam
2502 1275 2742 1340 misisse,
2778 1279 2898 1334 ideo
2924 1283 3273 1353 scripseram,
3306 1289 3425 1357 quia
3461 1298 3513 1343 et

1938 1356 2058 1413 libri
2078 1375 2273 1416 nomen
2298 1363 2365 1418 ab
2385 1363 2469 1418 illa
2487 1367 2708 1437 epistola
2729 1369 3115 1443 discernebam,
3138 1379 3275 1433 unde
3294 1356 3512 1436 omnino

1944 1452 2125 1507 nescio
2140 1454 2265 1524 quid
2284 1455 2424 1510 aliud
2444 1466 2493 1513 te
2513 1459 2725 1515 audisse
2744 1462 3193 1534 existimaveram;
3216 1480 3269 1524 et
3290 1471 3511 1528 Romam

1937 1558 2037 1598 nec
2064 1544 2232 1614 ipsam
2257 1547 2565 1616 epistolam,
2597 1551 2691 1606 sed
2720 1554 2813 1607 tibi
2856 1543 3139 1624 miseram;
3184 1570 3237 1615 et
3261 1563 3512 1620 adversus

1937 1640 1991 1687 te
2018 1648 2124 1687 non
2150 1648 2268 1690 esse
2297 1636 2613 1705 arbitrabar,
2641 1642 2783 1711 quod
2808 1644 3114 1703 sinceritate
3138 1650 3379 1707 amicitiae
3403 1656 3514 1710 sive

1937 1723 2003 1778 ad
2020 1724 2433 1795 admonendum,
2454 1730 2564 1785 sive
2586 1731 2650 1786 ad
2670 1741 2722 1788 te
2747 1734 2829 1788 vel
2848 1751 2933 1792 me
2957 1737 3051 1792 abs
3074 1748 3123 1794 te
3142 1741 3513 1813 corrigendum

1936 1814 2127 1870 fecisse
2148 1832 2235 1872 me
2250 1833 2520 1875 noveram.
2544 1822 2796 1893 Exceptis
2815 1836 2992 1883 autem
3015 1829 3362 1889 familiaribus
3386 1837 3510 1903 tuis,

1940 1906 2163 1976 teipsum
2191 1908 2412 1965 obsecro
2439 1927 2532 1980 per
2558 1916 2782 1983 gratiam
2809 1934 2910 1988 qua
2938 1921 3195 1993 redempti
3224 1942 3426 1995 sumus,
3460 1939 3515 1983 ut

1936 2013 2279 2070 quaecumque
2292 2011 2379 2057 tua
2392 2002 2549 2071 bona,
2564 2022 2681 2075 qua:
2695 2010 2784 2063 tibi
2800 2010 3030 2067 bonitate
3045 2014 3248 2070 Domini
3261 2033 3522 2076 concessa

1940 2097 2084 2157 sunt,
2109 2091 2162 2144 in
2186 2092 2376 2148 litteris
2396 2109 2530 2149 meis
2550 2098 2717 2166 posui,
2744 2115 2849 2154 non
2872 2117 2955 2156 me
2971 2104 3241 2160 existimes
3262 2108 3514 2164 insidioso

1937 2181 2298 2254 blandiloquio
2326 2188 2585 2255 posuisse.
2633 2189 2687 2244 Si
2716 2191 2840 2260 quid
2881 2202 3053 2249 autem
3086 2196 3137 2249 in
3180 2206 3231 2252 te
3269 2201 3512 2268 peccavi,

1936 2273 2170 2331 dimittas
2200 2277 2347 2331 mihi.
2377 2278 2485 2334 Nec
2523 2281 2648 2336 illud
2675 2284 2815 2353 quod
2844 2285 2909 2339 de
2953 2291 3132 2343 nescio
3169 2290 3319 2359 cujus
3347 2301 3516 2360 poeta:

1938 2364 2074 2419 facto
2111 2366 2341 2435 ineptius
2367 2368 2592 2426 fortasse
2630 2388 2786 2442 quam
2818 2376 3096 2432 litteratius
3122 2394 3151 2432 a
3180 2396 3263 2433 me
3284 2396 3519 2437 comme-

1938 2465 2198 2510 moratum
2228 2467 2329 2525 est,
2356 2462 2583 2530 amplius
2612 2480 2767 2533 quam
2796 2465 2935 2533 dixi,
2967 2468 3033 2523 ad
3065 2478 3115 2524 te
3146 2471 3323 2528 trahas
3355 2490 3368 2526 :
3397 2489 3518 2530 cum

1937 2547 2187 2603 continuo
2206 2550 2522 2620 subjecerim
2550 2572 2654 2609 non
2683 2556 2783 2612 hoc
2804 2558 2923 2613 ideo
2949 2576 3035 2615 me
3063 2560 3285 2633 dixisse,
3311 2574 3367 2619 ut
3392 2581 3518 2621 ocu-

1938 2635 2018 2691 los
2046 2639 2222 2694 cordis
2250 2643 2545 2712 reciperes,
2575 2662 2708 2715 quos
2738 2648 2876 2703 absit
2903 2666 3134 2721 unquam
3164 2664 3220 2708 ut
3242 2657 3516 2725 amiseris;

1938 2726 2029 2781 sed
2062 2737 2118 2783 ut
2143 2731 2448 2787 adverteres
2477 2751 2610 2805 quos
2631 2752 2791 2793 sanos
2820 2755 2881 2795 ac
2906 2742 3091 2811 vigiles
3118 2743 3359 2801 haberes.
3390 2747 3521 2804 Pro-

1939 2826 2056 2887 pter
2094 2820 2262 2875 solam
2303 2837 2431 2893 ergo
2478 2832 2787 2897 παλινῳδίαν,
2832 2830 2878 2884 si
2914 2832 3107 2901 aliquid
3152 2836 3519 2906 scripserimus

1937 2913 2077 2981 quod
2105 2913 2304 2985 scripto
2332 2919 2623 2985 posteriore
2649 2920 2924 2978 destruere
2955 2924 3243 2981 debeamus
3270 2928 3367 2998 (a),
3396 2930 3518 2985 inii-

1940 3004 2187 3073 tandam,
2234 3021 2339 3061 non
2390 3019 2606 3078 propter
2649 3011 2937 3067 Stesichori
2984 3017 3314 3083 cmeitatem,
3361 3036 3518 3090 quam

1941 3094 2087 3149 cordi
2132 3107 2220 3150 tuo
2260 3113 2359 3152 nec
2406 3100 2595 3165 tribui,
2629 3105 2725 3156 nec
2757 3104 2939 3170 timui,
2984 3108 3347 3177 attingendum
3391 3103 3519 3166 illud

1939 3188 2263 3253 existimavi;
2286 3199 2443 3260 atque
2468 3191 2758 3249 identidem
2789 3212 2938 3267 rogo,
2963 3207 3018 3251 ut
3039 3215 3124 3254 me
3148 3200 3372 3257 ﬁdenter
3393 3219 3515 3259 cor-

1939 3279 2099 3349 rigas,
2124 3281 2213 3335 ubi
2236 3283 2363 3336 mihi
2392 3282 2493 3339 hoc
2519 3300 2651 3353 opus
2675 3303 2794 3343 esse
2824 3293 3177 3359 perspexeris.
3207 3294 3517 3365 Quanquam

1939 3371 2079 3425 enim
2103 3374 2390 3428 secundum
2423 3374 2681 3431 honorum
2707 3379 2959 3435 vocabula
2988 3399 3103 3452 qua!
3131 3384 3236 3454 jam
3268 3386 3517 3444 Ecclesia:

1939 3476 2064 3516 usus
2094 3463 2342 3530 obtinuit,
2375 3466 2711 3537 episcopatus
2740 3471 3073 3543 presbyterio
3100 3475 3269 3545 major
3293 3478 3361 3532 sit
3388 3496 3401 3531 :
3433 3488 3515 3533 ta-

1939 3569 2059 3608 men
2101 3554 2155 3608 in
2195 3556 2376 3610 multis
2423 3559 2582 3613 rebus
2610 3561 2937 3628 Augustinus
2982 3564 3304 3637 Hieronymo
3347 3571 3521 3626 minor

1939 3652 2050 3708 est;
2077 3643 2201 3698 licet
2225 3646 2382 3700 etiam
2406 3662 2435 3700 a
2462 3649 2666 3705 minore
2692 3652 2924 3721 quolibet
2951 3671 3056 3710 non
3083 3657 3152 3711 sit
3177 3659 3479 3730 refugienda
3504 3702 3519 3729 ,

1948 3733 2029 3787 vel
2057 3734 2384 3804 dedignanda
2414 3741 2693 3796 correctio.

2015 3821 2241 3880 CAPUT
2279 3826 2346 3881 V.
2367 3858 2435 3868 —
2457 3829 2543 3884 54.
2586 3831 2662 3885 De
2692 3831 3130 3903 interpretatione
3156 3846 3239 3894 tua
3263 3839 3371 3910 jam
3394 3841 3523 3898 mihi

1941 3916 2267 3984 persuasisti,
2295 3935 2396 3989 qua
2421 3921 2646 3977 utilitate
2668 3924 2965 3994 Scripturas
2988 3930 3213 3987 volueris
3235 3934 3523 3991 transferre

1904 4010 1913 4019 ’
1941 4005 2009 4062 de
2033 4007 2287 4077 Hebraeis,
2309 4019 2366 4065 ut
2387 4013 2586 4068 scilicet
2610 4031 2692 4082 ea,
2714 4032 2831 4086 qua:
2861 4033 2889 4071 a
2908 4018 3106 4074 Judacis
3130 4006 3512 4093 praetermissa,

1942 4098 2027 4153 vel
2047 4112 2295 4171 corrupta
2319 4113 2459 4171 sunt,
2485 4105 2750 4174 proferres
2774 4108 2825 4163 in
2849 4110 3101 4166 medium.
3125 4112 3227 4167 Sed
3250 4114 3518 4173 insinuare

1942 4189 2174 4259 digneris
2203 4201 2343 4261 peto,
2365 4209 2394 4248 a
2422 4195 2611 4264 quibus
2639 4197 2862 4264 Iudaeis,
2893 4209 3069 4255 utrum
3097 4202 3164 4256 ab
3186 4205 3263 4259 eis
3284 4205 3412 4275 ipsis
3431 4208 3522 4277 qui

1944 4288 2067 4335 ante
2088 4280 2370 4336 adventum
2399 4284 2603 4339 Domini
2636 4286 2961 4357 interpretati
2989 4301 3144 4358 sunt;
3176 4304 3229 4349 et
3255 4295 3299 4349 si
3327 4297 3393 4350 ita
3416 4308 3519 4365 est,

1945 4370 2136 4440 quibus
2158 4372 2241 4426 vel
2268 4388 2494 4443 quonam
2514 4391 2707 4445 eorum
2738 4396 2751 4431 :
2780 4394 2845 4434 an
2874 4381 2942 4435 ab
2968 4383 3082 4437 istis
3106 4386 3371 4454 posterius
3389 4429 3404 4455 ,
3433 4391 3523 4459 qui

1945 4472 2223 4533 propterea
2260 4466 2429 4533 putari
2459 4477 2684 4535 possunt
2720 4468 2893 4540 aliqua
2937 4472 3004 4528 de
3043 4475 3311 4533 codicibus
3335 4481 3525 4550 graccis

1945 4553 2027 4608 vel
2056 4555 2409 4623 subtraxisse,
2440 4559 2524 4614 vel
2566 4560 2620 4614 in
2651 4562 2729 4616 eis
2772 4565 3077 4635 corrupisse
3096 4609 3110 4634 ,
3140 4585 3207 4624 ne
3238 4570 3345 4624 illis
3373 4573 3527 4628 testi-

1946 4646 2138 4700 moniis
2162 4646 2227 4702 de
2262 4647 2547 4705 christiana
2595 4652 2698 4707 ﬁde
2736 4656 3194 4715 convincerentur.
3224 4662 3305 4717 Illi
3346 4673 3525 4719 autem

1947 4738 2242 4794 anteriores
2288 4755 2383 4795 cur
2424 4742 2525 4798 hoc
2563 4744 2735 4801 facere
2780 4749 3081 4819 voluerint,
3127 4769 3234 4809 non
3290 4756 3522 4814 invenio.

1948 4826 2150 4884 Deinde
2170 4830 2324 4886 nobis
2344 4831 2543 4901 mittas,
2581 4834 2823 4903 obsecro,
2860 4838 3348 4910 interpretationem
3387 4858 3525 4903 tuam

1949 4920 2015 4975 de
2035 4923 2379 4993 Septuaginta
2399 4964 2413 4989 ,
2452 4941 2609 4994 quam
2638 4936 2688 4983 te
2708 4930 2937 4987 edidisse
2959 4935 3281 4991 nesciebam.
3310 4938 3524 4994 Librmu

1949 5027 2160 5082 quoque
2205 5022 2385 5081 tuum,
2417 5013 2569 5084 cujus
2614 5019 2938 5076 mentionem
2982 5023 3183 5090 fecisti,
3226 5027 3292 5082 de
3319 5027 3527 5097 Optimo

1949 5117 2142 5172 genere
2189 5103 2601 5174 interpretandi,
2630 5108 2786 5179 cupio
2828 5111 3037 5182 legere,
3069 5124 3125 5169 et
3165 5116 3338 5172 adhuc
3368 5133 3526 5172 nosse

1952 5191 2217 5261 quomodo
2244 5194 2565 5264 coarquanda
2605 5197 2674 5252 sit
2702 5199 2755 5252 in
2798 5199 3088 5271 interprete
3116 5206 3303 5275 peritia
3330 5207 3530 5277 lingua-

1953 5299 2099 5349 rum,
2133 5285 2452 5355 conjecturis
2492 5303 2677 5344 eorum
2721 5292 2809 5362 qui
2853 5292 3150 5364 Seripturas
3185 5298 3526 5354 edissercudo

1952 5385 2309 5446 pertractant;
2347 5394 2482 5450 quos
2524 5396 2743 5439 necesse
2781 5395 2894 5455 est,
2931 5389 3140 5444 etiamsi
3175 5399 3333 5446 rectae
3372 5396 3549 5462 atque

2018 5573 2329 5659 £92299:qu
2350 5581 2949 5659 meammeam
2962 5582 3161 5659 videtur
3188 5584 3249 5659 ad
3279 5589 3531 5659 Αειςιξειίηί

1955 5638 2246 5703 sententiam
2284 5640 2330 5685 in
2368 5638 2452 5703 lib.
2490 5638 2772 5703 {adversus
2795 5643 3094 5703 Pelagianos,
3122 5659 3165 5694 c.
3200 5647 3264 5703 8,
3286 5638 3379 5697 ubi
3407 5651 3532 5699 inter

1960 5710 2209 5768 episcopos
2233 5682 2815 5768 irreprehensibilen‘iuavu-t

1957 5761 2057 5817 cit;
2080 5761 2259 5867 (lttllippfa
2282 5761 2405 5831 cu’m‘
2423 5761 2502 5809 vel
2526 5763 2629 5824 ipse
2670 5772 2834 5813 Petrus
2863 5767 3000 5829 juxta
3036 5770 3302 5829 apostolum
3340 5772 3533 5822 Paulum

1958 5832 2106 5867 renre
2144 5822 2360 5867 cnsmllts
2385 5824 2544 5867 fuerit.
2580 5826 2725 5867 «(illis
2752 5827 3071 5867 indignabitur
3098 5865 3108 5867 μ
3145 5832 3294 5867 inmiti
3357 5835 3402 5867 iit
3443 5837 3531 5867 ait“

1958 5822 2360 5893 reprehensibilis
2385 5822 2557 5893 t‘ueritf
2580 5826 2725 5882 «Quis
2752 5822 3111 5893 indignabitur,
3145 5832 3323 5893 inquit,
3357 5835 3405 5884 id
3441 5837 3532 5888 sibi

1966 5898 1992 5934 ι
2013 5881 2265 5947 denegari,
2289 5886 2416 5949 quod
2441 5881 2663 5953 princeps
2686 5881 3010 5952 Apostolorum
3034 5881 3131 5946 non
3151 5881 3390 5951 habuit'it
