4032 6334
590 299 687 359 29!

590 419 745 470 unius
766 415 886 472 fidei
909 414 1123 484 fuerint,
1143 414 1318 470 varias
1337 428 1524 486 parere
1543 411 1598 469 in
1619 413 1908 468 multorum
1932 411 2170 466 locorum

589 510 914 574 obscuritate
943 508 1236 566 sententias
1267 525 1280 562 :
1309 507 1551 578 quamvis
1581 520 1912 576 nequaquam
1944 505 2056 574 ipsa
2083 517 2175 558 va-

587 604 750 660 rietas
774 601 842 656 ab
867 601 1102 672 ejusdem
1137 600 1260 657 fidei
1289 601 1492 656 unitate
1518 598 1819 662 discordet;
1849 599 1986 653 sicut
2011 597 2169 652 etiam

587 708 724 754 unus
749 702 1000 749 tractator
1017 734 1032 758 ,
1061 692 1350 748 secundum
1376 691 1620 748 eamdem
1651 690 1808 745 fidem
1835 691 1989 744 aliter
2012 698 2171 758 atque

584 787 741 842 aliter
761 784 1007 842 eumdem
1039 785 1211 840 locum
1243 790 1419 854 potest
1449 797 1746 852 exponere,
1774 781 1895 852 quia
1927 781 2030 837 hoc
2055 779 2171 850 ejus

584 877 882 932 obscuritas
910 876 1124 945 patitur.

653 971 740 1026 55.
785 969 906 1024 ideo
935 978 1109 1023 autem
1131 966 1379 1024 desidero
1403 965 1904 1036 interpretationem
1934 973 2076 1017 tuam
2101 960 2168 1016 de

581 1063 950 1134 Septuaginta,
982 1069 1042 1116 ut
1066 1070 1120 1116 et
1156 1069 1298 1116 tanta
1345 1062 1626 1116 latinorum
1660 1059 2008 1129 interpretum
2029 1100 2044 1124 ,
2075 1055 2167 1128 qui

582 1157 992 1228 qualescumque
1022 1155 1122 1209 hoc
1150 1155 1263 1210 ausi
1293 1161 1436 1222 sunt,
1466 1162 1722 1224 quantum
1755 1168 2036 1222 possumus
2066 1153 2165 1206 im-

581 1252 766 1320 peritia
783 1266 1062 1306 careamus
1087 1269 1098 1302 :
1123 1260 1176 1305 et
1197 1249 1250 1303 hi
1273 1249 1361 1318 qui
1385 1263 1468 1301 me
1491 1247 1729 1302 invidere
1745 1256 1932 1316 putant
1951 1246 2167 1302 utilibus

579 1342 848 1397 laboribus
871 1343 994 1407 tuis,
1016 1340 1225 1395 tandem
1251 1338 1556 1410 aliquando,
1576 1339 1619 1392 si
1647 1339 1758 1393 fieri
1789 1348 1982 1408 potest,
2004 1339 2165 1393 intel-

579 1436 739 1506 ligant
763 1477 778 1502 ,
807 1445 1087 1505 prepterea
1115 1450 1199 1488 me
1227 1435 1366 1489 nolle
1399 1441 1541 1487 tuam
1569 1449 1632 1486 ex
1665 1433 1879 1487 hebraao
1906 1433 2164 1501 interpre-

579 1528 831 1581 tationem
859 1528 910 1580 in
938 1527 1179 1582 ewlesiis
1218 1526 1318 1596 legi
1341 1568 1356 1586 ,
1388 1541 1454 1579 ne
1478 1533 1661 1579 contra
1690 1524 2034 1594 Septuaginta
2065 1540 2165 1578 au-

577 1620 896 1680 ctoritatem,
915 1627 1165 1688 tanquam
1184 1634 1376 1675 novum
1391 1618 1585 1687 aliquid
1605 1618 1951 1687 proferentes,
1973 1632 2164 1688 magno

577 1710 828 1765 scandala
858 1711 1227 1780 perturbemus
1264 1711 1447 1778 plebes
1490 1709 1722 1775 Christi,
1753 1725 1977 1780 quarum
2007 1724 2164 1765 aures

579 1814 632 1862 et
656 1805 816 1860 corda
845 1806 987 1859 illam
1020 1804 1508 1874 interpretationem
1541 1803 1724 1857 audire
1751 1812 2159 1870 consueverunt,

575 1911 693 1966 qua:
720 1897 880 1952 etiam
907 1897 973 1950 ab
1000 1895 1270 1964 Apostolis
1298 1896 1585 1965 approbata
1625 1881 1929 1978 estLllUndc
1954 1905 2007 1949 et
2034 1893 2163 1949 illud

575 1989 712 2059 apud
738 1989 928 2045 Jonant
967 1990 1254 2060 virgultum
1287 1987 1472 2061 (Iona:
1499 2004 1582 2054 tv,
1615 1986 1724 2060 6),
1772 1989 1817 2043 si
1863 1990 1913 2042 in
1949 1989 2163 2043 hebrch

573 2099 671 2138 nec
698 2083 890 2138 hedera
913 2092 1022 2149 est,
1049 2099 1144 2138 nec
1173 2083 1442 2137 cucurbita
1465 2123 1479 2148 ,
1504 2082 1596 2136 sed
1623 2083 1804 2136 nescio
1825 2082 1951 2152 quid
1984 2082 2124 2136 aliud
2143 2123 2158 2149 ,

574 2177 711 2246 quod
732 2188 918 2232 trunco
934 2193 1030 2231 suo
1048 2177 1226 2231 nixum
1257 2177 1416 2232 nullis
1441 2175 1843 2231 sustentandum
1873 2176 2160 2230 adminicu-

573 2269 638 2323 lis
661 2270 922 2339 erigatur;
942 2270 1151 2324 mallem
1169 2270 1278 2339 jam
1302 2271 1352 2324 in
1371 2270 1619 2324 omnibus
1641 2270 1817 2324 latinis
1833 2270 2160 2324 cucurbitatn

575 2364 696 2432 legi.
722 2362 835 2417 Non
855 2363 997 2418 enim
1025 2363 1214 2418 frustra
1237 2363 1338 2418 hoc
1365 2375 1490 2434 puto
1519 2365 1860 2436 Septuaginta
1886 2365 2157 2435 posuisse,

573 2457 672 2510 nisi
708 2458 825 2527 quia
858 2468 908 2511 et
944 2458 1064 2512 huic
1095 2458 1269 2512 simile
1299 2458 1556 2513 sciebant.

641 2551 731 2606 36.
765 2551 906 2606 Satis
930 2567 1048 2617 me,
1083 2553 1188 2606 imo
1215 2552 1442 2607 fortasse
1469 2553 1586 2622 plus
1615 2568 1771 2622 quam
1808 2553 1962 2620 satis,
1997 2553 2162 2610 tribus

571 2643 810 2712 epistolis
881 2643 1018 2708 tuis,
1091 2643 1430 2712 respondisse
1499 2643 1729 2698 arbitror
1776 2643 1882 2715 (a);
1938 2660 2158 2714 quarum

575 2734 708 2789 duas
735 2750 829 2804 per
866 2734 1187 2806 Cyprianum
1218 2735 1432 2805 accepi,
1466 2751 1622 2792 nnam
1652 2753 1746 2806 per
1777 2736 2033 2791 Firmum.
2066 2737 2161 2792 Re-

570 2828 745 2881 scribe
766 2827 907 2898 quod
933 2829 1103 2882 visum
1131 2828 1286 2883 fuerit
1312 2828 1376 2882 ad
1402 2844 1498 2883 nos
1528 2829 1609 2884 vel
1637 2830 1770 2884 alios
1799 2829 2156 2885 iustruendos.

573 2918 716 2972 Dabo
741 2931 916 2973 autem
963 2935 1177 2990 operam
1209 2919 1618 2990 diligentiorem,
1657 2931 1912 2992 quantum
1952 2937 2037 2977 me
2067 2922 2162 2976 ad-

570 3008 714 3084 juvat
741 3011 1014 3078 Dominus,
1050 3023 1104 3066 ut
1131 3013 1320 3067 litterae
1351 3029 1480 3083 quas
1511 3015 1577 3068 ad
1611 3022 1660 3070 te
1689 3016 1885 3084 scribo,
1922 3017 2065 3088 prius
2091 3017 2158 3073 ad

570 3109 624 3153 te
654 3103 962 3169 perveniant
991 3118 1148 3172 quam
1189 3103 1252 3157 ad
1283 3119 1622 3174 quemquam,
1663 3121 1692 3160 a
1723 3123 1826 3177 quo
1860 3107 2014 3164 latius
2044 3108 2157 3164 dis-

570 3201 871 3261 perguntur.
907 3193 1099 3247 Fateor
1125 3195 1266 3249 enim
1287 3235 1301 3260 ,
1332 3209 1430 3250 nec
1471 3197 1598 3250 mihi
1641 3196 1744 3252 hoc
1775 3199 1886 3254 fieri
1930 3200 2065 3254 velle
2092 3199 2159 3256 de

571 3287 672 3340 tuis
702 3286 766 3340 ad
792 3304 896 3352 tne,
929 3287 1071 3357 quod
1097 3287 1163 3342 de
1191 3290 1322 3342 meis
1351 3289 1416 3343 ad
1450 3299 1499 3344 te
1535 3291 1725 3345 factum
1748 3291 2042 3361 justissime
2066 3309 2159 3347 ex-

569 3377 824 3444 postulas.
863 3378 1061 3431 Tamen
1108 3380 1309 3447 placeat
1353 3381 1505 3436 nobis
1547 3382 1772 3436 invicem
1815 3401 1919 3438 non
1953 3393 2156 3438 tantum

570 3465 825 3532 charitas,
858 3483 1042 3520 verum
1073 3469 1230 3523 etiam
1264 3470 1479 3524 libertas
1508 3473 1775 3538 amicitiae,
1809 3489 1876 3528 ne
1903 3475 2041 3540 apud
2072 3491 2157 3529 me

572 3565 768 3618 taceas,
789 3559 869 3610 vel
889 3573 988 3627 ego
1005 3559 1141 3626 apud
1167 3567 1238 3625 te,
1258 3561 1396 3630 quod
1421 3563 1472 3614 in
1497 3565 1692 3616 nostris
1714 3563 1903 3618 litteris
1921 3565 2154 3620 vicissim

572 3662 670 3700 nos
695 3657 889 3713 movet,
921 3663 986 3702 eo
1013 3649 1214 3703 scilicet
1236 3651 1414 3704 animo
1437 3653 1526 3721 qui
1549 3654 1712 3707 oculis
1738 3653 1831 3708 Dei
1855 3656 1904 3708 in
1927 3657 2155 3711 fraterna

569 3737 852 3794 dilectione
881 3755 985 3793 non
1011 3740 1273 3810 displicet.
1304 3743 1453 3810 Quod
1485 3745 1527 3797 si
1561 3745 1696 3799 inter
1726 3763 1821 3800 nos
1855 3747 1966 3802 fieri
1998 3765 2154 3819 posse

569 3832 684 3886 sine
704 3832 866 3902 ipsius
885 3831 1183 3888 dilectionis
1207 3821 1499 3903 perniciosa
1526 3837 1817 3893 offensione
1841 3856 1943 3894 non
1967 3850 2148 3912 putas;

567 3936 674 3975 non
699 3921 807 3977 at.
833 3923 921 3977 llla
945 3924 1086 3978 enim
1109 3925 1339 3980 charilas
1360 3942 1516 3996 quam
1543 3938 1712 3982 tecum
1733 3929 1926 3986 habere
1939 3932 2148 4001 vellem,
2171 3981 2176 3986 .

569 4011 808 4082 profecto
849 4014 1018 4085 major
1061 4023 1176 4082 est;
1213 4016 1306 4071 sed
1352 4019 1541 4073 melius
1622 4018 1736 4074 haec
1780 4020 1954 4076 ntinor
1994 4039 2150 4094 quam

568 4103 709 4158 nulla
737 4111 836 4160 est.

940 4175 1266 4232 EPISTULA
1309 4177 1571 4234 LXXXIII
1662 4181 1756 4253 (b).

563 4264 871 4336 Augustinus
923 4267 1105 4337 Alypio
1146 4269 1440 4338 signicans
1487 4271 1641 4323 aliam
1680 4288 1732 4326 se
1767 4273 2010 4342 debonis,
2038 4292 2150 4346 qtae

636 4356 839 4426 [uerunt
874 4356 1123 4412 Honorati
1153 4376 1216 4413 ex
1243 4359 1572 4431 Tltagastensi
1603 4366 1848 4419 monac/to
1875 4367 2148 4439 presbyteri

636 4447 952 4515 Thiavensis,
988 4451 1157 4504 iniisse
1193 4454 1511 4519 sententiam,
1541 4455 1730 4526 sibique
1765 4459 1965 4513 demum
1991 4464 2147 4516 satius

634 4538 790 4592 videri
817 4550 869 4592 ut
893 4556 952 4594 ea
969 4543 1138 4594 omnia
1161 4541 1481 4598 hereditario
1507 4547 1658 4600 veluti
1676 4549 1796 4619 jure
1822 4554 2016 4618 cedant,
2046 4571 2146 4608 non

635 4633 936 4687 monasterio
968 4632 1316 4705 Thagastensi,
1349 4637 1437 4690 sed
1461 4637 1729 4695 Thinvensi
1764 4641 2016 4699 Ecclesiae.

565 4723 789 4779 Domino
815 4725 1121 4781 beatissimo
1151 4738 1203 4784 et
1224 4731 1598 4788 venerabiliter
1624 4733 1936 4791 charissimo
1962 4755 2023 4794 ac
2047 4740 2144 4797 de-

631 4818 1054 4876 siderantissime
1100 4822 1246 4875 fratri
1289 4831 1345 4878 et
1372 4826 1688 4897 coepiSCOpo
1715 4830 1940 4899 Aerio,
1974 4842 2026 4887 et
2054 4835 2142 4906 qui

631 4921 809 4968 tecum
845 4923 968 4968 sunt
1007 4913 1279 4982 fratribus,
1327 4919 1676 4989 AUGUSTINUS,
1722 4931 1775 4978 et
1807 4925 1894 4995 qui
1935 4943 2140 4983 mecum

635 5013 757 5059 sunt
779 5003 990 5070 fratres,
1020 5007 1070 5060 in
1100 5007 1324 5063 Domino
1352 5010 1596 5067 salutem.

631 5096 682 5149 1.
717 5096 949 5152 Tristitia
997 5098 1347 5156 Thiavensis
1377 5103 1626 5160 Ecclesia:
1662 5120 1755 5162 cor
1802 5124 1977 5166 meum
2014 5127 2142 5168 con-

663 5229 798 5294 Edd.,
823 5231 1008 5296 melior.
1034 5240 1091 5296 at
1111 5242 1237 5296 Mss,
1255 5237 1440 5291 melius.

623 5291 1104 5376 :Eoviytiuztcnsis;
1124 5291 1270 5376 tctus
1468 5304 1602 5376 Cori).
1629 5306 1826 5376 prtefert
1854 5309 2134 5376 Thiavensis,

554 5358 971 5432 quemrscribendi
995 5359 1188 5409 modum
1212 5365 1366 5432 magis
1408 5358 1690 5428 probamus;
1715 5371 1826 5432 quia
1859 5358 2140 5428 iniudicqu

557 5417 750 5489 t'ossidii
776 5419 901 5529 apud
929 5429 1031 5469 Mss.
1060 5417 1358 5485 exemplaria
1389 5417 1652 5478 censentur
1675 5417 2138 5497 Elu'mdmii'ililioi

560 5474 802 5529 matteas:
835 5495 913 5529 us.
941 5495 1033 5529 seu
1054 5494 1342 5529 commutato
1415 5489 1460 5529 in
1485 5489 1524 5529 Ii,
1595 5491 1895 5529 hiabant-{Ima

560 5474 913 5541 thiavensibus,
941 5495 1033 5532 seu
1054 5474 1342 5536 commutato
1364 5474 1534 5551 vinib,
1544 5474 1895 5547 "i'iiaiiiiiizis'

617 5562 634 5580 '
659 5568 863 5624 Reperta
885 5563 1041 5617 solum
1064 5570 1113 5618 in
1138 5578 1241 5621 .ttss.
1265 5572 1326 5622 cb
1352 5579 1404 5622 et
1425 5573 1614 5624 duobus
1636 5591 1682 5627 v.
1700 5587 1878 5639 przeter
1890 5583 2006 5635 Edit.
2023 5593 2131 5638 Lov.

709 5647 852 5753 Epist.
878 5649 957 5710 72,
981 5651 1042 5701 75
1065 5659 1115 5702 et
1136 5652 1214 5702 81.

634 5705 661 5752 b
762 5721 831 5758 tas
999 5727 1109 5766 ante
1130 5723 1214 5766 aut

709 5651 852 5753 Epist.
878 5651 957 5710 72,
981 5651 1042 5701 75
1065 5659 1115 5702 et
1136 5652 1214 5702 81.

548 5651 831 5818 ambiguas
999 5727 1109 5778 qua:
1130 5723 1296 5767 autem
1311 5715 1374 5768 83
1396 5725 1520 5780 erat,
1534 5733 1662 5770 nunc
1678 5721 1784 5774 22L
1809 5729 1987 5792 Scripta
2009 5732 2133 5784 circa

1809 295 1867 353 S.
1907 282 2268 353 AUGUSTINI
2306 291 2608 354 EPISCOPI

2279 412 2557 481 quiescere
2587 428 2690 469 non
2720 414 2996 484 permittit,
3025 415 3198 472 donec
3224 431 3317 485 eos
3354 425 3524 472 tecum
3571 417 3781 472 audiam
3809 421 3853 475 in

2277 503 2561 574 pristinum
2604 508 2839 562 animum
2881 509 3188 575 restitutos;
3230 511 3368 579 quod
3407 511 3514 568 cito
3559 511 3854 568 faciendum

2276 605 2378 652 est.
2410 598 2466 654 Si
2497 600 2637 655 enim
2662 601 2729 656 de
2746 600 2960 657 homine
2983 618 3089 657 uno
3113 612 3313 658 tantum
3348 605 3541 673 sategit
3575 607 3856 675 Apostolus

2274 689 2478 754 dicens,
2500 691 2579 746 Ne
2594 693 2786 764 majore
2805 695 3007 748 tristitia
3021 695 3357 760 absorbeatur,
3382 696 3465 765 qui
3487 698 3742 764 ejusmodi
3757 709 3856 764 est;

2273 783 2363 846 ubi
2389 785 2549 838 etiam
2577 786 2669 850 ait,
2708 785 2774 840 Ut
2802 804 2902 841 non
2930 789 3279 858 possideamur
3354 801 3566 856 satana;
3597 773 3700 844 non
3730 792 3857 846 enim

2272 872 2564 943 ignoramus
2593 885 2780 932 mentes
2799 878 2909 947 ejus
2936 875 3001 948 (lI
3025 877 3140 932 Cor.
3172 896 3228 946 ,
3263 881 3314 945 7,
3348 880 3438 951 11)
3468 899 3480 933 :
3514 892 3718 951 quanto
3750 899 3857 937 ma-

2271 964 2354 1034 gis
2375 980 2473 1020 nos
2493 975 2703 1036 oportet
2731 969 3011 1038 vigilanter
3051 986 3228 1041 agere,
3263 988 3329 1026 ne
3357 971 3458 1028 hoc
3483 974 3533 1028 in
3562 983 3676 1028 toto
3704 991 3857 1044 grege

2274 1057 2602 1128 plangamus,
2633 1067 2687 1114 et
2704 1063 2931 1116 maxime
2957 1062 3010 1136 ip
3032 1063 3108 1118 eis
3125 1065 3213 1133 qui
3243 1080 3386 1120 nunc
3448 1065 3728 1120 catholicae
3752 1069 3858 1137 paci

2271 1162 2630 1219 accesserunt,
2658 1163 2712 1208 et
2752 1169 2890 1224 quos
2915 1156 3065 1210 nullo
3103 1156 3264 1210 modo
3287 1158 3589 1228 relinquere
3621 1174 3856 1228 possunt.

2269 1239 2374 1296 Sed
2401 1243 2520 1311 quia
2553 1245 2810 1313 temporis
2835 1261 2942 1300 non
2980 1248 3103 1301 sivit
3131 1249 3394 1316 angustia,
3441 1259 3494 1302 ut
3522 1250 3681 1304 simul
3711 1251 3858 1317 nobis

2270 1331 2395 1387 inde
2442 1332 2725 1404 diligenter
2763 1335 3106 1392 deliberatam
3139 1339 3323 1394 liceret
3364 1339 3599 1409 eliquare
3641 1350 3859 1396 senten-

2270 1425 2429 1489 tiam;
2459 1425 2583 1494 quid
2607 1426 2733 1479 mihi
2761 1436 2880 1496 post
2904 1428 3203 1498 digressum
3232 1440 3470 1485 nostrum
3489 1431 3581 1485 diu
3610 1434 3856 1502 cogitanti

2270 1517 2546 1586 placuerit,
2575 1519 2797 1588 accipiat
2813 1520 3076 1575 Sanctitas
3103 1530 3190 1576 tua
3217 1540 3231 1577 :
3254 1531 3308 1578 et
3326 1524 3370 1577 si
3391 1523 3482 1578 tibi
3509 1539 3729 1593 quoque
3760 1526 3859 1594 pla-

2268 1619 2374 1676 cet,
2398 1610 2509 1678 jam
2561 1611 2751 1667 litterae
2781 1628 2913 1683 quas
2933 1613 3001 1668 ad
3039 1629 3134 1670 eos
3168 1616 3440 1672 communi
3481 1618 3706 1676 nomine
3731 1617 3857 1672 scri-

2268 1703 2351 1774 psi
2378 1701 2473 1775 (a),
2501 1703 2616 1758 sine
2635 1704 2889 1760 dilatione
2909 1707 3203 1764 mittantur.

2337 1794 2390 1849 2.
2420 1795 2608 1854 Dixisti
2629 1805 2684 1851 ut
2700 1797 2974 1854 dimidium
2991 1798 3239 1867 habeant,
3253 1807 3308 1856 et
3325 1799 3553 1856 alterum
3581 1799 3856 1856 dimidium

2266 1887 2345 1942 eis
2379 1903 2410 1942 a
2447 1903 2532 1944 nte
2571 1888 2938 1960 undecumque
2968 1891 3353 1961 provideretur.
3387 1893 3501 1964 Ego
3527 1903 3714 1950 autem
3740 1905 3859 1965 puto

2266 1979 2389 2048 quia
2417 1980 2463 2034 si
2497 1989 2662 2034 totum
2704 1981 2782 2036 eis
2826 1981 3148 2052 auferretur,
3185 1992 3330 2040 esset
3374 1985 3516 2055 quod
3557 1985 3859 2041 diceremur

2267 2087 2374 2126 non
2401 2071 2467 2127 de
2489 2074 2708 2141 pecunia
2741 2090 2858 2140 nos,
2883 2076 2978 2130 sed
2999 2076 3066 2130 de
3083 2076 3287 2146 justitia
3320 2086 3597 2148 tantopere
3620 2079 3859 2135 laboras-

2265 2177 2344 2218 se.
2375 2163 2509 2217 Cum
2535 2179 2662 2220 vero
2704 2165 2980 2222 dimidium
3022 2170 3100 2224 eis
3127 2170 3494 2237 concedimus,
3527 2180 3584 2226 et
3602 2187 3671 2227 eo
3703 2171 3858 2227 modo

2266 2268 2387 2311 cum
2415 2255 2492 2308 eis
2519 2254 2839 2326 quandoque
2879 2259 3270 2330 componimus,
3305 2262 3434 2317 satis
3460 2263 3746 2332 apparebit
3766 2280 3858 2320 no

2263 2353 2431 2398 stram
2461 2359 2643 2400 curam
2676 2348 2806 2402 nihil
2827 2349 2970 2404 aliud
3003 2367 3160 2421 quam
3190 2353 3547 2421 pecuniariam
3581 2354 3782 2421 fuisse;
3813 2365 3861 2412 ct

2264 2437 2412 2492 vides
2437 2453 2554 2508 qua:
2578 2441 2839 2508 pernicies
2859 2453 3242 2514 consequatur.
3267 2447 3332 2501 Et
3351 2446 3454 2502 illis
3479 2448 3622 2502 enim
3655 2449 3858 2503 videbi-

2264 2545 2387 2590 mur
2409 2530 2639 2586 alienam
2669 2547 2780 2588 rem
2801 2534 3074 2590 dimidiam
3099 2539 3313 2604 tulisse;
3341 2548 3396 2594 et
3432 2539 3508 2594 illi
3539 2540 3863 2596 ridebantur

2265 2621 2420 2678 nobis
2451 2622 2732 2680 inhoneste
2757 2635 2813 2680 et
2839 2626 3017 2696 inique
3044 2643 3102 2683 se
3129 2644 3315 2697 passos
3336 2629 3517 2697 fuisse,
3552 2643 3609 2686 ut
3636 2633 3861 2702 adjuva-

2265 2727 2450 2771 rentur
2465 2717 2533 2772 de
2557 2716 2797 2786 dimidio,
2828 2719 2969 2789 quod
2990 2729 3159 2775 totum
3187 2738 3474 2793 pauperum
3501 2723 3699 2779 fuerat.
3729 2725 3862 2780 Nam

2263 2811 2407 2879 quod
2432 2808 2635 2876 dixisti,
2660 2808 2950 2865 Cavendum
2988 2823 3080 2879 est,
3113 2830 3176 2867 ne
3197 2830 3311 2868 cuin
3329 2831 3432 2868 rem
3455 2815 3660 2868 dubiam
3687 2834 3862 2872 emen

2264 2903 2379 2958 dari
2406 2905 2656 2972 volumus,
2681 2907 2880 2972 maiora
2901 2907 3108 2961 vulnera
3129 2908 3397 2977 faciamus,
3415 2910 3751 2965 tantumdem
3779 2927 3866 2966 va-

2264 2997 2412 3062 lebit,
2439 2998 2485 3052 si
2511 2998 2587 3052 eis
2603 2997 2881 3052 dimidium
2901 2999 3244 3054 concedatur.
3266 3002 3488 3070 Propter
3507 3001 3681 3072 ipsum
3709 3004 3863 3073 quip-

2263 3106 2332 3162 pe
2350 3090 2649 3154 dimidium,
2692 3092 2766 3146 illi
2796 3107 3024 3162 quorum
3050 3095 3384 3150 conversioni
3413 3095 3701 3151 consulere
3724 3099 3746 3128 '
3768 3113 3862 3152 vo-

2263 3183 2459 3249 lumus,
2492 3193 2550 3239 ut
2577 3184 2682 3240 hoc
2709 3185 2956 3254 exemplo
2980 3200 3160 3240 secum
3192 3196 3397 3256 agatur,
3427 3203 3606 3241 rerum
3634 3202 3860 3244 suarum

2262 3276 2621 3331 venditionem
2651 3291 2750 3347 per
2769 3276 3076 3331 morasillas
3097 3279 3456 3332 excusatorias
3473 3278 3690 3336 dilaturi
3715 3289 3862 3334 sunt.

2263 3367 2465 3423 Deinde
2503 3370 2695 3423 mirum
2745 3369 2789 3422 si
2831 3368 2898 3424 de
2938 3385 2998 3424 re
3036 3369 3197 3424 dubia
3228 3377 3310 3424 est
3356 3371 3512 3425 totius
3541 3371 3720 3440 plebis
3756 3380 3861 3427 tam

2260 3458 2462 3529 grande
2503 3459 2844 3526 scandalum,
2885 3476 3004 3514 cum
3053 3462 3337 3531 episcopos
3386 3477 3530 3526 suos,
3581 3478 3724 3532 quos
3769 3480 3863 3534 pro

2261 3566 2456 3622 magno
2503 3551 2733 3618 habent,
2779 3552 2994 3608 sordida
3031 3555 3250 3609 avaritia
3297 3555 3592 3610 maculatos
3642 3567 3860 3626 putant,

2260 3641 2389 3697 dum
2415 3643 2642 3713 maligna
2675 3646 2883 3714 species
2909 3660 3014 3700 non
3047 3645 3262 3700 vitatur.

2331 3735 2385 3789 5.
2415 3734 2547 3789 Nam
2575 3749 2695 3790 cum
2733 3737 2959 3806 quisque
2995 3737 3060 3792 ad
3089 3738 3468 3793 monasterium
3496 3743 3860 3807 convertitur,

2259 3828 2305 3882 si
2325 3827 2500 3882 veraci
2522 3827 2684 3882 corde
2707 3830 3058 3896 convertitur,
3087 3829 3217 3883 illud
3240 3845 3344 3885 non
3371 3831 3587 3900 cogitat,
3619 3835 3864 3890 maxime

2259 3919 2566 3974 admonitus
2593 3928 2847 3988 quantum
2890 3919 3088 3974 malum
3129 3921 3217 3975 sit.
3251 3921 3306 3976 Si
3336 3929 3512 3976 autem
3540 3921 3715 3978 fallax
3757 3937 3862 3988 est.

2255 4019 2313 4066 et
2341 4027 2434 4066 sua
2463 4013 2673 4082 quzerit,
2701 4028 2803 4067 non
2834 4029 2952 4083 qua:
2990 4013 3116 4068 Iesu
3142 4014 3336 4068 Christi
3367 4014 3623 4086 (Philipp.
3649 4033 3715 4082 ,
3741 4018 3804 4072 2|
3825 4021 3859 4086 ),

2257 4115 2364 4155 non
2406 4102 2564 4156 habet
2608 4102 2788 4172 utique
2816 4103 3150 4158 charitatcm.
3181 4105 3248 4159 Et
3286 4105 3412 4175 quid
3443 4107 3490 4159 ei
3530 4108 3779 4176 prodest,
3820 4111 3861 4164 si

2254 4193 2588 4249 distribuerit
2611 4195 2790 4248 omnia
2821 4210 2914 4249 sua
2960 4196 3298 4266 pauperibus,
3331 4207 3384 4251 et
3423 4198 3712 4254 tradiderit
3741 4216 3862 4255 eor-

2257 4301 2356 4356 pus
2376 4301 2529 4340 suum
2552 4297 2606 4341 ut
2631 4286 2817 4341 ardeat
2844 4286 2889 4356 (l
2920 4287 3037 4342 Cor.
3068 4304 3186 4354 xm,
3210 4289 3303 4362 5)?
3331 4290 3442 4345 l-luc
3467 4291 3704 4356 accedit,
3734 4295 3863 4362 quia

2255 4376 2406 4442 illud,
2442 4379 2572 4434 sicut
2607 4378 2718 4448 jam
2746 4379 2995 4433 collocuti
3027 4395 3231 4447 sumus,
3275 4381 3527 4452 deinceps
3551 4383 3711 4438 vitari
3742 4396 3866 4453 put-

2255 4477 2356 4533 est,
2403 4477 2459 4523 et
2482 4469 2562 4539 agi
2605 4483 2725 4524 cum
2760 4484 2826 4524 eo
2848 4471 2936 4541 qui
2967 4472 3313 4539 convertitur,
3339 4474 3510 4528 sinon
3547 4483 3737 4543 potest
3762 4476 3866 4530 ad-

2253 4562 2390 4615 mitti
2415 4561 2481 4615 ad
2512 4563 2819 4618 societatem
2849 4564 3087 4629 fratrum,
3120 4575 3402 4636 antequam
3426 4580 3485 4621 se
3508 4567 3778 4623 omnibus
3811 4569 3870 4623 il-

2252 4653 2320 4708 lis
2341 4656 2735 4726 impedimentis
2759 4659 2985 4722 exuerit,
3012 4667 3066 4714 et
3086 4675 3149 4714 ex
3167 4662 3277 4716 otio
3307 4661 3554 4716 tendatur
3572 4678 3706 4718 eum
3742 4666 3868 4735 ejus

2231 4748 2340 4804 res
2364 4750 2474 4819 jam
2495 4765 2615 4806 esse
2637 4751 2920 4808 destiterit.
2953 4753 3076 4810 llaec
3095 4764 3269 4810 autem
3301 4770 3446 4810 mors
3473 4755 3862 4826 infirmorum,

2253 4851 2307 4898 et
2334 4852 2536 4898 tantum
2567 4843 3006 4915 impedimentum
3049 4848 3236 4902 salutis
3261 4864 3464 4916 eorum,
3513 4865 3610 4919 pro
3653 4853 3871 4920 quibus

2251 4945 2528 5008 tantopere
2553 4939 2859 4994 laboramus
2884 4948 2944 4994 ut
2973 4955 3067 4996 eos
3096 4942 3369 4996 catholica!
3400 4942 3515 5011 paci
3549 4943 3869 5012 lucremur,

2249 5029 2407 5085 aliter
2429 5030 2584 5085 vitari
2607 5046 2712 5087 non
2736 5032 3052 5102 potest,nisi
3073 5043 3129 5089 ut
3153 5036 3488 5106 apertissime
3517 5037 3870 5110 intelligant,

2251 5121 2396 5175 nullo
2422 5123 2582 5177 modo
2608 5139 2706 5178 nos
2732 5124 2798 5178 de
2829 5125 3054 5195 pecunia
3073 5135 3314 5196 satagere
3335 5127 3385 5181 in
3416 5129 3610 5199 talibus
3638 5135 3866 5187 causis.

2247 5211 2398 5279 Quod
2413 5215 2558 5268 nullo
2581 5215 2742 5272 modo
2761 5216 3082 5272 intellecturi
3101 5226 3243 5282 sunt,
3265 5219 3364 5273 nisi
3381 5219 3523 5274 illam
3540 5236 3660 5276 rem
3686 5240 3870 5295 quam

2248 5319 2460 5375 semper
2487 5307 2786 5378 presbyteri
2815 5325 2936 5364 esse
2963 5318 3298 5380 putaverunt,
3328 5327 3510 5366 eorum
3533 5313 3748 5370 usibus
3763 5333 3864 5372 re-

2247 5398 2577 5468 linquamus;
2608 5401 2730 5472 quia
2752 5402 2854 5457 etsi
2877 5402 2992 5472 ejus
3013 5417 3120 5458 non
3142 5413 3275 5472 erat,
3300 5403 3402 5458 hoc
3429 5403 3498 5460 ab
3523 5404 3684 5462 initio
3712 5409 3875 5466 scire

2246 5489 2562 5548 debuerant.

2354 5602 2419 5645 tta
2441 5577 2548 5645 Mss.
2575 5603 2630 5647 At
2651 5603 2759 5670 Lov.
2786 5596 2953 5669 habet,
2979 5598 3182 5710 qui
3204 5598 3470 5660 catholica,
3497 5609 3593 5653 etc.
3747 5669 3756 5675 .

2355 5659 2487 5710 Apud
2510 5666 2619 5708 Lov.
2644 5669 2896 5710 omittitur.
2922 5675 3065 5710 censu
3085 5675 3198 5710 ere:
3243 5663 3372 5710 auod
3397 5677 3461 5710 ex
3484 5672 3596 5710 Mss.
3618 5675 3756 5710 rem

2355 5659 2487 5720 Apud
2510 5666 2619 5708 Lov.
2644 5663 2896 5722 omittitur,
2922 5659 3198 5725 consulere;
3243 5663 3372 5726 quod
3397 5659 3462 5714 ex
3484 5672 3596 5716 Mss.
3618 5669 3872 5723 restitui-

2240 5731 2364 5768 mus.

2304 5804 2375 5860 ()
2402 5809 2481 5852 tta:
2505 5800 2684 5852 littere
2705 5816 2800 5852 non
2821 5811 3034 5858 exstant.
