4090 6356
351 465 408 526 4.
438 459 662 517 Videtur
702 458 879 530 itaque
925 457 1059 514 mihi
1099 461 1214 514 haec
1255 459 1436 532 regula
1463 476 1579 516 esse
1615 461 1665 516 in
1704 460 1863 516 rebus

277 550 646 622 hujuscemodi
677 551 971 618 retinenda,
1010 559 1067 606 ut
1091 551 1343 622 quidquid
1370 567 1434 607 eo
1463 552 1581 623 jure
1606 568 1710 622 quo
1738 552 1864 606 talia

277 640 641 711 possidentur,
671 639 784 710 ejus
811 640 970 696 fuerit
998 641 1086 712 qui
1110 642 1299 696 alicubi
1315 644 1539 698 clericus
1565 626 1860 707 ordinatur,

277 733 342 786 ad
373 748 491 787 eam
519 732 780 803 pertineat
821 734 1111 788 Ecclesiam
1155 735 1206 788 in
1237 751 1338 806 qua
1367 735 1660 790 ordinatur.
1686 734 1866 805 Usque

278 825 414 880 adeo
431 834 612 880 autem
641 826 826 881 eodem
853 825 973 897 jure
1007 829 1304 898 presbyteri
1339 829 1588 883 Honorati
1615 838 1695 882 est
1736 827 1864 882 illud

271 918 422 971 aulide
451 919 642 988 agitur,
673 928 729 972 ut
755 934 860 974 non
886 919 1056 974 solum
1095 920 1221 976 alibi
1250 920 1544 983 ordinatus,
1565 919 1662 974 sed
1688 919 1864 976 adhuc

268 1008 328 1062 in
363 1009 716 1079 Thagastensi
743 1011 1070 1065 monasterio
1096 1013 1436 1079 constitutus,
1469 1012 1515 1067 si
1540 1027 1599 1067 re
1627 1027 1719 1066 sua
1758 1027 1864 1068 non

273 1102 513 1168 vendita,
536 1119 633 1158 nec
653 1118 747 1174 per
764 1105 1097 1158 manifestam
1120 1105 1459 1160 donationem
1485 1105 1537 1159 in
1565 1105 1864 1176 quempiam

278 1194 534 1248 translata
563 1203 880 1258 moreretur,
897 1197 1108 1252 nonnisi
1137 1196 1377 1251 haeredes
1392 1196 1575 1266 ejusin
1603 1212 1718 1250 eam
1741 1211 1864 1251 suc-

274 1283 550 1348 cederent,
584 1287 722 1340 sicut
745 1286 906 1341 frater
933 1287 1253 1341 jEmilianus
1281 1287 1332 1341 in
1363 1288 1478 1342 illos
1510 1287 1720 1356 triginta
1742 1287 1866 1340 soli-

265 1376 375 1430 ‘dos
404 1377 553 1433 fratri
579 1379 788 1433 Privato
809 1381 1082 1434 successit.
1111 1380 1233 1434 Ihec
1250 1394 1376 1450 ergo
1406 1389 1530 1434 ante
1558 1394 1862 1450 praecaven-

274 1468 340 1522 da
379 1479 504 1522 sunt
536 1487 548 1522 :
590 1473 633 1523 si
666 1481 840 1526 autem
872 1482 1134 1543 praecauta
1166 1488 1269 1525 non
1304 1471 1519 1536 fuerint,
1549 1488 1610 1526 ea
1638 1471 1756 1541 jura
1786 1470 1865 1525 eis

275 1573 493 1614 servare
521 1572 752 1632 oportet,
776 1579 894 1633 quae
919 1565 1109 1618 talibus
1140 1564 1396 1619 habendis
1413 1565 1491 1618 vel
1525 1579 1627 1616 non
1661 1563 1864 1617 haben-

272 1650 360 1705 dis
375 1652 665 1707 secundum
695 1655 903 1708 civilem
935 1657 1243 1711 societatem
1269 1666 1391 1710 sunt
1413 1655 1679 1719 instituta;
1712 1663 1768 1709 ut
1795 1653 1864 1709 ab

275 1745 420 1797 omni
447 1761 554 1799 non
585 1747 754 1800 soluat
786 1763 865 1810 re,
891 1747 983 1802 sed
1011 1749 1170 1801 etiam
1195 1748 1371 1817 specie
1400 1747 1652 1816 maligna,
1690 1761 1864 1815 quan-

277 1844 386 1888 tum
409 1850 712 1905 possumus,
743 1853 838 1892 nos
863 1838 1242 1906 abstineamus,
1266 1847 1318 1893 et
1341 1839 1529 1892 bonam
1556 1840 1747 1892 famam
1772 1853 1864 1892 cu-

277 1926 590 1994 stpdiamus,
615 1929 999 2000 dispensationi
1021 1941 1216 1986 nostra:
1235 1931 1458 1985 multum
1482 1932 1859 1986 necessariam.

275 2016 443 2083 Quam
485 2035 615 2074 vero
635 2021 842 2090 species
868 2022 1096 2092 maligna
1125 2022 1214 2089 sit,
1244 2022 1485 2076 advertat
1510 2032 1690 2076 sancta
1732 2038 1858 2091 pru-

273 2108 452 2163 dentia
487 2119 594 2165 tua.
628 2113 859 2182 Excepta
894 2113 1104 2167 illorum
1131 2113 1340 2167 tristitia
1367 2128 1522 2182 quam
1552 2113 1863 2182 expertisu-

275 2216 409 2268 mus,
445 2220 514 2257 ne
539 2205 665 2275 quid
696 2205 828 2260 forte
851 2207 963 2275 ipse
985 2205 1214 2273 fallerer,
1247 2207 1385 2262 sicut
1411 2207 1523 2262 fieri
1553 2207 1708 2273 solet,
1736 2205 1860 2260 dum

271 2292 324 2347 in
353 2296 680 2350 sententiam
709 2312 883 2351 meam
923 2298 1208 2366 proclivior
1235 2313 1378 2364 erro,
1412 2298 1616 2352 narravi
1644 2312 1859 2351 causam

273 2386 422 2442 fratri
448 2398 502 2443 et
523 2389 739 2459 collcg:e
758 2399 942 2443 nostro
968 2390 1246 2444 Samsucio
1276 2387 1371 2462 (a),
1412 2389 1642 2443 nondum
1679 2389 1860 2444 dicens

273 2483 412 2551 quod
446 2483 579 2535 mihi
626 2481 784 2537 modo
810 2481 1046 2551 videtur,
1081 2481 1174 2537 sed
1202 2481 1326 2536 illud
1359 2482 1530 2549 potius
1570 2480 1862 2550 adjungens

270 2571 411 2642 quod
441 2574 655 2643 utrique
700 2582 941 2627 nostrum
971 2573 1144 2627 visum
1182 2573 1266 2637 sit,
1301 2587 1420 2627 cum
1456 2571 1557 2626 illis
1585 2572 1858 2626 resistere-

273 2683 387 2722 mus
421 2684 434 2718 :
476 2664 821 2722 vehementer
838 2663 1135 2730 exhorruit,
1163 2672 1218 2718 et
1237 2663 1388 2718 nobis
1417 2662 1516 2718 hoc
1544 2663 1711 2716 visum
1740 2674 1861 2715 esse

269 2761 500 2814 miratus
529 2767 648 2825 est;
679 2760 818 2814 nulla
847 2775 906 2814 re
945 2758 1047 2812 alia
1080 2765 1372 2828 permotus,
1407 2757 1505 2810 nisi
1538 2757 1646 2824 ipsa
1684 2755 1860 2825 Specie

271 2851 410 2908 Τωίίει
436 2869 542 2907 non
577 2863 779 2921 nostra,
808 2852 901 2908 sed
945 2851 1229 2922 cujuslibet
1253 2852 1380 2916 vita,
1425 2865 1486 2904 ac
1515 2849 1750 2904 moribus
1781 2849 1860 2901 in-

274 2943 607 3013 dignissima.

274 3061 284 3074 -
341 3037 394 3089 5.
427 3035 664 3091 Proinde
685 3037 908 3091 obsecro
943 3044 993 3091 te
1031 3044 1088 3089 ut
1113 3035 1389 3104 epistolam
1419 3049 1573 3103 quam
1605 3031 1682 3088 eis
1710 3048 1856 3087 com-

274 3127 415 3180 muni
446 3127 665 3180 nomine
685 3125 893 3196 scripsi,
927 3125 1275 3194 subscriptam
1306 3140 1410 3177 non
1437 3122 1650 3177 dill‘eras
1679 3123 1858 3176 mitte-

272 3231 348 3272 re.
381 3219 447 3271 Et
469 3218 511 3271 si
538 3216 678 3271 forte
708 3217 814 3270 illic
844 3215 970 3270 illud
993 3216 1194 3286 justum
1230 3213 1563 3285 apertissime
1595 3212 1856 3282 pervides,

271 3323 376 3362 non
399 3318 659 3378 cogantur
693 3309 884 3362 inlirmi
916 3307 1072 3361 modo
1099 3307 1304 3362 discere
1329 3305 1464 3374 quod
1498 3319 1595 3374 ego
1628 3305 1856 3358 nondum

276 3401 533 3470 intelligo,
557 3409 614 3455 ut
641 3401 742 3454 hoc
763 3400 900 3454 circa
926 3415 1019 3453 eos
1050 3400 1100 3452 in
1135 3398 1238 3452 hac
1259 3414 1414 3452 causa
1445 3404 1689 3451 servetur
1718 3395 1859 3466 quod

279 3493 534 3548 Dominus
555 3493 628 3545 ait
655 3510 668 3547 :
700 3492 865 3545 Multa
888 3491 1042 3544 habeo
1058 3490 1194 3544 vobis
1212 3490 1392 3556 dicere,
1417 3488 1503 3542 sed
1528 3504 1626 3541 non
1657 3487 1859 3558 potestis

276 3584 362 3636 illa
399 3593 608 3654 portare
638 3583 788 3635 modo
833 3581 1008 3654 (Joan.
1048 3597 1155 3643 xw,
1189 3579 1300 3650 12).
1335 3579 1446 3634 Tali
1475 3579 1667 3648 quippe
1707 3578 1858 3632 inlir—

275 3673 442 3726 mitati
480 3687 723 3742 parcens,
769 3674 927 3727 etiam
965 3672 1091 3725 illud
1120 3671 1186 3724 de
1225 3670 1420 3724 tributo
1459 3661 1732 3735 salvendo,
1761 3668 1855 3736 ait,

277 3763 412 3834 ﬁrgo
441 3763 585 3817 liberi
626 3773 740 3816 sunt
766 3762 893 3832 lilii;
923 3763 1010 3816 sed
1036 3779 1100 3816 ne
1127 3761 1522 3816 scandalizemus
1547 3777 1650 3823 eos,
1676 3769 1727 3814 et
1749 3775 1857 3814 etc-

273 3862 400 3917 tera,
436 3854 654 3924 quando
690 3855 902 3909 Petrum
931 3855 1093 3920 misit,
1132 3861 1188 3907 ut
1213 3852 1548 3907 didrachmas
1581 3868 1697 3922 qua:
1735 3859 1857 3906 tunc

277 3945 624 4014 exigebantur
643 3947 910 4001 Solvercnt
939 3945 1148 4018 (Matth.
1173 3962 1308 4009 xvn,
1327 3945 1439 4016 26).
1467 3945 1695 4000 Noverat
1713 3945 1856 4000 enim

276 4039 414 4093 aliud
439 4040 548 4108 jus,
578 4056 683 4110 quo
702 4039 830 4093 nihil
849 4039 949 4093 tale
973 4038 1225 4101 debebat;
1253 4038 1346 4092 sed
1375 4054 1438 4092 eo
1459 4040 1578 4106 jure
1606 4037 1856 4092 tributum

275 4130 322 4182 ei
352 4130 441 4184 ille
471 4130 732 4198 solvebat,
760 4145 865 4200 quo
877 4131 996 4199 jure
1017 4129 1246 4184 diximus
1266 4128 1529 4183 hmredem
1562 4127 1855 4199 presbyteri

277 4221 533 4278 Honorati
561 4240 932 4280 successurum
964 4225 1146 4290 fuisse,
1179 4224 1221 4278 si
1257 4233 1536 4292 antequam
1563 4237 1673 4277 rem
1704 4237 1855 4277 suam

278 4315 356 4370 vel
384 4316 631 4383 donaret,
663 4317 749 4372 vel
783 4316 1055 4382 venderet,
1095 4322 1408 4369 moreretur.
1441 4313 1750 4382 Quanquam
1801 4313 1856 4368 in

272 4409 392 4478 ipso
430 4410 684 4465 Ecclesia:
719 4409 837 4479 jure
861 4409 1058 4464 Paulus
1104 4407 1376 4478 apostolus
1419 4407 1584 4475 parcit
1612 4403 1852 4473 inﬁrmis,

276 4511 329 4554 et
353 4501 593 4555 debitum
620 4501 936 4571 stipendium
982 4515 1084 4576 non
1117 4499 1296 4570 exigit,
1324 4506 1499 4552 certus
1533 4497 1855 4551 conscientia

278 4592 415 4662 quod
440 4594 738 4648 rectissime
768 4593 1031 4662 exigeret;
1061 4589 1150 4645 sed
1182 4589 1311 4643 nihil
1335 4587 1474 4643 aliud
1506 4603 1659 4658 quam
1686 4587 1858 4658 suspi-

281 4683 487 4738 cionem
515 4683 777 4749 devitans,
808 4683 1003 4737 bonum
1033 4679 1232 4736 Christi
1274 4679 1490 4732 odorem
1533 4678 1853 4746 turbantem,

285 4775 425 4830 etab
447 4774 536 4830 illa
561 4775 786 4845 maligna
819 4775 998 4846 specie
1024 4789 1140 4829 sese
1163 4772 1457 4852 abstinens,
1489 4773 1540 4846 in
1574 4772 1652 4826 eis
1682 4774 1856 4842 regio-

281 4866 458 4930 nibus,
488 4867 577 4921 nbi
605 4866 954 4921 hocnevcrat
983 4874 1228 4936 oportere
1253 4865 1294 4936 (l
1327 4863 1441 4917 Cor.
1476 4879 1548 4927 ιχ,
1581 4862 1767 4934 1-25),
1804 4870 1858 4918 et

279 4955 418 5012 forte
448 4967 734 5028 antequam
768 4957 1029 5011 tristitiam
1078 4956 1347 5010 hominum
1379 4953 1563 5009 fuisset
1587 4965 1855 5025 expertus.

275 5046 380 5103 Sed
412 5063 513 5102 nos
539 5049 820 5116 tardiores,
852 5049 934 5104 vel
956 5048 1158 5119 experti
1178 5047 1524 5118 corrigamus,
1559 5047 1699 5119 quod
1727 5062 1860 5118 prte-

279 5138 466 5194 videre
496 5139 793 5206 debuimus.

351 5228 404 5283 6.
439 5229 718 5284 Postremo
760 5232 880 5300 quia
924 5229 1099 5284 omnia
1135 5229 1316 5298 timeo,
1354 5236 1407 5283 et
1439 5229 1654 5296 memini
1683 5228 1733 5283 in
1774 5228 1858 5286 di-

278 5333 468 5389 gressu
499 5303 682 5374 nostro
702 5319 826 5390 quid
854 5320 1211 5389 proposueris,
1234 5319 1371 5389 quod
1396 5334 1481 5376 me
1509 5318 1696 5374 fratres
1719 5319 1858 5375 Tha-

277 5421 561 5481 gastenses
581 5421 793 5467 teneant
823 5410 1118 5466 debitorem
1156 5411 1208 5464 iu
1242 5410 1461 5465 dimidio
1488 5410 1625 5466 illius
1664 5409 1856 5480 pretii;

281 5505 325 5558 si
357 5503 459 5559 hac
480 5503 681 5573 justum
711 5518 830 5558 esse
853 5503 1052 5574 liquido
1075 5502 1350 5573 perSpicis,
1378 5517 1439 5558 ea
1462 5502 1718 5556 duntaxat
1741 5487 1860 5556 con;

281 5593 488 5649 ditione
515 5609 620 5648 non
663 5595 857 5660 abnuo,
890 5603 945 5648 ut
971 5609 1091 5648 cum
1127 5592 1365 5647 habuero
1403 5592 1642 5656 reddam,
1666 5592 1716 5646 id
1755 5599 1856 5657 est,

280 5700 402 5741 cum
434 5685 630 5756 aliquid
662 5692 862 5739 tantum
883 5684 1157 5740 obvenerit
1179 5683 1496 5754 llipponensi
1514 5681 1859 5754 monasterio,

321 5799 396 5862 (ιι)
417 5796 667 5862 episcopo
686 5797 927 5849 Tun-ensi.

1451 331 1926 424 nrtsromann
1964 339 2232 400 cussrs
2269 337 2334 424 ιι.

3441 356 3544 418 294

1972 454 2058 509 ubi
2087 455 2188 511 hoc
2213 457 2326 512 sine
2350 459 2588 530 angustia
2614 457 2724 516 fieri
2749 463 2916 533 possit
2952 483 2964 519 :
2993 473 3047 520 ut
3068 473 3209 521 tanta
3238 469 3306 524 ibi
3337 485 3539 528 smnma

1969 545 2228 614 detracta,
2248 565 2352 605 non
2377 553 2553 607 minus
2579 568 2735 623 quam
2753 556 2970 625 arqualis
2996 573 3096 628 pro
3129 575 3350 617 numero
3377 564 3542 619 coha-

1969 636 2248 693 bitantium
2282 655 2406 711 pars
2435 643 2499 698 ad
2527 652 2742 699 nostros
2772 641 3061 715 perveniat.

1968 831 1972 834 _
2387 755 2713 812 EPISTULA
2741 760 3002 816 LXXXIV
3031 767 3051 787 ‘
3073 764 3160 837 (ιι).

1972 841 2173 898 Novato
2212 845 2446 918 episcopo
2489 849 2816 921 Augustinus,
2848 870 3091 911 excusans
3123 858 3258 929 quod
3285 861 3353 914 ad
3376 861 3538 932 ipsum

2040 955 2140 993 non
2164 942 2327 995 mittat
2355 959 2648 1013 germanum
2678 947 2835 1018 ipsius
2862 949 3114 1006 Lucillum
3139 955 3422 1025 diaconum,
3447 979 3542 1033 quo

2042 1029 2212 1083 latinw
2236 1033 2422 1102 lingua!
2442 1037 2598 1103 perito
2628 1052 2794 1092 carere
2819 1057 2917 1093 non
2943 1054 3141 1112 possent
3163 1043 3403 1103 Ecclesia:
3420 1029 3542 1105 dia:-

2041 1121 2165 1174 cesis
2198 1120 2556 1198 Hipponensis.

1968 1209 2195 1294 Domino
2226 1213 2529 1268 beatissimo
2547 1224 2600 1270 et
2621 1221 2904 1276 venerabili
2935 1237 2996 1278 ac
3023 1224 3356 1286 desiderabili
3394 1232 3541 1289 fratri

2040 1307 2094 1354 et
2115 1303 2474 1358 consacerdoti
2497 1305 2721 1363 Novaro
2747 1308 2840 1380 (b),
2869 1322 2922 1366 ct
2949 1315 3038 1382 qui
3063 1325 3232 1373 tecum
3272 1332 3394 1377 sunt
3432 1323 3542 1378 fra-

2041 1391 2225 1454 tribus.
2254 1395 2605 1465 Ancus'rtnus,
2638 1408 2691 1454 et
2723 1402 2810 1478 qui
2855 1417 3060 1460 mecum
3101 1410 3453 1482 suntfratres,
3491 1415 3540 1469 in

2040 1485 2263 1541 Domino
2292 1490 2536 1544 salutem.

2039 1578 2088 1631 1.
2117 1579 2182 1632 Ει
2210 1596 2308 1650 ego
2329 1583 2500 1636 sentio
2534 1587 2724 1654 quam‘
2756 1587 2920 1644 durus
2954 1590 3153 1659 videar,
3189 1604 3242 1648 et
3280 1599 3539 1668 meipsum

1968 1671 2052 1725 vix
2083 1672 2216 1737 fero,
2248 1675 2386 1746 quod
2417 1676 2581 1732 lilium
2611 1696 2787 1735 meum
2816 1681 3098 1739 diaconmn
3130 1687 3389 1756 Lucillum
3415 1709 3539 1762 ger-

1969 1777 2180 1837 manum
2205 1773 2347 1820 tuum
2373 1766 2644 1823 Sanctitati
2677 1779 2775 1824 tua:
2799 1789 2900 1828 non
2932 1776 3082 1831 mitto
3103 1784 3539 1850 atquepermitto.

1966 1854 2070 1909 Sed
2101 1871 2222 1912 cum
2245 1857 2356 1926 ipse
2372 1874 2580 1930 quoque
2605 1861 2831 1933 aliquos,
2861 1881 2924 1919 ex
2955 1867 3055 1922 tuis
3080 1874 3412 1927 nutrimentis
3433 1876 3542 1929 val-

1965 1947 2031 2001 de
2058 1949 2393 2004 charissimos
2421 1960 2578 2021 atque
2607 1953 2964 2021 dulcissimOs,
2996 1961 3399 2018 necessitatibus
3440 1965 3539 2020 Ec-

1964 2041 2242 2095 clesiarnm
2269 2042 2418 2112 longe
2438 2045 2727 2113 positarum
2755 2046 2847 2100 abs
2877 2057 2946 2114 te,
2967 2053 3257 2106 concedere
3278 2058 3537 2124 coeperis;

1966 2143 2088 2188 tunc
2107 2136 2300 2189 senties
2331 2137 2519 2204 quibus
2538 2137 2918 2193 desiderinrmn
2946 2143 3173 2199 stimulis
3197 2146 3380 2216 fodiar,
3401 2149 3540 2220 quod

1964 2224 2173 2295 quidam
2206 2225 2333 2278 mihi
2363 2227 2589 2280 maxima
2621 2237 2673 2282 et
2694 2227 3001 2284 dulcissima
3033 2231 3386 2290 familiaritate
3414 2254 3542 2292 con-

1958 2317 2273 2388 juncti,non
2302 2327 2426 2371 sunt
2465 2319 2619 2372 etiam
2665 2322 3008 2388 corporaliter
3046 2341 3275 2380 mecum.
3319 2327 3446 2380 Nam
3487 2338 3545 2384 ut

1965 2408 2119 2478 longe
2148 2409 2350 2462 mittam
2381 2400 2793 2478 cogitationem"
2827 2424 2997 2479 tuam;
3026 2420 3413 2486 quantumlibet
3454 2403 3544 2475 va-

1965 2503 2070 2582 leat
2100 2505 2420 2574 germanitas
2447 2505 2519 2558 tui
2543 2505 2832 2575 sanguinis,
2854 2523 2958 2562 non
2984 2509 3141 2564 vincit
3163 2495 3407 2567 amicitim
3439 2516 3546 2570 vino

1962 2597 2160 2662 Culum,
2181 2614 2285 2668 quo
2309 2598 2458 2652 nobis
2489 2597 2711 2652 invicem
2735 2615 2832 2668 ego
2861 2611 2910 2653 et
2935 2601 3095 2656 frater
3125 2602 3353 2659 Severus
3381 2606 3542 2660 inhre-

1963 2703 2182 2744 remus:
2221 2697 2273 2744 et
2303 2699 2478 2744 tamen
2507 2691 2644 2744 nosti
2679 2707 2834 2760 quam
2876 2709 2995 2746 raro
3037 2711 3156 2748 cum
3199 2699 3323 2751 mihi
3365 2699 3542 2757 videre

1964 2783 2251 2852 contingat.
2282 2783 2451 2852 Atque
2473 2781 2573 2836 hoc
2600 2784 2719 2838 fecit
2738 2801 2840 2852 non
2872 2785 3049 2856 utique
3066 2787 3308 2842 voluntas
3327 2792 3404 2845 vel
3426 2809 3541 2848 mea

1964 2873 2047 2928 vel
2081 2875 2250 2940 illius;
2275 2873 2364 2928 scd
2394 2873 2516 2928 dum
2546 2875 2730 2929 matris
2757 2877 3007 2930 Ecclesia:
3033 2882 3394 2948 necessitates,
3421 2899 3542 2952 pro-

1963 2974 2081 3040 pter
2106 2964 2334 3019 futurtn'n
2367 2966 2638 3031 stcculum,
2682 2982 2784 3036 quo
2806 2968 3080 3021 nobiscum
3120 2959 3540 3040 inseparabiliter

1963 3041 2323 3121 convivemus,
2352 3056 2518 3112 nostri
2543 3059 2796 3130 temporis
2822 3059 3226 3118 necessitatibus
3258 3053 3538 3134 anteponi;

1964 3168 2099 3206 mus.
2126 3151 2331 3220 Quanto
2352 3167 2476 3220 ergo
2506 3151 2707 3220 {nquius
2737 3161 2786 3206 te
2816 3152 3042 3207 tolerare
3070 3165 3296 3224 oportet,
3323 3173 3415 3227 pro
3440 3161 3539 3212 uti-

1965 3243 2109 3298 litate
2157 3244 2320 3312 ipsius
2361 3243 2546 3296 matris
2576 3241 2826 3297 Ecclesia:
2859 3244 2971 3314 ejus
3013 3248 3189 3300 fratris
3223 3249 3532 3320 absentiam,

1963 3351 2082 3389 cum
2137 3350 2241 3404 quo
2286 3351 2387 3388 non
2438 3336 2632 3388 tznndiu
2687 3337 2861 3390 cibum
2905 3337 3226 3394 dominicum
3271 3327 3534 3414 ruminas;

1963 3427 2214 3499 quamdiu
2240 3444 2336 3497 ego
2363 3445 2480 3483 cum
2499 3427 2803 3483 dulcissimo
2829 3431 3046 3486 concive
3070 3450 3188 3487 meo
3209 3433 3424 3503 Severo,
3449 3419 3536 3510 qui

1962 3539 2167 3577 mecum
2223 3531 2400 3576 tamen
2454 3537 2596 3576 nunc
2635 3522 2742 3588 vix,
2781 3532 2833 3577 et
2873 3524 3132 3579 interdum
3188 3544 3282 3596 per
3324 3530 3539 3598 exiguas

1961 3615 2228 3672 chartulas
2250 3613 2500 3686 loquitur,
2527 3627 2576 3686 cit
2605 3631 2694 3672 eas
2721 3617 2929 3686 quidem
2954 3620 3130 3688 plures
3150 3621 3370 3676 aliarum
3395 3641 3539 3680 cura-

1962 3725 2078 3763 rum
2125 3717 2177 3764 et
2206 3711 2533 3778 negotiorum
2565 3711 2813 3775 refertas,
2847 3726 3004 3779 quam
3034 3721 3303 3780 portantes
3344 3716 3538 3787 aliquid

1963 3810 2261 3854 nostrorum
2293 3799 2342 3852 in
2365 3799 2559 3854 Christi
2587 3803 2845 3855 suavitate
2875 3805 3184 3871 pratorum?

2034 3892 2086 3946 2.
2115 3891 2208 3946 llic
2227 3892 2442 3945 forsitan
2467 3891 2610 3945 dicas
2639 3909 2649 3943 :
2685 3890 2820 3956 Quid
2847 3892 3026 3945 enim?
3053 3903 3107 3948 et
3133 3895 3267 3963 apud
3289 3913 3386 3952 nos
3414 3915 3538 3968 ger-

1961 4003 2149 4042 manus
2173 4001 2319 4039 meus
2342 3983 2593 4038 Ecclesiae
2625 3999 2727 4037 non
2755 3983 2854 4037 erit
2878 3984 3037 4053 utilis,
3062 3998 3151 4038 aut
3167 3998 3383 4056 propter
3398 3991 3537 4047 aliud

1962 4094 2084 4134 eum
2133 4092 2338 4130 mecum
2371 4075 2567 4129 habere
2605 4073 2884 4130 desidero?
2921 4074 3080 4130 Plane
3114 4077 3158 4130 si
3198 4086 3398 4134 tantmn
3442 4083 3536 4140 tibi

1961 4179 2214 4242 quantum
2238 4169 2322 4222 hic
2348 4167 2494 4232 mihi,
2521 4167 2634 4236 ejus
2655 4167 2929 4236 pratsentia
2955 4168 3217 4224 lucrandis
3243 4173 3322 4226 vel
3346 4191 3536 4246 regen-

1963 4263 2045 4318 dis
2073 4262 2261 4317 ovibus
2295 4258 2500 4314 Domini
2532 4258 2670 4312 utilis
2692 4257 2977 4323 videretur,
3015 4274 3117 4313 non
3143 4259 3260 4330 dico
3289 4263 3536 4322 duritiam

1964 4355 2056 4411 sed
2080 4354 2406 4424 iniquitatem
2437 4366 2608 4406 meam
2640 4365 2797 4405 nemo
2839 4365 2941 4404 non
2978 4352 3096 4421 jure
3137 4354 3390 4424 culparet.
3429 4333 3536 4418 Sed

1963 4463 2080 4502 eum
2100 4445 2258 4500 latina
2276 4444 2451 4513 lingua
2473 4440 2569 4516 (c),
2594 4441 2743 4511 cujus
2762 4442 2934 4512 inopia
2954 4443 3002 4497 in
3023 4444 3217 4501 nostris
3236 4447 3538 4517 regionibus

1963 4537 2263 4608 evangelica
2304 4533 2626 4605 dispensatio
2669 4533 2888 4588 multum
2941 4533 3175 4604 laborat,
3217 4537 3323 4592 illic
3361 4550 3539 4602 autem

1963 4630 2200 4701 ejusdem
2229 4628 2420 4698 lingua)
2451 4641 2578 4681 usus
2606 4623 2823 4680 omnino
2843 4625 2940 4692 sit;
2970 4625 3110 4681 itane
3135 4642 3321 4684 censes
3339 4648 3433 4688 nos
3457 4650 3543 4688 sa.

1966 4722 2059 4792 luti
2098 4721 2330 4792 plebium
2361 4718 2564 4773 Domini
2593 4725 2839 4789 oportere
2877 4717 3176 4787 consulere,
3205 4729 3265 4775 ut
3302 4721 3435 4779 hanc
3455 4724 3530 4779 fa-

2028 4879 2046 4912 ι
2071 4878 2144 4926 sic
2165 4888 2242 4941 ex_
2253 4875 2410 4924 tribus
2428 4870 2891 4941 Mss._-_[quanquam].

2025 4942 2046 4972 ³
2069 4945 2208 4988 Forte
2230 4937 2350 5000 leg.,
2375 4937 2717 4998 cognationem.

1991 5025 2280 5137 erLxxxw
2305 5027 2358 5070 et
2378 5025 2561 5069 Lxxxv
2587 5016 2857 5080 tieoognitaa
2877 5022 2990 5067 sunt
3011 5015 3069 5066 ad
3091 5017 3168 5070 eb.
3182 5033 3257 5070 vc.
3271 5019 3393 5072 duos
3413 5037 3462 5076 v.
3490 5030 3542 5082 et

1962 5100 1990 5137 a
2075 5099 2153 5135 ov.

2026 5171 2097 5234 (α)
2113 5169 2244 5234 ίΑιίεδ
2263 5165 2355 5217 2i2
2379 5180 2390 5215 :
2417 5176 2526 5228 quae
2548 5168 2711 5234 autem
2732 5160 2794 5211 84
2817 5167 2939 5234 erat,
2965 5175 3091 5212 nunc
3114 5161 3188 5212 19.
3215 5165 3390 5226 Scripta
3417 5164 3538 5216 forte

2112 5233 2204 5281 hoc
2223 5223 2544 5291 tempusfseu
2565 5231 2678 5291 ante
2701 5237 2778 5291 an.
2803 5223 2911 5291 «iit.

2027 5294 2097 5358 (tt)
2134 5284 2377 5358 Collatio'ui
2414 5284 2776 5358 Carthaginensi
2820 5284 3038 5358 interfuit
3069 5293 3272 5358 aovatus
3308 5286 3541 5358 Sitifensis

1966 5346 2244 5420 episéOpus,
2266 5351 2463 5420 fortean
2488 5346 2616 5399 idem
2637 5349 2741 5420 ipse
2765 5347 2842 5396 cui
2877 5347 2980 5420 hace
3014 5346 3213 5420 epistola
3245 5347 3419 5420 scripta
3445 5355 3537 5398 est.

2026 5420 2096 5482 (c)
2111 5407 2533 5482 ﬁertelegendutn
2546 5425 2560 5461 :
2589 5429 2610 5457 α
2624 5407 2840 5482 sedcum
2857 5407 3036 5482 callent
3048 5407 3244 5482 latinam
3266 5407 3531 5482 linguam.)

1964 5466 2105 5531 Porro
2128 5466 2177 5530 in
2201 5476 2296 5528 illis
2318 5466 2614 5538 Temporibus
2637 5479 2741 5521 erat
2763 5483 2993 5538 perquam
3019 5466 3258 5538 iupiliuris
3278 5466 3401 5534 apud
3427 5473 3540 5538 atri-

1965 5527 2067 5594 elixi
2081 5527 2212 5592 usus
2229 5539 2364 5589 latini
2385 5527 2621 5587 sermonis
2637 5527 2822 5599 ,_que'm
2852 5527 2880 5575 α’
2899 5531 3024 5599 inter
3049 5527 3368 5599 t..lan_dimetita
3394 5527 3541 5583 etiam

1972 5590 2255 5656 iinutricum
2276 5618 2298 5647 ι
2326 5601 2518 5651 discere
2549 5590 3004 5658 cmpit'wgustinus
3022 5625 3036 5648 ,
3064 5605 3123 5639 ex
3147 5590 3234 5658 li...
3257 5594 3274 5642 1
3308 5598 3540 5658 (gulosa,

1964 5651 2204 5725 cili-7,37.
2224 5663 2302 5713 23.
2327 5665 2443 5712 Hinc
2468 5665 2544 5725 est
2564 5651 2693 5720 quod
2723 5651 2957 5725 puiucunl
2971 5653 3278 5725 proverbium
3307 5651 3546 5725 allaturus

1965 5714 2017 5780 in
2034 5714 2187 5791 Serm.
2215 5727 2303 5791 167
2326 5726 2389 5791 de
2413 5714 2777 5791 verbis-Apost,
2801 5715 2959 5791 catt?
2976 5727 3070 5791 ε.ηᾷ
3086 5714 3202 5791 is
3223 5719 3385 5768 Latine
3409 5715 3545 5770 vobis

1968 5807 1999 5848 ,ᾳ
2018 5789 2189 5852 dicam,
2212 5789 2385 5852 inquit.
2409 5786 2520 5839 auia
2543 5783 2714 5832 ounice
2737 5791 2832 5828 non
2853 5786 3024 5826 omnes
3045 5783 3212 5826 nostis.
3237 5794 3259 5823 ι
