4032 6334
530 505 781 561 cultatem
815 498 943 555 illuc
966 497 1258 560 mittamus,
1288 500 1344 549 et
1376 491 1498 548 hinc
1525 491 1847 561 auferamus,
1876 493 1964 549 ubi
1989 507 2107 549 eam

533 611 726 668 magno
764 593 940 650 cordis
982 599 1115 648 testu
1160 586 1511 662 requirimus?
1551 587 1627 643 Da
1665 589 1840 658 itaque
1874 587 2106 654 veniam,

532 687 674 760 quod
715 702 818 743 non
867 687 1038 741 solum
1064 694 1246 761 contra
1279 694 1423 737 tuum
1461 679 1802 748 desiderium,
1828 679 1920 736 sed
1947 679 2106 735 etiam

534 790 719 836 contra
741 793 953 834 sensum
975 791 1148 831 meum
1183 773 1338 841 facio,
1373 771 1514 842 quod
1543 787 1633 830 me
1658 771 1853 838 facere,
1885 769 2107 825 sarcinae

540 882 737 929 nostrae
772 887 901 927 cura
944 868 1276 938 constringit.
1310 867 1464 921 Dabit
1496 866 1590 922 tibi
1617 865 1890 931 Dominus,
1919 863 1971 918 in
2001 875 2109 933 quo

446 1017 452 1022 .
533 964 754 1036 posuisti
781 979 873 1017 cor
899 971 1062 1028 tuum,
1098 969 1153 1015 ut
1177 960 1306 1015 tales
1333 959 1441 1027 sint
1457 959 1664 1014 labores
1693 957 1865 1023 tui,ut
1886 971 1986 1029 pro
2006 957 2109 1011 isto

535 1055 793 1110 beneficio
815 1052 1205 1118 remunereris;
1231 1052 1310 1106 sic
1333 1052 1474 1107 enim
1504 1051 1780 1121 regionum
1807 1057 2107 1104 nostrarum

535 1148 920 1204 ardentissimze
952 1147 1058 1213 siti,
1090 1145 1370 1201 diaconum
1399 1144 1660 1200 Lucillum
1692 1152 1744 1198 tu
1769 1143 1942 1212 potius
1981 1157 2108 1196 con-

537 1238 764 1294 cessisti.
795 1237 977 1307 Neque
997 1236 1139 1290 enim
1167 1251 1351 1306 parum
1372 1235 1668 1308 prmstabis,
1691 1248 1811 1290 cum
1839 1232 1907 1288 de
1935 1231 2034 1288 hac
2053 1247 2110 1287 re

537 1331 681 1387 nulla
706 1329 956 1398 petitione
981 1344 1066 1384 me
1104 1328 1326 1384 ulterius
1367 1326 1646 1392 onerabis;
1687 1340 1755 1380 ne
1795 1323 1923 1379 nihil
1965 1321 2110 1377 aliud

535 1435 692 1494 quam
716 1420 899 1475 durior
917 1434 1222 1490 appaream,
1254 1418 1540 1474 venerabili
1567 1417 1697 1472 mihi
1720 1425 1775 1472 et
1799 1424 1994 1472 sancta:
2011 1415 2113 1472 Be-

533 1511 851 1568 nevolentia:
876 1517 1003 1565 tuae.
1076 1555 1082 1561 .

519 1599 526 1606 ’
948 1600 1275 1657 EPISTOLA
1317 1598 1556 1655 Lxxxv
1597 1595 1694 1672 (a).

533 1693 843 1768 Augustinus
871 1692 1093 1748 Paulum
1133 1691 1399 1763 quemdam
1428 1691 1718 1762 episcopum
1744 1688 1996 1762 objurgat,
2024 1688 2111 1760 qui

605 1786 887 1841 Eccluiam
916 1783 1109 1838 levitate
1131 1801 1223 1838 sua
1246 1783 1460 1855 graviter
1484 1781 1767 1850 olfendebat
1785 1823 1800 1850 ,
1829 1791 1884 1836 ut
1911 1781 1978 1835 ad
2001 1784 2113 1853 [ru-

606 1895 720 1950 gem
745 1888 790 1933 et
811 1877 1042 1948 episcopo
1072 1875 1276 1947 dignam
1302 1876 1454 1929 vitam
1478 1875 1667 1929 redeat.

535 1971 762 2028 Domino
794 1968 1071 2026 sinceriter
1099 1968 1444 2023 dilectissimo
1473 1976 1528 2022 et
1554 1967 1689 2022 votis
1712 1966 1958 2027 omnibus
1981 1966 2110 2023 bea-

604 2064 850 2120 tificando
876 2062 1023 2118 fratri
1053 2069 1108 2117 et
1135 2059 1500 2116 consacerdoti
1525 2059 1704 2117 PAULO
1724 2058 1822 2132 (b),
1849 2061 2110 2118 Aucusrr-

600 2173 722 2222 nos,
746 2158 795 2211 in
823 2155 1046 2211 Domino
1073 2148 1320 2210 salutem.

605 2249 661 2303 1.
699 2246 830 2304 Tam
861 2245 1241 2301 inexorabilem
1266 2259 1354 2300 me
1373 2258 1481 2300 non
1507 2257 1728 2300 vocares
1751 2284 1768 2312 ,
1808 2243 1910 2298 nisr
1947 2243 2110 2298 etiam

534 2337 844 2394 mendacem
873 2346 1108 2408 putares.
1131 2335 1267 2404 Quid
1295 2335 1438 2391 enim
1481 2334 1624 2390 aliud
1663 2333 1732 2391 de
1769 2335 1946 2389 animo
1989 2347 2110 2389 meo

529 2431 708 2486 credis
727 2469 742 2496 ,
769 2429 979 2501 quando
1005 2429 1135 2484 mihi
1161 2429 1284 2483 talia
1318 2429 1508 2485 scribis
1530 2469 1546 2493 ,
1569 2428 1671 2483 nisi
1697 2445 1782 2484 me
1805 2436 1987 2483 tenere
2014 2427 2112 2483 ad-

529 2539 716 2580 versus
763 2533 816 2578 te
853 2538 1063 2577 naevum
1104 2520 1384 2577 discordia:
1408 2528 1464 2576 et
1489 2519 1668 2577 odium
1698 2518 2106 2575 detestandum:

529 2615 678 2686 quasi
709 2614 761 2669 in
789 2630 847 2670 re
871 2613 1148 2668 manifesta
1174 2628 1279 2667 non
1304 2627 1542 2678 caveam,
1564 2627 1632 2666 ne
1651 2609 1769 2666 aliis
1794 2609 2106 2681 prmdicans,

530 2705 646 2779 ipse
685 2705 944 2775 reprobus
986 2704 1225 2760 inveniar
1249 2703 1294 2772 (l
1322 2702 1440 2759 Cor.
1469 2718 1544 2767 ix,
1576 2701 1667 2774 27)
1691 2718 1706 2768 ;
1735 2709 1828 2757 aut
1852 2701 1923 2756 ita
1949 2701 2110 2756 velim

527 2796 724 2866 ejicere
763 2795 1010 2866 stipulam
1038 2793 1106 2851 de
1134 2795 1288 2850 oculo
1317 2802 1437 2860 tuo,
1468 2802 1525 2848 ut
1552 2793 1606 2848 in
1630 2808 1750 2848 meo
1777 2793 1980 2847 trabem
2008 2808 2109 2847 nu-

529 2885 684 2941 triam
711 2885 922 2956 (Matth.
945 2901 1040 2952 vn,
1063 2883 1159 2958 4)?
1192 2883 1308 2939 Non
1345 2895 1429 2940 est
1465 2883 1606 2955 quod
1649 2893 1821 2955 putas.
1850 2884 1987 2948 Ecce
2012 2883 2112 2940 ite-

529 2992 649 3033 rum
671 2977 790 3036 dico
817 2985 871 3032 et
897 2984 1064 3032 testor
1093 2977 1276 3042 Deum,
1296 2974 1416 3045 quia
1437 2976 1482 3030 si
1513 2986 1566 3030 tu
1597 2974 1692 3030 tibi
1716 2990 1778 3031 ea
1807 2975 1973 3030 velles
1990 2989 2111 3046 quae

528 3069 622 3127 tibi
651 3085 750 3141 ego
775 3069 918 3137 volo,
937 3068 1046 3140 jam
1074 3069 1200 3124 olim
1226 3083 1446 3124 securus
1475 3068 1526 3122 in
1557 3067 1768 3123 Christo
1795 3069 2022 3134 viveres,
2053 3077 2112 3124 et

529 3164 587 3220 in
613 3162 843 3219 nominis
883 3161 997 3232 ejus
1021 3162 1188 3231 gloria
1214 3169 1378 3217 totam
1408 3160 1524 3230 ejus
1548 3160 1839 3217 Ecclesiam
1867 3159 2108 3215 lietilica-

528 3273 637 3315 res.
671 3259 809 3314 Ecce
851 3259 960 3328 jam
1004 3257 1192 3326 scripsi
1236 3271 1342 3311 non
1385 3263 1587 3310 tantum
1636 3264 1688 3310 te
1730 3269 1851 3311 esse
1892 3253 2108 3308 fratrem

527 3367 704 3407 meum
727 3392 744 3419 ,
775 3349 869 3406 sed
893 3351 1053 3406 etiam
1095 3348 1350 3419 collegam
1389 3362 1588 3402 meum.
1617 3345 1800 3415 Neque
1825 3344 1964 3400 enim
1996 3342 2109 3398 ﬁeri

529 3450 735 3513 potest,
772 3453 830 3496 ut
870 3458 977 3497 non
1024 3441 1094 3496 sit
1137 3440 1339 3511 collega
1381 3454 1532 3494 meus
1569 3439 1787 3510 quilibet
1829 3439 2110 3509 episcopus

529 3531 785 3587 Ecclesia:
807 3531 1101 3597 catholicas,
1132 3531 1528 3600 qualiscumque
1552 3530 1649 3595 sit,
1675 3529 1822 3586 nullo
1851 3529 2107 3584 ecclesia-

528 3623 665 3680 stico
683 3622 882 3693 judicio
905 3622 1203 3676 damnatus.
1228 3619 1334 3675 Sed
1357 3629 1412 3674 ut
1439 3619 1535 3674 tibi
1565 3637 1668 3674 non
1697 3621 2105 3688 communicem,

531 3715 676 3771 nulla
724 3731 880 3770 causa
919 3723 1034 3780 est,
1066 3714 1168 3768 nisi
1201 3713 1322 3783 quia
1354 3713 1444 3768 tibi
1482 3712 1686 3768 adulari
1724 3729 1828 3769 non
1868 3729 2104 3783 possum.

529 3807 648 3862 Tibi
692 3806 835 3861 enim
879 3805 1108 3861 maxime
1145 3804 1346 3872 debeo,
1375 3805 1498 3875 quia
1529 3805 1584 3859 in
1607 3804 1820 3860 Christo
1853 3805 1977 3860 Jesu
2015 3821 2110 3875 per

527 3897 871 3969 Evangelium
914 3913 1014 3968 ego
1064 3907 1115 3952 te
1156 3897 1348 3968 genui,
1397 3896 1664 3953 salubrem
1705 3896 2106 3954 mordacitatem

528 3989 801 4046 charitatis
825 3990 1086 4046 veraciter
1105 3975 1453 4061 objurgando.
1482 3989 1591 4046 Nec
1635 3991 1704 4045 ita
1747 3991 1952 4061 gaudeo
1973 3992 2107 4047 mul-

529 4091 612 4138 tos
636 4082 688 4137 in
711 4081 1003 4138 Ecclesium
1033 4080 1348 4137 catholicam
1375 4081 1658 4152 adjuvante
1683 4082 1907 4138 Domino
1934 4099 2029 4154 per
2055 4093 2106 4139 te

529 4188 650 4229 esse
691 4173 974 4241 collectos,
1007 4181 1064 4228 ut
1089 4189 1195 4230 non
1222 4172 1445 4229 debeam
1476 4173 1727 4244 plangere
1764 4175 1943 4244 plures
1984 4175 2107 4232 inde

525 4263 779 4335 dispergi.
823 4265 911 4320 Sic
954 4265 1096 4320 enim
1141 4264 1430 4320 vulnerasti
1469 4265 1762 4322 Ecclesium
1803 4266 2105 4338 Hipponen-

529 4372 673 4421 sem,
704 4365 761 4411 ut
798 4355 899 4411 nisi
948 4365 1000 4411 te
1034 4357 1290 4412 Dominus
1317 4357 1563 4413 omnibus
1605 4359 1749 4413 curis
1788 4369 1842 4414 et
1883 4361 2106 4416 sarcinis

525 4446 869 4503 saecularibus
913 4444 1248 4516 expeditum,
1296 4445 1361 4500 ad
1414 4462 1594 4501 veram
1623 4449 1978 4519 episcopalem
2022 4451 2104 4507 vi-

527 4544 634 4591 tam
675 4537 980 4606 victumque
1026 4536 1384 4603 revocaverit,
1416 4536 1520 4592 tale
1558 4538 1745 4594 vulnus
1784 4541 1960 4596 sanari
1997 4557 2102 4597 non

523 4629 713 4701 possit.

601 4719 657 4774 2.
681 4719 812 4776 Cum
843 4728 1016 4776 autem
1044 4729 1101 4776 tu
1125 4721 1291 4792 magis
1320 4721 1595 4794 magisque
1620 4723 1892 4796 implicare
1922 4737 1971 4784 te
1996 4743 2103 4786 non

527 4827 728 4878 cesses,
759 4821 817 4866 ut
840 4811 999 4868 etiam
1029 4812 1190 4868 rebus
1218 4813 1407 4883 quibus
1431 4816 1767 4883 renuntiasti,
1799 4827 1848 4873 te
1876 4827 1994 4888 post
2020 4836 2105 4876 re-

526 4902 910 4957 nuntiationem
956 4902 1279 4971 inserueris,
1325 4903 1467 4974 quod
1515 4920 1615 4961 nec
1657 4907 1796 4977 apud
1847 4909 2104 4967 humanas

528 4993 672 5064 Ipsas
695 4993 840 5064 leges
865 4993 973 5049 ullo
997 4993 1156 5049 modo
1177 4993 1394 5050 defendi
1422 5005 1628 5065 potest;
1656 5008 1710 5054 et
1737 4999 1788 5053 in
1810 5015 1871 5055 ea
1897 5003 2103 5072 profes-

529 5086 681 5142 sione
706 5086 885 5141 vivere
905 5085 1118 5152 dicaris,
1144 5086 1228 5140 cui
1256 5085 1527 5158 frugalitas
1553 5087 1802 5147 Ecclesiae
1829 5100 1930 5148 tuae
1956 5095 2101 5149 suffi-

527 5191 652 5233 cere
675 5193 779 5235 non
806 5176 970 5248 possit
995 5195 1009 5232 :
1036 5177 1217 5248 utquid
1238 5178 1432 5248 quaeris
1455 5181 1879 5238 communionem
1905 5201 2099 5254 meam,

525 5284 646 5326 cum
675 5269 860 5326 audire
896 5285 1163 5340 nunquam
1189 5271 1420 5327 volueris
1443 5271 1859 5331 admonitionem
1886 5279 2102 5333 meam?

524 5364 608 5418 An
637 5373 694 5419 ut
718 5363 970 5435 quidquid
998 5363 1128 5421 facis
1150 5365 1279 5421 mihi
1300 5367 1561 5439 imputent
1587 5368 1850 5435 homines,
1877 5385 2101 5439 quorum

524 5455 773 5526 querelas
813 5456 1080 5514 sustinere
1130 5474 1235 5515 non
1263 5460 1517 5530 possum?
1546 5459 1765 5516 Frustra
1798 5468 1975 5516 autem
2009 5476 2101 5517 su-

587 5585 666 5667 ta).
677 5584 809 5667 alias
824 5587 1090 5667 :Zlgaquaa
1109 5597 1277 5667 autem
1297 5589 1359 5640 85
1381 5597 1503 5652 erat,
1527 5593 1801 5642 continetur
1825 5593 1966 5667 epist.
1996 5595 2098 5647 120.

523 5649 702 5703 Scripta
725 5649 847 5698 forte
868 5649 1074 5700 circa'an
1097 5653 1204 5703 405.

526 5663 621 5697 εστι
639 5663 702 5696 ηε
725 5663 847 5698 torte
868 5663 992 5700 Circa
1014 5664 1074 5700 an
1097 5663 1204 5703 405.
1887 5665 1889 5667 ’

588 5663 658 5790 ςιέξ
679 5716 1025 5790 ⁸3993ἓὲςὲ
1047 5714 1688 5790 εοεὲεξείαιηβςιαλίέιίεινξιηε
1703 5716 1897 5790 Paulus:
1921 5720 2101 5785 quippe

523 5777 682 5847 istast,
707 5781 760 5844 ut
781 5777 1147 5847 opinamurtqui
1171 5777 1228 5847 in
1244 5777 1386 5847 epist.
1402 5777 1554 5847 961,3.
1579 5777 1627 5837 2,
1636 5779 1815 5847 dicitur
1838 5777 2101 5844 [marceés'or

524 5831 763 5899 ﬁonifacii,
785 5831 1108 5902 Cataquensis,
1127 5831 1432 5904 juxta'epist.
1457 5831 1535 5903 97,
1559 5831 1680 5902 n.3,
1708 5831 1935 5911 episcopi.

1731 373 1789 432 S.
1826 370 2190 432 AUGUSTINI
2230 372 2531 434 EPISCOPI

3687 383 3794 447 296

2213 493 2437 562 spicaris
2461 508 2556 550 eos
2576 508 2696 552 esse
2720 496 3103 556 obtrectatores
3124 507 3262 564 tuos,
3292 497 3381 570 qui
3403 498 3494 555 tibi
3511 514 3724 570 semper
3743 509 3798 557 et

2213 583 2270 640 in
2295 585 2400 642 vita
2424 589 2603 658 priore
2627 589 2891 646 adversati
2921 602 3062 648 sunt.
3089 593 3205 648 Non
3235 600 3318 648 est
3345 593 3451 655 ita;
3477 607 3576 647 nec
3600 593 3792 648 mirum

2213 676 2355 746 quod
2383 680 2545 734 multa
2569 688 2620 737 te
2645 681 2828 738 latent.
2855 683 2962 740 Sed
3001 685 3211 740 etiamsi
3255 684 3356 740 hoc
3391 699 3575 739 verum
3623 691 3797 751 esset,

2213 767 2345 823 nihil
2373 769 2425 824 in
2456 771 2557 826 tuis
2584 774 2821 830 moribus
2845 774 3084 833 invenire
3121 776 3453 841 debuerunt,
3480 774 3623 845 quod
3651 784 3798 831 recte

2213 860 2698 933 reprehenderent,
2741 876 2795 922 et
2838 867 2979 924 unde
3013 867 3306 924 Ecciesiam
3346 866 3798 937 hlasphemarent.

2213 950 2401 1008 Adhuc
2445 969 2533 1010 me
2579 965 2731 1027 putas
2775 959 3001 1016 fortasse
3046 961 3167 1016 ideo
3193 963 3293 1016 ista
3320 959 3520 1026 dicere,
3545 959 3668 1030 quia
3693 975 3802 1017 non

2213 1044 2394 1113 accepi
2422 1045 2834 1104 satisfactionem
2879 1058 3044 1105 tuam.
3088 1050 3199 1106 lmo
3241 1061 3521 1120 propterea
3559 1049 3700 1117 dico,
3739 1065 3810 1106 ne

2215 1132 2331 1202 ipse
2373 1151 2478 1191 non
2519 1139 2714 1207 possim
2754 1141 2884 1195 satis
2913 1142 3023 1198 Deo
3052 1140 3230 1198 facere
3259 1141 3327 1196 de
3355 1141 3589 1212 peccatis
3618 1141 3755 1196 meis
3791 1181 3808 1207 ,

2213 1225 2260 1279 si
2287 1225 2401 1282 haec
2433 1228 2527 1282 tibi
2569 1239 2801 1288 tacuero.
2828 1231 2958 1288 Novi
2985 1233 3107 1303 quia
3128 1248 3225 1298 cor
3252 1232 3446 1298 habes,
3487 1231 3579 1287 sed
3605 1241 3663 1288 et
3691 1241 3801 1286 tar-

2214 1315 2338 1371 dum
2365 1333 2610 1374 securum
2635 1329 2737 1387 est,
2760 1322 2969 1391 quando
2999 1324 3051 1378 in
3077 1324 3213 1380 cosio
3240 1332 3350 1389 cst;
3383 1332 3437 1377 et
3461 1333 3675 1378 acutum
3705 1337 3806 1378 cor

2213 1408 2345 1462 nihil
2386 1419 2496 1478 est,
2532 1413 2742 1482 quando
2782 1414 2836 1468 in
2875 1423 3013 1470 terra
3058 1423 3160 1471 est.
3210 1415 3326 1470 Non
3355 1426 3438 1470 est
3464 1415 3805 1485 episcopatus

2214 1502 2496 1560 artificium
2522 1505 2873 1576 transigendce
2917 1508 3040 1563 vitae
3083 1507 3303 1562 fallacis.
3335 1507 3554 1564 Docebit
3578 1516 3630 1563 te
3657 1507 3805 1578 quod

2213 1595 2335 1652 dico
2361 1597 2615 1653 Dominus
2635 1599 2796 1665 Deus,
2829 1600 2916 1671 qui
2960 1600 3055 1656 tibi
3095 1600 3402 1657 interclusit
3441 1616 3628 1656 omnes
3663 1601 3800 1667 vias,

2212 1687 2282 1743 ad
2309 1703 2442 1758 quas
2470 1689 2562 1746 illo
2590 1691 2665 1745 uti
2691 1691 2936 1758 voluisti,
2961 1701 3019 1747 ut
3047 1691 3239 1763 dirigat
3260 1701 3334 1758 te,
3365 1692 3410 1747 si
3440 1692 3726 1762 intelligas,
3747 1691 3804 1746 in

2213 1778 2358 1834 illam
2386 1781 2546 1848 viam,
2578 1793 2797 1853 propter
2825 1799 2984 1854 quam
3013 1783 3389 1840 ambulandum
3418 1783 3511 1840 tibi
3537 1792 3645 1839 tam
3673 1797 3805 1838 san-

2213 1879 2299 1928 cta
2327 1872 2533 1929 sarcina
2561 1874 2804 1944 imposita
2833 1883 2939 1931 est.

2600 1966 2935 2023 EPISTOLA
2971 1966 3275 2024 LXXXVI'
3298 1968 3394 2041 (a).

2213 2052 2524 2125 Augustinus
2549 2052 2822 2118 Ceciliano
2851 2058 3055 2127 praesidi
3071 2100 3088 2127 ,
3113 2066 3169 2113 ut
3195 2075 3286 2114 suo
3315 2059 3476 2114 edicto
3497 2058 3798 2116 Donatista:

2283 2145 2337 2198 in
2365 2145 2566 2217 regione
2607 2145 2927 2218 Hipponiensi
2963 2158 3010 2203 et
3051 2151 3104 2204 in
3130 2151 3305 2205 vicinis
3333 2150 3454 2206 locis
3480 2161 3726 2206 coerceat.

2215 2234 2442 2291 Domino
2471 2237 2687 2305 eximio,
2716 2246 2772 2293 et
2808 2239 2860 2293 in
2902 2238 3098 2295 Christi
3139 2239 3397 2296 charitate
3421 2257 3546 2296 vere
3584 2243 3808 2298 merito-

2284 2342 2387 2397 que
2413 2327 2708 2384 honorabili
2732 2345 2795 2385 ac
2814 2331 3152 2401 suspiciende
3171 2333 3186 2363 ¹
3215 2332 3324 2386 tilio
3345 2333 3669 2402 Cacmmo,
3695 2335 3806 2389 Au-

2287 2433 2540 2474 eusruws
2568 2418 2871 2491 episcopus,
2898 2422 2953 2477 in
2983 2422 3208 2479 Domino
3235 2424 3481 2480 salutem.

2283 2508 2770 2566 Administrationis
2813 2523 2915 2568 tua;
2958 2513 3172 2569 claritas
3215 2523 3271 2570 et
3317 2513 3456 2571 fama
3507 2516 3805 2586 virtutum,

2213 2598 2426 2672 pictatis
2454 2618 2662 2674 quoque
2687 2603 2990 2660 christiana:
3022 2605 3285 2662 laudanda
3317 2607 3588 2679 diligentia
3617 2619 3671 2664 et
3696 2610 3809 2667 fida

2187 2691 2514 2762 sinceritas,
2545 2711 2662 2765 qua:
2695 2695 2786 2750 tibi
2806 2695 2984 2752 divina
3007 2713 3229 2754 munera
3252 2714 3318 2755 eo
3343 2699 3576 2757 donante
3598 2701 3809 2772 gaudes

2214 2783 2410 2838 tributa
2428 2826 2441 2849 ,
2469 2799 2498 2839 a
2531 2802 2637 2856 quo
2675 2802 2859 2860 speras
2887 2791 3227 2858 promittente
3264 2793 3467 2862 potiora
3485 2833 3502 2862 ,
3529 2796 3808 2852 excitave-

2216 2883 2341 2929 runt
2369 2890 2476 2942 me,
2508 2887 2566 2931 ut
2599 2877 2700 2934 hoc
2725 2879 3002 2949 epistulari
3039 2882 3273 2954 alloquio
3310 2893 3474 2940 aestus
3518 2900 3808 2943 causarum

2213 2981 2450 3022 mearum
2468 2982 2588 3024 cum
2604 2969 2930 3027 Excellentia
2951 2973 3177 3042 partirer
3198 2984 3284 3030 tua
3304 2976 3347 3026 ‘.
3371 2976 3637 3042 Quantum
3655 2980 3807 3035 enim

2213 3073 2312 3129 per
2338 3059 2474 3114 alias
2501 3061 2694 3118 Africa!
2723 3071 2892 3120 terras
2938 3074 2990 3121 te
3032 3067 3222 3122 unitati
3263 3067 3541 3124 catholicae
3567 3071 3808 3129 mirabili

2211 3150 2449 3208 efﬁcacia
2493 3155 2822 3211 consuluisse
2859 3157 3181 3228 gaudemus,
3209 3169 3412 3216 tantum
3439 3162 3684 3219 dolemus
3714 3179 3808 3220 re-
3855 3201 3871 3210 ο

2211 3241 2423 3312 gionem
2451 3242 3189 3319 Hipponensium-Regiorum
3225 3261 3280 3307 et
3302 3252 3352 3308 ei
3395 3253 3600 3309 vicinas
3623 3263 3809 3324 partes

2211 3336 2448 3393 confines
2473 3336 2752 3405 Numidiae,
2780 3342 3062 3411 prmsidiali
3088 3343 3109 3374 ³
3133 3344 3292 3400 edicti
3331 3345 3405 3401 tui
3442 3347 3626 3417 vigore
3655 3364 3804 3405 non-

2212 3424 2339 3481 dum
2364 3427 2601 3498 adjuvari
2630 3433 2910 3500 meruisse,
2937 3433 3150 3491 domine
3172 3436 3367 3492 eximie
3385 3479 3400 3504 ,
3426 3447 3478 3494 et
3505 3439 3558 3493 in
3588 3437 3809 3497 Christe

2211 3515 2471 3573 charitate
2511 3534 2638 3575 vere
2679 3523 2973 3592 meritoque
3002 3523 3329 3581 honorabilis
3357 3542 3420 3582 ac
3458 3528 3808 3598 suspiciende

2211 3605 2307 3663 ﬁli.
2338 3608 2491 3675 Quod
2529 3625 2598 3686 ne
2630 3627 2766 3668 mea:
2805 3614 2979 3683 potius
3021 3615 3352 3687 negligentia:
3377 3617 3680 3688 deputetur,
3709 3621 3807 3692 qui

2211 3699 2565 3770 episcopalem
2591 3702 2854 3758 sarcinam
2882 3703 3125 3775 Hippone
3161 3707 3434 3774 sustineo,
3463 3717 3565 3764 tua:
3591 3709 3806 3782 Magni-

2209 3788 2437 3846 ﬁcentiae
2457 3807 2564 3847 non
2591 3792 2867 3849 tacendum
2889 3797 3086 3865 putavi.
3105 3796 3370 3866 Quantum
3391 3801 3548 3854 etiam
3573 3801 3626 3854 in
3648 3815 3808 3857 cam-

2209 3895 2278 3952 po
2305 3881 2628 3955 lﬂpponensi
2657 3884 2905 3942 haeretica
2936 3899 3222 3958 praesumat
3248 3890 3491 3958 audacia,
3523 3893 3567 3947 si
3596 3908 3661 3948 ex
3690 3895 3806 3952 fra-

2212 3972 2378 4029 tribus
2401 3983 2456 4029 et
2485 3975 2700 4047 collegis
2729 3978 2882 4044 meis,
2909 3979 3001 4048 qui
3027 3979 3142 4035 haec
3170 3991 3272 4036 tua:
3311 3983 3635 4040 Sublimitati
3663 4002 3802 4042 nar-

2208 4079 2329 4120 rare
2361 4073 2648 4136 poterunt,
2675 4069 2760 4122 vel
2788 4085 2856 4125 ex
2892 4070 3203 4141 presbytero
3243 4088 3401 4143 quem
3440 4090 3559 4130 cum
3601 4076 3806 4134 litteris

2208 4154 2359 4223 misi,
2391 4154 2556 4213 fueris
2579 4158 2760 4214 audire
2787 4159 3053 4230 dignatus,
3093 4163 3378 4233 adjuvante
3415 4165 3641 4222 Domino
3684 4168 3806 4230 Deo

2208 4257 2419 4312 nostro,
2447 4248 2629 4316 procul
2665 4249 2826 4305 dubio
2855 4251 3156 4322 providebis
3197 4264 3254 4310 ut
3299 4265 3473 4312 tumor
3512 4260 3802 4333 sacrilege

2207 4338 2454 4394 vanitatis
2485 4341 2731 4400 terrendo
2755 4353 2972 4400 sanetur
2997 4347 3170 4416 potius
3193 4363 3354 4419 quam
3380 4350 3684 4409 ulciscendo
3709 4370 3807 4412 re-

2206 4437 2434 4486 secetur.

2583 4522 2910 4583 EPISTOLA
2952 4528 3238 4589 LXXXVII
3265 4538 3306 4559 “
3338 4535 3434 4609 (ὁ).

2205 4608 2516 4692 Augustinus
2561 4612 2786 4692 Emerita
2833 4618 3127 4692 donatistar,
3155 4608 3431 4682 adhortans
3470 4639 3526 4683 ut
3565 4635 3804 4692 attend“

2279 4691 2324 4735 et
2353 4685 2690 4755 respondeat,
2721 4704 2822 4758 qua
2840 4690 2984 4760 justa
3009 4685 3162 4747 causa
3199 4697 3418 4752 schisma
3454 4685 3722 4759 moverint.

2207 4771 2552 4833 Desiderabili
2578 4787 2632 4835 et
2650 4779 2845 4838 dilecto
2866 4783 3012 4846 fratri
3040 4787 3281 4846 EIERITO
3309 4789 3404 4864 (ε),
3428 4795 3803 4856 Aucusrmus.

2279 4869 2333 4925 1.
2373 4869 2483 4942 Ego
2504 4887 2626 4928 cum
2661 4874 2823 4930 audio
2853 4893 3172 4950 quemquam
3197 4881 3336 4938 bono
3357 4884 3568 4958 ingenio
3593 4891 3805 4959 praedi-

2265 4985 2644 5063 ,εῐξεξικξετ
2666 4987 2970 5063 εμεείρίετιάο
2987 5003 3014 5063 ,ε
3041 5000 3092 5043 ει
3115 4995 3165 5044 in
3186 5008 3403 5063 corpore
3423 4999 3677 5063 epistolae.
3725 5017 3810 5056 αι-

2205 5047 2670 5124 ἕέἕρὲεπέίέᾖξῃβίο
2693 5047 2803 5124 ίιὲδεί
2821 5060 2922 5124 est,
2946 5061 3001 5104 ιιι
3025 5063 3220 5124 vetent»
3255 5047 3641 5124 summa:
3661 5047 3808 5115 ἰδνῖἕ-

2206 5113 2914 5190 39332.9E?£‘3‘i‘.§99519‘{.f“?‘
2948 5113 3163 5190 “95.409,
3207 5113 3384 5183 διιίειιιθ
3407 5113 3609 5173 altera}!
3633 5113 3806 5190 mgi-

2205 5170 2368 5236 stinus'
2386 5170 2646 5231 epistolam
2659 5174 2848 5236 scripsit
2867 5188 2946 5226 an.
2971 5177 3081 5226 413.

2267 5233 2293 5312 ξ
2311 5236 2389 5312 ita
2399 5233 2880 5312 Mmss."pi:9pco_nines.
2899 5237 3416 5312 acaddqexccllcmiw
3424 5245 3662 5312 aperirent
3672 5254 3802 5302 tum.

2271 5293 2293 5362 ῗ
2320 5297 2405 5362 WE:
2432 5291 2755 5362 Τθυδνίξτξυει
2774 5296 3080 5362 Ρνίεείάὶαιάςο

2267 5351 2603 5426 "collatacum
2623 5353 2692 5406 hl.
2715 5351 2794 5408 cb'.
2818 5358 2870 5409 π.
2894 5375 2979 5426 gg.
3003 5351 3104 5414 r.t.
3128 5378 3203 5416 vc.
3229 5368 3386 5419 tribus
3405 5383 3454 5420 v.
3480 5377 3532 5422 et
3551 5385 3664 5422 cum
3685 5379 3804 5426 Am.

3012 5485 3193 5559 ρι.
3209 5503 3254 5539 c.
3275 5491 3416 5542 ec.ﬂ‘.
3441 5508 3490 5558 g.
3511 5509 3576 5559 ετ
3610 5508 3658 5548 u.
3678 5507 3726 5546 r.
3753 5512 3800 5550 ε.

2203 5539 2285 5604 ει).
2304 5544 2341 5604 t_.
2358 5552 2434 5604 vc.
2454 5549 2660 5604 quatuor
2682 5557 2729 5594 v.
2753 5551 2807 5594 et
2827 5545 2887 5594 ad
2909 5557 3008 5596 Am.
3035 5539 3146 5600 liud.
3165 5556 3239 5600 Er.
3266 5539 3375 5604 :39;

2204 5601 2488 5715 “(alogias
2508 5603 2569 5654 60
2594 5620 2607 5654 ;
2633 5618 2741 5668 quae
2770 5614 2936 5659 autem
2957 5609 3018 5659 86
3042 5620 3147 5662 erat
3162 5647 3177 5673 ,
3201 5601 3426 5666 nunc
3451 5619 3629 5681 Scripta
3664 5619 3805 5673 forte

2621 5743 2771 5806 t_‘qtltf‘i
2793 5733 3037 5806 autem_8_7
3063 5742 3190 5798 erat,
3218 5751 3346 5790 nunc
3377 5739 3484 5791 2l0.
3509 5744 3688 5806 Scripta
3709 5757 3802 5796 an.

2158 5827 2160 5829 .
2207 5787 2300 5854 405
2321 5787 2404 5854 aut
2426 5799 2550 5854 post,
2577 5789 2664 5842 sed
2676 5787 2801 5843 ante
2823 5808 2903 5844 an.
2928 5797 3036 5845 411.

2272 5847 2342 5916 (ι’)
2366 5847 2605 5907 Ειιὶθνίέυδ
2624 5869 2744 5906 oms
2771 5860 3078 5911 Caesariensis
3109 5862 3159 5911 in
3181 5865 3480 5929 Mauritania,
3512 5866 3678 5937 ibique
3701 5873 3807 5922 Do-
