4032 6334
242 361 339 418 297

237 486 373 539 tum,
416 474 791 545 doctrinisque
830 474 1133 531 liberalibus
1174 474 1473 540 eruditum,
1517 491 1819 547 quanquam

233 580 333 619 non
362 564 432 619 ibi
454 566 604 620 salus
629 568 819 620 animae
839 568 1125 621 constituta
1148 566 1236 632 sit,
1260 577 1435 622 tamen
1457 568 1508 623 in
1530 568 1821 638 quaestione

231 656 511 723 facillim,
545 659 748 713 sentire
794 658 936 715 aliud
972 674 1131 730 quam
1171 661 1363 714 veritas
1404 660 1666 730 postulat,
1714 675 1820 730 quo

226 749 391 819 magis
414 750 613 815 miror,
644 766 713 807 eo
737 752 904 823 magis
930 752 1221 808 exardesco
1249 767 1404 808 nosse
1435 752 1703 807 hominem
1723 792 1739 819 ,
1766 761 1821 807 et

225 856 342 895 cum
371 857 440 896 eo
462 843 701 914 colloqui
726 860 741 898 :
768 844 852 899 vel
879 844 923 898 si
950 843 1002 898 id
1030 860 1135 901 non
1164 845 1386 914 possim,
1415 845 1602 899 saltem
1629 844 1818 899 litteris

222 950 339 1004 qua:
365 934 683 1007 longissime
708 937 919 1003 volant,
948 937 1209 1008 attingere
1236 945 1467 993 mentem
1492 936 1628 1007 ejus,
1658 945 1819 1007 atque

222 1026 287 1080 ab
313 1042 379 1081 co
409 1027 652 1083 vicissim
680 1028 863 1098 attingi
898 1026 1163 1084 desidero.
1211 1029 1360 1083 Sicut
1404 1037 1454 1084 te
1496 1042 1617 1083 esse
1660 1027 1817 1084 audio

226 1119 380 1174 talem
407 1120 608 1183 virum,
637 1129 691 1175 et
718 1120 786 1175 ab
810 1120 1047 1175 Ecclesia
1075 1117 1359 1187 catholica,
1384 1135 1503 1190 quae
1528 1120 1666 1174 sicut
1688 1134 1814 1174 san-

220 1221 306 1266 cto
345 1212 555 1283 Spiritu
601 1214 953 1284 praenuntiata
992 1223 1109 1280 est,
1152 1223 1260 1270 toto
1303 1213 1433 1270 orbe
1476 1213 1812 1281 diffunditur,

227 1305 562 1378 discerptum
589 1308 750 1363 doleo
772 1321 931 1379 atque
955 1309 1259 1373 seclusum;
1298 1324 1456 1378 quam
1498 1307 1567 1361 ob
1599 1321 1815 1362 causam

222 1399 425 1453 nescio.
449 1398 587 1453 Nam
616 1409 821 1455 certum
849 1409 929 1455 est
954 1415 1159 1471 magna:
1200 1400 1337 1469 parti
1384 1399 1609 1455 Romani
1647 1399 1812 1464 orbis,

221 1507 287 1546 ne
315 1492 492 1547 dicam
514 1494 677 1548 etiam
706 1492 944 1548 barbaris
972 1494 1237 1563 gentibus,
1267 1493 1459 1563 quibus
1486 1508 1695 1564 quoque
1722 1494 1817 1548 de-

219 1582 449 1638 bitorem
496 1602 559 1641 se
606 1585 813 1641 dicebat
841 1587 1126 1655 Apostolus
1157 1585 1332 1658 (Rom.
1360 1602 1406 1653 ι,
1438 1585 1560 1657 14),
1588 1602 1814 1657 quorum

218 1676 528 1734 christiana:
554 1678 679 1734 fidei
700 1678 1003 1735 communio
1029 1689 1207 1734 nostra
1236 1679 1555 1744 contexitur,
1581 1679 1813 1749 ignotam

217 1784 345 1826 esse
370 1782 579 1841 partem
614 1772 836 1837 Donati;
864 1786 962 1826 nec
985 1785 1079 1827 eos
1103 1771 1319 1826 omnino
1340 1772 1477 1826 scire
1498 1772 1578 1826 vel
1605 1771 1814 1842 quando

217 1867 304 1920 vel
348 1865 542 1936 quibus
581 1866 755 1920 causis
801 1874 985 1921 exorta
1015 1865 1083 1919 sit
1110 1865 1207 1920 ista
1235 1864 1513 1920 dissensio.
1544 1865 1689 1931 Quos
1716 1866 1816 1920 uti-

218 1971 334 2028 que
378 1971 569 2012 omnes
605 1957 937 2011 Christianos
964 1957 1031 2011 ab
1057 1957 1136 2011 eis
1160 1956 1469 2011 criminibus
1512 1973 1629 2028 qua:
1672 1956 1816 2011 Afris

216 2050 478 2119 objicitis,
510 2051 611 2105 nisi
639 2050 953 2105 innocentes
977 2064 1097 2104 esse
1128 2050 1362 2117 fatearis,
1386 2051 1594 2121 cogeris
1609 2050 1809 2117 dicere,

216 2144 472 2198 omnium
500 2143 655 2198 malis
676 2142 830 2198 factis
854 2142 1135 2210 obnoxios,
1163 2158 1285 2197 cum
1316 2142 1454 2213 apud
1481 2159 1574 2198 vos
1600 2142 1813 2213 perditi,

216 2246 281 2293 ut
314 2238 499 2292 mitius
522 2236 746 2291 dixerim
766 2277 781 2300 ,
812 2235 1010 2304 latent,
1040 2251 1137 2291 vos
1174 2249 1361 2290 omnes
1404 2250 1525 2290 esse
1565 2235 1813 2305 pollutos.

214 2328 347 2384 Non
392 2329 531 2384 enim
576 2328 844 2384 neminem
868 2326 937 2383 de
960 2336 1135 2383 vestra
1175 2326 1549 2382 communione
1589 2326 1814 2397 pellitis;

225 2429 333 2475 aut
357 2429 485 2475 tunc
530 2420 753 2489 primum
798 2419 1013 2488 pellitis,
1045 2434 1165 2474 cum
1211 2418 1439 2489 primum
1484 2417 1641 2484 illud,
1676 2417 1817 2474 unde

219 2511 512 2581 pellendus
535 2510 949 2579 est,fecerit.An
973 2526 1078 2567 non
1104 2510 1373 2581 aliquanto
1395 2519 1633 2579 tempore
1658 2510 1819 2565 laten-

221 2612 377 2669 tem,
426 2613 482 2660 et
523 2613 702 2675 postea
755 2604 1021 2675 proditum
1068 2604 1477 2673 convictumque
1524 2603 1818 2659 damnatis?

220 2698 424 2765 Quatro
472 2698 627 2768 igitur
671 2706 847 2752 utrum
887 2711 985 2752 vos
1023 2695 1463 2753 contaminaverit
1488 2711 1554 2751 eo
1580 2705 1819 2765 tempore

220 2806 330 2860 quo
382 2789 627 2844 latebat?
671 2788 1040 2859 Respondebis
1068 2807 1079 2843 :
1110 2788 1264 2843 Nullo
1303 2787 1483 2843 modo.
1510 2787 1666 2843 Nullo
1691 2802 1818 2858 ergo

226 2891 479 2952 tempore
494 2883 895 2946 contaminaret,
918 2881 1127 2937 etiamsi
1147 2895 1358 2951 semper
1379 2880 1433 2934 id
1454 2879 1671 2945 lateret;
1696 2895 1818 2933 nam

223 2984 277 3030 et
319 2984 658 3029 mortuorum
705 2974 956 3031 nonnulla
1005 2988 1149 3044 saepe
1186 2972 1469 3027 commissa
1501 2970 1816 3042 produntur,

219 3083 324 3124 nec
353 3068 538 3122 fraudi
567 3076 646 3122 est
672 3066 1010 3133 Christianis,
1033 3067 1122 3137 qui
1152 3067 1231 3121 eis
1252 3066 1712 3121 connuunicavere
1736 3065 1819 3119 vi-

220 3160 504 3215 ventibus.
537 3159 641 3214 Cur
664 3174 792 3230 ergo
817 3175 911 3215 vos
942 3167 1047 3213 tam
1078 3158 1354 3213 temeraria
1380 3167 1537 3227 atque
1562 3156 1819 3227 sacrilega

220 3253 589 3324 diremptione
602 3254 858 3324 pratcidist
869 3253 911 3307 is
924 3270 950 3305 a
964 3252 1341 3307 communione
1357 3248 1817 3304 innumerabilium

219 3348 595 3404 Wlesiarunt
629 3346 975 3401 Orientalium
995 3386 1010 3412 ,
1039 3360 1171 3415 quas
1206 3359 1419 3414 semper
1448 3342 1619 3409 latuit,
1645 3350 1700 3396 et
1722 3340 1819 3395 ad-

218 3440 340 3495 huc
368 3441 506 3493 latet
526 3438 655 3509 quod
682 3440 734 3493 in
765 3437 940 3493 Africa
965 3445 1173 3509 gestum
1214 3451 1334 3491 esse
1377 3444 1466 3489 aut
1498 3433 1702 3490 docetis
1729 3440 1821 3488 aut

219 3534 359 3605 fingi
367 3533 442 3586 tis
460 3532 482 3585 τ’

290 3625 352 3679 2.
384 3624 506 3679 Alia
547 3623 682 3678 enim
723 3624 947 3694 quaestio
986 3633 1087 3691 est,
1120 3633 1293 3678 utrum
1326 3623 1414 3677 illa
1444 3636 1568 3678 vera
1606 3622 1817 3690 dicatis,

220 3733 346 3789 qua:
392 3715 609 3786 quidem
658 3733 755 3771 nos
793 3718 961 3771 multo
1000 3714 1442 3786 probabilioribus
1489 3713 1820 3769 documentis

221 3809 359 3866 falsa
376 3825 505 3865 esse
532 3811 915 3878 convincimus,
934 3820 987 3865 ct
1009 3811 1060 3863 in
1082 3808 1273 3864 vestris
1300 3809 1467 3879 magis
1484 3823 1546 3863 ea
1573 3808 1685 3879 ipsa
1704 3823 1822 3878 qua:

222 3903 489 3973 objicitis,
524 3913 645 3957 tunc
672 3904 887 3972 probata
930 3902 1280 3957 declaramus.
1310 3901 1418 3957 Sed
1442 3900 1577 3967 haec,
1606 3911 1664 3955 ut
1686 3900 1815 3968 dixi,

222 3997 328 4050 alia
357 3998 592 4067 quaestio
616 4005 716 4059 est,
737 4007 861 4051 tunc
885 3995 1237 4066 aggredienda
1252 4004 1304 4050 et
1324 3995 1672 4063 discutienda,
1700 4011 1818 4050 cum

221 4106 361 4161 Opus
393 4090 577 4145 fuerit.
609 4090 743 4145 lllud
769 4091 1161 4145 nuncattendat
1182 4089 1447 4160 vigilantia
1472 4090 1663 4145 mentis
1694 4099 1817 4157 tute,

222 4186 505 4240 neminem
535 4185 880 4238 contaminari
910 4198 1063 4253 posse
1092 4186 1388 4254 ignotorum
1416 4185 1608 4253 ignotis
1643 4185 1820 4239 crimi-

222 4280 410 4333 nibus.
439 4276 590 4331 Unde
614 4277 949 4331 manifestum
969 4288 1051 4331 est
1077 4292 1104 4329 a
1135 4277 1508 4331 communione
1536 4277 1700 4343 orbis,
1734 4277 1821 4331 cui

221 4376 319 4416 seu
342 4362 479 4415 falsa
508 4376 602 4415 seu
625 4377 745 4416 vera
785 4361 1005 4415 crimina
1041 4378 1157 4430 quin
1182 4362 1320 4415 Afris
1348 4360 1638 4428 intenditis,
1671 4376 1824 4431 pror-

220 4467 316 4507 sus
347 4454 533 4524 ignota
562 4463 684 4507 sunt
722 4464 779 4508 et
819 4456 992 4524 ignota
1036 4468 1247 4523 semper
1284 4451 1517 4519 fuerunt,
1564 4453 1821 4523 sacrilego

220 4546 521 4600 schismate
549 4560 643 4599 vos
672 4560 791 4600 esse
818 4554 1089 4614 separatos
1121 4562 1132 4598 :
1166 4560 1466 4614 quanquam
1486 4554 1539 4599 et
1568 4544 1691 4599 illud
1714 4560 1822 4598 non

217 4647 305 4692 est
338 4637 648 4704 tacendum,
680 4638 839 4691 etiam
870 4636 1108 4706 cognitos
1129 4637 1296 4690 malos
1321 4636 1472 4691 bonis
1499 4653 1601 4690 non
1631 4637 1822 4692 obesse

218 4730 279 4783 in
307 4729 578 4794 Ecclesia,
607 4729 651 4781 si
687 4742 780 4782 eos
806 4743 837 4782 a
863 4727 1236 4781 communione
1266 4727 1579 4796 prohibendi
1616 4737 1703 4782 aut
1730 4743 1823 4798 po-

220 4831 394 4875 testas
416 4821 578 4885 desit,
608 4829 698 4873 aut
724 4818 891 4889 aliqua
924 4819 1057 4872 ratio
1086 4819 1461 4873 conservandae
1491 4820 1633 4888 pacis
1654 4820 1821 4889 impe-

216 4916 354 4967 diat.
386 4914 495 4980 Qui
520 4911 822 4976 suntenim,
857 4910 945 4981 qui
972 4911 1107 4980 apud
1138 4911 1445 4981 prophetam
1472 4912 1818 4981 Ezechielem,

216 5015 423 5060 etante
441 5005 792 5059 vastationem
818 5003 1146 5072 perditorum
1181 5003 1377 5073 signari
1408 5011 1734 5069 meruerunt,
1766 5014 1821 5059 et

215 5116 351 5155 cum
365 5099 443 5153 illi
460 5106 792 5151 vastarentur
803 5095 1028 5151 evadere
1052 5095 1202 5150 illmsi
1220 5093 1430 5167 (Ezech.
1450 5111 1527 5161 Ix,
1541 5096 1672 5169 4-6),
1696 5097 1817 5163 nisi,

215 5201 278 5245 ut
299 5191 376 5244 ibi
410 5188 843 5243 manifestissime
860 5188 1176 5254 ostenditur,
1195 5188 1282 5257 qui
1302 5196 1528 5241 maerent
1542 5197 1594 5241 et
1608 5199 1823 5259 gemunt

214 5290 451 5352 peccata
493 5290 545 5332 et
580 5279 883 5349 iniquitates
908 5278 1089 5348 pepuli
1122 5278 1230 5343 Dei,
1264 5294 1382 5348 qua:
1408 5279 1540 5333 fiunt
1567 5280 1618 5334 in
1648 5280 1821 5336 medio

210 5374 448 5433 eorum?
460 5375 580 5444 quis
591 5385 765 5427 autem
778 5372 919 5442 quod
934 5372 1154 5443 ignorat,
1169 5373 1331 5443 gemit
1348 5382 1399 5426 et
1412 5374 1633 5428 mearet?
1649 5374 1718 5427 Ex
1733 5390 1823 5429 ea—

209 5471 354 5525 dem
372 5467 580 5521 ratione
600 5467 759 5521 etiam
783 5466 974 5519 Paulus
992 5466 1274 5535 Apostolus
1297 5466 1454 5521 falsus
1476 5466 1665 5522 fratres
1688 5467 1821 5523 tole-

209 5573 332 5618 rat.
347 5562 466 5616 Non
481 5559 617 5616 enim
636 5562 701 5616 de
719 5562 999 5632 incognitis
1008 5563 1081 5615 ait
1097 5580 1107 5614 :
1125 5560 1311 5614 Omnes
1326 5562 1456 5614 enim
1467 5578 1559 5615 sua
1570 5571 1819 5632 quierunt,

204 5722 519 5773 natistarum
543 5719 800 5780 episcopus
822 5716 944 5781 fuit,
968 5729 1287 5781 umtseorum
1308 5725 1499 5779 septem
1520 5732 1642 5781 quos
1672 5718 1741 5770 illi
1764 5719 1824 5769 ad

201 5798 369 5835 suam
394 5778 623 5845 tuendam
646 5778 837 5829 causam
871 5780 920 5829 in
951 5778 1206 5845 collatione
1228 5778 1588 5844 Carthaginiensi
1619 5781 1825 5845 delege—

202 5854 368 5907 rant;
397 5856 465 5893 cx
491 5842 572 5891 lib.
600 5841 631 5891 2
652 5849 856 5893 ltetraCt.
881 5855 925 5890 c.
949 5842 1029 5890 51.

518 5926 739 5989 Schr.
772 5929 1046 5987 Auens'r.
1086 5925 1166 5987 Il.

1420 361 1895 421 EPISTOLARIJM
1929 362 2205 423 CLASSIS
2238 365 2302 426 ΙΙ.

3410 381 3513 436 298

1931 492 2030 530 non
2056 492 2170 546 quae
2191 477 2317 532 Iesu
2341 478 2528 534 Christi
2551 477 2821 553 (Philipp.
2846 498 2902 550 ιι,
2933 483 3048 555 21);
3067 499 3199 556 quos
3227 496 3398 545 tamen
3422 508 3511 547 se-

1929 582 2050 622 cum
2077 567 2240 625 fuisse
2268 571 2586 627 manifestat.
2608 573 2685 628 Ex
2710 589 2817 645 quo
2836 586 3013 632 autem
3031 593 3223 648 genere
3252 593 3391 648 sunt,
3418 584 3509 654 qui

1927 662 2011 716 vel
2030 660 2329 719 thurilicare
2346 665 2517 733 idolis,
2545 666 2627 722 vel
2642 667 2866 725 Codices
2885 670 3091 727 divinos
3105 673 3333 743 tradere,
3352 691 3511 747 quam

1927 755 2063 809 mori
2096 757 2418 826 maluerunt,
2450 760 2550 816 nisi
2573 776 2639 816 ex
2668 777 2853 818 eorum
2880 763 2971 834 qui
2994 778 3087 819 sua
3107 776 3374 837 quaerunt,
3400 783 3511 825 non

1925 844 2051 901 Jcsu
2078 847 2306 904 Christi?

1997 940 2048 992 5.
2079 938 2237 995 Multa
2261 942 2557 998 testimonia
2588 943 2979 1015 Scripturarum
3002 956 3283 1018 praatereo,
3309 968 3377 1007 ne
3397 952 3514 1007 lon-

1922 1031 2123 1102 giorem
2151 1048 2309 1103 quam
2340 1049 2557 1092 necesse
2582 1044 2664 1093 est
2691 1039 2966 1108 epistolam
3010 1039 3220 1110 faciam,
3251 1052 3305 1098 et
3332 1045 3513 1099 erudi-

1925 1122 2055 1176 tinni
2082 1131 2184 1178 tuae
2214 1124 2360 1194 plura
2406 1142 2502 1197 per
2535 1128 2760 1198 teipsum
2808 1131 3188 1188 consideranda
3237 1136 3507 1205 permitto.

1925 1208 2075 1276 Quod
2103 1218 2278 1267 tamen
2317 1213 2447 1268 satis
2465 1222 2567 1280 est,
2594 1214 2714 1271 vide
2736 1215 2997 1272 obsecro:
3021 1218 3067 1272 si
3098 1228 3203 1273 tam
3232 1220 3382 1275 multi
3410 1221 3511 1276 ini-

1924 1303 2088 1372 quiin
2117 1320 2222 1359 uno
2246 1305 2442 1375 populo
2488 1307 2604 1374 Dei,
2643 1322 2739 1364 eos
2778 1310 2867 1380 qui
2904 1325 3086 1366 secum
3120 1312 3468 1368 versabantur
3490 1315 3507 1345 ι

1923 1410 2028 1449 non
2055 1396 2293 1452 fecerunt
2327 1399 2479 1464 tales,
2511 1400 2694 1471 quales
2720 1402 2819 1472 ipsi
2837 1412 3007 1471 erant,
3037 1404 3085 1459 si
3108 1405 3388 1460 multitudo
3417 1406 3510 1460 illa

1926 1485 2182 1542 falsorum
2210 1487 2432 1545 fratrum
2463 1492 2765 1561 apostolum
2795 1492 3038 1559 Paulum,
3066 1495 3117 1548 in
3141 1511 3243 1549 una
3278 1511 3397 1550 cum
3429 1497 3509 1551 eis

1922 1577 2161 1634 Ecclesia
2204 1580 2564 1647 constitutum,
2606 1598 2710 1638 non
2736 1582 2865 1639 fecit
2890 1599 2983 1640 sua
3012 1596 3357 1655 quaerentem,
3401 1601 3509 1642 non

1920 1685 2039 1741 quae
2068 1670 2194 1727 Jcsu
2237 1671 2471 1740 Christi;
2504 1674 2838 1731 manifestum
2866 1686 2949 1732 est
2975 1693 3081 1733 non
3113 1678 3214 1732 hoc
3249 1678 3386 1734 efﬁci
3412 1678 3511 1734 ho-

1922 1766 2142 1834 minem,
2172 1766 2313 1838 quod
2339 1776 2423 1823 est
2448 1770 2619 1825 malus
2644 1771 2943 1841 quisquam,
2969 1786 3091 1828 cum
3113 1786 3219 1842 quo
3246 1771 3312 1826 ad
3342 1771 3511 1827 altare

1921 1855 2119 1912 Christi
2164 1859 2456 1927 acceditur,
2488 1861 2695 1916 etiamsi
2725 1877 2831 1917 non
2859 1864 2929 1917 sit
2966 1864 3284 1935 incognitus,
3313 1866 3354 1919 si
3386 1873 3509 1919 tan-

1924 1957 2032 2005 tum
2060 1966 2165 2007 non
2194 1954 2536 2023 approbetur,
2555 1964 2652 2010 eta
2679 1955 2817 2011 bona
2839 1958 3161 2013 conscientia
3177 1958 3510 2029 displiccndo

1922 2054 2214 2116 separetur.
2244 2045 2582 2102 Manifestum
2610 2058 2691 2104 est
2727 2050 2887 2120 igitur
2909 2064 3016 2105 non
3053 2065 3176 2107 esse
3218 2051 3359 2106 aliud
3384 2067 3509 2107 cum

1922 2134 2041 2191 fure
2077 2152 2418 2207 concurrere,
2469 2140 2568 2194 nisi
2614 2139 2698 2195 vel
2742 2138 2909 2196 furari
2935 2158 3054 2199 cum
3081 2157 3168 2210 eo,
3201 2144 3283 2199 vel
3311 2143 3510 2205 furtum

1922 2229 2039 2298 ejus
2077 2230 2255 2285 cordis
2293 2231 2490 2300 placito
2534 2233 2796 2303 accipere.
2843 2234 2955 2289 Hoc
3006 2250 3103 2290 nos
3152 2235 3399 2303 dicimus,
3450 2244 3513 2291 ut

1922 2321 2242 2391 quaestiones
2286 2322 2518 2378 inﬁnitas
2562 2333 2722 2395 atque
2772 2326 3067 2396 superfluas
3104 2326 3171 2382 de
3209 2327 3361 2384 factis
3408 2326 3509 2383 ho-

1922 2414 2147 2482 minum,
2176 2431 2296 2486 qua:
2323 2416 2583 2471 rationem
2605 2427 2840 2474 nostram
2862 2419 2995 2475 nihil
3020 2420 3334 2491 impediunt,
3368 2419 3511 2478 aufe-

1922 2523 2120 2563 ramus.

1994 2601 2051 2655 4.
2079 2598 2187 2655 Sed
2212 2609 2267 2656 et
2290 2615 2405 2668 vos,
2429 2602 2529 2657 nisi
2557 2603 2659 2658 hoc
2672 2601 2938 2670 sentiatis,
2969 2604 3097 2659 tales
3126 2604 3277 2659 eritis
3299 2619 3507 2671 omnes,

1924 2693 2096 2763 qualis
2121 2696 2345 2764 Optatus
2371 2695 2422 2749 in
2446 2704 2620 2750 vestra
2642 2697 3017 2752 communione
3048 2696 3197 2751 vobis
3226 2713 3331 2752 non
3362 2697 3512 2768 igno-

1925 2786 2165 2842 rantibus
2199 2785 2338 2841 fuit:
2369 2786 2509 2858 quod
2534 2786 2669 2843 absit
2693 2788 2763 2843 ab
2808 2788 3033 2842 Emeriti
3079 2788 3336 2855 moribus,
3378 2790 3514 2843 alio-

1924 2894 2147 2949 rumque
2176 2879 2380 2947 talium,
2410 2879 2594 2950 quales
2616 2878 2756 2948 apud
2781 2895 2876 2934 vos
2896 2894 3016 2935 esse
3036 2896 3142 2934 non
3159 2879 3340 2933 dubito
3357 2880 3512 2949 longe

1925 2986 1954 3023 a
1982 2970 2134 3025 factis
2180 2971 2320 3026 illius
2358 2972 2581 3026 alienos.
2618 2970 2801 3040 Neque
2847 2971 2988 3025 enim
3029 2971 3178 3026 vobis
3206 2971 3508 3039 objiciinus,

1924 3062 2026 3117 nisi
2065 3061 2365 3118 schismatis
2415 3064 2640 3129 crimen,
2679 3078 2835 3132 quam
2879 3064 3036 3117 etiam
3079 3063 3323 3118 hazresim
3373 3064 3512 3118 male

1926 3155 2315 3225 perseverando
2370 3155 2587 3210 fecistis.
2640 3153 2831 3223 Quanti
2877 3165 3053 3210 autem
3095 3155 3274 3210 divino
3310 3155 3510 3225 judicio

1924 3248 2185 3319 pendatur
2215 3249 2317 3303 hoc
2342 3248 2566 3312 facinus,
2599 3248 2715 3319 lege
2751 3248 2893 3318 quod
2924 3260 2974 3303 te
2995 3248 3186 3319 legisse
3206 3265 3310 3302 non
3337 3248 3509 3302 ambi-

1924 3358 2011 3413 go.
2041 3341 2281 3398 Invenies
2308 3342 2508 3397 Dathan
2533 3350 2586 3397 et
2610 3343 2809 3397 Abiron
2836 3342 2982 3396 hiatu
3024 3351 3176 3396 terrae
3206 3342 3508 3410 devoratos,

1923 3443 2250 3504 ueteresque
2268 3448 2473 3499 omnes,
2504 3434 2596 3504 qui
2624 3434 2702 3489 eis
2724 3442 3124 3499 consenserant,
3158 3434 3276 3503 igne
3296 3433 3362 3487 de
3400 3448 3513 3487 me-

1923 3527 2015 3584 dio
2040 3542 2225 3583 eorum
2246 3528 2506 3583 existente
2531 3529 2551 3560 ⁸
2577 3536 2921 3597 consumptos
2950 3526 3135 3598 (Num.
3156 3543 3264 3592 XVI,
3293 3529 3351 3582 51
3369 3527 3510 3599 -55).

1925 3619 2059 3676 Illud
2086 3635 2215 3691 ergo
2259 3621 2436 3675 scelus
2476 3619 2544 3674 ad
2584 3620 2886 3689 exeinplum
2936 3618 3204 3673 devitandi
3256 3620 3512 3674 Dominus

1926 3713 2067 3769 Deus
2093 3713 2341 3784 praisenti
2369 3712 2626 3785 supplicio
2654 3712 2944 3781 denotavit,
2974 3720 3031 3768 ut
3054 3727 3172 3769 cum
3199 3713 3391 3771 talibus
3419 3729 3512 3787 pa-

1926 3807 2240 3862 tientissime
2266 3809 2454 3877 parcit,
2486 3808 2641 3877 quale
2668 3810 2852 3862 ultimo
2878 3808 3079 3878 judicio
3124 3821 3378 3874 reservet,
3417 3827 3511 3866 os-

1926 3899 2186 3955 tenderet.
2212 3898 2393 3970 Neque
2408 3901 2548 3955 enim
2576 3900 3011 3970 reprehendimus
3038 3902 3270 3957 rationes
3285 3912 3507 3969 vestras,

1926 3992 1969 4047 si
1996 4008 2062 4048 eo
2090 4000 2330 4063 tempore
2367 4010 2473 4063 quo
2512 4008 2707 4048 vesana
2737 3993 2969 4062 potentia
3000 3993 3175 4061 furere
3210 3994 3512 4063 jactabatur

1925 4084 2168 4154 Optatus,
2200 4100 2323 4139 cum
2352 4086 2467 4154 ejus
2504 4094 2778 4139 accusator
2806 4094 2947 4139 esset
2979 4086 3136 4139 totius
3177 4086 3368 4140 Afriete
3412 4103 3507 4156 ge.

1928 4179 2087 4232 mitus
2111 4178 2623 4248 congemiscentibus
2648 4176 2819 4241 vobis,
2856 4178 2900 4231 si
2929 4187 3102 4230 tamen
3127 4177 3242 4230 talis
3270 4193 3347 4241 es,
3381 4194 3511 4246 qua-

1927 4270 2031 4326 lem
2064 4280 2115 4326 te
2144 4270 2391 4339 prmdicat
2418 4270 2576 4338 fama,
2604 4269 2745 4339 quod
2776 4268 2872 4322 scit
2920 4269 3058 4323 Deus
3084 4284 3171 4324 me
3203 4280 3252 4323 et
3290 4270 3509 4324 credere

1926 4372 1979 4419 et
2005 4362 2177 4418 velle:
2206 4376 2312 4416 non
2355 4376 2481 4432 ergo
2524 4359 2967 4430 reprehendimus
2992 4361 3033 4413 si
3059 4376 3123 4413 eo
3148 4369 3406 4430 tempore,
3442 4377 3508 4415 ne

1927 4456 2120 4511 multos
2160 4470 2340 4510 secum
2381 4454 2868 4509 excommunicatus
2909 4451 3164 4521 traheret,
3194 4463 3246 4507 et
3270 4470 3505 4508 commn-

1929 4549 2141 4602 nionem
2168 4554 2397 4600 vestram
2425 4544 2725 4600 schismatis
2775 4545 2951 4607 furore
3001 4545 3331 4615 prmcideret,
3386 4564 3506 4601 eum

1926 4638 2388 4695 excommunicare
2416 4637 2675 4691 noluistis.
2699 4636 2802 4693 Sed
2826 4635 2926 4689 hoc
2950 4637 3117 4705 ipsum
3137 4647 3218 4691 est
3246 4638 3381 4706 quod
3415 4654 3505 4693 \os

1926 4732 2097 4804 arguit
2124 4733 2176 4787 in
2196 4730 2398 4802 judicio
2428 4731 2541 4793 Dei,
2575 4729 2739 4783 frater
2768 4730 3019 4793 Emerite,
3051 4730 3191 4799 quod
3218 4748 3335 4785 cum
3364 4734 3507 4787 vide-

1925 4825 2054 4881 retis
2084 4834 2189 4879 tam
2211 4839 2456 4894 magnum
2482 4822 2677 4875 malum
2709 4835 2845 4885 esse,
2876 4820 3035 4876 dividi
3068 4831 3265 4892 partem
3298 4825 3502 4887 Donati,

1925 4930 1980 4973 ut
2004 4919 2229 4989 Optatus
2256 4917 2429 4986 potius
2458 4915 2511 4969 in
2558 4916 2933 4970 communione
2976 4915 3278 4970 tolerandus
3326 4917 3506 4971 existi~

1926 5021 2182 5074 moretur,
2207 5025 2364 5079 quam
2410 5008 2539 5064 illud
2565 5008 2966 5073 admitteretur;
3011 5007 3331 5078 permanetis
3361 5008 3413 5060 in
3440 5025 3506 5062 eo

1926 5104 2086 5168 malo,
2117 5101 2261 5173 quod
2285 5102 2335 5155 in
2365 5100 2643 5156 dividenda
2672 5100 2908 5156 Ecclesia
2926 5098 3118 5154 Christi
3139 5115 3167 5154 a
3190 5100 3378 5153 vestris
3394 5115 3504 5154 ma.

1920 5196 2126 5266 joribus
2148 5204 2504 5264 perpetratum
2535 5204 2636 5250 est.

1997 5288 2049 5343 5.
2074 5286 2172 5341 Hic
2208 5284 2437 5341 fortasse
2460 5285 2815 5356 respondendi
2852 5288 3089 5357 angustia
3143 5284 3367 5341 tentabis
3412 5285 3505 5341 dce

1926 5380 2142 5437 fendere
2175 5378 2442 5449 Optatum.
2488 5377 2630 5443 Noli,
2662 5377 2844 5445 frater,
2892 5378 2999 5431 noli
3041 5378 3289 5443 obsecro;
3318 5392 3423 5431 non
3454 5386 3506 5433 te

1927 5475 2099 5541 decet,
2132 5474 2246 5529 etsi
2268 5473 2496 5543 aliquem
2518 5473 2678 5526 alium
2702 5471 2838 5525 forte
2862 5470 3063 5537 deceat,
3088 5472 3131 5525 si
3163 5480 3336 5525 tamen
3358 5471 3505 5543 quid-

1925 5583 2083 5641 quam
2114 5568 2267 5625 decet
2295 5567 2481 5629 malos,
2513 5565 2804 5620 Emeritum
2828 5574 2971 5618 certe
2995 5578 3099 5618 non
3132 5564 3285 5619 decet
3320 5564 3505 5621 delens-

1925 5661 2055 5718 dere
2079 5661 2350 5730 Optatum.
2372 5656 2479 5714 Sed
2499 5656 2721 5712 fortasse
2744 5670 2843 5711 nec
2863 5669 3113 5713 accusare
3162 5655 3235 5712 ita
3263 5658 3331 5713 sit
3350 5673 3500 5714 sane.

1993 5779 2008 5811 ι
2033 5783 2141 5827 uss.
2166 5782 2292 5834 octo,
2315 5769 2709 5823 cmztestabanmr.

1990 5846 2010 5875 '
2032 5848 2139 5890 uss.
2162 5837 2277 5901 duo,
2300 5840 2518 5887 exercite.

2980 5922 3132 5992 gllta
3165 5924 3198 6002 )
