4090 6356
522 340 620 396 299

535 429 695 485 Utere
711 445 841 494 voce
864 434 1058 498 media,
1078 437 1258 492 etdic:
1283 439 1649 512 Unusquisque
1674 445 1933 504 sarcinam
1952 458 2106 510 suam

533 532 705 590 portat
729 525 744 592 (
769 523 886 578 Gal.
923 543 992 592 v1,
1025 527 1110 599 5).
1143 530 1219 583 'l'u
1248 532 1364 600 quis
1392 546 1469 596 cs,
1518 533 1605 602 qui
1648 533 1852 602 judicas
1893 551 2105 592 servum

530 614 758 668 alienum
781 614 954 684 (Rom.
981 635 1089 696 xiv,
1113 621 1228 691 4.)?
1249 622 1304 678 Si
1321 638 1448 691 ergo
1473 623 1539 676 ad
1562 626 1922 681 testimonium
1941 629 2104 684 totius

526 707 737 786 Ali-teat,
762 709 868 788 imo
889 725 1013 763 vero
1033 721 1286 767 terrarum
1310 715 1541 769 ninnium
1557 697 1976 786 quaquaversum
1989 718 2103 775 Gil-

524 797 678 851 donis
703 798 833 851 tanta
859 801 1108 867 fervebat,
1129 803 1440 860 simulenim
1467 814 1519 859 ct
1540 807 1629 860 ille
1654 821 1809 861 notus
1831 818 1963 875 erat,
1993 825 2099 866 non

519 890 632 942 ausi
660 891 790 945 estis
816 907 1044 968 unquam
1085 893 1150 955 de
1177 893 1371 962 Optato
1406 895 1668 965 judicare,
1711 915 1778 954 ne
1808 909 2013 959 temere
2036 902 2110 960 de

521 981 804 1054 incognitis
812 981 1125 1052 judicaretis
1143 999 1158 1048 ;
1182 1001 1279 1040 nos
1298 986 1509 1044 tandem
1531 1004 1815 1059 possumus
1828 1002 1919 1058 aut
1943 995 2106 1052 debe-

520 1090 638 1130 tnns
659 1074 725 1130 de
747 1076 810 1144 iis
837 1078 924 1145 qui
950 1087 1072 1132 ante
1100 1095 1197 1135 nos
1224 1081 1489 1150 vixerunt,
1514 1085 1580 1140 ad
1609 1095 1841 1144 vestrum
1873 1098 2105 1148 tantum-

520 1170 679 1224 modo
727 1169 1106 1246 testimonium,
1151 1178 1487 1241 temerariam
1530 1179 1598 1236 de
1638 1179 1920 1252 incognitis
1969 1185 2104 1242 terre

517 1261 858 1328 sententiam,
892 1274 948 1316 ut
974 1280 1156 1334 parum
1188 1269 1256 1321 sit
1281 1270 1421 1338 quod
1454 1287 1546 1338 vos
1571 1274 1749 1342 ignota
1773 1257 2102 1331 eriminatnié

519 1354 592 1420 ni,
628 1355 729 1409 nisi
754 1367 807 1410 et
831 1373 929 1412 nos
958 1359 1130 1429 ignota
1159 1361 1496 1430 judicemUs?
1517 1366 1631 1422 Non
1663 1370 1805 1426 enim
1830 1373 2098 1440 Optatum,

516 1447 730 1503 etiamsi
755 1447 895 1508 forte
924 1451 1049 1514 falsa
1081 1454 1407 1522 periclitatur
1446 1458 1664 1526 invidia,
1706 1463 1798 1517 sed
1827 1472 1880 1518 te
1910 1463 2064 1520 del'en
2083 1497 2097 1504 -

514 1539 621 1620 dis,
651 1556 775 1598 cum
802 1544 933 1600 dicis
953 1564 980 1608 τ,
999 1548 1185 1620 Ignoro
1210 1553 1381 1621 qualis
1405 1555 1504 1609 iste
1527 1555 1702 1612 fuerit.
1735 1560 1944 1628 Quanto
1987 1577 2098 1615 nta-

515 1633 599 1706 gis
627 1650 756 1707 ergo
778 1639 963 1709 quales
993 1639 1188 1698 fuerint
1214 1644 1349 1713 Afri,
1393 1655 1527 1717 ques
1569 1653 1857 1717 ignotiores
1894 1657 2090 1722 arguis,

517 1725 804 1786 Orientalis
833 1733 978 1790 orbis
1020 1735 1261 1805 ignorat?
1300 1756 1326 1792 a
1373 1741 1565 1808 quibus
1609 1751 1784 1798 tamen
1821 1721 2090 1812 Ecclesiis,

1714 354 1771 410 S.
1809 353 2182 412 AUGUSTth
2215 353 2522 412 εριδδοιιι

3673 351 3778 409 300

2204 470 2340 524 nihil,
2389 469 2514 524 mali
2558 469 2630 524 sit
2679 467 2947 531 schisma,
3006 474 3092 520 aut
3140 472 3318 519 utrum
3378 462 3606 518 schisma
3673 481 3774 519 nou

2201 564 2452 631 feceritis,
2477 573 2535 620 ut
2553 577 2650 632 pro
2673 562 2811 616 bono
2832 574 2992 629 opere
3011 559 3355 629 potestatibus
3377 557 3654 621 resistatis,
3675 577 3778 613 non

2198 635 2296 723 pro
2321 657 2482 721 malo,
2513 654 2650 709 unde
2677 653 2828 707 vobis
2865 651 3148 720 acquiratis
3177 649 3451 719 judicium.
3495 649 3778 718 Propterea

2199 747 2664 818 providentissime
2685 745 2935 798 Dominus
2949 759 3050 796 non
3078 743 3149 796 ait
3174 741 3350 795 :Beati
3369 743 3455 812 qui
3484 743 3782 810 persecutio-

2200 856 2310 891 nem
2332 839 2592 908 patiuntur
2635 846 2866 898 tantum;
2909 834 3001 888 sed
3049 832 3267 897 addidit,
3300 841 3502 903 propter
3530 832 3781 903 justitiam

2201 929 2411 999 (Matth.
2443 945 2493 994 v,
2520 928 2628 998 t0).
2657 927 2713 982 Si
2741 927 3085 997 ergojustitia
3129 936 3386 995 estquam
3417 925 3618 992 operati
3655 927 3782 978 estis

2200 1020 2252 1072 in
2282 1021 2365 1072 illa
2391 1019 2742 1082 dissensione,
2774 1020 2824 1072 in
2852 1033 2950 1087 qua
3000 1019 3156 1071 etiam
3205 1017 3546 1086 permanetis,
3596 1032 3782 1069 secun-

2199 1109 2324 1164 dum
2349 1126 2410 1163 ea
2436 1125 2554 1180 qua:
2574 1125 2732 1178 supra
2749 1109 2876 1172 dixi,
2909 1123 3067 1163 nosse
3102 1109 3197 1162 abs
3219 1115 3270 1161 te
3297 1108 3471 1175 cupio.
3514 1107 3566 1161 Si
3592 1099 3782 1162 autem

2201 1203 2448 1271 iniquitas
2466 1201 2756 1255 estorbem
2781 1200 3125 1256 christianum
3166 1199 3418 1254 damnare
3469 1197 3782 1264 inauditum,

2199 1294 2284 1347 vel
2306 1294 2426 1362 quia
2455 1306 2559 1346 non
2587 1292 2784 1346 audivit
2809 1307 2927 1360 qua:
2950 1307 3044 1345 vos
3071 1290 3311 1354 audistis,
3341 1289 3423 1344 vel
3449 1289 3568 1358 quia
3605 1304 3710 1350 non
3733 1289 3782 1343 ei

2201 1383 2479 1454 probatum
2504 1394 2585 1438 est
2612 1383 2752 1453 quod
2797 1394 2999 1438 temere
3026 1382 3346 1444 credidistis.
3377 1391 3468 1435 aut
3495 1382 3609 1435 sine
3638 1390 3786 1435 certo

2200 1477 2518 1532 documento
2545 1477 2854 1540 accusastis,
2877 1486 2929 1530 et
2942 1475 3062 1532 ideo
3084 1475 3409 1544 rebaptizare
3429 1474 3560 1532 velle
3576 1481 3653 1527 tot
3679 1473 3784 1526 Ec-

2198 1567 2389 1622 clesias
2431 1567 2598 1635 ipsius
2627 1566 2853 1632 Domini,
2884 1582 3004 1620 cum
3035 1566 3118 1619 hic
3149 1565 3319 1618 adhuc
3343 1574 3483 1619 esset
3522 1565 3572 1618 in
3603 1579 3783 1630 carne,

2199 1665 2255 1712 et
2276 1657 2651 1727 Apostolorum
2682 1657 2795 1726 ejus
2823 1656 3192 1726 praedicatione
3217 1671 3278 1708 ac
3295 1654 3475 1708 labore
3502 1654 3783 1718 fundatas:

2199 1749 2817 1854 gifsvobis/hceLAaut
2869 1750 3072 1804 nescire
3100 1747 3256 1804 Afros
3304 1749 3534 1818 collegas
3583 1758 3788 1810 vestros

2204 1831 2226 1854 ν

515 1837 738 1893 quarum
786 1827 997 1882 nomina
1045 1827 1207 1886 habes
1251 1833 1300 1885 in
1348 1833 1518 1889 Libris
1565 1847 1617 1891 et
1647 1839 1856 1904 recitas,
1895 1809 2368 1897 ttel‘atz'iac’iiiiiaids
2387 1819 3038 1906 δὶωιῆῗῖγέιιίέςζλδίηιυι
3084 1842 3424 1895 Sacramenta
3465 1849 3786 1904 tractantes;

513 1911 846 1972 dissensione
872 1918 1212 1992 disjungeris.
1245 1925 1298 1979 Si
1342 1925 1836 1995 Thamugadcnsetn
1885 1936 2094 2004 episco-

516 2022 641 2078 pum
682 2020 915 2070 vestrum
965 2012 1373 2073 famosissimum
1405 2031 1457 2074 et
1491 2024 1717 2090 pessime
1746 2026 2095 2090 dilfaatatnm.

513 2117 618 2157 non
647 2103 766 2160 dico
787 2105 1147 2172 Caesariensis,
1169 2112 1261 2166 sed
1295 2112 1558 2173 Sitifensis
1589 2118 1790 2190 collega
1811 2120 1926 2191 ejus
1952 2123 2098 2191 ejus-

510 2193 740 2270 demque
753 2205 1008 2270 temporis
1020 2201 1314 2274 ignorabat,
1329 2212 1595 2279 quomodo
1614 2215 1748 2270 tradi
1758 2226 1898 2272 tores
1918 2222 1953 2272 Α
1965 2221 2095 2285 fros,

510 2288 837 2360 quicumque
862 2293 937 2348 illi
961 2293 1174 2362 fuerint,
1206 2299 1442 2358 Ecclesia
1466 2303 1884 2373 Corinthiorum,
1916 2312 2091 2382 Ephe-

510 2381 733 2456 siorum,
749 2383 1166 2456 Colossensinm,
1193 2382 1630 2464 Philippensium.
1653 2381 2098 2459 Thessalonica»

511 2477 670 2544 sium,
704 2480 1176 2545 Antiochenornm,
1228 2487 1404 2556 Ponti,
1447 2491 1688 2560 Galatiae,
1721 2495 2092 2566 Cappadneir,

509 2581 932 2647 caeterarumque
959 2577 1104 2632 orbis
1142 2582 1370 2648 partium
1409 2583 1478 2637 ab
1504 2586 1773 2655 Apostolis
1799 2590 1848 2644 in
1878 2594 2090 2646 Christo

511 2665 910 2735 :editicatarum,
938 2680 1030 2726 aut
1069 2689 1226 2729 nosse
1266 2677 1458 2744 potuit,
1497 2688 1588 2734 aut
1617 2681 1856 2738 damnari
1884 2700 1915 2740 a
1944 2686 2092 2740 vobis

512 2761 726 2826 meruit,
757 2761 878 2832 quia
907 2779 1012 2820 non
1040 2766 1241 2835 potuit?
1269 2777 1524 2826 ettamen
1557 2773 1638 2828 eis
1670 2793 1773 2830 non
1802 2780 2099 2833 communi-

509 2856 664 2922 catis,
693 2864 748 2910 et
779 2855 954 2913 dicitis
980 2875 1085 2914 non
1116 2875 1234 2915 esse
1267 2860 1621 2931 Christianos,
1659 2879 1711 2922 et
1737 2885 1831 2926 eos
1855 2871 2091 2942 rebapti-

511 2965 634 3005 zare
655 2952 942 3006 conamini.
972 2953 1108 3020 Quid
1150 2955 1358 3012 dicant?
1397 2959 1522 3028 quid
1565 2964 1793 3030 querar?
1835 2974 1926 3020 aut
1966 2967 2090 3036 quid

510 3041 803 3100 exclamem
817 3044 845 3098 7
861 3045 915 3100 Si
936 3063 1057 3102 cum
1077 3047 1290 3104 homine
1307 3053 1530 3108 cordate
1545 3055 1755 3127 loquor,
1778 3057 1867 3113 ind
1875 3060 2095 3129 ignatio—

509 3137 592 3192 nis
618 3137 776 3208 hujus
787 3139 1006 3195 aculeos
1033 3149 1204 3196 tecum
1233 3145 1510 3215 participo.
1534 3146 1667 3203 Nam
1687 3149 1835 3207 vides
1854 3151 2091 3221 profecto

509 3240 631 3298 quae
653 3228 914 3296 dicerem,
943 3230 988 3285 si
1015 3231 1204 3287 vellem
1232 3233 1431 3290 dicere.

578 3313 630 3373 6.
659 3315 746 3374 An
789 3315 926 3373 forte
955 3316 1190 3372 fecerunt
1220 3314 1357 3371 inter
1385 3330 1442 3369 se
1469 3316 1699 3384 majores
1736 3317 1896 3371 vestri
1925 3317 2093 3371 conci-

508 3405 662 3476 lium,
683 3418 736 3464 et
761 3407 1141 3462 damnaverunt
1157 3416 1348 3475 praeter
1368 3423 1423 3460 se
1445 3414 1612 3460 totum
1639 3409 1822 3462 orbem
1845 3408 2086 3462 christia-

512 3497 672 3552 num?
695 3497 839 3552 ltane
864 3497 927 3552 ad
953 3498 1051 3552 hoc
1080 3499 1328 3567 perducta
1353 3507 1434 3552 est
1462 3514 1635 3552 rerum
1667 3500 2004 3561 existimatio,
2036 3509 2094 3556 ut

509 3588 791 3644 concilium
824 3587 1334 3655 Maximiauensium,
1369 3589 1455 3657 qui
1485 3589 1553 3644 de
1577 3601 1750 3643 vestra
1781 3592 1985 3658 prascisi
2013 3607 2090 3644 ne

515 3682 723 3750 praecisi
753 3691 895 3747 sunt,
922 3682 1043 3750 quia
1083 3682 1231 3735 vobis
1256 3683 1547 3751 comparati
1599 3683 1895 3752 pallcissiltli
1945 3692 2088 3749 sunt,

516 3788 622 3828 non
653 3773 822 3827 valeat
847 3772 1100 3844 adversus
1117 3788 1245 3838 vos;
1277 3780 1331 3826 et
1357 3783 1586 3826 vestrum
1613 3774 1890 3827 concilium
1924 3775 2094 3830 valeat

511 3867 766 3923 adversus
805 3875 990 3937 gentes
1029 3865 1386 3920 haereditate":
1437 3866 1652 3928 Christi,
1699 3875 1750 3919 et
1796 3868 2088 3935 posscssio-

512 3975 634 4015 nem
663 3959 777 4030 ejus
799 3958 1052 4014 terminos
1079 3967 1234 4016 teme
1259 3957 1430 4029 (Psat.
1460 3973 1517 4024 ll,
1545 3957 1830 4025 8.)?Miror
1859 3958 1902 4012 si
1936 3959 2096 4016 habet

511 4051 567 4108 in
594 4066 817 4122 corpore
836 4051 1167 4122 sanguinem,
1196 4054 1286 4120 qui
1328 4050 1393 4103 de
1434 4049 1531 4104 hac
1560 4065 1617 4104 re
1660 4065 1766 4106 non
1808 4052 2089 4106 erubescit.

509 4146 764 4203 Rescribe
800 4145 867 4204 ad
902 4147 1018 4208 ista,
1052 4159 1233 4215 quaeso
1261 4161 1274 4197 :
1307 4160 1338 4199 a
1366 4144 1632 4198 nonnullis
1673 4145 1812 4198 enim
1839 4185 1853 4208 ,
1902 4146 2093 4214 quibus

510 4256 616 4296 non
650 4241 792 4310 pctui
814 4257 918 4295 non
958 4239 1201 4306 credere,
1229 4237 1403 4294 audivi
1424 4247 1476 4293 te
1504 4239 1899 4307 rescripturum,
1931 4240 1972 4292 si
2003 4240 2093 4293 tibi

511 4332 818 4386 scriberem.
850 4331 964 4386 Jam
989 4331 1146 4388 etiam
1178 4331 1380 4402 pridem
1428 4332 1543 4385 misi
1584 4348 1740 4385 unam
1791 4333 2091 4401 epistolam,

513 4436 670 4491 quam
694 4430 871 4475 utrum
896 4423 1166 4490 acceperis
1190 4421 1274 4474 vel
1299 4421 1348 4474 ei
1378 4423 1732 4490 responderis,
1757 4433 1810 4478 et
1838 4422 1969 4477 forte.
1994 4439 2094 4494 ego

518 4521 660 4566 tuam
691 4527 797 4566 non
826 4512 1144 4580 acceperim,
1190 4512 1386 4568 nescio.
1436 4512 1585 4566 Nunc
1626 4513 1833 4568 interim
1871 4527 1990 4583 pcto
2027 4517 2094 4570 ad

516 4604 629 4658 huic
654 4603 975 4672 reapondere
1003 4620 1070 4659 ne
1113 4604 1365 4674 graveris.
1406 4604 1547 4674 quod
1579 4604 1669 4658 tibi
1719 4606 1938 4668 videtur.
1989 4608 2094 4664 Sed

517 4695 625 4752 noli
661 4704 711 4750 te
747 4695 796 4748 in
828 4693 958 4750 alias
985 4695 1170 4751 tollere
1197 4696 1544 4765 qutestiones;
1581 4697 1702 4764 hinc
1747 4700 1888 4754 enim
1940 4707 2096 4768 caput

514 4795 596 4842 est
633 4785 1039 4849 ordinatissimae
1077 4785 1458 4856 inquisitionis,
1497 4803 1590 4841 cur
1631 4788 1860 4844 schisma
1900 4788 2092 4844 factum

515 4881 604 4934 sit.

585 4972 638 5026 7.
685 4969 822 5038 Nam
859 4978 912 5025 et
957 4979 1182 5034 terrenae
1233 4979 1521 5039 potestates
1567 4987 1687 5026 cum
1731 4973 2096 5029 schismaticos

514 5073 922 5134 persequuntur,
956 5078 1017 5117 ea
1043 5063 1223 5133 regula
1245 5077 1302 5116 se
1328 5063 1645 5129 detendunt,
1675 5080 1775 5134 qua
1804 5065 1927 5120 dicit
1957 5067 2097 5136 Apo-

514 5155 682 5210 stolus
709 5173 721 5208 :
753 5155 854 5220 Qui
868 5155 1100 5226 potestati
1121 5156 1318 5210 resistit.
1340 5155 1435 5209 Dei
1457 5157 1762 5212 ordinationi
1774 5159 1987 5220 resistit;
2010 5159 2096 5228 qui

512 5258 690 5322 autem1
701 5249 960 5319 resistunt,
991 5248 1088 5318 ipsi
1109 5248 1209 5322 sibi
1225 5248 1478 5320 judicium
1501 5251 1786 5317 acquirunt.
1833 5249 2095 5320 Principes

509 5341 646 5399 enim
666 5358 767 5412 non
796 5351 914 5404 sunt
939 5343 1108 5400 timori
1135 5342 1266 5398 bona
1309 5345 1467 5414 operi,
1497 5344 1585 5400 sed
1611 5344 1763 5398 malo.
1817 5342 1904 5397 Vis
1931 5352 2102 5399 autem

513 5452 613 5492 non
651 5438 825 5500 timere
861 5438 1197 5510 potestatem?
1231 5436 1431 5494 Bonum
1459 5441 1566 5510 fac,
1590 5446 1635 5491 et
1669 5436 1870 5491 habebis
1897 5434 2099 5491 laudem

513 5543 574 5580 ex
602 5526 730 5594 illa;
756 5529 849 5585 Dei
873 5531 1005 5586 enim
1035 5531 1261 5586 minister
1308 5540 1379 5584 est
1424 5530 1513 5583 tibi
1553 5531 1604 5582 in
1645 5531 1849 5582 bonum.
1883 5527 2031 5596 Quod
2055 5527 2102 5582 si

510 5621 698 5676 malum
725 5624 919 5692 feceris.
947 5627 1218 5678 timc:non
1259 5623 1390 5676 enim
1422 5624 1609 5692 [rustra
1638 5621 1868 5692 gladium
1897 5630 2098 5692 portat;

515 5713 609 5768 Dei
633 5716 763 5769 enim
789 5717 1014 5771 minister
1042 5726 1132 5782 est,
1165 5715 1350 5771 vindex
1373 5716 1426 5768 in
1454 5716 1584 5769 iram
1630 5715 1675 5769 ei
1714 5715 1800 5784 qui
1837 5715 1966 5768 ntate
1993 5714 2098 5787 agit

513 5806 703 5878 (Rom.
738 5825 851 5877 Χιιι,
885 5810 1045 5878 2-4).
1096 5811 1227 5865 Tota
1281 5809 1441 5880 igitur
1487 5812 1713 5880 quaastio
1760 5821 1862 5874 est,
1919 5824 2091 5864 utrum

2197 1933 2473 1989 autetiam
2499 1933 2657 2001 scire,
2688 1933 2781 1988 sed
2809 1935 3055 1997 tolerare,
3086 1949 3150 1987 ne
3186 1948 3308 2006 pars
3350 1933 3534 1988 Donati
3581 1932 3796 1998 dividas.

2199 2035 2313 2092 tur;
2343 2026 2448 2081 illis
2475 2036 2654 2080 autem
2689 2026 2741 2079 in
2768 2026 2898 2080 orbe
2939 2026 3294 2080 remotissimo
3319 2025 3638 2090 constitutis,
3681 2037 3800 2078 non.

2198 2115 2322 2172 licet
2344 2119 2548 2173 nescire
2577 2118 2717 2187 quod
2749 2132 2842 2172 vos
2863 2117 2928 2171 de
2955 2116 3095 2170 Afris
3115 2127 3203 2170 aut
3226 2117 3410 2181 nostis,
3437 2125 3525 2169 aut
3552 2115 3787 2182 creditis,

2199 2217 2292 2277 aut
2303 2209 2565 2306 caudistis,
2611 2220 2701 2263 aut
2749 2208 2976 2278 ﬁngitis?
3012 2209 3140 2276 Quae
3171 2217 3314 2263 tanta
3348 2218 3428 2262 est
3471 2207 3792 2276 perversitas

2199 2297 2443 2370 amplecti
2463 2317 2611 2354 suam
2644 2300 3071 2368 iniquitatem,.ct
3101 2310 3418 2370 potestatum
3441 2314 3790 2372 accusarese-

2200 2392 2474 2446 veritatem
2497 2392 2519 2443 ?

2273 2485 2327 2539 8.
2352 2486 2420 2537 At
2445 2485 2586 2540 enim
2621 2495 2670 2538 et
2701 2485 2867 2540 malos
2894 2484 3210 2539 Christianis
3235 2483 3494 2538 nonlicet
3523 2486 3788 2554 persequi.

2199 2577 2349 2644 Esto,
2400 2593 2505 2632 non
2554 2579 2741 2642 liccat;
2770 2578 2863 2633 sed
2888 2577 3142 2647 numquid
3193 2578 3292 2631 hoc
3332 2577 3676 2646 potestatibus
3722 2576 3810 2636 ad.

2200 2668 2302 2723 hoc
2329 2670 2500 2738 ipsum
2533 2659 2788 2724 ordinatis
2813 2669 2893 2723 fas
2931 2679 3012 2725 est
3041 2669 3308 2738 objiccre?
3351 2670 3431 2723 An
3481 2668 3792 2737 Apostolum

2199 2761 2528 2818 delebimus?
2554 2772 2644 2816 aut
2677 2779 2782 2817 non
2821 2762 3015 2818 habent
3044 2764 3256 2818 codices
3297 2764 3455 2821 veSIri
3489 2778 3605 2832 quae
3635 2763 3794 2832 paulo

2199 2863 2322 2908 ante
2367 2855 2954 2911 commemoravi?Scd
2988 2869 3100 2921 vos,
3132 2855 3354 2925 inquies,
3400 2854 3594 2908 talibus
3639 2869 3790 2925 com-

2199 2946 2470 3000 municare
2520 2962 2623 2999 non
2682 2947 2907 3002 debetis.
2961 2947 3096 3013 Quid
3143 2945 3320 3016 ergo?
3380 2947 3483 3000 Vos
3539 2946 3792 3001 Flaviano

2199 3039 2462 3106 quondam
2521 3041 2747 3104 vicario,
2803 3041 2968 3110 partis
3017 3047 3207 3093 vestra:
3261 3039 3501 3104 homini,
3554 3039 3676 3109 quia
3711 3041 3791 3094 le-

2197 3132 2350 3200 gibus
2395 3133 2665 3194 serviens.
2713 3143 2965 3188 nocentes
3014 3148 3148 3202 quos
3180 3133 3454 3187 invenerat
3497 3132 3790 3200 occidebat,

2199 3239 2304 3276 non
2353 3225 2815 3279 communicastis?
2862 3225 2968 3282 Sed
3011 3241 3041 3278 a
3077 3226 3248 3291 vobis,
3297 3224 3522 3294 inquies,
3565 3224 3794 3284 Romani

2199 3316 2465 3386 principes
2505 3317 2784 3372 adversum
2814 3333 2911 3371 nos
2949 3327 3322 3387 provocantur.
3350 3317 3457 3370 lmo
3475 3332 3504 3370 a
3523 3316 3672 3371 vobis
3697 3316 3794 3370 ad-

2199 3423 2416 3462 versum
2441 3409 2818 3479 vosipsos,qui
2842 3409 3323 3478 Ecclesiam,cujus
3348 3409 3472 3472 illic,
3490 3410 3624 3462 sicut
3649 3419 3791 3463 tant"

2199 3513 2320 3554 ante
2348 3501 2780 3570 prtcdictumest,
2826 3502 2933 3572 jam
2986 3503 3224 3557 membra
3273 3511 3393 3554 sunt
3443 3502 3532 3570 (de
3577 3501 3793 3557 Christo

2199 3595 2339 3647 enim
2368 3594 2564 3648 dictum
2595 3605 2696 3659 est,
2723 3594 2790 3648 Et
2811 3595 3091 3649 adorabunt
3127 3611 3242 3684 eum
3261 3611 3436 3689 orline;
3465 3611 3602 3664 rcges
3626 3602 3790 3658 terra',

2201 3683 2370 3754 (Ρδαι.
2405 3701 2554 3751 LXXI,
2581 3687 2692 3756 tl),
2720 3694 2772 3740 et
2791 3687 3100 3754 praecisione
3129 3683 3451 3740 laniareausi
3473 3685 3620 3749 estis,
3640 3692 3796 3739 etre-

2198 3775 2464 3844 baptizare
2482 3778 2821 3845 pertinaciter
2838 3779 3066 3832 audetis.
3079 3778 3255 3832 Nostri
3277 3787 3451 3832 autem
3470 3776 3723 3832 adversus
3739 3777 3796 3831 il-

2199 3868 2367 3922 licitas
2385 3880 2435 3924 et
2461 3872 2684 3937 privatas
2703 3882 3002 3925 vestrorum
3028 3872 3325 3935 violentias,
3353 3886 3485 3940 quas
3508 3878 3560 3923 et
3581 3885 3677 3924 vos
3699 3870 3791 3936 ibi,

2200 3961 2287 4029 qui
2302 3961 2422 4014 talia
2435 3977 2539 4014 non
2554 3961 2939 4028 facitis,doletis
2951 3964 3243 4032 etgemitis,
3257 3979 3289 4017 a
3303 3963 3649 4032 potestatibus
3659 3963 3798 4017 ordi-

2200 4054 2338 4106 natis
2366 4054 2636 4108 tuitionem
2667 4065 2869 4123 petunt,
2904 4072 3006 4109 non
3031 4072 3131 4125 qua
3155 4071 3252 4110 vos
3271 4066 3674 4125 persequantur,
3698 4057 3798 4111 sed

2203 4161 2302 4215 qua
2331 4160 2388 4198 se
2408 4144 2725 4209 defendant;
2759 4146 2893 4200 sicut
2919 4146 3190 4215 apostolus
3213 4146 3404 4200 Paulus
3433 4146 3689 4201 adversus
3709 4146 3798 4200 Ju-

2203 4241 2346 4294 dicos
2365 4241 2711 4309 conjuranles
2753 4251 2809 4294 ut
2843 4256 2961 4294 eum
3002 4241 3421 4314 necarenttAct.
3457 4256 3625 4304 χχιιι,
3663 4238 3793 4313 21),

2203 4342 2486 4401 antequam
2504 4343 2646 4386 esset
2677 4333 2970 4386 Romanum
2999 4333 3276 4401 imperium
3299 4331 3663 4396 christianum,
3686 4332 3802 4402 egit

2202 4434 2259 4479 ut
2279 4425 2379 4478 sibi
2409 4425 2558 4477 tuitio
2586 4427 2744 4478 etiam
2789 4433 3110 4478 armatorum
3144 4423 3379 4478 daretur.
3417 4421 3522 4479 Sed
3550 4423 3626 4475 illi
3649 4421 3798 4494 prin-

2202 4517 2346 4586 cipes
2365 4516 2594 4584 qualibet
2624 4516 2903 4570 occasione
2929 4525 3308 4585 cognoscentes
3346 4514 3507 4570 vestri
3537 4514 3798 4569 schisma-

2203 4608 2269 4661 tis
2291 4606 2453 4668 nefas,
2474 4609 2800 4661 constituunt
2824 4608 3080 4664 adversus
3093 4624 3189 4662 vos
3211 4622 3306 4677 pro
3329 4624 3425 4663 sua
3439 4607 3802 4662 sollicitudine

2203 4714 2265 4754 ac
2290 4707 2547 4768 potestate
2572 4700 2708 4767 quod
2751 4701 2952 4754 volunt.
3005 4702 3118 4754 Non
3157 4700 3300 4755 enim
3345 4701 3535 4754 frustra
3563 4699 3800 4769 gladium

2202 4798 2441 4860 portant;
2487 4791 2575 4844 Dei
2609 4792 2751 4845 enim
2783 4792 3008 4846 ministri
3037 4802 3179 4857 sunt,
3206 4792 3439 4846 vindices
3483 4792 3539 4846 in
3584 4792 3715 4845 iram
3742 4793 3804 4848 in

2203 4896 2294 4936 eos
2309 4883 2396 4951 qui
2417 4884 2552 4934 male
2575 4892 2752 4952 agunt.
2774 4882 3050 4936 Postremo
3067 4884 3223 4936 etiam
3245 4885 3287 4936 si
3310 4883 3469 4952 aliqui
3489 4892 3808 4939 nostrorum

2205 4988 2308 5026 non
2338 4972 2623 5027 christiana
2667 4973 3028 5030 moderatione
3054 4975 3151 5028 ista
3181 4972 3402 5039 faciunt,
3431 4974 3676 5044 displicet
3702 4992 3807 5028 nee

2205 5063 2314 5129 bis;
2343 5065 2436 5118 sed
2463 5073 2636 5118 tamen
2670 5079 2772 5118 non
2820 5076 3036 5134 propter
3063 5081 3157 5119 eos
3198 5066 3545 5136 relinquimus
3574 5067 3806 5119 catholi-

2203 5171 2318 5209 cam
2352 5156 2663 5258 Ecgsfipm,
2697 5156 2880 5210 sicam
2911 5166 3034 5213 ante
3069 5157 3309 5210 ultimum
3339 5165 3545 5226 tempus
3575 5156 3806 5210 ventila~

2206 5247 2362 5300 tionis
2386 5225 2588 5316 ειῖἶῧῒέἔ
2619 5264 2844 5320 purgare
2876 5264 2980 5303 non
3011 5265 3314 5318 possumus,
3359 5249 3572 5318 quando
3609 5258 3663 5303 et
3699 5264 3806 5305 vos

2201 5348 2420 5409 prepter
2438 5339 2706 5408 Optatum,
2729 5356 2848 5395 cum
2871 5357 2993 5396 cum
3011 5343 3207 5411 pellere
3224 5356 3329 5396 non
3351 5340 3644 5406 audebatis,
3671 5355 3805 5412 par-

2205 5440 2311 5488 tem
2341 5433 2535 5486 Donati
2569 5449 2670 5486 non
2705 5434 3012 5504 reliquistis.

2273 5523 2325 5578 9.
2371 5525 2436 5577 At
2461 5525 2604 5578 enim
2629 5525 2805 5579 dicitis
2833 5544 2844 5578 :
2874 5525 3046 5592 Quare
3078 5540 3176 5580 nos
3199 5523 3412 5595 adjungi
3439 5523 3591 5578 vobis
3612 5520 3801 5589 vultis,

2204 5616 2248 5670 si
2284 5619 2530 5672 scelerati
2562 5619 2785 5671 sumus?
2810 5619 2940 5684 Quia
2970 5619 3143 5672 vivitis
3169 5619 3375 5682 adhuc,
3403 5626 3455 5671 et
3477 5614 3667 5685 corrigi
3697 5631 3800 5684 po-

2206 5711 2358 5766 testis
2402 5711 2446 5764 si
2489 5712 2686 5764 velitis.
2719 5712 2850 5765 Cum
2892 5714 3031 5766 enim
3064 5712 3216 5767 nobis
3243 5710 3661 5780 conjungimini,
3697 5709 3802 5762 hoc

2206 5808 2293 5856 est
2321 5802 2572 5856 Ecclesiae
2606 5803 2694 5857 Dei
2722 5844 2736 5868 ,
2769 5802 3062 5858 haereditati
3088 5803 3308 5871 Christi,
3343 5801 3494 5872 cujus
3523 5799 3799 5874 possessio
