4032 6334
523 355 624 409 505

520 474 612 526 que
648 455 818 510 clerici
843 453 1188 523 appellantur,
1220 447 1413 502 devotio
1443 460 1552 498 mea
1575 443 1717 510 apud
1741 441 1903 496 Acta‘
1937 439 2108 512 parvi-

520 549 780 601 tatisuteat
805 546 1062 599 insinuare
1089 543 1299 603 curavit,
1343 539 1638 605 eosdemque
1680 535 1881 589 hortata
1913 544 1985 588 est
2031 543 2108 601 ut,

520 643 713 694 unitate
731 656 981 694 consensu
1019 637 1244 692 outuium
1280 635 1437 704 facta,
1464 647 1577 685 cum
1607 630 1746 684 omni
1769 629 1973 684 omnino
1993 646 2106 683 mue

521 750 638 788 uere
658 731 974 804 indulgentia
991 728 1277 800 Majestatis
1292 734 1468 780 vestrae
1486 723 1687 778 liberati
1703 739 1810 778 esse
1825 721 2104 790 videantur,

523 827 785 881 Catholica
807 825 1076 892 custodita,
1104 822 1356 878 sanctitati
1382 820 1507 892 legis
1531 819 1696 874 debita
1717 817 1990 873 reverentia
2019 816 2113 869 ac’

522 921 704 972 divinis
722 919 867 973 rebus
892 917 1184 972 inserviant.
1213 913 1398 970 Verum
1417 922 1529 984 post
1556 929 1743 984 paucos
1769 912 1874 966 dies
1901 911 2103 966 exuite.

523 1020 638 1065 runt
664 1010 870 1081 quidam
899 1008 1124 1062 adunata
1141 1023 1309 1061 secum
1331 1003 1509 1077 populi
1537 1005 1877 1070 multitudine,
1896 1004 1982 1074 qui
2001 999 2114 1058 Ca3-

524 1104 708 1158 ciliano
732 1100 1177 1156 contradicenduut
1207 1108 1462 1169 putarent,
1513 1100 1695 1168 quique
1724 1097 2023 1169 fasciculum
2059 1096 2114 1150 in

524 1195 665 1250 aluta
687 1195 942 1266 signatum
957 1202 1004 1248 et
1022 1193 1248 1246 libellum
1273 1193 1382 1246 sine
1403 1192 1548 1263 signo
1567 1191 1851 1245 obtulerunt
1873 1190 2116 1244 dicationi

525 1305 669 1356 uteie,
700 1299 849 1360 atque
866 1287 1122 1358 impendio
1157 1287 1497 1357 postularunt,
1522 1294 1578 1339 ut
1597 1285 1666 1338 ad
1683 1302 1884 1340 sacrum
1901 1294 1948 1340 et
1966 1301 2114 1338 vene-

525 1382 736 1436 rabilent
765 1381 1056 1434 comitatum
1089 1379 1331 1433 Numinis
1350 1379 1369 1410 ³
1391 1379 1536 1433 vestri
1558 1378 1845 1450 dirigerem,
1871 1394 1984 1449 qua:
2004 1395 2113 1432 ma-

527 1483 674 1527 nente
696 1469 970 1527 Caeciliano
999 1473 1050 1525 in
1082 1479 1216 1525 statu
1241 1487 1354 1534 suo,
1387 1470 1622 1540 subjectis
1653 1469 1939 1543 earumdem
1967 1470 2112 1538 actis,

528 1583 628 1637 quo
664 1575 845 1620 cuncta
873 1564 1118 1636 Majestas
1149 1573 1308 1618 vestra
1349 1565 1505 1636 possit
1546 1565 1857 1633 dignoscere,
1895 1566 2116 1636 paruitas

529 1676 641 1713 mea
669 1660 886 1732 dirigere
910 1659 1119 1713 curavit.
1157 1657 1434 1712 Transmisi
1460 1658 1654 1713 libellos
1695 1659 1843 1725 duos,
1879 1677 2036 1714 unum
2064 1661 2118 1714 in

531 1751 669 1804 aluta
695 1749 1134 1821 suprascriptum‘
1163 1751 1235 1802 ita
1253 1765 1272 1802 :
1308 1769 1327 1802 ι
1364 1749 1588 1805 Libellus
1615 1749 1856 1806 Ecclesia:
1897 1752 2120 1806 catholi-

531 1858 626 1908 cce,
653 1843 920 1896 criminum
957 1840 1240 1908 Caeciliani,
1289 1843 1507 1898 traditus
1536 1860 1568 1895 a
1609 1853 1752 1913 parte
1784 1842 2066 1915 Majoriui;
2096 1863 2116 1897 ι

532 1939 648 1991 item
675 1937 834 1991 alium
855 1937 964 1991 sine
988 1936 1157 2008 sigillo
1181 1936 1513 1992 cohaerentem
1541 1938 1702 1992 eidem
1727 1939 1901 1995 alutte.
1931 1939 2123 1995 Datum

533 2030 616 2083 die
637 2029 829 2084 decimo
849 2030 1062 2100 septimo
1085 2027 1284 2083 calend.
1312 2031 1490 2092 maias,
1534 2029 1860 2100 Carthagine,
1897 2029 2123 2087 Domino

534 2133 707 2179 nostro
735 2123 1065 2178 Constantino
1091 2123 1320 2194 Augusto
1346 2125 1549 2178 tertium
1575 2124 1692 2179 Cos.

607 2217 660 2272 5.
702 2216 830 2271 Post
860 2216 995 2272 hanc
1021 2216 1336 2273 relationem
1358 2218 1424 2272 ad
1446 2233 1504 2273 se
1525 2218 1743 2273 missam
1767 2220 1926 2290 jussit
1948 2223 2125 2292 Impe-

536 2320 683 2366 rator
710 2311 892 2366 venire
923 2319 1099 2381 partes
1139 2311 1206 2366 ad
1250 2311 1554 2382 episcopale
1587 2311 1844 2380 judicium
1893 2314 1946 2368 in
1991 2314 2126 2369 urbe

536 2403 704 2459 Roma
731 2401 1065 2470 faciendum;
1088 2403 1178 2458 ubi
1207 2402 1655 2473 quemadmodum
1683 2419 1842 2459 causa
1868 2404 2009 2460 dicta
2039 2415 2126 2461 at-

537 2513 640 2568 que
665 2497 810 2552 ﬁnita
837 2496 925 2565 sit,
963 2506 1020 2552 et
1049 2495 1366 2554 Caecilianus
1419 2499 1675 2553 innocens
1719 2497 1985 2568 judicatus
2032 2501 2122 2567 sit,

537 2589 776 2644 indicant
802 2588 966 2646 Gesta
988 2589 1373 2645 ecclesiastica.
1405 2589 1522 2645 iam
1564 2591 1746 2660 utique
1791 2601 1911 2662 post
1935 2592 2123 2663 pacili-

540 2668 661 2736 cum
689 2681 1034 2738 moderamen
1053 2681 1237 2751 judicii
1264 2682 1603 2753 episc0palis,
1627 2682 1800 2738 omnis
1827 2684 2129 2740 contentio-

539 2772 652 2828 suis
671 2782 727 2828 et
747 2773 1104 2828 animositatis
1124 2773 1412 2842 pertinacia
1440 2772 1670 2829 debebat
1696 2775 1982 2846 exstingui.
2015 2775 2124 2832 Sed

538 2879 726 2920 rursus
753 2864 986 2935 majores
1023 2865 1189 2919 vestri
1217 2863 1285 2919 ad
1315 2864 1693 2936 Imperatorem
1738 2867 2036 2934 redierunt,
2069 2875 2128 2924 et

541 2974 646 3015 non
677 2968 822 3016 recte
846 2958 1164 3030 judicatum,
1192 2974 1368 3030 neque
1409 2975 1622 3016 omnem
1649 2975 1865 3016 causam
1891 2961 2130 3018 auditam

541 3067 661 3108 esse
686 3053 962 3124 conquesti
991 3062 1134 3108 sunt.
1172 3051 1327 3109 Unde
1353 3052 1446 3108 ille
1468 3054 1694 3108 alterum
1721 3055 2025 3126 episcopale
2040 3055 2132 3124 ju-

539 3145 734 3199 dicium
765 3144 913 3200 dedit
939 3132 1242 3201 habendum
1269 3146 1323 3202 in
1348 3146 1650 3203 Arelatensi
1678 3145 1861 3204 Galliae
1885 3147 2125 3218 civitate,

530 3242 621 3297 ubi
657 3241 808 3296 multi
849 3241 1048 3306 vestri,
1096 3255 1230 3294 vana
1261 3246 1314 3293 et
1339 3237 1596 3292 diabolica
1649 3237 1980 3292 dissensione
2019 3236 2116 3292 da-

531 3342 732 3400 mnata,
755 3348 878 3388 cum
902 3331 1188 3386 Caeciliano
1224 3331 1274 3383 in
1301 3329 1638 3383 concordiam
1668 3328 1980 3395 redierunt;
2026 3328 2116 3382 alii

529 3441 660 3481 vero
687 3424 1093 3496 pertinacissimi
1119 3432 1175 3477 et
1199 3421 1564 3492 Iitigiosissimi
1587 3420 1656 3474 ad
1680 3420 1923 3475 eumdem
1951 3420 2117 3490 impe-

529 3526 765 3572 ratorem
797 3517 1212 3586 appellaverunt.
1244 3515 1435 3569 Postea
1463 3521 1517 3567 et
1541 3513 1655 3583 ipse
1679 3523 1894 3566 coactus
1919 3513 2120 3582 episco-

530 3613 707 3683 pal'em
753 3625 966 3665 causam
1017 3610 1154 3664 inter
1192 3617 1370 3678 partes
1417 3607 1678 3677 cognitam
1709 3608 2029 3674 terminavit,
2065 3617 2118 3662 et

527 3705 733 3775 primus
761 3713 946 3758 contra
975 3711 1209 3756 vestram
1257 3709 1460 3770 partem
1506 3699 1677 3769 legem
1723 3699 2026 3766 constituit,
2060 3709 2118 3754 ut

528 3795 648 3850 loca
673 3795 1142 3864 congregationum
1183 3802 1474 3846 vestrarum
1514 3789 1641 3843 lisco
1681 3790 2112 3845 vindicarentur:

529 3901 755 3957 quarum
782 3885 1018 3939 omnium
1051 3899 1227 3938 rerum
1257 3883 1572 3936 documenta
1603 3882 1649 3936 si
1676 3883 1932 3937 vellemus
1970 3883 2115 3938 inse-

525 3993 668 4042 rere,
701 3978 923 4032 nimium
955 3979 1135 4047 longas
1165 3977 1367 4030 litteras
1407 3974 1720 4030 faceremus.
1760 3975 1890 4030 Illud
1939 3984 2112 4030 tamen

527 4071 676 4125 nullo
718 4067 877 4124 modo
917 4067 1431 4138 prmtcrmittendum
1471 4075 1582 4130 est,
1613 4066 1880 4136 quomodo
1923 4066 2115 4122 Felicis

421 4199 436 4213 .
525 4161 905 4233 Aptungensis,
933 4177 1090 4231 quem
1120 4160 1317 4215 fontem
1345 4159 1579 4214 omnium
1610 4158 1872 4212 malorum
1904 4159 1956 4212 in
1987 4174 2117 4213 con-

524 4256 652 4312 cilio
682 4253 1114 4325 Carthaginiensi,
1159 4254 1226 4308 ab
1268 4253 1512 4309 Secundo
1551 4253 1839 4322 Tigisitano
1868 4254 2111 4320 primate,

526 4359 707 4419 patres
733 4347 894 4402 vestri
919 4346 1079 4402 fuisse.
1108 4347 1370 4411 dixerunt,
1395 4345 1703 4414 urgentibus
1717 4345 1855 4414 apud
1886 4344 2116 4414 Impera-

528 4448 701 4493 torem
735 4437 950 4503 vestris,
978 4437 1186 4506 publico
1203 4435 1402 4504 judicio
1421 4450 1578 4489 causa
1607 4435 1844 4489 discussa
1873 4445 2033 4504 atque
2055 4435 2114 4488 ti-

527 4531 636 4584 nita
668 4531 755 4585 sit.
787 4529 918 4584 Nam
951 4539 1273 4583 memoratus
1300 4527 1588 4596 Imperator
1611 4528 1662 4582 in
1692 4529 1788 4581 hac
1816 4529 1925 4596 ipsa
1953 4543 2114 4583 causa

524 4631 734 4678 vestros
759 4621 898 4691 apud
925 4636 985 4676 se
1012 4630 1348 4675 accusatores
1376 4629 1430 4674 et
1467 4619 1707 4674 assiduos
1752 4619 2114 4688 interpellato-

553 4801 618 4912 ὦ
631 4797 742 4848 uid.
768 4797 1012 4908 obuiittunt,
1033 4808 1143 4846 mea
1163 4794 1293 4860 apud
1315 4799 1439 4856 acta,
1466 4807 1578 4859 quae
1599 4795 1751 4846 verba
1793 4795 1888 4844 huc
1908 4809 2112 4847 revoca-

619 4875 679 4911 us
703 4875 764 4910 ex
831 4873 897 4908 ss.

519 4866 679 4913 vimus
703 4875 764 4910 ex
790 4866 897 4908 Mss.

585 4927 605 4957 ι
631 4923 743 4983 ωδ.
770 4923 953 4970 habent
975 4922 1046 4983 sic
1069 4935 1095 4983 :_
1114 4918 1429 4983 tndulgentite
1449 4918 1709 4983 majestalis
1726 4926 1900 4983 vestrm
1925 4919 2114 4972 liberati

519 4999 620 5037 esse
644 4981 906 5047 titletmtur
919 4980 1158 5040 catholici,
1186 4980 1425 5033 custodita
1434 4980 1693 5047 sanctitate
1717 4981 1836 5047 legis
1860 4983 2018 5034 debita
2040 4997 2113 5047 re-

522 5045 730 5098 verentia
754 5043 946 5102 ditinis,
975 5052 1069 5094 etc.
1086 5052 1384 5096 Praetulimus
1405 5041 1608 5094 alteram
1631 5041 1892 5094 lectionem
1907 5047 1952 5094 in
1975 5046 2113 5110 quin-

521 5110 689 5180 decim
710 5116 816 5180 _Mss.
844 5115 1105 5180 repertam.

584 5173 604 5204 ³
629 5172 763 5231 add,
788 5167 988 5220 nominis
1013 5168 1174 5231 vestri.
1197 5169 1288 5231 Sed
1332 5167 1509 5217 melius
1531 5176 1634 5217 Mss.
1650 5169 1901 5231 quinque,
1919 5182 2108 5220 necnon

519 5228 812 5302 valesius—et
835 5229 1117 5302 exemplum
1139 5229 1299 5281 oollat.
1759 5228 1918 5302 vestri.
2066 5290 2078 5302 .

582 5295 604 5328 δ
629 5296 735 5344 Bud.
763 5305 862 5344 Am.
889 5301 962 5343 Er.
985 5290 1042 5342 et
1065 5301 1172 5342 ιον.
1201 5306 1214 5342 :
1247 5290 1528 5343 trmsmissi
1570 5290 1718 5344 libelli
1761 5292 1874 5351 duo,
1899 5305 2022 5344 unus
2057 5290 2110 5343 in

516 5355 649 5408 aluta
673 5355 998 5419 subscriptus,
1020 5363 1138 5417 etc.,
1183 5367 1330 5419 quem
1351 5352 1512 5419 locum
1533 5355 1594 5403 ad
1616 5361 1722 5404 Mss.
1749 5354 1910 5419 talem,
1935 5355 2108 5416 partim

519 5368 649 5408 aluta
673 5368 984 5419 suawsptus,
1020 5368 1138 5417 etc.,
1183 5368 1330 5465 Ἥρω
1351 5368 1512 5405 iocum
1533 5368 1594 5403 an
1616 5368 1722 5404 uss.
1749 5368 1910 5414 nuem,
1935 5368 2108 5416 parum

519 5422 665 5469 etiam
696 5418 759 5480 ad
801 5414 1091 5480 exemplum
1127 5415 1204 5480 col
1223 5425 1287 5480 __t.
1332 5416 1919 5480 (ambagum-reximus.
1964 5423 2108 5480 Porro

517 5481 725 5533 alterum
746 5475 1097 5590 libellum,
1129 5475 1291 5541 sigillo
1311 5475 1526 5528 antisse
1547 5477 1740 5536 dicitur,
1766 5476 1985 5548 valesius
2005 5475 2108 5550 alii-

517 5557 615 5590 que
661 5549 830 5590 nutant
852 5554 966 5590 esse
1093 5539 1208 5588 litim
1230 5551 1524 5590 suntmcem.
1549 5552 1698 5590 quem
1723 5551 1934 5590 etnscotn
1960 5546 2108 5590 partis

515 5557 615 5615 sus
661 5549 830 5615 rem!
852 5554 966 5615 εξεθ
988 5539 1698 5615 ὥςυιιιίιβιιριηιοειξινξιιξεξξξ
1721 5539 1934 5615 ferisne

771 5603 832 5654 ad
863 5599 1855 5678 .mmﬁere,tﬁi§¢ninta-vfteetssnt
1876 5599 2106 5678 nisi“?

511 5658 607 5716 sibi
624 5665 817 5729 judices
837 5666 985 5729 daret
1000 5699 1014 5724 ,
1047 5665 1132 5728 qui
1155 5664 1447 5729 inter__ip_s_os
1479 5658 1862 5729 ac'Cmcilianum
1901 5663 2105 5726 ejusque

512 5723 734 5793 collegas
763 5723 1036 5793 judiarent
1059 5723 1080 5776 Ξ
1097 5725 1236 5793 cujus
1257 5723 1410 5793 libelli
1436 5723 1715 5793 exemplum
1737 5724 1892 5793 refert
1908 5723 2107 5793 optatus

513 5791 565 5841 in
702 5793 757 5905 l1
764 5786 982 5903 gensque;
998 5786 1299 5840 mentionem
1319 5786 1430 5838 facit
1463 5787 1753 5850 Augustinus
1775 5787 1826 5836 in
1848 5786 2102 5852 Epistt.43,

514 5866 564 5906 ιι.
662 5886 678 5906 .
703 5867 733 5904 e
839 5885 858 5906 .
919 5886 930 5900 .
986 5887 995 5901 .

514 5866 564 5906 llo
593 5861 678 5907 15.
703 5861 757 5905 ει
776 5861 858 5910 76.
881 5865 930 5901 ιι.
950 5861 995 5901 2.

1729 350 1784 404 S.
1827 346 2194 403 AUGUSTINI
2233 345 2530 403 EPISCOPI

3703 349 3806 406 504

2225 477 2310 517 res
2333 462 2523 518 litteris
2547 460 2656 518 suis
2686 460 2850 518 luisse
2880 467 3123 527 testatur,
3150 475 3369 531 quorum
3399 461 3702 534 exemplum
3722 465 3805 518 in-

2225 558 2300 611 tra
2325 557 2652 626 scripsimus.

2223 647 2564 720 Imperatores
2589 648 2812 705 Caesares
2829 692 2844 715 ,
2867 649 3095 705 Fsttus
3116 650 3516 706 CONS'I'AN'I'INUS
3532 651 3801 719 Mutuus,

2293 752 2339 796 et
2369 743 2635 798 VALERIUS
2679 742 2932 808 Licmivs,
2961 741 3029 795 ad
3056 741 3363 797 PROBIANUI
3386 783 3401 810 ,
3456 748 3806 814 proconsulem

2295 841 2503 911 Africae.

2292 934 2346 987 4.
2375 932 2620 990 ιΕιὶαηιισ
2645 935 2981 1005 predecessor
3005 944 3118 991 tuus
3137 979 3152 1004 ,
3179 937 3385 1004 merito,
3425 937 3548 990 dum
3588 935 3666 989 vir
3692 952 3807 1007 per-

2222 1025 2520 1096 fectissimus
2545 1068 2560 1093 ,
2619 1025 2776 1082 Verus
2799 1068 2813 1093 ,
2857 1029 3072 1083 vicarius
3133 1033 3505 1102 praefectorum,
3558 1040 3675 1082 tunc
3718 1045 3810 1099 per

2221 1117 2450 1188 Africam
2501 1130 2724 1177 nostram
2763 1123 2781 1153 ί
2826 1123 3144 1176 incommoda
3183 1123 3467 1177 valetudine
3515 1133 3804 1191 teneretur,

2221 1211 2444 1280 ejusdem
2472 1213 2698 1280 partibus
2723 1217 2953 1284 functus,
2988 1214 3119 1267 inter
3145 1224 3324 1268 caetera
3362 1216 3509 1269 etiam
3549 1215 3602 1267 id
3647 1233 3805 1286 uego-

2221 1302 2346 1355 tium
2379 1301 2456 1356 vel
2487 1304 2748 1371 invidiam,
2776 1321 2886 1375 qua:
2911 1305 2972 1358 de
3001 1304 3273 1359 Cteciliano
3303 1306 3535 1377 episcopo
3567 1306 3810 1361 Ecclesia

2221 1394 2485 1449 catholica:
2509 1395 2702 1448 videtur
2725 1412 2831 1450 esse
2861 1406 3125 1462 commota,
3158 1397 3226 1450 ad
3251 1413 3456 1451 examen
3485 1414 3631 1451 suum
3662 1407 3812 1461 atque

2211 1484 2492 1554 jussionent
2527 1486 2738 1539 credidit
2776 1502 2880 1540 esse
2922 1488 3272 1540 revocandant.
3310 1486 3509 1540 Etenim
3546 1504 3660 1540 cum
3694 1488 3810 1557 jaut

2223 1574 2495 1644 Superiunt
2555 1577 2892 1631 centurionem
2916 1620 2930 1644 ,
2991 1587 3038 1631 et
3081 1576 3406 1633 Caecilianum
3457 1579 3811 1649 magistratunt

2220 1665 2697 1738 Aptuugitanorum,
2722 1677 2766 1722 et
2789 1668 3122 1723 Saturninum
3145 1682 3487 1724 excuratorem
3515 1671 3614 1740 (a),
3642 1681 3691 1724 et
3713 1669 3812 1724 Ca-

2223 1755 2396 1811 libium
2433 1760 2724 1828 juniorem,
2777 1760 3003 1830 ejusdem
3046 1761 3255 1813 civitatis
3297 1771 3608 1826 curatorem,
3659 1771 3814 1832 atque

2222 1848 2465 1904 Solonem
2493 1867 2687 1904 servum
2733 1851 2987 1920 publicum
3028 1852 3384 1920 suprascripta:
3411 1853 3642 1918 civitatis,
3673 1869 3812 1921 prte-

2219 1952 2381 1996 sentes
2421 1959 2528 1998 esse
2554 1943 2776 2014 fecisset,
2807 1943 3114 1997 audientiam
3155 1942 3364 2014 prtcbuit
3401 1953 3765 2014 competentem
3794 1959 3814 1999 .°

2221 2034 2347 2088 adeo
2371 2043 2443 2100 ut,
2474 2013 2588 2088 cum
2615 2031 2884 2090 th'ciliano
2916 2037 3090 2108 [uisset
3116 2013 3361 2108 objecttim
3389 2013 3523 2108 quod
3560 2055 3592 2091 a
3636 2037 3815 2092 Felice

2221 2129 2382 2182 eidem
2409 2129 2725 2198 episcopatus
2763 2128 3009 2182 videretur
3035 2145 3140 2182 esse
3164 2129 3380 2196 delatus,
3408 2130 3489 2183 cui
3521 2130 3814 2185 divinarum

2223 2221 2602 2289 Scripturarum
2649 2222 2866 2291 proditio
2905 2231 3055 2284 atque
3081 2223 3274 2276 exustio
3302 2223 3546 2276 videretur
3571 2224 3775 2296 objecta
3795 2266 3812 2293 ,

2221 2316 2529 2367 innocentem
2561 2314 2626 2368 de
2659 2331 2717 2368 eo
2757 2313 2979 2368 Felicem
3028 2315 3184 2386 fuisse
3234 2316 3526 2370 constiterit.
3584 2315 3816 2388 Denique

2220 2424 2333 2460 cum
2362 2406 2620 2460 Maximus
2660 2405 2947 2477 lugentium
2985 2407 3302 2460 decurionem
3338 2405 3656 2475 Ziquentium
3686 2409 3815 2462 civi-

2223 2502 2359 2568 tatis,
2387 2499 2651 2571 epistolam
2677 2499 2933 2554 chiliani
2961 2501 3277 2554 exduutnviti
3302 2502 3323 2532 ⁸
3349 2501 3562 2570 falsasse
3598 2513 3814 2557 conten-

2223 2592 2378 2657 deret,
2406 2592 2634 2646 eumdem
2667 2591 2836 2662 ipsum
2878 2590 3164 2662 lugentium
3192 2609 3489 2663 suspensum
3527 2592 3666 2648 Actis
3704 2609 3818 2665 qua:

2221 2687 2474 2749 suberant,
2509 2684 2838 2755 pervidimus,
2867 2693 2912 2738 et
2940 2683 3054 2738 ideo
3085 2684 3290 2738 mininte
3326 2695 3511 2740 tortum
3531 2728 3545 2752 ,
3579 2687 3722 2756 quod
3765 2702 3819 2742 se

2222 2777 2541 2830 decurionem
2592 2775 2917 2847 Ziquensium
2971 2777 3184 2832 civitatis
3235 2781 3604 2834 asseveraverit.
3665 2780 3818 2836 Unde

2223 2870 2448 2924 volumus
2477 2879 2532 2924 ut
2573 2870 2800 2924 eumdem
2836 2871 3002 2941 ipsum
3042 2868 3334 2941 lugentium
3377 2869 3450 2944 (b)
3493 2873 3582 2926 sub
3629 2873 3817 2928 idonea

2223 2962 2570 3032 prosecutione
2611 2962 2679 3015 ad
2716 2963 3012 3016 comitatum
3049 2978 3216 3016 meum
3247 2962 3562 3018 Constantini
3598 2965 3819 3036 Augusti

2221 3055 2409 3119 mittas,
2435 3064 2490 3108 ut
2509 3055 2610 3108 illis
2635 3057 2722 3125 qui
2744 3054 2796 3108 in
2818 3054 3199 3124 praesentiarum
3216 3065 3393 3126 agunt,
3411 3065 3560 3126 atque
3574 3057 3778 3111 diurnis
3797 3056 3817 3089 ³

2221 3147 2392 3201 diebus
2418 3147 2739 3217 interpellare
2772 3164 2871 3201 non
2898 3148 3126 3202 desinunt
3147 3190 3161 3215 ,
3200 3149 3518 3204 audientibus
3555 3160 3601 3203 et
3640 3168 3819 3206 coram

2222 3239 2562 3295 assistentibus
2588 3251 2834 3310 apparere
2857 3249 2900 3292 et
2922 3241 3145 3293 iutintari
3168 3241 3343 3312 possit,
3377 3246 3567 3314 [rustra
3594 3261 3678 3298 cos
3707 3243 3818 3300 Creo

2221 3333 2404 3386 ciliauo
2449 3333 2680 3402 episcopo
2724 3332 2967 3384 invidiam
3007 3349 3321 3403 comparare,
3367 3344 3514 3402 atque
3563 3336 3814 3391 adversus

2221 3442 2334 3480 eum
2364 3426 2599 3479 violenter
2627 3425 2886 3495 insurgere
2919 3425 3150 3478 voluisse.
3183 3424 3269 3478 Ita
3297 3427 3430 3479 euint
3455 3428 3541 3495 fiet
3570 3437 3623 3480 ut
3657 3431 3817 3484 omis-

2219 3518 2310 3583 sis,
2337 3518 2466 3571 sicut
2488 3524 2700 3586 opcrtet,
2721 3516 2970 3588 ejusmodi
2991 3515 3412 3582 contentionibus,
3447 3519 3665 3587 papulas
3709 3522 3816 3574 sine

2286 3657 2304 3688 ι
2329 3654 2464 3714 Edd.,
2489 3657 2713 3705 vestram.
2737 3658 2842 3702 Mss.
2869 3652 3061 3711 decem,
3085 3658 3314 3714 nostram.

2283 3719 2305 3749 ¹
2327 3713 2462 3775 Edd.,
2486 3728 2550 3766 ex
2583 3714 2744 3764 divino
2757 3714 2890 3776 jure.
2916 3721 3020 3763 Mss.
3047 3713 3290 3777 plerique,
3317 3727 3380 3777 ea“.
3404 3713 3696 3777 duumviris.
3725 3717 3814 3768 Sed

2220 3778 2487 3842 legendum
2533 3777 2658 3842 baud
2702 3775 2862 3842 dutiie
2897 3790 2993 3842 uno
3035 3775 3218 3842 verbo,
3263 3775 3603 3842 exdutmtt'iti;
3647 3781 3818 3842 agitur

2219 3837 2401 3904 ue—mpe
2422 3839 2487 3888 de
2511 3839 2610 3887 Αιῧί
2632 3837 2865 3886 Caeciliani
2879 3837 3094 3904 epistola
3116 3841 3178 3904 ab
3199 3839 3306 3904 ipso
3325 3847 3436 3904 j_.ost
3455 3837 3819 3892 duumvirattun

2220 3902 2416 3971 sqipta,
2442 3907 2652 3971 ut_patct
2676 3914 2738 3970 ex
2763 3902 2918 3971 (gestis
2937 3903 3238 3971 pw'gutitmis
3259 3902 3452 3971 Felicis:

2283 3966 2304 3996 ³
2318 3961 2456 4024 Lor”
2475 3961 2733 4012 diuturnis.
2750 3961 2833 4010 Alii
2855 3961 2964 4010 odd.
2979 3961 3274 4022 constanter,
3288 3961 3494 4012 diurnis.
3510 3962 3816 4028 [diuturnis].

2283 4049 2354 4112 (a)
2379 4049 2462 4115 Hic
2485 4047 2566 4097 ille
2593 4054 2668 4096 est
2689 4047 2892 4115 calidius
2909 4059 3013 4115 seu
3036 4045 3256 4115 Claudius
3277 4049 3576 4115 saturianus,
3609 4058 3664 4099 ut
3696 4051 3818 4115 legi-

2219 4108 2300 4176 tur
2323 4108 2445 4173 apud
2469 4117 2690 4171 Optatum
2716 4109 2762 4156 in
2788 4108 2870 4156 lib.
2902 4110 2954 4166 l,
2974 4111 3063 4176 qui
3087 4117 3277 4176 curator
3299 4111 3506 4176 civitatis
3529 4108 3817 4176 Aptungeu-

2219 4126 2299 4160 tur
2323 4126 2445 4173 apud
2469 4126 2690 4171 optatum
2716 4126 2762 4156 tn
2788 4126 2870 4156 un.
2902 4126 2922 4156 ι
2939 4144 2954 4166 ,
2979 4126 3062 4172 qui
3087 4126 3277 4158 curator
3299 4126 3506 4160 civitatis
3529 4126 3556 4158 Α
3597 4126 3816 4176 iungen-

2218 4174 2286 4223 sis
2310 4176 2467 4222 fuerat
2489 4180 2709 4233 tempore
2742 4172 3093 4232 persecutionis
3125 4171 3466 4220 tradendorum
3485 4126 3746 4233 Codicum,
3771 4177 3816 4225 id

2221 4244 2298 4285 est
2320 4235 2612 4285 Diocletiano
2635 4241 2718 4281 \‘lll
2744 4240 2795 4296 et
2818 4233 3095 4296 Maximiano
3122 4242 3140 4279 \
3157 4241 3188 4281 lt
3203 4242 3331 4284 Coss.
3354 4246 3480 4283 anno
3495 4235 3664 4296 Christi
3694 4238 3816 4296 503;

2220 4298 2360 4361 isque
2385 4297 2630 4361 idcircorin
2642 4295 2880 4361 judicium
2905 4294 3125 4361 inductus
3260 4305 3314 4346 ut
3336 4310 3396 4346 ex
3418 4297 3526 4361 ejus
3544 4295 3643 4361 ﬁde
3669 4308 3727 4348 et
3752 4294 3815 4349 ei

2399 4357 2767 4424 ntutiicijalibus
2789 4357 2927 4424 apud
2962 4357 3253 4424 ipsuntolini
3285 4357 3518 4424 cuneolis
3540 4359 3816 4424 investiga-

2219 4430 2355 4471 retur
2382 4430 2542 4470 utrum
2565 4419 2693 4469 Felix
2721 4419 2975 4483 episcopus
2995 4419 3228 4467 Circiliani
3251 4421 3493 4470 ordinatur
3517 4419 3817 4483 prodidisset

2219 4496 2380 4533 sacros
2412 4483 2625 4530 Codices.
2662 4481 2883 4544 Famdent
2916 4483 2982 4544 ob
3015 4493 3210 4544 causam
3242 4483 3396 4532 vocati
3427 4481 3540 4531 sunt
3578 4487 3818 4544 superius

2217 4545 2465 4603 centurio,
2491 4545 2605 4606 quia
2640 4542 2862 4606 nimirum
2886 4539 3120 4606 militibus
3145 4550 3196 4592 et
3227 4545 3513 4593 centurione
3546 4539 3817 4596 utebantur

2217 4605 2526 4669 magistratus
2557 4618 2666 4669 cum
2696 4605 2959 4669 scripturas
2989 4619 3016 4669 a
3048 4605 3323 4669 Christianis
3355 4607 3400 4654 vi
3432 4613 3815 4669 extorquerent,

2219 4676 2270 4718 et
2294 4666 2436 4738 illius
2456 4667 2759 4738 Caecilianus.
2795 4666 2924 4736 quod
2943 4667 3174 4738 ejusdem
3199 4667 3550 4738 persecutionis
3583 4666 3707 4738 teni,
3727 4666 3817 4719 ore

2217 4731 2547 4794 magistratum
2569 4742 2659 4777 seu
2689 4729 3041 4794 duutnvimtuin
3079 4729 3321 4794 municipii
3353 4731 3678 4794 Aptunbensis
3698 4729 3817 4794 ges-

2216 4789 2362 4856 sisset
2380 4831 2392 4852 ,
2420 4792 2645 4856 quodque
2670 4789 3006 4856 examinanda
3027 4797 3160 4856 esset
3191 4789 3342 4852 ipsius
3363 4789 3422 4839 ad
3459 4789 3668 4856 t‘elicem
3704 4789 3816 4856 epi-

2216 4855 2354 4904 stola.
2380 4851 2584 4903 Calitiius
2607 4867 2725 4901 vero
2743 4852 2904 4914 junior
2925 4853 3009 4913 qui
3031 4852 3153 4913 apud
3171 4851 3390 4914 optatum
3405 4851 3612 4902 Calidius
3631 4851 3816 4904 Gratia-

2217 4930 2306 4966 nus
2329 4916 2598 4989 appellatur
2615 4951 2629 4976 ,
2653 4915 2774 4989 quia
2786 4920 2980 4989 curator:
3000 4919 3106 4989 erat
3141 4915 3425 4989 ejusanni,
3461 4915 3666 4989 scilicet
3687 4918 3807 4977 3M,

2217 4991 2313 5040 quo
2335 4974 2838 5050 agitqbatur'qua'stio
2863 4975 2928 5024 de
2951 4974 3127 5047 Felice,
3151 4974 3332 5050 accitus
3356 4986 3450 5037 est,
3473 4979 3594 5050 t‘ortne.
3620 4987 3672 5029 ut
3696 4974 3813 5050 iacta

2216 5038 2517 5103 municipalia
2541 5038 2715 5103 superi
2726 5040 2805 5103 .ris
2827 5038 3059 5103 temporis
3080 5039 3443 5103 magistratuum
3465 5040 3730 5103 proferret.

2278 5101 2347 5163 (b)
2364 5100 2538 5149 Censet
2556 5101 2779 5165 Baronius
2797 5100 2924 5165 hanc
2934 5100 3184 5165 epistolam
3199 5101 3261 5165 ad
3274 5100 3559 5165 ΔΡικοιιὶειὶιιιιι
3573 5105 3813 5165 scriptam

2350 5172 2465 5212 ante
2489 5161 2771 5227 Arelatense
2786 5161 3047 5227 concilium
3063 5163 3173 5211 anni
3196 5162 3306 5222 514,
3327 5171 3378 5213 et
3396 5161 3813 5227 lugentium'oon-

2214 5225 2323 5274 cilio
2347 5227 2457 5274 huic
2480 5223 2752 5272 exbibitum
2767 5224 2897 5273 dicit.
2917 5231 3084 5273 Contra
3115 5227 3348 5276 Henricus
3371 5223 3586 5275 Milesius
3601 5228 3813 5278 atlirutat

2213 5288 2372 5336 datam
2397 5284 2648 5349 epistolam
2683 5285 2929 5336 consulatu
2968 5287 3258 5336 Constantini
3283 5295 3335 5337 et
3365 5289 3520 5338 licinii
3545 5295 3596 5336 IV
3613 5323 3628 5347 ,
3654 5290 3703 5337 id
3730 5295 3814 5340 est

2213 5362 2338 5399 anno
2359 5350 2467 5413 515,
2485 5361 2582 5411 quo
2598 5361 2725 5398 anno
2747 5349 3317 5413 PetroniumProbianum
3335 5349 3666 5413 proconsulem
3687 5353 3811 5400 Afri-

2213 5425 2283 5461 ca:
2306 5412 2456 5462 fuisse
2478 5409 2680 5474 obiistat,
2704 5424 2813 5474 cum
2838 5423 2900 5458 ex
2923 5409 3091 5474 Codice
3109 5411 3288 5474 'l‘beod.
3309 5409 3358 5460 in
3381 5413 3454 5463 tit.
3479 5412 3544 5474 de
3563 5413 3807 5474 Appelht.

2215 5481 2313 5523 tum
2339 5488 2401 5524 ex
2428 5488 2489 5545 e_o
2503 5472 2637 5545 quod
2657 5471 2993 5545 ἑειξιίιιιιιιεηιιιιὶ
3019 5473 3126 5545 ejus
3155 5473 3484 5545 praedecessqr
3507 5473 3585 5545 liic
3598 5471 3808 5545 dicitur,

2213 5535 2596 5598 proconsulatum
2620 5535 2783 5598 Africge
2801 5535 3086 5585 sustinuerit
3106 5535 3357 5587 consulatu
3380 5536 3616 5586 Volusiani
3641 5544 3695 5587 et
3716 5535 3810 5598 Ag;

2211 5593 2358 5658 niani,
2384 5598 2429 5647 id
2453 5605 2532 5649 est
2564 5610 2643 5646 an.
2667 5596 2776 5646 514.
2804 5602 2857 5644 Al.
2877 5609 2975 5658 quo
2991 5609 3167 5662 mense
3205 5598 3589 5662 proconsuhtum
3621 5593 3810 5651 adieﬁt

2213 5662 2485 5720 Probianus,
2504 5668 2554 5710 et
2569 5667 2729 5710 utrum
2747 5672 2840 5707 non
2855 5664 2971 5708 ante
2989 5659 3176 5712 initium
3189 5659 3267 5711 an.
3286 5663 3396 5722 515,
3413 5662 3610 5711 minime
3631 5669 3809 5712 osten-

2209 5723 2280 5772 dit
2304 5723 2532 5772 valesius.
2552 5730 2693 5771 Porro
2710 5727 2871 5770 exstat
2890 5724 3182 5773 Constantini
3198 5726 3474 5776 constitutio
3487 5723 3553 5774 ad
3570 5722 3806 5782 Probtntt,

2211 5786 2320 5835 data
2345 5788 2364 5834 l
2395 5785 2558 5846 nprilis
2579 5820 2593 5844 ,
2618 5799 2693 5832 an.
2720 5782 2836 5843 5H,
2863 5783 2945 5832 ubi
2977 5785 3260 5838 Godc'ridus
3289 5787 3555 5850 legendum
3583 5787 3809 5850 conjicit,

2211 5849 2274 5897 ad
2299 5846 2604 5897 Probianmu.

2299 5857 2604 5898 Probtanmu.
