  <div class='ocr_page' id='page_1' title='image "/cluster/home/n/w/nwhite01/storage/ocr_20150623/33/hvd.32044015471451/158.png"; bbox 0 0 4032 6334; ppageno 0'>
   <div class='ocr_carea' id='block_1_1' title="bbox 252 397 354 454">
    <p class='ocr_par' dir='ltr' id='par_1_1' title="bbox 252 397 354 454">
     <span class='ocr_line' id='line_1_1' title="bbox 252 397 354 454; baseline -0.02 0"><span class='ocrx_word' id='word_1_1' title='bbox 252 397 354 454; x_wconf 68' lang='lat'><strong>305</strong></span> 
     </span>
    </p>
   </div>
   <div class='ocr_carea' id='block_1_2' title="bbox 253 510 1841 583">
    <p class='ocr_par' dir='ltr' id='par_1_2' title="bbox 253 510 1841 583">
     <span class='ocr_line' id='line_1_2' title="bbox 253 510 1841 583; baseline 0.001 -18"><span class='ocrx_word' id='word_1_2' title='bbox 253 510 565 565; x_wconf 59' lang='lat' dir='ltr'><strong>Marciane</strong></span> <span class='ocrx_word' id='word_1_3' title='bbox 594 511 772 582; x_wconf 80' lang='lat' dir='ltr'><strong>aliqua</strong></span> <span class='ocrx_word' id='word_1_4' title='bbox 796 512 1025 583; x_wconf 77' lang='lat' dir='ltr'><strong>religioni</strong></span> <span class='ocrx_word' id='word_1_5' title='bbox 1052 514 1271 581; x_wconf 74' lang='lat' dir='ltr'><strong>proprire</strong></span> <span class='ocrx_word' id='word_1_6' title='bbox 1297 529 1409 567; x_wconf 86' lang='lat' dir='ltr'><strong>cum</strong></span> <span class='ocrx_word' id='word_1_7' title='bbox 1438 513 1603 567; x_wconf 80' lang='lat' dir='ltr'><strong>debita</strong></span> <span class='ocrx_word' id='word_1_8' title='bbox 1636 530 1841 567; x_wconf 80' lang='lat' dir='ltr'><strong>venera-</strong></span> 
     </span>
    </p>
   </div>
   <div class='ocr_carea' id='block_1_3' title="bbox 253 602 679 657">
    <p class='ocr_par' dir='ltr' id='par_1_3' title="bbox 253 602 679 657">
     <span class='ocr_line' id='line_1_3' title="bbox 253 602 679 657; baseline -0.002 0"><span class='ocrx_word' id='word_1_9' title='bbox 253 606 381 657; x_wconf 84' lang='lat' dir='ltr'><strong>tione</strong></span> <span class='ocrx_word' id='word_1_10' title='bbox 405 602 679 656; x_wconf 74' lang='lat' dir='ltr'><strong>deserviat.</strong></span> 
     </span>
    </p>
   </div>
   <div class='ocr_carea' id='block_1_4' title="bbox 318 694 1841 767">
    <p class='ocr_par' dir='ltr' id='par_1_4' title="bbox 318 694 1841 767">
     <span class='ocr_line' id='line_1_4' title="bbox 318 694 1841 767; baseline 0.003 -18"><span class='ocrx_word' id='word_1_11' title='bbox 318 695 370 749; x_wconf 85' lang='lat'><strong>5.</strong></span> <span class='ocrx_word' id='word_1_12' title='bbox 412 694 543 750; x_wconf 57' lang='lat' dir='ltr'><strong>Haec</strong></span> <span class='ocrx_word' id='word_1_13' title='bbox 589 710 715 748; x_wconf 92' lang='lat' dir='ltr'><strong>cum</strong></span> <span class='ocrx_word' id='word_1_14' title='bbox 753 694 931 749; x_wconf 84' lang='lat' dir='ltr'><strong>videas</strong></span> <span class='ocrx_word' id='word_1_15' title='bbox 970 696 1037 749; x_wconf 90' lang='lat' dir='ltr'><strong>ita</strong></span> <span class='ocrx_word' id='word_1_16' title='bbox 1077 710 1134 749; x_wconf 88' lang='lat' dir='ltr'><strong>se</strong></span> <span class='ocrx_word' id='word_1_17' title='bbox 1172 695 1397 761; x_wconf 81' lang='lat' dir='ltr'><strong>habere,</strong></span> <span class='ocrx_word' id='word_1_18' title='bbox 1428 698 1553 767; x_wconf 89' lang='lat' dir='ltr'><strong>quid</strong></span> <span class='ocrx_word' id='word_1_19' title='bbox 1592 706 1671 753; x_wconf 88' lang='lat' dir='ltr'><strong>est</strong></span> <span class='ocrx_word' id='word_1_20' title='bbox 1699 698 1841 767; x_wconf 91' lang='lat' dir='ltr'><strong>quod</strong></span> 
     </span>
    </p>
   </div>
   <div class='ocr_carea' id='block_1_5' title="bbox 249 784 1841 857">
    <p class='ocr_par' dir='ltr' id='par_1_5' title="bbox 249 784 1841 857">
     <span class='ocr_line' id='line_1_5' title="bbox 249 784 1841 857; baseline 0.001 -15"><span class='ocrx_word' id='word_1_21' title='bbox 249 785 398 842; x_wconf 87' lang='lat' dir='ltr'><strong>nobis</strong></span> <span class='ocrx_word' id='word_1_22' title='bbox 433 784 504 841; x_wconf 91' lang='lat' dir='ltr'><strong>de</strong></span> <span class='ocrx_word' id='word_1_23' title='bbox 533 786 918 856; x_wconf 78' lang='lat' dir='ltr'><strong>imperatorum</strong></span> <span class='ocrx_word' id='word_1_24' title='bbox 960 786 1307 856; x_wconf 88' lang='lat' dir='ltr'><strong>jussionibus,</strong></span> <span class='ocrx_word' id='word_1_25' title='bbox 1359 804 1478 857; x_wconf 59' lang='lat' dir='ltr'><strong>quae</strong></span> <span class='ocrx_word' id='word_1_26' title='bbox 1523 799 1706 843; x_wconf 91' lang='lat' dir='ltr'><strong>contra</strong></span> <span class='ocrx_word' id='word_1_27' title='bbox 1745 804 1841 844; x_wconf 91' lang='lat' dir='ltr'><strong>vos</strong></span> 
     </span>
    </p>
   </div>
   <div class='ocr_carea' id='block_1_6' title="bbox 246 878 1839 946">
    <p class='ocr_par' dir='ltr' id='par_1_6' title="bbox 246 878 1839 946">
     <span class='ocr_line' id='line_1_6' title="bbox 246 878 1839 946; baseline 0.002 -13"><span class='ocrx_word' id='word_1_28' title='bbox 246 879 672 946; x_wconf 88' lang='lat' dir='ltr'><strong>constituuntur,</strong></span> <span class='ocrx_word' id='word_1_29' title='bbox 714 878 962 933; x_wconf 79' lang='lat' dir='ltr'><strong>invidiam</strong></span> <span class='ocrx_word' id='word_1_30' title='bbox 1009 880 1307 945; x_wconf 82' lang='lat' dir='ltr'><strong>concitatis.</strong></span> <span class='ocrx_word' id='word_1_31' title='bbox 1357 896 1475 935; x_wconf 90' lang='lat' dir='ltr'><strong>cum</strong></span> <span class='ocrx_word' id='word_1_32' title='bbox 1520 881 1623 936; x_wconf 90' lang='lat' dir='ltr'><strong>hoc</strong></span> <span class='ocrx_word' id='word_1_33' title='bbox 1671 890 1839 937; x_wconf 91' lang='lat' dir='ltr'><strong>totum</strong></span> 
     </span>
    </p>
   </div>
   <div class='ocr_carea' id='block_1_7' title="bbox 246 970 1840 1039">
    <p class='ocr_par' dir='ltr' id='par_1_7' title="bbox 246 970 1840 1039">
     <span class='ocr_line' id='line_1_7' title="bbox 246 970 1840 1039; baseline 0.003 -16"><span class='ocrx_word' id='word_1_34' title='bbox 246 985 339 1024; x_wconf 87' lang='lat' dir='ltr'><strong>vos</strong></span> <span class='ocrx_word' id='word_1_35' title='bbox 388 971 569 1039; x_wconf 90' lang='lat' dir='ltr'><strong>potius</strong></span> <span class='ocrx_word' id='word_1_36' title='bbox 619 980 777 1024; x_wconf 89' lang='lat' dir='ltr'><strong>antea</strong></span> <span class='ocrx_word' id='word_1_37' title='bbox 815 970 1085 1025; x_wconf 79' lang='lat' dir='ltr'><strong>feceritis?</strong></span> <span class='ocrx_word' id='word_1_38' title='bbox 1134 971 1188 1026; x_wconf 88' lang='lat' dir='ltr'><strong>Si</strong></span> <span class='ocrx_word' id='word_1_39' title='bbox 1246 970 1377 1025; x_wconf 87' lang='lat' dir='ltr'><strong>nihil</strong></span> <span class='ocrx_word' id='word_1_40' title='bbox 1435 972 1630 1027; x_wconf 90' lang='lat' dir='ltr'><strong>debent</strong></span> <span class='ocrx_word' id='word_1_41' title='bbox 1668 974 1718 1026; x_wconf 93' lang='lat' dir='ltr'><strong>in</strong></span> <span class='ocrx_word' id='word_1_42' title='bbox 1758 973 1840 1027; x_wconf 87' lang='lat' dir='ltr'><strong>bis</strong></span> 
     </span>
    </p>
   </div>
   <div class='ocr_carea' id='block_1_8' title="bbox 245 1062 1837 1133">
    <p class='ocr_par' dir='ltr' id='par_1_8' title="bbox 245 1062 1837 1133">
     <span class='ocr_line' id='line_1_8' title="bbox 245 1062 1837 1133; baseline 0.002 -16"><span class='ocrx_word' id='word_1_43' title='bbox 245 1063 419 1117; x_wconf 83' lang='lat' dir='ltr'><strong>causis</strong></span> <span class='ocrx_word' id='word_1_44' title='bbox 446 1063 806 1131; x_wconf 73' lang='lat' dir='ltr'><strong>imperatores</strong></span> <span class='ocrx_word' id='word_1_45' title='bbox 826 1062 1033 1131; x_wconf 85' lang='lat' dir='ltr'><strong>jubere,</strong></span> <span class='ocrx_word' id='word_1_46' title='bbox 1057 1063 1102 1117; x_wconf 88' lang='lat' dir='ltr'><strong>si</strong></span> <span class='ocrx_word' id='word_1_47' title='bbox 1123 1064 1188 1117; x_wconf 93' lang='lat' dir='ltr'><strong>ad</strong></span> <span class='ocrx_word' id='word_1_48' title='bbox 1220 1063 1567 1133; x_wconf 88' lang='lat' dir='ltr'><strong>imperatores</strong></span> <span class='ocrx_word' id='word_1_49' title='bbox 1589 1064 1837 1120; x_wconf 85' lang='lat' dir='ltr'><strong>christia-</strong></span> 
     </span>
    </p>
   </div>
   <div class='ocr_carea' id='block_1_9' title="bbox 246 1156 1839 1227">
    <p class='ocr_par' dir='ltr' id='par_1_9' title="bbox 246 1156 1839 1227">
     <span class='ocr_line' id='line_1_9' title="bbox 246 1156 1839 1227; baseline 0 -15"><span class='ocrx_word' id='word_1_50' title='bbox 246 1172 338 1212; x_wconf 87' lang='lat' dir='ltr'><strong>nos</strong></span> <span class='ocrx_word' id='word_1_51' title='bbox 368 1156 485 1210; x_wconf 63' lang='lat' dir='ltr'><strong>haac</strong></span> <span class='ocrx_word' id='word_1_52' title='bbox 519 1171 651 1211; x_wconf 87' lang='lat' dir='ltr'><strong>cura</strong></span> <span class='ocrx_word' id='word_1_53' title='bbox 680 1157 944 1225; x_wconf 66' lang='lat' dir='ltr'><strong>[ertinere</strong></span> <span class='ocrx_word' id='word_1_54' title='bbox 974 1172 1075 1211; x_wconf 89' lang='lat' dir='ltr'><strong>non</strong></span> <span class='ocrx_word' id='word_1_55' title='bbox 1107 1156 1284 1217; x_wconf 87' lang='lat' dir='ltr'><strong>debet,</strong></span> <span class='ocrx_word' id='word_1_56' title='bbox 1328 1157 1444 1227; x_wconf 86' lang='lat' dir='ltr'><strong>quis</strong></span> <span class='ocrx_word' id='word_1_57' title='bbox 1476 1158 1695 1227; x_wconf 83' lang='lat' dir='ltr'><strong>urgebat</strong></span> <span class='ocrx_word' id='word_1_58' title='bbox 1724 1174 1839 1212; x_wconf 86' lang='lat' dir='ltr'><strong>ma-</strong></span> 
     </span>
    </p>
   </div>
   <div class='ocr_carea' id='block_1_10' title="bbox 240 1247 1841 1319">
    <p class='ocr_par' dir='ltr' id='par_1_10' title="bbox 240 1247 1841 1319">
     <span class='ocr_line' id='line_1_10' title="bbox 240 1247 1841 1319; baseline 0.001 -17"><span class='ocrx_word' id='word_1_59' title='bbox 240 1250 385 1317; x_wconf 88' lang='lat' dir='ltr'><strong>jores</strong></span> <span class='ocrx_word' id='word_1_60' title='bbox 428 1257 643 1303; x_wconf 87' lang='lat' dir='ltr'><strong>vestros</strong></span> <span class='ocrx_word' id='word_1_61' title='bbox 688 1263 905 1303; x_wconf 83' lang='lat' dir='ltr'><strong>causam</strong></span> <span class='ocrx_word' id='word_1_62' title='bbox 952 1247 1219 1302; x_wconf 75' lang='lat' dir='ltr'><strong>Caeciliani</strong></span> <span class='ocrx_word' id='word_1_63' title='bbox 1247 1248 1313 1303; x_wconf 92' lang='lat' dir='ltr'><strong>ad</strong></span> <span class='ocrx_word' id='word_1_64' title='bbox 1340 1249 1713 1319; x_wconf 90' lang='lat' dir='ltr'><strong>imperatorem</strong></span> <span class='ocrx_word' id='word_1_65' title='bbox 1747 1266 1841 1319; x_wconf 89' lang='lat' dir='ltr'><strong>per</strong></span> 
     </span>
    </p>
   </div>
   <div class='ocr_carea' id='block_1_11' title="bbox 246 1339 1838 1411">
    <p class='ocr_par' dir='ltr' id='par_1_11' title="bbox 246 1339 1838 1411">
     <span class='ocr_line' id='line_1_11' title="bbox 246 1339 1838 1411; baseline 0.002 -18"><span class='ocrx_word' id='word_1_66' title='bbox 246 1339 627 1411; x_wconf 86' lang='lat' dir='ltr'><strong>proconsulem</strong></span> <span class='ocrx_word' id='word_1_67' title='bbox 684 1341 936 1405; x_wconf 86' lang='lat' dir='ltr'><strong>mittere,</strong></span> <span class='ocrx_word' id='word_1_68' title='bbox 986 1348 1041 1394; x_wconf 89' lang='lat' dir='ltr'><strong>et</strong></span> <span class='ocrx_word' id='word_1_69' title='bbox 1082 1342 1386 1409; x_wconf 84' lang='lat' dir='ltr'><strong>episcopum</strong></span> <span class='ocrx_word' id='word_1_70' title='bbox 1440 1351 1625 1396; x_wconf 88' lang='lat' dir='ltr'><strong>contra</strong></span> <span class='ocrx_word' id='word_1_71' title='bbox 1678 1357 1838 1411; x_wconf 89' lang='lat' dir='ltr'><strong>quem</strong></span> 
     </span>
    </p>
   </div>
   <div class='ocr_carea' id='block_1_12' title="bbox 246 1431 1842 1503">
    <p class='ocr_par' dir='ltr' id='par_1_12' title="bbox 246 1431 1842 1503">
     <span class='ocr_line' id='line_1_12' title="bbox 246 1431 1842 1503; baseline 0.002 -18"><span class='ocrx_word' id='word_1_72' title='bbox 246 1432 522 1486; x_wconf 81' lang='lat' dir='ltr'><strong>absentem</strong></span> <span class='ocrx_word' id='word_1_73' title='bbox 546 1431 660 1500; x_wconf 83' lang='lat' dir='ltr'><strong>jam</strong></span> <span class='ocrx_word' id='word_1_74' title='bbox 695 1433 984 1488; x_wconf 77' lang='lat' dir='ltr'><strong>sententias</strong></span> <span class='ocrx_word' id='word_1_75' title='bbox 1014 1448 1227 1503; x_wconf 90' lang='lat' dir='ltr'><strong>quoquo</strong></span> <span class='ocrx_word' id='word_1_76' title='bbox 1251 1434 1410 1488; x_wconf 87' lang='lat' dir='ltr'><strong>modo</strong></span> <span class='ocrx_word' id='word_1_77' title='bbox 1439 1435 1709 1498; x_wconf 86' lang='lat' dir='ltr'><strong>dixeratis,</strong></span> <span class='ocrx_word' id='word_1_78' title='bbox 1746 1434 1842 1489; x_wconf 89' lang='lat' dir='ltr'><strong>ite-</strong></span> 
     </span>
    </p>
   </div>
   <div class='ocr_carea' id='block_1_13' title="bbox 244 1524 1840 1597">
    <p class='ocr_par' dir='ltr' id='par_1_13' title="bbox 244 1524 1840 1597">
     <span class='ocr_line' id='line_1_13' title="bbox 244 1524 1840 1597; baseline 0.003 -19"><span class='ocrx_word' id='word_1_79' title='bbox 244 1541 354 1578; x_wconf 90' lang='lat' dir='ltr'><strong>rum</strong></span> <span class='ocrx_word' id='word_1_80' title='bbox 380 1524 526 1593; x_wconf 89' lang='lat' dir='ltr'><strong>apud</strong></span> <span class='ocrx_word' id='word_1_81' title='bbox 555 1524 933 1593; x_wconf 86' lang='lat' dir='ltr'><strong>imperatorem</strong></span> <span class='ocrx_word' id='word_1_82' title='bbox 962 1541 1213 1581; x_wconf 88' lang='lat' dir='ltr'><strong>accusare</strong></span> <span class='ocrx_word' id='word_1_83' title='bbox 1236 1570 1250 1592; x_wconf 92' lang='lat'><strong>,</strong></span> <span class='ocrx_word' id='word_1_84' title='bbox 1280 1542 1385 1595; x_wconf 90' lang='lat' dir='ltr'><strong>quo</strong></span> <span class='ocrx_word' id='word_1_85' title='bbox 1416 1528 1696 1581; x_wconf 89' lang='lat' dir='ltr'><strong>innocente</strong></span> <span class='ocrx_word' id='word_1_86' title='bbox 1718 1542 1840 1597; x_wconf 81' lang='lat' dir='ltr'><strong>pro-</strong></span> 
     </span>
    </p>
   </div>
   <div class='ocr_carea' id='block_1_14' title="bbox 244 1617 1836 1687">
    <p class='ocr_par' dir='ltr' id='par_1_14' title="bbox 244 1617 1836 1687">
     <span class='ocr_line' id='line_1_14' title="bbox 244 1617 1836 1687; baseline 0.002 -16"><span class='ocrx_word' id='word_1_87' title='bbox 244 1618 505 1681; x_wconf 78' lang='lat' dir='ltr'><strong>nuntiato,</strong></span> <span class='ocrx_word' id='word_1_88' title='bbox 545 1617 839 1671; x_wconf 86' lang='lat' dir='ltr'><strong>ordinatori</strong></span> <span class='ocrx_word' id='word_1_89' title='bbox 882 1618 997 1687; x_wconf 90' lang='lat' dir='ltr'><strong>ejus</strong></span> <span class='ocrx_word' id='word_1_90' title='bbox 1034 1617 1194 1673; x_wconf 87' lang='lat' dir='ltr'><strong>Felici</strong></span> <span class='ocrx_word' id='word_1_91' title='bbox 1241 1618 1373 1673; x_wconf 85' lang='lat' dir='ltr'><strong>alias</strong></span> <span class='ocrx_word' id='word_1_92' title='bbox 1408 1619 1545 1685; x_wconf 84' lang='lat' dir='ltr'><strong>apud</strong></span> <span class='ocrx_word' id='word_1_93' title='bbox 1592 1620 1836 1674; x_wconf 89' lang='lat' dir='ltr'><strong>eumdem</strong></span> 
     </span>
    </p>
   </div>
   <div class='ocr_carea' id='block_1_15' title="bbox 245 1709 1837 1780">
    <p class='ocr_par' dir='ltr' id='par_1_15' title="bbox 245 1709 1837 1780">
     <span class='ocr_line' id='line_1_15' title="bbox 245 1709 1837 1780; baseline 0.003 -19"><span class='ocrx_word' id='word_1_94' title='bbox 245 1709 628 1777; x_wconf 84' lang='lat' dir='ltr'><strong>imperatorem</strong></span> <span class='ocrx_word' id='word_1_95' title='bbox 683 1709 978 1764; x_wconf 78' lang='lat' dir='ltr'><strong>calumnias</strong></span> <span class='ocrx_word' id='word_1_96' title='bbox 1027 1709 1360 1763; x_wconf 86' lang='lat' dir='ltr'><strong>machinari?</strong></span> <span class='ocrx_word' id='word_1_97' title='bbox 1410 1710 1477 1763; x_wconf 86' lang='lat' dir='ltr'><strong>Et</strong></span> <span class='ocrx_word' id='word_1_98' title='bbox 1527 1726 1665 1765; x_wconf 91' lang='lat' dir='ltr'><strong>nunc</strong></span> <span class='ocrx_word' id='word_1_99' title='bbox 1710 1711 1837 1780; x_wconf 90' lang='lat' dir='ltr'><strong>quid</strong></span> 
     </span>
    </p>
   </div>
   <div class='ocr_carea' id='block_1_16' title="bbox 244 1799 1837 1870">
    <p class='ocr_par' dir='ltr' id='par_1_16' title="bbox 244 1799 1837 1870">
     <span class='ocr_line' id='line_1_16' title="bbox 244 1799 1837 1870; baseline 0.003 -19"><span class='ocrx_word' id='word_1_100' title='bbox 244 1799 377 1853; x_wconf 84' lang='lat' dir='ltr'><strong>aliud</strong></span> <span class='ocrx_word' id='word_1_101' title='bbox 402 1815 568 1870; x_wconf 87' lang='lat' dir='ltr'><strong>quam</strong></span> <span class='ocrx_word' id='word_1_102' title='bbox 597 1800 765 1869; x_wconf 87' lang='lat' dir='ltr'><strong>ipsius</strong></span> <span class='ocrx_word' id='word_1_103' title='bbox 792 1800 1007 1869; x_wconf 86' lang='lat' dir='ltr'><strong>majoris</strong></span> <span class='ocrx_word' id='word_1_104' title='bbox 1021 1800 1351 1855; x_wconf 86' lang='lat' dir='ltr'><strong>Constantini</strong></span> <span class='ocrx_word' id='word_1_105' title='bbox 1372 1801 1629 1870; x_wconf 87' lang='lat' dir='ltr'><strong>judicium</strong></span> <span class='ocrx_word' id='word_1_106' title='bbox 1652 1811 1837 1858; x_wconf 89' lang='lat' dir='ltr'><strong>contra</strong></span> 
     </span>
    </p>
   </div>
   <div class='ocr_carea' id='block_1_17' title="bbox 242 1892 1834 1965">
    <p class='ocr_par' dir='ltr' id='par_1_17' title="bbox 242 1892 1834 1965">
     <span class='ocr_line' id='line_1_17' title="bbox 242 1892 1834 1965; baseline 0.004 -21"><span class='ocrx_word' id='word_1_107' title='bbox 242 1902 474 1945; x_wconf 80' lang='lat' dir='ltr'><strong>vestram</strong></span> <span class='ocrx_word' id='word_1_108' title='bbox 510 1902 716 1959; x_wconf 81' lang='lat' dir='ltr'><strong>partem</strong></span> <span class='ocrx_word' id='word_1_109' title='bbox 746 1892 893 1953; x_wconf 85' lang='lat' dir='ltr'><strong>vivit.</strong></span> <span class='ocrx_word' id='word_1_110' title='bbox 920 1894 1060 1961; x_wconf 88' lang='lat' dir='ltr'><strong>quod</strong></span> <span class='ocrx_word' id='word_1_111' title='bbox 1092 1893 1320 1962; x_wconf 84' lang='lat' dir='ltr'><strong>majores</strong></span> <span class='ocrx_word' id='word_1_112' title='bbox 1347 1895 1505 1947; x_wconf 85' lang='lat' dir='ltr'><strong>vestri</strong></span> <span class='ocrx_word' id='word_1_113' title='bbox 1535 1895 1834 1965; x_wconf 87' lang='lat' dir='ltr'><strong>elegerunt,</strong></span> 
     </span>
    </p>
   </div>
   <div class='ocr_carea' id='block_1_18' title="bbox 244 1982 1835 2066">
    <p class='ocr_par' dir='ltr' id='par_1_18' title="bbox 244 1982 1835 2066">
     <span class='ocr_line' id='line_1_18' title="bbox 244 1982 1835 2066; baseline 0.003 -30"><span class='ocrx_word' id='word_1_114' title='bbox 244 1982 376 2053; x_wconf 91' lang='lat' dir='ltr'><strong>quod</strong></span> <span class='ocrx_word' id='word_1_115' title='bbox 425 1983 662 2037; x_wconf 77' lang='lat' dir='ltr'><strong>assiduis</strong></span> <span class='ocrx_word' id='word_1_116' title='bbox 715 1984 1224 2052; x_wconf 79' lang='lat' dir='ltr'><strong>interpellationibus</strong></span> <span class='ocrx_word' id='word_1_117' title='bbox 1277 1993 1652 2066; x_wconf 60' lang='lat' dir='ltr'><strong>cqorserunt,</strong></span> <span class='ocrx_word' id='word_1_118' title='bbox 1697 1985 1835 2056; x_wconf 91' lang='lat' dir='ltr'><strong>quod</strong></span> 
     </span>
    </p>
   </div>
   <div class='ocr_carea' id='block_1_19' title="bbox 243 2075 1838 2147">
    <p class='ocr_par' dir='ltr' id='par_1_19' title="bbox 243 2075 1838 2147">
     <span class='ocr_line' id='line_1_19' title="bbox 243 2075 1838 2147; baseline 0.001 -17"><span class='ocrx_word' id='word_1_119' title='bbox 243 2076 536 2145; x_wconf 83' lang='lat' dir='ltr'><strong>episcopali</strong></span> <span class='ocrx_word' id='word_1_120' title='bbox 584 2076 784 2145; x_wconf 90' lang='lat' dir='ltr'><strong>judicio</strong></span> <span class='ocrx_word' id='word_1_121' title='bbox 825 2075 1205 2145; x_wconf 70' lang='lat' dir='ltr'><strong>prmtulerunt?</strong></span> <span class='ocrx_word' id='word_1_122' title='bbox 1248 2075 1302 2130; x_wconf 90' lang='lat' dir='ltr'><strong>Si</strong></span> <span class='ocrx_word' id='word_1_123' title='bbox 1346 2076 1625 2145; x_wconf 86' lang='lat' dir='ltr'><strong>displicent</strong></span> <span class='ocrx_word' id='word_1_124' title='bbox 1670 2078 1838 2147; x_wconf 90' lang='lat' dir='ltr'><strong>impe-</strong></span> 
     </span>
    </p>
   </div>
   <div class='ocr_carea' id='block_1_20' title="bbox 242 2167 1836 2238">
    <p class='ocr_par' dir='ltr' id='par_1_20' title="bbox 242 2167 1836 2238">
     <span class='ocr_line' id='line_1_20' title="bbox 242 2167 1836 2238; baseline 0.001 -15"><span class='ocrx_word' id='word_1_125' title='bbox 242 2168 391 2223; x_wconf 72' lang='lat' dir='ltr'><strong>rialia</strong></span> <span class='ocrx_word' id='word_1_126' title='bbox 433 2167 675 2237; x_wconf 90' lang='lat' dir='ltr'><strong>judicia;</strong></span> <span class='ocrx_word' id='word_1_127' title='bbox 712 2168 801 2238; x_wconf 91' lang='lat' dir='ltr'><strong>qui</strong></span> <span class='ocrx_word' id='word_1_128' title='bbox 846 2169 1087 2237; x_wconf 88' lang='lat' dir='ltr'><strong>primitus</strong></span> <span class='ocrx_word' id='word_1_129' title='bbox 1128 2169 1475 2236; x_wconf 84' lang='lat' dir='ltr'><strong>imperatores</strong></span> <span class='ocrx_word' id='word_1_130' title='bbox 1503 2168 1570 2223; x_wconf 91' lang='lat' dir='ltr'><strong>ad</strong></span> <span class='ocrx_word' id='word_1_131' title='bbox 1600 2184 1659 2223; x_wconf 90' lang='lat' dir='ltr'><strong>ea</strong></span> <span class='ocrx_word' id='word_1_132' title='bbox 1686 2170 1836 2226; x_wconf 85' lang='lat' dir='ltr'><strong>vobis</strong></span> 
     </span>
    </p>
   </div>
   <div class='ocr_carea' id='block_1_21' title="bbox 240 2259 1837 2330">
    <p class='ocr_par' dir='ltr' id='par_1_21' title="bbox 240 2259 1837 2330">
     <span class='ocr_line' id='line_1_21' title="bbox 240 2259 1837 2330; baseline 0.001 -15"><span class='ocrx_word' id='word_1_133' title='bbox 240 2260 525 2315; x_wconf 78' lang='lat' dir='ltr'><strong>excitanda</strong></span> <span class='ocrx_word' id='word_1_134' title='bbox 553 2259 887 2330; x_wconf 87' lang='lat' dir='ltr'><strong>coegerunt?</strong></span> <span class='ocrx_word' id='word_1_135' title='bbox 930 2260 1017 2315; x_wconf 90' lang='lat' dir='ltr'><strong>Sic</strong></span> <span class='ocrx_word' id='word_1_136' title='bbox 1054 2261 1196 2315; x_wconf 88' lang='lat' dir='ltr'><strong>enim</strong></span> <span class='ocrx_word' id='word_1_137' title='bbox 1234 2259 1392 2315; x_wconf 90' lang='lat' dir='ltr'><strong>modo</strong></span> <span class='ocrx_word' id='word_1_138' title='bbox 1428 2269 1609 2315; x_wconf 89' lang='lat' dir='ltr'><strong>contra</strong></span> <span class='ocrx_word' id='word_1_139' title='bbox 1640 2260 1837 2317; x_wconf 81' lang='lat' dir='ltr'><strong>Catho-</strong></span> 
     </span>
    </p>
   </div>
   <div class='ocr_carea' id='block_1_22' title="bbox 241 2353 1835 2424">
    <p class='ocr_par' dir='ltr' id='par_1_22' title="bbox 241 2353 1835 2424">
     <span class='ocr_line' id='line_1_22' title="bbox 241 2353 1835 2424; baseline 0.002 -17"><span class='ocrx_word' id='word_1_140' title='bbox 241 2354 395 2408; x_wconf 86' lang='lat' dir='ltr'><strong>licam</strong></span> <span class='ocrx_word' id='word_1_141' title='bbox 443 2353 708 2414; x_wconf 85' lang='lat' dir='ltr'><strong>clamatis,</strong></span> <span class='ocrx_word' id='word_1_142' title='bbox 746 2355 797 2408; x_wconf 92' lang='lat' dir='ltr'><strong>in</strong></span> <span class='ocrx_word' id='word_1_143' title='bbox 830 2353 912 2407; x_wconf 92' lang='lat' dir='ltr'><strong>his</strong></span> <span class='ocrx_word' id='word_1_144' title='bbox 941 2369 1057 2423; x_wconf 60' lang='lat' dir='ltr'><strong>quae</strong></span> <span class='ocrx_word' id='word_1_145' title='bbox 1086 2361 1270 2408; x_wconf 89' lang='lat' dir='ltr'><strong>contra</strong></span> <span class='ocrx_word' id='word_1_146' title='bbox 1296 2369 1389 2408; x_wconf 89' lang='lat' dir='ltr'><strong>vos</strong></span> <span class='ocrx_word' id='word_1_147' title='bbox 1414 2354 1481 2407; x_wconf 92' lang='lat' dir='ltr'><strong>ab</strong></span> <span class='ocrx_word' id='word_1_148' title='bbox 1503 2355 1835 2424; x_wconf 86' lang='lat' dir='ltr'><strong>imperatori-</strong></span> 
     </span>
    </p>
   </div>
   <div class='ocr_carea' id='block_1_23' title="bbox 242 2444 1832 2516">
    <p class='ocr_par' dir='ltr' id='par_1_23' title="bbox 242 2444 1832 2516">
     <span class='ocr_line' id='line_1_23' title="bbox 242 2444 1832 2516; baseline 0.002 -17"><span class='ocrx_word' id='word_1_149' title='bbox 242 2446 334 2500; x_wconf 88' lang='lat' dir='ltr'><strong>bus</strong></span> <span class='ocrx_word' id='word_1_150' title='bbox 370 2445 763 2511; x_wconf 85' lang='lat' dir='ltr'><strong>decernuntur,</strong></span> <span class='ocrx_word' id='word_1_151' title='bbox 788 2446 1231 2516; x_wconf 89' lang='lat' dir='ltr'><strong>quemadmodum</strong></span> <span class='ocrx_word' id='word_1_152' title='bbox 1274 2444 1318 2499; x_wconf 89' lang='lat' dir='ltr'><strong>si</strong></span> <span class='ocrx_word' id='word_1_153' title='bbox 1357 2446 1555 2501; x_wconf 80' lang='lat' dir='ltr'><strong>vellent</strong></span> <span class='ocrx_word' id='word_1_154' title='bbox 1580 2446 1832 2503; x_wconf 85' lang='lat' dir='ltr'><strong>adversus</strong></span> 
     </span>
    </p>
   </div>
   <div class='ocr_carea' id='block_1_24' title="bbox 241 2538 1834 2608">
    <p class='ocr_par' dir='ltr' id='par_1_24' title="bbox 241 2538 1834 2608">
     <span class='ocr_line' id='line_1_24' title="bbox 241 2538 1834 2608; baseline 0.002 -17"><span class='ocrx_word' id='word_1_155' title='bbox 241 2538 517 2592; x_wconf 82' lang='lat' dir='ltr'><strong>Danielem</strong></span> <span class='ocrx_word' id='word_1_156' title='bbox 550 2538 804 2604; x_wconf 88' lang='lat' dir='ltr'><strong>clamare,</strong></span> <span class='ocrx_word' id='word_1_157' title='bbox 834 2538 922 2608; x_wconf 87' lang='lat' dir='ltr'><strong>qui</strong></span> <span class='ocrx_word' id='word_1_158' title='bbox 967 2538 1191 2593; x_wconf 87' lang='lat' dir='ltr'><strong>liberato</strong></span> <span class='ocrx_word' id='word_1_159' title='bbox 1233 2538 1322 2592; x_wconf 91' lang='lat' dir='ltr'><strong>illo</strong></span> <span class='ocrx_word' id='word_1_160' title='bbox 1358 2538 1562 2593; x_wconf 88' lang='lat' dir='ltr'><strong>eisdem</strong></span> <span class='ocrx_word' id='word_1_161' title='bbox 1590 2538 1834 2594; x_wconf 85' lang='lat' dir='ltr'><strong>leonibus</strong></span> 
     </span>
    </p>
   </div>
   <div class='ocr_carea' id='block_1_25' title="bbox 239 2630 1833 2701">
    <p class='ocr_par' dir='ltr' id='par_1_25' title="bbox 239 2630 1833 2701">
     <span class='ocr_line' id='line_1_25' title="bbox 239 2630 1833 2701; baseline 0.001 -16"><span class='ocrx_word' id='word_1_162' title='bbox 239 2630 593 2685; x_wconf 86' lang='lat' dir='ltr'><strong>consumendi</strong></span> <span class='ocrx_word' id='word_1_163' title='bbox 636 2631 783 2685; x_wconf 88' lang='lat' dir='ltr'><strong>missi</strong></span> <span class='ocrx_word' id='word_1_164' title='bbox 826 2640 969 2697; x_wconf 88' lang='lat' dir='ltr'><strong>sunt,</strong></span> <span class='ocrx_word' id='word_1_165' title='bbox 1017 2646 1045 2684; x_wconf 92' lang='lat' dir='ltr'><strong>a</strong></span> <span class='ocrx_word' id='word_1_166' title='bbox 1080 2630 1271 2700; x_wconf 89' lang='lat' dir='ltr'><strong>quibus</strong></span> <span class='ocrx_word' id='word_1_167' title='bbox 1309 2646 1429 2686; x_wconf 89' lang='lat' dir='ltr'><strong>eum</strong></span> <span class='ocrx_word' id='word_1_168' title='bbox 1464 2632 1561 2699; x_wconf 86' lang='lat' dir='ltr'><strong>ipsi</strong></span> <span class='ocrx_word' id='word_1_169' title='bbox 1589 2631 1833 2701; x_wconf 91' lang='lat' dir='ltr'><strong>primitus</strong></span> 
     </span>
    </p>
   </div>
   <div class='ocr_carea' id='block_1_26' title="bbox 238 2720 1833 2790">
    <p class='ocr_par' dir='ltr' id='par_1_26' title="bbox 238 2720 1833 2790">
     <span class='ocr_line' id='line_1_26' title="bbox 238 2720 1833 2790; baseline 0 -13"><span class='ocrx_word' id='word_1_170' title='bbox 238 2722 479 2777; x_wconf 84' lang='lat' dir='ltr'><strong>consumi</strong></span> <span class='ocrx_word' id='word_1_171' title='bbox 527 2721 813 2776; x_wconf 88' lang='lat' dir='ltr'><strong>voluerunt</strong></span> <span class='ocrx_word' id='word_1_172' title='bbox 845 2740 856 2773; x_wconf 76' lang='grc' dir='ltr'>ε</span> <span class='ocrx_word' id='word_1_173' title='bbox 892 2721 1142 2790; x_wconf 88' lang='lat' dir='ltr'><strong>scriptum</strong></span> <span class='ocrx_word' id='word_1_174' title='bbox 1167 2730 1248 2775; x_wconf 91' lang='lat' dir='ltr'><strong>est</strong></span> <span class='ocrx_word' id='word_1_175' title='bbox 1272 2722 1435 2786; x_wconf 88' lang='lat' dir='ltr'><strong>enim,</strong></span> <span class='ocrx_word' id='word_1_176' title='bbox 1457 2720 1606 2776; x_wconf 80' lang='lat' dir='ltr'><strong>Nihil</strong></span> <span class='ocrx_word' id='word_1_177' title='bbox 1631 2723 1833 2777; x_wconf 75' lang='lat' dir='ltr'><strong>interest</strong></span> 
     </span>
    </p>
   </div>
   <div class='ocr_carea' id='block_1_27' title="bbox 239 2813 1832 2887">
    <p class='ocr_par' dir='ltr' id='par_1_27' title="bbox 239 2813 1832 2887">
     <span class='ocr_line' id='line_1_27' title="bbox 239 2813 1832 2887; baseline 0 -18"><span class='ocrx_word' id='word_1_178' title='bbox 239 2817 359 2869; x_wconf 79' lang='lat' dir='ltr'><strong>inter</strong></span> <span class='ocrx_word' id='word_1_179' title='bbox 385 2818 560 2869; x_wconf 78' lang='lat' dir='ltr'><strong>minas</strong></span> <span class='ocrx_word' id='word_1_180' title='bbox 590 2816 724 2886; x_wconf 74' lang='lat' dir='ltr'><strong>regis</strong></span> <span class='ocrx_word' id='word_1_181' title='bbox 759 2824 805 2869; x_wconf 84' lang='lat' dir='ltr'><strong>et</strong></span> <span class='ocrx_word' id='word_1_182' title='bbox 850 2816 977 2868; x_wconf 88' lang='lat' dir='ltr'><strong>iram</strong></span> <span class='ocrx_word' id='word_1_183' title='bbox 1013 2816 1168 2869; x_wconf 78' lang='lat' dir='ltr'><strong>leonis</strong></span> <span class='ocrx_word' id='word_1_184' title='bbox 1207 2813 1387 2887; x_wconf 78' lang='lat' dir='ltr'><strong>(Prov.</strong></span> <span class='ocrx_word' id='word_1_185' title='bbox 1425 2831 1535 2881; x_wconf 76' lang='lat' dir='ltr'><strong>XIX,</strong></span> <span class='ocrx_word' id='word_1_186' title='bbox 1569 2816 1678 2885; x_wconf 72' lang='lat' dir='ltr'><strong>i2).</strong></span> <span class='ocrx_word' id='word_1_187' title='bbox 1730 2815 1832 2869; x_wconf 86' lang='lat' dir='ltr'><strong>Da-</strong></span> 
     </span>
    </p>
   </div>
   <div class='ocr_carea' id='block_1_28' title="bbox 241 2909 1829 2974">
    <p class='ocr_par' dir='ltr' id='par_1_28' title="bbox 241 2909 1829 2974">
     <span class='ocr_line' id='line_1_28' title="bbox 241 2909 1829 2974; baseline 0.002 -11"><span class='ocrx_word' id='word_1_188' title='bbox 241 2910 425 2965; x_wconf 88' lang='lat' dir='ltr'><strong>nielem</strong></span> <span class='ocrx_word' id='word_1_189' title='bbox 478 2910 798 2965; x_wconf 87' lang='lat' dir='ltr'><strong>calumniosi</strong></span> <span class='ocrx_word' id='word_1_190' title='bbox 850 2910 1045 2974; x_wconf 80' lang='lat' dir='ltr'><strong>inimici</strong></span> <span class='ocrx_word' id='word_1_191' title='bbox 1082 2910 1132 2962; x_wconf 91' lang='lat' dir='ltr'><strong>in</strong></span> <span class='ocrx_word' id='word_1_192' title='bbox 1188 2910 1359 2964; x_wconf 89' lang='lat' dir='ltr'><strong>lacum</strong></span> <span class='ocrx_word' id='word_1_193' title='bbox 1418 2909 1631 2964; x_wconf 90' lang='lat' dir='ltr'><strong>leonum</strong></span> <span class='ocrx_word' id='word_1_194' title='bbox 1693 2910 1829 2966; x_wconf 91' lang='lat' dir='ltr'><strong>mitti</strong></span> 
     </span>
    </p>
   </div>
   <div class='ocr_carea' id='block_1_29' title="bbox 241 3000 1827 3070">
    <p class='ocr_par' dir='ltr' id='par_1_29' title="bbox 241 3000 1827 3070">
     <span class='ocr_line' id='line_1_29' title="bbox 241 3000 1827 3070; baseline 0 -15"><span class='ocrx_word' id='word_1_195' title='bbox 241 3009 532 3070; x_wconf 83' lang='lat' dir='ltr'><strong>coegerunt</strong></span> <span class='ocrx_word' id='word_1_196' title='bbox 581 3019 595 3055; x_wconf 90' lang='lat'><strong>:</strong></span> <span class='ocrx_word' id='word_1_197' title='bbox 636 3000 763 3054; x_wconf 80' lang='lat' dir='ltr'><strong>vicit</strong></span> <span class='ocrx_word' id='word_1_198' title='bbox 805 3001 1105 3055; x_wconf 85' lang='lat' dir='ltr'><strong>innocentia</strong></span> <span class='ocrx_word' id='word_1_199' title='bbox 1139 3001 1254 3069; x_wconf 84' lang='lat' dir='ltr'><strong>ejus</strong></span> <span class='ocrx_word' id='word_1_200' title='bbox 1292 3002 1502 3055; x_wconf 88' lang='lat' dir='ltr'><strong>illorum</strong></span> <span class='ocrx_word' id='word_1_201' title='bbox 1543 3002 1827 3067; x_wconf 83' lang='lat' dir='ltr'><strong>malitiam;</strong></span> 
     </span>
    </p>
   </div>
   <div class='ocr_carea' id='block_1_30' title="bbox 238 3091 1828 3162">
    <p class='ocr_par' dir='ltr' id='par_1_30' title="bbox 238 3091 1828 3162">
     <span class='ocr_line' id='line_1_30' title="bbox 238 3091 1828 3162; baseline 0.001 -17"><span class='ocrx_word' id='word_1_202' title='bbox 238 3091 433 3146; x_wconf 57' lang='lat' dir='ltr'><strong>illaesos</strong></span> <span class='ocrx_word' id='word_1_203' title='bbox 457 3092 586 3145; x_wconf 89' lang='lat' dir='ltr'><strong>inde</strong></span> <span class='ocrx_word' id='word_1_204' title='bbox 612 3092 815 3145; x_wconf 84' lang='lat' dir='ltr'><strong>levatus</strong></span> <span class='ocrx_word' id='word_1_205' title='bbox 838 3101 946 3156; x_wconf 88' lang='lat' dir='ltr'><strong>est;</strong></span> <span class='ocrx_word' id='word_1_206' title='bbox 983 3092 1081 3161; x_wconf 85' lang='lat' dir='ltr'><strong>ipsi</strong></span> <span class='ocrx_word' id='word_1_207' title='bbox 1109 3091 1231 3146; x_wconf 91' lang='lat' dir='ltr'><strong>illuc</strong></span> <span class='ocrx_word' id='word_1_208' title='bbox 1256 3092 1404 3145; x_wconf 87' lang='lat' dir='ltr'><strong>missi</strong></span> <span class='ocrx_word' id='word_1_209' title='bbox 1431 3092 1721 3162; x_wconf 90' lang='lat' dir='ltr'><strong>perierunt.</strong></span> <span class='ocrx_word' id='word_1_210' title='bbox 1742 3092 1828 3147; x_wconf 81' lang='lat' dir='ltr'><strong>Si-</strong></span> 
     </span>
    </p>
   </div>
   <div class='ocr_carea' id='block_1_31' title="bbox 238 3183 1829 3253">
    <p class='ocr_par' dir='ltr' id='par_1_31' title="bbox 238 3183 1829 3253">
     <span class='ocr_line' id='line_1_31' title="bbox 238 3183 1829 3253; baseline 0.002 -16"><span class='ocrx_word' id='word_1_211' title='bbox 238 3184 432 3237; x_wconf 78' lang='lat' dir='ltr'><strong>utiliter</strong></span> <span class='ocrx_word' id='word_1_212' title='bbox 460 3183 696 3253; x_wconf 86' lang='lat' dir='ltr'><strong>majores</strong></span> <span class='ocrx_word' id='word_1_213' title='bbox 735 3184 894 3237; x_wconf 84' lang='lat' dir='ltr'><strong>vestri</strong></span> <span class='ocrx_word' id='word_1_214' title='bbox 936 3183 1274 3239; x_wconf 76' lang='lat' dir='ltr'><strong>Caecilianum</strong></span> <span class='ocrx_word' id='word_1_215' title='bbox 1302 3193 1356 3238; x_wconf 88' lang='lat' dir='ltr'><strong>et</strong></span> <span class='ocrx_word' id='word_1_216' title='bbox 1384 3183 1498 3252; x_wconf 91' lang='lat' dir='ltr'><strong>ejus</strong></span> <span class='ocrx_word' id='word_1_217' title='bbox 1524 3185 1829 3240; x_wconf 89' lang='lat' dir='ltr'><strong>societatem</strong></span> 
     </span>
    </p>
   </div>
   <div class='ocr_carea' id='block_1_32' title="bbox 239 3275 1876 3345">
    <p class='ocr_par' dir='ltr' id='par_1_32' title="bbox 239 3275 1876 3345">
     <span class='ocr_line' id='line_1_32' title="bbox 239 3275 1876 3345; baseline 0.001 -16"><span class='ocrx_word' id='word_1_218' title='bbox 239 3276 398 3345; x_wconf 81' lang='lat' dir='ltr'><strong>regiae</strong></span> <span class='ocrx_word' id='word_1_219' title='bbox 427 3276 525 3330; x_wconf 73' lang='lat' dir='ltr'><strong>irze</strong></span> <span class='ocrx_word' id='word_1_220' title='bbox 561 3276 977 3330; x_wconf 89' lang='lat' dir='ltr'><strong>consumendam</strong></span> <span class='ocrx_word' id='word_1_221' title='bbox 1000 3275 1332 3345; x_wconf 88' lang='lat' dir='ltr'><strong>objecerunt,</strong></span> <span class='ocrx_word' id='word_1_222' title='bbox 1353 3277 1503 3345; x_wconf 89' lang='lat' dir='ltr'><strong>cujus</strong></span> <span class='ocrx_word' id='word_1_223' title='bbox 1532 3277 1830 3332; x_wconf 89' lang='lat' dir='ltr'><strong>innocentia</strong></span> <span class='ocrx_word' id='word_1_224' title='bbox 1863 3296 1876 3309; x_wconf 88' lang='grc'><strong>·</strong></span> 
     </span>
    </p>
   </div>
   <div class='ocr_carea' id='block_1_33' title="bbox 238 3368 1831 3439">
    <p class='ocr_par' dir='ltr' id='par_1_33' title="bbox 238 3368 1831 3439">
     <span class='ocr_line' id='line_1_33' title="bbox 238 3368 1831 3439; baseline 0.002 -18"><span class='ocrx_word' id='word_1_225' title='bbox 238 3368 490 3434; x_wconf 86' lang='lat' dir='ltr'><strong>liberata,</strong></span> <span class='ocrx_word' id='word_1_226' title='bbox 518 3370 582 3424; x_wconf 88' lang='lat' dir='ltr'><strong>ab</strong></span> <span class='ocrx_word' id='word_1_227' title='bbox 617 3368 817 3423; x_wconf 87' lang='lat' dir='ltr'><strong>eisdem</strong></span> <span class='ocrx_word' id='word_1_228' title='bbox 845 3369 1056 3437; x_wconf 82' lang='lat' dir='ltr'><strong>regibus</strong></span> <span class='ocrx_word' id='word_1_229' title='bbox 1084 3369 1268 3423; x_wconf 89' lang='lat' dir='ltr'><strong>eadem</strong></span> <span class='ocrx_word' id='word_1_230' title='bbox 1299 3384 1392 3423; x_wconf 89' lang='lat' dir='ltr'><strong>vos</strong></span> <span class='ocrx_word' id='word_1_231' title='bbox 1423 3369 1682 3437; x_wconf 86' lang='lat' dir='ltr'><strong>patimini,</strong></span> <span class='ocrx_word' id='word_1_232' title='bbox 1714 3385 1831 3439; x_wconf 81' lang='lat' dir='ltr'><strong>quae</strong></span> 
     </span>
    </p>
   </div>
   <div class='ocr_carea' id='block_1_34' title="bbox 245 3460 1828 3532">
    <p class='ocr_par' dir='ltr' id='par_1_34' title="bbox 245 3460 1828 3532">
     <span class='ocr_line' id='line_1_34' title="bbox 245 3460 1828 3532; baseline 0.001 -17"><span class='ocrx_word' id='word_1_233' title='bbox 245 3461 369 3515; x_wconf 85' lang='lat' dir='ltr'><strong>illos</strong></span> <span class='ocrx_word' id='word_1_234' title='bbox 406 3461 565 3515; x_wconf 80' lang='lat' dir='ltr'><strong>vestri</strong></span> <span class='ocrx_word' id='word_1_235' title='bbox 609 3460 720 3532; x_wconf 86' lang='lat' dir='ltr'><strong>pati</strong></span> <span class='ocrx_word' id='word_1_236' title='bbox 761 3461 1076 3524; x_wconf 87' lang='lat' dir='ltr'><strong>voluerunt;</strong></span> <span class='ocrx_word' id='word_1_237' title='bbox 1123 3460 1371 3529; x_wconf 90' lang='lat' dir='ltr'><strong>quoniam</strong></span> <span class='ocrx_word' id='word_1_238' title='bbox 1409 3460 1661 3530; x_wconf 90' lang='lat' dir='ltr'><strong>scriptum</strong></span> <span class='ocrx_word' id='word_1_239' title='bbox 1701 3468 1783 3514; x_wconf 92' lang='lat' dir='ltr'><strong>est</strong></span> <span class='ocrx_word' id='word_1_240' title='bbox 1815 3478 1828 3516; x_wconf 90' lang='lat'><strong>:</strong></span> 
     </span>
    </p>
   </div>
   <div class='ocr_carea' id='block_1_35' title="bbox 245 3549 1827 3623">
    <p class='ocr_par' dir='ltr' id='par_1_35' title="bbox 245 3549 1827 3623">
     <span class='ocr_line' id='line_1_35' title="bbox 245 3549 1827 3623; baseline 0.001 -18"><span class='ocrx_word' id='word_1_241' title='bbox 245 3551 351 3617; x_wconf 76' lang='lat' dir='ltr'><strong>Qui</strong></span> <span class='ocrx_word' id='word_1_242' title='bbox 377 3562 523 3622; x_wconf 85' lang='lat' dir='ltr'><strong>parat</strong></span> <span class='ocrx_word' id='word_1_243' title='bbox 553 3552 784 3623; x_wconf 75' lang='lat' dir='ltr'><strong>proximo</strong></span> <span class='ocrx_word' id='word_1_244' title='bbox 814 3551 1036 3621; x_wconf 77' lang='lat' dir='ltr'><strong>foveam,</strong></span> <span class='ocrx_word' id='word_1_245' title='bbox 1079 3552 1186 3621; x_wconf 81' lang='lat' dir='ltr'><strong>ipse</strong></span> <span class='ocrx_word' id='word_1_246' title='bbox 1208 3550 1393 3604; x_wconf 81' lang='lat' dir='ltr'><strong>incidet</strong></span> <span class='ocrx_word' id='word_1_247' title='bbox 1416 3551 1466 3603; x_wconf 88' lang='lat' dir='ltr'><strong>in</strong></span> <span class='ocrx_word' id='word_1_248' title='bbox 1502 3567 1611 3604; x_wconf 83' lang='lat' dir='ltr'><strong>eam</strong></span> <span class='ocrx_word' id='word_1_249' title='bbox 1643 3549 1827 3621; x_wconf 83' lang='lat' dir='ltr'><strong>(Eccli.</strong></span> 
     </span>
    </p>
   </div>
   <div class='ocr_carea' id='block_1_36' title="bbox 243 3643 558 3716">
    <p class='ocr_par' dir='ltr' id='par_1_36' title="bbox 243 3643 558 3716">
     <span class='ocr_line' id='line_1_36' title="bbox 243 3643 558 3716; baseline -0.016 -15"><span class='ocrx_word' id='word_1_250' title='bbox 243 3660 412 3710; x_wconf 80' lang='lat' dir='ltr'><strong>xxvii,</strong></span> <span class='ocrx_word' id='word_1_251' title='bbox 441 3643 558 3716; x_wconf 71' lang='lat'><strong>29).</strong></span> 
     </span>
    </p>
   </div>
   <div class='ocr_carea' id='block_1_37' title="bbox 313 3732 1833 3804">
    <p class='ocr_par' dir='ltr' id='par_1_37' title="bbox 313 3732 1833 3804">
     <span class='ocr_line' id='line_1_37' title="bbox 313 3732 1833 3804; baseline -0.001 -13"><span class='ocrx_word' id='word_1_252' title='bbox 313 3736 364 3791; x_wconf 87' lang='grc'><strong>6.</strong></span> <span class='ocrx_word' id='word_1_253' title='bbox 408 3735 484 3789; x_wconf 85' lang='lat' dir='ltr'><strong>De</strong></span> <span class='ocrx_word' id='word_1_254' title='bbox 527 3734 681 3791; x_wconf 88' lang='lat' dir='ltr'><strong>nobis</strong></span> <span class='ocrx_word' id='word_1_255' title='bbox 707 3749 833 3804; x_wconf 88' lang='lat' dir='ltr'><strong>ergo</strong></span> <span class='ocrx_word' id='word_1_256' title='bbox 859 3733 998 3804; x_wconf 91' lang='lat' dir='ltr'><strong>quod</strong></span> <span class='ocrx_word' id='word_1_257' title='bbox 1023 3732 1316 3804; x_wconf 89' lang='lat' dir='ltr'><strong>queramini</strong></span> <span class='ocrx_word' id='word_1_258' title='bbox 1349 3748 1453 3787; x_wconf 90' lang='lat' dir='ltr'><strong>non</strong></span> <span class='ocrx_word' id='word_1_259' title='bbox 1499 3732 1736 3798; x_wconf 85' lang='lat' dir='ltr'><strong>habetis;</strong></span> <span class='ocrx_word' id='word_1_260' title='bbox 1779 3741 1833 3789; x_wconf 88' lang='lat' dir='ltr'><strong>et</strong></span> 
     </span>
    </p>
   </div>
   <div class='ocr_carea' id='block_1_38' title="bbox 246 3825 1833 3892">
    <p class='ocr_par' dir='ltr' id='par_1_38' title="bbox 246 3825 1833 3892">
     <span class='ocr_line' id='line_1_38' title="bbox 246 3825 1833 3892; baseline -0.003 -7"><span class='ocrx_word' id='word_1_261' title='bbox 246 3839 421 3885; x_wconf 85' lang='lat' dir='ltr'><strong>tamen</strong></span> <span class='ocrx_word' id='word_1_262' title='bbox 446 3829 705 3884; x_wconf 75' lang='lat' dir='ltr'><strong>Ecclesia:</strong></span> <span class='ocrx_word' id='word_1_263' title='bbox 733 3826 1010 3882; x_wconf 71' lang='lat' dir='ltr'><strong>catholica:</strong></span> <span class='ocrx_word' id='word_1_264' title='bbox 1049 3825 1430 3892; x_wconf 85' lang='lat' dir='ltr'><strong>mansuetudo,</strong></span> <span class='ocrx_word' id='word_1_265' title='bbox 1461 3827 1619 3880; x_wconf 89' lang='lat' dir='ltr'><strong>etiam</strong></span> <span class='ocrx_word' id='word_1_266' title='bbox 1657 3827 1722 3880; x_wconf 92' lang='lat' dir='ltr'><strong>ab</strong></span> <span class='ocrx_word' id='word_1_267' title='bbox 1749 3825 1833 3880; x_wconf 92' lang='lat' dir='ltr'><strong>bis</strong></span> 
     </span>
    </p>
   </div>
   <div class='ocr_carea' id='block_1_39' title="bbox 250 3919 1833 3993">
    <p class='ocr_par' dir='ltr' id='par_1_39' title="bbox 250 3919 1833 3993">
     <span class='ocr_line' id='line_1_39' title="bbox 250 3919 1833 3993; baseline -0.003 -16"><span class='ocrx_word' id='word_1_268' title='bbox 250 3924 632 3993; x_wconf 86' lang='lat' dir='ltr'><strong>imperatorum</strong></span> <span class='ocrx_word' id='word_1_269' title='bbox 665 3920 994 3991; x_wconf 89' lang='lat' dir='ltr'><strong>jussionibus</strong></span> <span class='ocrx_word' id='word_1_270' title='bbox 1029 3919 1245 3974; x_wconf 90' lang='lat' dir='ltr'><strong>omnino</strong></span> <span class='ocrx_word' id='word_1_271' title='bbox 1294 3919 1689 3988; x_wconf 89' lang='lat' dir='ltr'><strong>conquieverat,</strong></span> <span class='ocrx_word' id='word_1_272' title='bbox 1734 3919 1833 3973; x_wconf 86' lang='lat' dir='ltr'><strong>nisi</strong></span> 
     </span>
    </p>
   </div>
   <div class='ocr_carea' id='block_1_40' title="bbox 246 4009 1832 4081">
    <p class='ocr_par' dir='ltr' id='par_1_40' title="bbox 246 4009 1832 4081">
     <span class='ocr_line' id='line_1_40' title="bbox 246 4009 1832 4081; baseline -0.003 -12"><span class='ocrx_word' id='word_1_273' title='bbox 246 4015 403 4070; x_wconf 76' lang='lat' dir='ltr'><strong>vestri</strong></span> <span class='ocrx_word' id='word_1_274' title='bbox 434 4014 619 4069; x_wconf 90' lang='lat' dir='ltr'><strong>clerici</strong></span> <span class='ocrx_word' id='word_1_275' title='bbox 647 4021 701 4067; x_wconf 87' lang='lat' dir='ltr'><strong>et</strong></span> <span class='ocrx_word' id='word_1_276' title='bbox 726 4011 1213 4075; x_wconf 86' lang='lat' dir='ltr'><strong>Circumcelliones,</strong></span> <span class='ocrx_word' id='word_1_277' title='bbox 1247 4026 1340 4081; x_wconf 90' lang='lat' dir='ltr'><strong>per</strong></span> <span class='ocrx_word' id='word_1_278' title='bbox 1365 4026 1486 4065; x_wconf 85' lang='lat' dir='ltr'><strong>suas</strong></span> <span class='ocrx_word' id='word_1_279' title='bbox 1516 4009 1832 4065; x_wconf 84' lang='lat' dir='ltr'><strong>immanissi-</strong></span> 
     </span>
    </p>
   </div>
   <div class='ocr_carea' id='block_1_41' title="bbox 247 4104 1832 4178">
    <p class='ocr_par' dir='ltr' id='par_1_41' title="bbox 247 4104 1832 4178">
     <span class='ocr_line' id='line_1_41' title="bbox 247 4104 1832 4178; baseline -0.003 -14"><span class='ocrx_word' id='word_1_280' title='bbox 247 4124 358 4164; x_wconf 82' lang='lat' dir='ltr'><strong>mas</strong></span> <span class='ocrx_word' id='word_1_281' title='bbox 385 4108 757 4178; x_wconf 88' lang='lat' dir='ltr'><strong>improbitates</strong></span> <span class='ocrx_word' id='word_1_282' title='bbox 791 4105 1121 4176; x_wconf 85' lang='lat' dir='ltr'><strong>furiosasque</strong></span> <span class='ocrx_word' id='word_1_283' title='bbox 1150 4105 1431 4159; x_wconf 87' lang='lat' dir='ltr'><strong>violentias</strong></span> <span class='ocrx_word' id='word_1_284' title='bbox 1458 4104 1688 4174; x_wconf 89' lang='lat' dir='ltr'><strong>quietem</strong></span> <span class='ocrx_word' id='word_1_285' title='bbox 1735 4119 1832 4159; x_wconf 88' lang='lat' dir='ltr'><strong>uo-</strong></span> 
     </span>
    </p>
   </div>
   <div class='ocr_carea' id='block_1_42' title="bbox 244 4194 1834 4270">
    <p class='ocr_par' dir='ltr' id='par_1_42' title="bbox 244 4194 1834 4270">
     <span class='ocr_line' id='line_1_42' title="bbox 244 4194 1834 4270; baseline -0.004 -14"><span class='ocrx_word' id='word_1_286' title='bbox 244 4210 407 4257; x_wconf 73' lang='lat' dir='ltr'><strong>stram</strong></span> <span class='ocrx_word' id='word_1_287' title='bbox 438 4199 813 4270; x_wconf 86' lang='lat' dir='ltr'><strong>perturbantes</strong></span> <span class='ocrx_word' id='word_1_288' title='bbox 841 4207 997 4268; x_wconf 87' lang='lat' dir='ltr'><strong>atque</strong></span> <span class='ocrx_word' id='word_1_289' title='bbox 1016 4205 1305 4262; x_wconf 85' lang='lat' dir='ltr'><strong>vastantes,</strong></span> <span class='ocrx_word' id='word_1_290' title='bbox 1333 4195 1447 4249; x_wconf 80' lang='lat' dir='ltr'><strong>haec</strong></span> <span class='ocrx_word' id='word_1_291' title='bbox 1469 4196 1519 4248; x_wconf 91' lang='lat' dir='ltr'><strong>in</strong></span> <span class='ocrx_word' id='word_1_292' title='bbox 1550 4208 1644 4248; x_wconf 90' lang='lat' dir='ltr'><strong>vos</strong></span> <span class='ocrx_word' id='word_1_293' title='bbox 1669 4194 1834 4250; x_wconf 90' lang='lat' dir='ltr'><strong>recoli</strong></span> 
     </span>
    </p>
   </div>
   <div class='ocr_carea' id='block_1_43' title="bbox 244 4287 1835 4360">
    <p class='ocr_par' dir='ltr' id='par_1_43' title="bbox 244 4287 1835 4360">
     <span class='ocr_line' id='line_1_43' title="bbox 244 4287 1835 4360; baseline -0.004 -11"><span class='ocrx_word' id='word_1_294' title='bbox 244 4303 298 4348; x_wconf 87' lang='lat' dir='ltr'><strong>et</strong></span> <span class='ocrx_word' id='word_1_295' title='bbox 342 4290 597 4348; x_wconf 86' lang='lat' dir='ltr'><strong>renovari</strong></span> <span class='ocrx_word' id='word_1_296' title='bbox 641 4290 957 4360; x_wconf 84' lang='lat' dir='ltr'><strong>coegissent.</strong></span> <span class='ocrx_word' id='word_1_297' title='bbox 998 4287 1129 4343; x_wconf 88' lang='lat' dir='ltr'><strong>Nam</strong></span> <span class='ocrx_word' id='word_1_298' title='bbox 1165 4288 1467 4358; x_wconf 87' lang='lat' dir='ltr'><strong>priusquam</strong></span> <span class='ocrx_word' id='word_1_299' title='bbox 1511 4287 1835 4342; x_wconf 85' lang='lat' dir='ltr'><strong>recentiores</strong></span> 
     </span>
    </p>
   </div>
   <div class='ocr_carea' id='block_1_44' title="bbox 246 4378 1836 4454">
    <p class='ocr_par' dir='ltr' id='par_1_44' title="bbox 246 4378 1836 4454">
     <span class='ocr_line' id='line_1_44' title="bbox 246 4378 1836 4454; baseline -0.005 -14"><span class='ocrx_word' id='word_1_300' title='bbox 246 4385 386 4454; x_wconf 84' lang='lat' dir='ltr'><strong>leges</strong></span> <span class='ocrx_word' id='word_1_301' title='bbox 428 4383 548 4438; x_wconf 64' lang='lat' dir='ltr'><strong>istae</strong></span> <span class='ocrx_word' id='word_1_302' title='bbox 592 4381 659 4436; x_wconf 92' lang='lat' dir='ltr'><strong>de</strong></span> <span class='ocrx_word' id='word_1_303' title='bbox 699 4380 887 4451; x_wconf 88' lang='lat' dir='ltr'><strong>quibus</strong></span> <span class='ocrx_word' id='word_1_304' title='bbox 934 4379 1092 4434; x_wconf 91' lang='lat' dir='ltr'><strong>modo</strong></span> <span class='ocrx_word' id='word_1_305' title='bbox 1142 4378 1443 4450; x_wconf 88' lang='lat' dir='ltr'><strong>querimini,</strong></span> <span class='ocrx_word' id='word_1_306' title='bbox 1474 4378 1744 4433; x_wconf 85' lang='lat' dir='ltr'><strong>venissent</strong></span> <span class='ocrx_word' id='word_1_307' title='bbox 1783 4378 1836 4432; x_wconf 91' lang='lat' dir='ltr'><strong>in</strong></span> 
     </span>
    </p>
   </div>
   <div class='ocr_carea' id='block_1_45' title="bbox 244 4473 1836 4544">
    <p class='ocr_par' dir='ltr' id='par_1_45' title="bbox 244 4473 1836 4544">
     <span class='ocr_line' id='line_1_45' title="bbox 244 4473 1836 4544; baseline -0.003 -11"><span class='ocrx_word' id='word_1_308' title='bbox 244 4477 497 4540; x_wconf 75' lang='lat' dir='ltr'><strong>Africam,</strong></span> <span class='ocrx_word' id='word_1_309' title='bbox 526 4475 746 4530; x_wconf 88' lang='lat' dir='ltr'><strong>insidias</strong></span> <span class='ocrx_word' id='word_1_310' title='bbox 767 4475 820 4529; x_wconf 91' lang='lat' dir='ltr'><strong>in</strong></span> <span class='ocrx_word' id='word_1_311' title='bbox 848 4474 1126 4529; x_wconf 90' lang='lat' dir='ltr'><strong>itineribus</strong></span> <span class='ocrx_word' id='word_1_312' title='bbox 1165 4473 1361 4528; x_wconf 88' lang='lat' dir='ltr'><strong>nostris</strong></span> <span class='ocrx_word' id='word_1_313' title='bbox 1385 4473 1647 4544; x_wconf 89' lang='lat' dir='ltr'><strong>episcopis</strong></span> <span class='ocrx_word' id='word_1_314' title='bbox 1669 4481 1836 4528; x_wconf 89' lang='lat' dir='ltr'><strong>teten-</strong></span> 
     </span>
    </p>
   </div>
   <div class='ocr_carea' id='block_1_46' title="bbox 245 4565 1836 4636">
    <p class='ocr_par' dir='ltr' id='par_1_46' title="bbox 245 4565 1836 4636">
     <span class='ocr_line' id='line_1_46' title="bbox 245 4565 1836 4636; baseline -0.003 -12"><span class='ocrx_word' id='word_1_315' title='bbox 245 4570 458 4633; x_wconf 90' lang='lat' dir='ltr'><strong>derunt,</strong></span> <span class='ocrx_word' id='word_1_316' title='bbox 476 4568 809 4624; x_wconf 88' lang='lat' dir='ltr'><strong>conclericos</strong></span> <span class='ocrx_word' id='word_1_317' title='bbox 832 4575 1044 4620; x_wconf 90' lang='lat' dir='ltr'><strong>nostros</strong></span> <span class='ocrx_word' id='word_1_318' title='bbox 1071 4566 1236 4636; x_wconf 80' lang='lat' dir='ltr'><strong>plagis</strong></span> <span class='ocrx_word' id='word_1_319' title='bbox 1266 4565 1659 4620; x_wconf 87' lang='lat' dir='ltr'><strong>immanissimis</strong></span> <span class='ocrx_word' id='word_1_320' title='bbox 1681 4579 1836 4635; x_wconf 88' lang='lat' dir='ltr'><strong>quas-</strong></span> 
     </span>
    </p>
   </div>
   <div class='ocr_carea' id='block_1_47' title="bbox 244 4656 1834 4728">
    <p class='ocr_par' dir='ltr' id='par_1_47' title="bbox 244 4656 1834 4728">
     <span class='ocr_line' id='line_1_47' title="bbox 244 4656 1834 4728; baseline -0.004 -11"><span class='ocrx_word' id='word_1_321' title='bbox 244 4669 521 4728; x_wconf 86' lang='lat' dir='ltr'><strong>saverunt,</strong></span> <span class='ocrx_word' id='word_1_322' title='bbox 552 4659 701 4715; x_wconf 90' lang='lat' dir='ltr'><strong>laicis</strong></span> <span class='ocrx_word' id='word_1_323' title='bbox 733 4672 940 4728; x_wconf 87' lang='lat' dir='ltr'><strong>quoque</strong></span> <span class='ocrx_word' id='word_1_324' title='bbox 969 4666 1023 4712; x_wconf 90' lang='lat' dir='ltr'><strong>et</strong></span> <span class='ocrx_word' id='word_1_325' title='bbox 1050 4658 1231 4727; x_wconf 79' lang='lat' dir='ltr'><strong>plagas</strong></span> <span class='ocrx_word' id='word_1_326' title='bbox 1260 4657 1599 4727; x_wconf 83' lang='lat' dir='ltr'><strong>gravissimas</strong></span> <span class='ocrx_word' id='word_1_327' title='bbox 1627 4656 1834 4711; x_wconf 83' lang='lat' dir='ltr'><strong>inﬂixe-</strong></span> 
     </span>
    </p>
   </div>
   <div class='ocr_carea' id='block_1_48' title="bbox 244 4734 1834 4822">
    <p class='ocr_par' dir='ltr' id='par_1_48' title="bbox 244 4734 1834 4822">
     <span class='ocr_line' id='line_1_48' title="bbox 244 4734 1834 4822; baseline -0.004 -12"><span class='ocrx_word' id='word_1_328' title='bbox 244 4763 386 4822; x_wconf 88' lang='lat' dir='ltr'><strong>runt,</strong></span> <span class='ocrx_word' id='word_1_329' title='bbox 418 4762 473 4809; x_wconf 91' lang='lat' dir='ltr'><strong>et</strong></span> <span class='ocrx_word' id='word_1_330' title='bbox 503 4752 801 4808; x_wconf 90' lang='lat' dir='ltr'><strong>intulerunt</strong></span> <span class='ocrx_word' id='word_1_331' title='bbox 830 4766 1014 4805; x_wconf 91' lang='lat' dir='ltr'><strong>eorum</strong></span> <span class='ocrx_word' id='word_1_332' title='bbox 1046 4750 1284 4805; x_wconf 63' lang='lat' dir='ltr'><strong>aediliciis</strong></span> <span class='ocrx_word' id='word_1_333' title='bbox 1309 4749 1571 4805; x_wconf 90' lang='lat' dir='ltr'><strong>incendia.</strong></span> <span class='ocrx_word' id='word_1_334' title='bbox 1603 4734 1834 4822; x_wconf 78' lang='lat' dir='ltr'><strong>Presby-</strong></span> 
     </span>
    </p>
   </div>
   <div class='ocr_carea' id='block_1_49' title="bbox 248 4840 1837 4913">
    <p class='ocr_par' dir='ltr' id='par_1_49' title="bbox 248 4840 1837 4913">
     <span class='ocr_line' id='line_1_49' title="bbox 248 4840 1837 4913; baseline -0.003 -13"><span class='ocrx_word' id='word_1_335' title='bbox 248 4854 416 4900; x_wconf 89' lang='lat' dir='ltr'><strong>terum</strong></span> <span class='ocrx_word' id='word_1_336' title='bbox 434 4843 599 4900; x_wconf 87' lang='lat' dir='ltr'><strong>etiam</strong></span> <span class='ocrx_word' id='word_1_337' title='bbox 621 4841 903 4913; x_wconf 85' lang='lat' dir='ltr'><strong>quemdam</strong></span> <span class='ocrx_word' id='word_1_338' title='bbox 929 4841 1048 4912; x_wconf 89' lang='lat' dir='ltr'><strong>quia</strong></span> <span class='ocrx_word' id='word_1_339' title='bbox 1071 4840 1287 4911; x_wconf 84' lang='lat' dir='ltr'><strong>pmpria</strong></span> <span class='ocrx_word' id='word_1_340' title='bbox 1304 4849 1356 4895; x_wconf 91' lang='lat' dir='ltr'><strong>et</strong></span> <span class='ocrx_word' id='word_1_341' title='bbox 1379 4840 1546 4895; x_wconf 89' lang='lat' dir='ltr'><strong>libera</strong></span> <span class='ocrx_word' id='word_1_342' title='bbox 1568 4840 1837 4896; x_wconf 89' lang='lat' dir='ltr'><strong>voluntate</strong></span> 
     </span>
    </p>
   </div>
   <div class='ocr_carea' id='block_1_50' title="bbox 243 4933 1836 5004">
    <p class='ocr_par' dir='ltr' id='par_1_50' title="bbox 243 4933 1836 5004">
     <span class='ocr_line' id='line_1_50' title="bbox 243 4933 1836 5004; baseline -0.004 -10"><span class='ocrx_word' id='word_1_343' title='bbox 243 4939 501 4994; x_wconf 88' lang='lat' dir='ltr'><strong>unitatem</strong></span> <span class='ocrx_word' id='word_1_344' title='bbox 546 4946 741 4992; x_wconf 64' lang='lat' dir='ltr'><strong>nostrae</strong></span> <span class='ocrx_word' id='word_1_345' title='bbox 784 4934 1173 4989; x_wconf 89' lang='lat' dir='ltr'><strong>communionis</strong></span> <span class='ocrx_word' id='word_1_346' title='bbox 1213 4933 1391 5004; x_wconf 78' lang='lat' dir='ltr'><strong>elegit,</strong></span> <span class='ocrx_word' id='word_1_347' title='bbox 1434 4933 1501 4988; x_wconf 86' lang='lat' dir='ltr'><strong>de</strong></span> <span class='ocrx_word' id='word_1_348' title='bbox 1546 4934 1704 4988; x_wconf 89' lang='lat' dir='ltr'><strong>domo</strong></span> <span class='ocrx_word' id='word_1_349' title='bbox 1742 4949 1836 4988; x_wconf 90' lang='lat' dir='ltr'><strong>sua</strong></span> 
     </span>
    </p>
   </div>
   <div class='ocr_carea' id='block_1_51' title="bbox 243 5026 1838 5102">
    <p class='ocr_par' dir='ltr' id='par_1_51' title="bbox 243 5026 1838 5102">
     <span class='ocr_line' id='line_1_51' title="bbox 243 5026 1838 5102; baseline -0.004 -15"><span class='ocrx_word' id='word_1_350' title='bbox 243 5040 475 5102; x_wconf 85' lang='lat' dir='ltr'><strong>raptum,</strong></span> <span class='ocrx_word' id='word_1_351' title='bbox 505 5038 561 5084; x_wconf 89' lang='lat' dir='ltr'><strong>et</strong></span> <span class='ocrx_word' id='word_1_352' title='bbox 590 5044 686 5100; x_wconf 92' lang='lat' dir='ltr'><strong>pro</strong></span> <span class='ocrx_word' id='word_1_353' title='bbox 716 5027 934 5083; x_wconf 89' lang='lat' dir='ltr'><strong>arbitrio</strong></span> <span class='ocrx_word' id='word_1_354' title='bbox 976 5026 1277 5081; x_wconf 88' lang='lat' dir='ltr'><strong>immaniter</strong></span> <span class='ocrx_word' id='word_1_355' title='bbox 1311 5040 1510 5081; x_wconf 62' lang='lat' dir='ltr'><strong>caesum</strong></span> <span class='ocrx_word' id='word_1_356' title='bbox 1556 5026 1605 5079; x_wconf 91' lang='lat' dir='ltr'><strong>in</strong></span> <span class='ocrx_word' id='word_1_357' title='bbox 1635 5027 1838 5096; x_wconf 85' lang='lat' dir='ltr'><strong>gurgite</strong></span> 
     </span>
    </p>
   </div>
   <div class='ocr_carea' id='block_1_52' title="bbox 242 5118 1836 5190">
    <p class='ocr_par' dir='ltr' id='par_1_52' title="bbox 242 5118 1836 5190">
     <span class='ocr_line' id='line_1_52' title="bbox 242 5118 1836 5190; baseline -0.003 -12"><span class='ocrx_word' id='word_1_358' title='bbox 242 5125 403 5179; x_wconf 89' lang='lat' dir='ltr'><strong>etiam</strong></span> <span class='ocrx_word' id='word_1_359' title='bbox 432 5136 655 5178; x_wconf 74' lang='lat' dir='ltr'><strong>emnoso</strong></span> <span class='ocrx_word' id='word_1_360' title='bbox 680 5120 970 5175; x_wconf 87' lang='lat' dir='ltr'><strong>volutatum</strong></span> <span class='ocrx_word' id='word_1_361' title='bbox 996 5162 1010 5187; x_wconf 95' lang='lat'><strong>,</strong></span> <span class='ocrx_word' id='word_1_362' title='bbox 1043 5118 1182 5173; x_wconf 89' lang='lat' dir='ltr'><strong>buda</strong></span> <span class='ocrx_word' id='word_1_363' title='bbox 1215 5120 1233 5150; x_wconf 76' lang='grc' dir='ltr'>ί</span> <span class='ocrx_word' id='word_1_364' title='bbox 1266 5118 1535 5186; x_wconf 86' lang='lat' dir='ltr'><strong>vestitum,</strong></span> <span class='ocrx_word' id='word_1_365' title='bbox 1569 5135 1687 5175; x_wconf 89' lang='lat' dir='ltr'><strong>cum</strong></span> <span class='ocrx_word' id='word_1_366' title='bbox 1719 5120 1836 5190; x_wconf 89' lang='lat' dir='ltr'><strong>qui-</strong></span> 
     </span>
    </p>
   </div>
   <div class='ocr_carea' id='block_1_53' title="bbox 244 5210 1838 5283">
    <p class='ocr_par' dir='ltr' id='par_1_53' title="bbox 244 5210 1838 5283">
     <span class='ocr_line' id='line_1_53' title="bbox 244 5210 1838 5283; baseline -0.001 -13"><span class='ocrx_word' id='word_1_367' title='bbox 244 5215 469 5270; x_wconf 84' lang='lat' dir='ltr'><strong>busdam</strong></span> <span class='ocrx_word' id='word_1_368' title='bbox 498 5212 809 5279; x_wconf 87' lang='lat' dir='ltr'><strong>dolendum,</strong></span> <span class='ocrx_word' id='word_1_369' title='bbox 828 5210 1141 5281; x_wconf 88' lang='lat' dir='ltr'><strong>quibusdam</strong></span> <span class='ocrx_word' id='word_1_370' title='bbox 1165 5210 1443 5267; x_wconf 90' lang='lat' dir='ltr'><strong>ridendum</strong></span> <span class='ocrx_word' id='word_1_371' title='bbox 1466 5212 1518 5266; x_wconf 89' lang='lat' dir='ltr'><strong>in</strong></span> <span class='ocrx_word' id='word_1_372' title='bbox 1543 5227 1734 5283; x_wconf 90' lang='lat' dir='ltr'><strong>pompa</strong></span> <span class='ocrx_word' id='word_1_373' title='bbox 1756 5213 1838 5268; x_wconf 92' lang='lat' dir='ltr'><strong>sui</strong></span> 
     </span>
    </p>
   </div>
   <div class='ocr_carea' id='block_1_54' title="bbox 311 5347 1839 5412">
    <p class='ocr_par' dir='ltr' id='par_1_54' title="bbox 311 5347 1839 5412">
     <span class='ocr_line' id='line_1_54' title="bbox 311 5347 1839 5412; baseline -0.002 -11"><span class='ocrx_word' id='word_1_374' title='bbox 311 5354 327 5383; x_wconf 75' lang='grc' dir='ltr'>ι</span> <span class='ocrx_word' id='word_1_375' title='bbox 353 5357 404 5400; x_wconf 85' lang='lat' dir='ltr'><strong>In</strong></span> <span class='ocrx_word' id='word_1_376' title='bbox 430 5353 646 5410; x_wconf 81' lang='lat' dir='ltr'><strong>excusis,</strong></span> <span class='ocrx_word' id='word_1_377' title='bbox 673 5348 846 5412; x_wconf 64' lang='lat' dir='ltr'><strong>barda.</strong></span> <span class='ocrx_word' id='word_1_378' title='bbox 870 5355 920 5398; x_wconf 89' lang='lat' dir='ltr'><strong>tn</strong></span> <span class='ocrx_word' id='word_1_379' title='bbox 939 5349 1095 5412; x_wconf 83' lang='lat' dir='ltr'><strong>tribus</strong></span> <span class='ocrx_word' id='word_1_380' title='bbox 1112 5356 1240 5412; x_wconf 84' lang='lat' dir='ltr'><strong>Mss.,</strong></span> <span class='ocrx_word' id='word_1_381' title='bbox 1266 5347 1511 5412; x_wconf 54' lang='lat' dir='ltr'><strong>bendo.“</strong></span> <span class='ocrx_word' id='word_1_382' title='bbox 1533 5350 1582 5398; x_wconf 90' lang='lat' dir='ltr'><strong>iu</strong></span> <span class='ocrx_word' id='word_1_383' title='bbox 1603 5349 1710 5412; x_wconf 79' lang='lat' dir='ltr'><strong>aliis</strong></span> <span class='ocrx_word' id='word_1_384' title='bbox 1732 5347 1839 5412; x_wconf 68' lang='lat' dir='ltr'><strong>ple-</strong></span> 
     </span>
    </p>
   </div>
   <div class='ocr_carea' id='block_1_55' title="bbox 242 5408 1838 5476">
    <p class='ocr_par' dir='ltr' id='par_1_55' title="bbox 242 5408 1838 5476">
     <span class='ocr_line' id='line_1_55' title="bbox 242 5408 1838 5476; baseline 0 -15"><span class='ocrx_word' id='word_1_385' title='bbox 242 5415 414 5476; x_wconf 86' lang='lat' dir='ltr'><strong>risque</strong></span> <span class='ocrx_word' id='word_1_386' title='bbox 437 5408 873 5476; x_wconf 13' lang='lat' dir='ltr'><strong>su&#39;ibitnr,gbuda;</strong></span> <span class='ocrx_word' id='word_1_387' title='bbox 908 5411 1147 5476; x_wconf 85' lang='lat' dir='ltr'><strong>sicetiam</strong></span> <span class='ocrx_word' id='word_1_388' title='bbox 1170 5411 1219 5476; x_wconf 83' lang='lat' dir='ltr'><strong>in</strong></span> <span class='ocrx_word' id='word_1_389' title='bbox 1236 5410 1380 5476; x_wconf 79' lang='lat' dir='ltr'><strong>epist.</strong></span> <span class='ocrx_word' id='word_1_390' title='bbox 1408 5410 1516 5476; x_wconf 82' lang='grc'><strong>105,</strong></span> <span class='ocrx_word' id='word_1_391' title='bbox 1540 5412 1624 5460; x_wconf 83' lang='lat' dir='ltr'><strong>ubi</strong></span> <span class='ocrx_word' id='word_1_392' title='bbox 1648 5408 1751 5476; x_wconf 69' lang='lat' dir='ltr'><strong>ille,</strong></span> <span class='ocrx_word' id='word_1_393' title='bbox 1775 5412 1838 5462; x_wconf 90' lang='lat' dir='ltr'><strong>de</strong></span> 
     </span>
    </p>
   </div>
   <div class='ocr_carea' id='block_1_56' title="bbox 242 5472 1833 5538">
    <p class='ocr_par' dir='ltr' id='par_1_56' title="bbox 242 5472 1833 5538">
     <span class='ocr_line' id='line_1_56' title="bbox 242 5472 1833 5538; baseline 0 -17"><span class='ocrx_word' id='word_1_394' title='bbox 242 5472 345 5538; x_wconf 69' lang='lat' dir='ltr'><strong>quo</strong></span> <span class='ocrx_word' id='word_1_395' title='bbox 365 5475 550 5537; x_wconf 80' lang='lat' dir='ltr'><strong>agitur,</strong></span> <span class='ocrx_word' id='word_1_396' title='bbox 576 5472 833 5538; x_wconf 77' lang='lat' dir='ltr'><strong>presbyter</strong></span> <span class='ocrx_word' id='word_1_397' title='bbox 851 5473 1132 5538; x_wconf 80' lang='lat' dir='ltr'><strong>_Bestitutus</strong></span> <span class='ocrx_word' id='word_1_398' title='bbox 1154 5472 1833 5538; x_wconf 66' lang='lat' dir='ltr'><strong>Victorianensispominatur.</strong></span> 
     </span>
    </p>
   </div>
   <div class='ocr_carea' id='block_1_57' title="bbox 243 5534 1839 5597">
    <p class='ocr_par' dir='ltr' id='par_1_57' title="bbox 243 5534 1839 5597">
     <span class='ocr_line' id='line_1_57' title="bbox 243 5534 1839 5597; baseline -0.001 -12"><span class='ocrx_word' id='word_1_399' title='bbox 243 5534 365 5593; x_wconf 69' lang='lat' dir='ltr'><strong>Quid</strong></span> <span class='ocrx_word' id='word_1_400' title='bbox 389 5534 559 5585; x_wconf 76' lang='lat' dir='ltr'><strong>autem</strong></span> <span class='ocrx_word' id='word_1_401' title='bbox 577 5534 645 5585; x_wconf 81' lang='lat' dir='ltr'><strong>sit</strong></span> <span class='ocrx_word' id='word_1_402' title='bbox 666 5534 813 5593; x_wconf 83' lang='lat' dir='ltr'><strong>buda,</strong></span> <span class='ocrx_word' id='word_1_403' title='bbox 834 5534 977 5597; x_wconf 81' lang='lat' dir='ltr'><strong>docet</strong></span> <span class='ocrx_word' id='word_1_404' title='bbox 1020 5535 1317 5597; x_wconf 77' lang='lat' dir='ltr'><strong>Augustinus</strong></span> <span class='ocrx_word' id='word_1_405' title='bbox 1337 5535 1387 5583; x_wconf 89' lang='lat' dir='ltr'><strong>in</strong></span> <span class='ocrx_word' id='word_1_406' title='bbox 1417 5534 1498 5583; x_wconf 91' lang='lat' dir='ltr'><strong>lib.</strong></span> <span class='ocrx_word' id='word_1_407' title='bbox 1526 5536 1557 5584; x_wconf 80' lang='grc'>3</span> <span class='ocrx_word' id='word_1_408' title='bbox 1577 5542 1706 5584; x_wconf 87' lang='lat' dir='ltr'><strong>cont.</strong></span> <span class='ocrx_word' id='word_1_409' title='bbox 1731 5542 1839 5584; x_wconf 87' lang='lat' dir='ltr'><strong>Cre-</strong></span> 
     </span>
    </p>
   </div>
   <div class='ocr_carea' id='block_1_58' title="bbox 241 5595 1837 5658">
    <p class='ocr_par' dir='ltr' id='par_1_58' title="bbox 241 5595 1837 5658">
     <span class='ocr_line' id='line_1_58' title="bbox 241 5595 1837 5658; baseline -0.001 -11"><span class='ocrx_word' id='word_1_410' title='bbox 241 5610 463 5647; x_wconf 80' lang='lat' dir='ltr'><strong>soomum</strong></span> <span class='ocrx_word' id='word_1_411' title='bbox 487 5611 534 5648; x_wconf 92' lang='lat' dir='ltr'><strong>c.</strong></span> <span class='ocrx_word' id='word_1_412' title='bbox 559 5596 639 5658; x_wconf 69' lang='lat'><strong>48,</strong></span> <span class='ocrx_word' id='word_1_413' title='bbox 663 5610 772 5647; x_wconf 88' lang='lat' dir='ltr'><strong>cum</strong></span> <span class='ocrx_word' id='word_1_414' title='bbox 796 5596 1016 5646; x_wconf 86' lang='lat' dir='ltr'><strong>eamdem</strong></span> <span class='ocrx_word' id='word_1_415' title='bbox 1038 5595 1279 5658; x_wconf 78' lang='lat' dir='ltr'><strong>retexens</strong></span> <span class='ocrx_word' id='word_1_416' title='bbox 1300 5595 1545 5646; x_wconf 86' lang='lat' dir='ltr'><strong>historiam</strong></span> <span class='ocrx_word' id='word_1_417' title='bbox 1589 5597 1656 5646; x_wconf 85' lang='lat' dir='ltr'><strong>ait</strong></span> <span class='ocrx_word' id='word_1_418' title='bbox 1684 5598 1837 5646; x_wconf 74' lang='lat' dir='ltr'><strong>Resti-</strong></span> 
     </span>
    </p>
   </div>
   <div class='ocr_carea' id='block_1_59' title="bbox 243 5656 1839 5721">
    <p class='ocr_par' dir='ltr' id='par_1_59' title="bbox 243 5656 1839 5721">
     <span class='ocr_line' id='line_1_59' title="bbox 243 5656 1839 5721; baseline 0 -13"><span class='ocrx_word' id='word_1_419' title='bbox 243 5667 404 5709; x_wconf 82' lang='lat' dir='ltr'><strong>tutum</strong></span> <span class='ocrx_word' id='word_1_420' title='bbox 436 5658 592 5709; x_wconf 78' lang='lat' dir='ltr'><strong>fuisse</strong></span> <span class='ocrx_word' id='word_1_421' title='bbox 625 5656 811 5709; x_wconf 72' lang='lat' dir='ltr'><strong>amictu</strong></span> <span class='ocrx_word' id='word_1_422' title='bbox 844 5658 1024 5721; x_wconf 82' lang='lat' dir='ltr'><strong>junceo</strong></span> <span class='ocrx_word' id='word_1_423' title='bbox 1066 5656 1447 5721; x_wconf 73' lang='lat' dir='ltr'><strong>dehonestatmn.</strong></span> <span class='ocrx_word' id='word_1_424' title='bbox 1468 5664 1550 5721; x_wconf 80' lang='lat' dir='ltr'><strong>Est-</strong></span> <span class='ocrx_word' id='word_1_425' title='bbox 1587 5659 1735 5720; x_wconf 79' lang='lat' dir='ltr'><strong>igitur</strong></span> <span class='ocrx_word' id='word_1_426' title='bbox 1755 5666 1839 5708; x_wconf 87' lang='lat' dir='ltr'><strong>aut</strong></span> 
     </span>
    </p>
   </div>
   <div class='ocr_carea' id='block_1_60' title="bbox 239 5718 1838 5792">
    <p class='ocr_par' dir='ltr' id='par_1_60' title="bbox 239 5718 1838 5792">
     <span class='ocr_line' id='line_1_60' title="bbox 239 5718 1838 5792; baseline -0.001 -21"><span class='ocrx_word' id='word_1_427' title='bbox 239 5721 441 5792; x_wconf 80' lang='lat' dir='ltr'><strong>juncus,</strong></span> <span class='ocrx_word' id='word_1_428' title='bbox 465 5728 552 5770; x_wconf 84' lang='lat' dir='ltr'><strong>aut</strong></span> <span class='ocrx_word' id='word_1_429' title='bbox 574 5729 713 5792; x_wconf 56' lang='lat' dir='ltr'><strong>certe</strong></span> <span class='ocrx_word' id='word_1_430' title='bbox 735 5718 896 5792; x_wconf 76' lang='lat' dir='ltr'><strong>storea</strong></span> <span class='ocrx_word' id='word_1_431' title='bbox 922 5734 983 5792; x_wconf 67' lang='lat' dir='ltr'><strong>ex</strong></span> <span class='ocrx_word' id='word_1_432' title='bbox 1003 5721 1171 5792; x_wconf 68' lang='lat' dir='ltr'><strong>junco,</strong></span> <span class='ocrx_word' id='word_1_433' title='bbox 1191 5720 1331 5792; x_wconf 79' lang='lat' dir='ltr'><strong>juxta</strong></span> <span class='ocrx_word' id='word_1_434' title='bbox 1364 5720 1471 5792; x_wconf 61' lang='lat' dir='ltr'><strong>Isid.</strong></span> <span class='ocrx_word' id='word_1_435' title='bbox 1495 5718 1643 5792; x_wconf 61' lang='lat' dir='ltr'><strong>gloss.</strong></span> <span class='ocrx_word' id='word_1_436' title='bbox 1740 5734 1838 5783; x_wconf 87' lang='lat' dir='ltr'><strong>quo</strong></span> 
     </span>
    </p>
   </div>
   <div class='ocr_carea' id='block_1_61' title="bbox 242 5781 1834 5847">
    <p class='ocr_par' dir='ltr' id='par_1_61' title="bbox 242 5781 1834 5847">
     <span class='ocr_line' id='line_1_61' title="bbox 242 5781 1834 5847; baseline 0 -15"><span class='ocrx_word' id='word_1_437' title='bbox 242 5781 412 5833; x_wconf 79' lang='lat' dir='ltr'><strong>tamen</strong></span> <span class='ocrx_word' id='word_1_438' title='bbox 459 5794 609 5847; x_wconf 77' lang='lat' dir='ltr'><strong>prave</strong></span> <span class='ocrx_word' id='word_1_439' title='bbox 654 5781 853 5847; x_wconf 77' lang='lat' dir='ltr'><strong>legitur,</strong></span> <span class='ocrx_word' id='word_1_440' title='bbox 866 5781 1023 5847; x_wconf 10' lang='lat' dir='ltr'><strong>ibudu&#39;,</strong></span> <span class='ocrx_word' id='word_1_441' title='bbox 1047 5781 1262 5847; x_wconf 72' lang='lat' dir='ltr'><strong>historia,</strong></span> <span class='ocrx_word' id='word_1_442' title='bbox 1292 5796 1379 5847; x_wconf 81' lang='lat' dir='ltr'><strong>pro</strong></span> <span class='ocrx_word' id='word_1_443' title='bbox 1400 5788 1469 5833; x_wconf 80' lang='lat' dir='ltr'><strong>est</strong></span> <span class='ocrx_word' id='word_1_444' title='bbox 1491 5787 1662 5847; x_wconf 63' lang='lat' dir='ltr'><strong>storea.</strong></span> <span class='ocrx_word' id='word_1_445' title='bbox 1692 5781 1834 5832; x_wconf 79' lang='lat' dir='ltr'><strong>Porro</strong></span> 
     </span>
    </p>
   </div>
   <div class='ocr_carea' id='block_1_62' title="bbox 176 5842 1838 5908">
    <p class='ocr_par' dir='ltr' id='par_1_62' title="bbox 176 5842 1838 5908">
     <span class='ocr_line' id='line_1_62' title="bbox 176 5842 1838 5908; baseline -0.001 -11"><span class='ocrx_word' id='word_1_446' title='bbox 176 5904 179 5905; x_wconf 21' lang='grc' dir='ltr'><em>ν</em></span> <span class='ocrx_word' id='word_1_447' title='bbox 241 5842 742 5908; x_wconf 50' lang='lat' dir='ltr'><strong>Donatnsinﬁneid.</strong></span> <span class='ocrx_word' id='word_1_448' title='bbox 764 5844 811 5905; x_wconf 71' lang='lat'><strong>2,</strong></span> <span class='ocrx_word' id='word_1_449' title='bbox 834 5846 898 5894; x_wconf 82' lang='lat' dir='ltr'><strong>ait</strong></span> <span class='ocrx_word' id='word_1_450' title='bbox 930 5845 1137 5908; x_wconf 69' lang='lat' dir='ltr'><strong>«ulvam</strong></span> <span class='ocrx_word' id='word_1_451' title='bbox 1157 5857 1187 5895; x_wconf 83' lang='lat' dir='ltr'><strong>a</strong></span> <span class='ocrx_word' id='word_1_452' title='bbox 1209 5842 1456 5908; x_wconf 76' lang='lat' dir='ltr'><strong>plerisque</strong></span> <span class='ocrx_word' id='word_1_453' title='bbox 1476 5843 1571 5895; x_wconf 89' lang='lat' dir='ltr'><strong>dici</strong></span> <span class='ocrx_word' id='word_1_454' title='bbox 1595 5855 1703 5895; x_wconf 79' lang='lat' dir='ltr'><strong>eam</strong></span> <span class='ocrx_word' id='word_1_455' title='bbox 1726 5855 1838 5895; x_wconf 79' lang='lat' dir='ltr'><strong>esse</strong></span> 
     </span>
    </p>
   </div>
   <div class='ocr_carea' id='block_1_63' title="bbox 248 5905 1144 5967">
    <p class='ocr_par' dir='ltr' id='par_1_63' title="bbox 248 5905 1144 5967">
     <span class='ocr_line' id='line_1_63' title="bbox 248 5905 1144 5967; baseline -0.001 -15"><span class='ocrx_word' id='word_1_456' title='bbox 248 5922 274 5952; x_wconf 71' lang='grc' dir='ltr'>ι</span> <span class='ocrx_word' id='word_1_457' title='bbox 298 5919 445 5967; x_wconf 71' lang='lat' dir='ltr'><strong>qm</strong></span> <span class='ocrx_word' id='word_1_458' title='bbox 466 5905 618 5966; x_wconf 69' lang='lat' dir='ltr'><strong>vulgo</strong></span> <span class='ocrx_word' id='word_1_459' title='bbox 638 5906 813 5955; x_wconf 80' lang='lat' dir='ltr'><strong>bndam</strong></span> <span class='ocrx_word' id='word_1_460' title='bbox 834 5905 1092 5965; x_wconf 79' lang='lat' dir='ltr'><strong>appellant.</strong></span> <span class='ocrx_word' id='word_1_461' title='bbox 1120 5921 1144 5951; x_wconf 73' lang='grc' dir='ltr'><strong>ι</strong></span> 
     </span>
    </p>
   </div>
   <div class='ocr_carea' id='block_1_64' title="bbox 1415 398 2298 465">
    <p class='ocr_par' dir='ltr' id='par_1_64' title="bbox 1415 398 2298 465">
     <span class='ocr_line' id='line_1_64' title="bbox 1415 398 2298 465; baseline 0.014 -13"><span class='ocrx_word' id='word_1_462' title='bbox 1415 398 1891 457; x_wconf 80' lang='lat' dir='ltr'><strong>EPISTOLARUM</strong></span> <span class='ocrx_word' id='word_1_463' title='bbox 1930 400 2197 461; x_wconf 82' lang='lat' dir='ltr'><strong>CLASSlS</strong></span> <span class='ocrx_word' id='word_1_464' title='bbox 2236 408 2298 465; x_wconf 92' lang='lat' dir='ltr'><strong>ll.</strong></span> 
     </span>
    </p>
   </div>
   <div class='ocr_carea' id='block_1_65' title="bbox 1950 517 3524 609">
    <p class='ocr_par' dir='ltr' id='par_1_65' title="bbox 1950 517 3524 609">
     <span class='ocr_line' id='line_1_65' title="bbox 1950 517 3524 609; baseline 0.017 -40"><span class='ocrx_word' id='word_1_465' title='bbox 1950 517 2203 575; x_wconf 78' lang='lat' dir='ltr'><strong>facinoris</strong></span> <span class='ocrx_word' id='word_1_466' title='bbox 2222 531 2601 589; x_wconf 87' lang='lat' dir='ltr'><strong>ostentasscnt,</strong></span> <span class='ocrx_word' id='word_1_467' title='bbox 2628 528 2908 584; x_wconf 83' lang='lat' dir='ltr'><strong>abductum</strong></span> <span class='ocrx_word' id='word_1_468' title='bbox 2939 531 3060 587; x_wconf 90' lang='lat' dir='ltr'><strong>inde</strong></span> <span class='ocrx_word' id='word_1_469' title='bbox 3087 548 3194 602; x_wconf 86' lang='lat' dir='ltr'><strong>quo</strong></span> <span class='ocrx_word' id='word_1_470' title='bbox 3222 536 3524 609; x_wconf 80' lang='lat' dir='ltr'><strong>voluerunt,</strong></span> 
     </span>
    </p>
   </div>
   <div class='ocr_carea' id='block_1_66' title="bbox 1947 611 3529 689">
    <p class='ocr_par' dir='ltr' id='par_1_66' title="bbox 1947 611 3529 689">
     <span class='ocr_line' id='line_1_66' title="bbox 1947 611 3529 689; baseline 0.015 -26"><span class='ocrx_word' id='word_1_471' title='bbox 1947 611 2035 664; x_wconf 87' lang='lat' dir='ltr'><strong>vix</strong></span> <span class='ocrx_word' id='word_1_472' title='bbox 2078 623 2197 681; x_wconf 89' lang='lat' dir='ltr'><strong>post</strong></span> <span class='ocrx_word' id='word_1_473' title='bbox 2224 615 2337 670; x_wconf 88' lang='lat' dir='ltr'><strong>dies</strong></span> <span class='ocrx_word' id='word_1_474' title='bbox 2364 616 2642 674; x_wconf 88' lang='lat' dir='ltr'><strong>duodecim</strong></span> <span class='ocrx_word' id='word_1_475' title='bbox 2669 621 3002 679; x_wconf 89' lang='lat' dir='ltr'><strong>dimiserunt.</strong></span> <span class='ocrx_word' id='word_1_476' title='bbox 3046 625 3197 682; x_wconf 93' lang='lat' dir='ltr'><strong>Unde</strong></span> <span class='ocrx_word' id='word_1_477' title='bbox 3233 640 3529 689; x_wconf 82' lang='lat' dir='ltr'><strong>conventus</strong></span> 
     </span>
    </p>
   </div>
   <div class='ocr_carea' id='block_1_67' title="bbox 1952 704 3520 788">
    <p class='ocr_par' dir='ltr' id='par_1_67' title="bbox 1952 704 3520 788">
     <span class='ocr_line' id='line_1_67' title="bbox 1952 704 3520 788; baseline 0.012 -32"><span class='ocrx_word' id='word_1_478' title='bbox 1952 704 2359 773; x_wconf 87' lang='lat' dir='ltr'><strong>municipalibus</strong></span> <span class='ocrx_word' id='word_1_479' title='bbox 2385 708 2558 764; x_wconf 83' lang='lat' dir='ltr'><strong>Gestis</strong></span> <span class='ocrx_word' id='word_1_480' title='bbox 2587 727 2615 764; x_wconf 89' lang='lat' dir='ltr'><strong>a</strong></span> <span class='ocrx_word' id='word_1_481' title='bbox 2646 723 2825 767; x_wconf 90' lang='lat' dir='ltr'><strong>nostro</strong></span> <span class='ocrx_word' id='word_1_482' title='bbox 2846 716 3094 786; x_wconf 90' lang='lat' dir='ltr'><strong>episcopo</strong></span> <span class='ocrx_word' id='word_1_483' title='bbox 3122 718 3520 788; x_wconf 79' lang='lat' dir='ltr'><strong>Proculeianus,</strong></span> 
     </span>
    </p>
   </div>
   <div class='ocr_carea' id='block_1_68' title="bbox 1948 797 3526 875">
    <p class='ocr_par' dir='ltr' id='par_1_68' title="bbox 1948 797 3526 875">
     <span class='ocr_line' id='line_1_68' title="bbox 1948 797 3526 875; baseline 0.015 -28"><span class='ocrx_word' id='word_1_484' title='bbox 1948 809 2066 848; x_wconf 91' lang='lat' dir='ltr'><strong>cum</strong></span> <span class='ocrx_word' id='word_1_485' title='bbox 2113 797 2179 850; x_wconf 87' lang='lat' dir='ltr'><strong>ab</strong></span> <span class='ocrx_word' id='word_1_486' title='bbox 2228 798 2538 868; x_wconf 85' lang='lat' dir='ltr'><strong>inquirenda</strong></span> <span class='ocrx_word' id='word_1_487' title='bbox 2587 819 2742 859; x_wconf 86' lang='lat' dir='ltr'><strong>causa</strong></span> <span class='ocrx_word' id='word_1_488' title='bbox 2793 807 3196 875; x_wconf 83' lang='lat' dir='ltr'><strong>dissimulasset,</strong></span> <span class='ocrx_word' id='word_1_489' title='bbox 3241 820 3296 866; x_wconf 89' lang='lat' dir='ltr'><strong>et</strong></span> <span class='ocrx_word' id='word_1_490' title='bbox 3332 812 3526 870; x_wconf 87' lang='lat' dir='ltr'><strong>iterum</strong></span> 
     </span>
    </p>
   </div>
   <div class='ocr_carea' id='block_1_69' title="bbox 1949 888 3531 975">
    <p class='ocr_par' dir='ltr' id='par_1_69' title="bbox 1949 888 3531 975">
     <span class='ocr_line' id='line_1_69' title="bbox 1949 888 3531 975; baseline 0.014 -37"><span class='ocrx_word' id='word_1_491' title='bbox 1949 888 2200 942; x_wconf 88' lang='lat' dir='ltr'><strong>continuo</strong></span> <span class='ocrx_word' id='word_1_492' title='bbox 2225 902 2515 948; x_wconf 90' lang='lat' dir='ltr'><strong>conventus</strong></span> <span class='ocrx_word' id='word_1_493' title='bbox 2545 906 2720 962; x_wconf 90' lang='lat' dir='ltr'><strong>esset,</strong></span> <span class='ocrx_word' id='word_1_494' title='bbox 2763 897 2890 951; x_wconf 85' lang='lat' dir='ltr'><strong>nihil</strong></span> <span class='ocrx_word' id='word_1_495' title='bbox 2922 914 2978 952; x_wconf 89' lang='lat' dir='ltr'><strong>se</strong></span> <span class='ocrx_word' id='word_1_496' title='bbox 3006 900 3531 975; x_wconf 25' lang='lat' dir='ltr'><strong>dicturumtamplius</strong></span> 
     </span>
    </p>
   </div>
   <div class='ocr_carea' id='block_1_70' title="bbox 1948 976 3529 1066">
    <p class='ocr_par' dir='ltr' id='par_1_70' title="bbox 1948 976 3529 1066">
     <span class='ocr_line' id='line_1_70' title="bbox 1948 976 3529 1066; baseline 0.014 -36"><span class='ocrx_word' id='word_1_497' title='bbox 1948 976 2124 1032; x_wconf 86' lang='lat' dir='ltr'><strong>Gestis</strong></span> <span class='ocrx_word' id='word_1_498' title='bbox 2137 984 2420 1049; x_wconf 87' lang='lat' dir='ltr'><strong>expressit.</strong></span> <span class='ocrx_word' id='word_1_499' title='bbox 2439 986 2503 1039; x_wconf 84' lang='lat' dir='ltr'><strong>Et</strong></span> <span class='ocrx_word' id='word_1_500' title='bbox 2516 986 2673 1041; x_wconf 81' lang='lat' dir='ltr'><strong>hodie</strong></span> <span class='ocrx_word' id='word_1_501' title='bbox 2694 988 2767 1041; x_wconf 90' lang='lat' dir='ltr'><strong>illi</strong></span> <span class='ocrx_word' id='word_1_502' title='bbox 2787 990 2872 1058; x_wconf 92' lang='lat' dir='ltr'><strong>qui</strong></span> <span class='ocrx_word' id='word_1_503' title='bbox 2901 989 2998 1045; x_wconf 91' lang='lat' dir='ltr'><strong>hoc</strong></span> <span class='ocrx_word' id='word_1_504' title='bbox 3020 994 3277 1059; x_wconf 82' lang='lat' dir='ltr'><strong>fecerunt,</strong></span> <span class='ocrx_word' id='word_1_505' title='bbox 3308 997 3529 1066; x_wconf 87' lang='lat' dir='ltr'><strong>presby-</strong></span> 
     </span>
    </p>
   </div>
   <div class='ocr_carea' id='block_1_71' title="bbox 1947 1071 3529 1152">
    <p class='ocr_par' dir='ltr' id='par_1_71' title="bbox 1947 1071 3529 1152">
     <span class='ocr_line' id='line_1_71' title="bbox 1947 1071 3529 1152; baseline 0.013 -29"><span class='ocrx_word' id='word_1_506' title='bbox 1947 1071 2043 1124; x_wconf 90' lang='lat' dir='ltr'><strong>teri</strong></span> <span class='ocrx_word' id='word_1_507' title='bbox 2066 1073 2223 1125; x_wconf 80' lang='lat' dir='ltr'><strong>vestri</strong></span> <span class='ocrx_word' id='word_1_508' title='bbox 2252 1084 2394 1139; x_wconf 92' lang='lat' dir='ltr'><strong>sunt,</strong></span> <span class='ocrx_word' id='word_1_509' title='bbox 2421 1077 2591 1131; x_wconf 89' lang='lat' dir='ltr'><strong>adhuc</strong></span> <span class='ocrx_word' id='word_1_510' title='bbox 2621 1095 2716 1134; x_wconf 91' lang='lat' dir='ltr'><strong>nos</strong></span> <span class='ocrx_word' id='word_1_511' title='bbox 2739 1081 2949 1152; x_wconf 88' lang='lat' dir='ltr'><strong>insuper</strong></span> <span class='ocrx_word' id='word_1_512' title='bbox 2969 1085 3287 1151; x_wconf 85' lang='lat' dir='ltr'><strong>territantes,</strong></span> <span class='ocrx_word' id='word_1_513' title='bbox 3317 1097 3369 1142; x_wconf 91' lang='lat' dir='ltr'><strong>et</strong></span> <span class='ocrx_word' id='word_1_514' title='bbox 3390 1089 3529 1145; x_wconf 84' lang='lat' dir='ltr'><strong>sicut</strong></span> 
     </span>
    </p>
   </div>
   <div class='ocr_carea' id='block_1_72' title="bbox 1948 1164 2637 1236">
    <p class='ocr_par' dir='ltr' id='par_1_72' title="bbox 1948 1164 2637 1236">
     <span class='ocr_line' id='line_1_72' title="bbox 1948 1164 2637 1236; baseline 0.013 -22"><span class='ocrx_word' id='word_1_515' title='bbox 1948 1164 2211 1231; x_wconf 91' lang='lat' dir='ltr'><strong>potuerint</strong></span> <span class='ocrx_word' id='word_1_516' title='bbox 2239 1177 2637 1236; x_wconf 87' lang='lat' dir='ltr'><strong>persequentes.</strong></span> 
     </span>
    </p>
   </div>
   <div class='ocr_carea' id='block_1_73' title="bbox 2019 1255 3529 1345">
    <p class='ocr_par' dir='ltr' id='par_1_73' title="bbox 2019 1255 3529 1345">
     <span class='ocr_line' id='line_1_73' title="bbox 2019 1255 3529 1345; baseline 0.016 -39"><span class='ocrx_word' id='word_1_517' title='bbox 2019 1255 2069 1307; x_wconf 93' lang='lat'><strong>7.</strong></span> <span class='ocrx_word' id='word_1_518' title='bbox 2098 1255 2204 1309; x_wconf 89' lang='lat' dir='ltr'><strong>Nec</strong></span> <span class='ocrx_word' id='word_1_519' title='bbox 2227 1266 2399 1312; x_wconf 86' lang='lat' dir='ltr'><strong>tamen</strong></span> <span class='ocrx_word' id='word_1_520' title='bbox 2428 1259 2494 1314; x_wconf 92' lang='lat' dir='ltr'><strong>de</strong></span> <span class='ocrx_word' id='word_1_521' title='bbox 2521 1261 2600 1314; x_wconf 91' lang='lat' dir='ltr'><strong>his</strong></span> <span class='ocrx_word' id='word_1_522' title='bbox 2624 1261 2827 1333; x_wconf 88' lang='lat' dir='ltr'><strong>injuriis</strong></span> <span class='ocrx_word' id='word_1_523' title='bbox 2852 1274 2905 1320; x_wconf 87' lang='lat' dir='ltr'><strong>et</strong></span> <span class='ocrx_word' id='word_1_524' title='bbox 2926 1272 3379 1336; x_wconf 89' lang='lat' dir='ltr'><strong>persecutionibus</strong></span> <span class='ocrx_word' id='word_1_525' title='bbox 3394 1290 3529 1345; x_wconf 89' lang='lat' dir='ltr'><strong>quas</strong></span> 
     </span>
    </p>
   </div>
   <div class='ocr_carea' id='block_1_74' title="bbox 1946 1346 3528 1433">
    <p class='ocr_par' dir='ltr' id='par_1_74' title="bbox 1946 1346 3528 1433">
     <span class='ocr_line' id='line_1_74' title="bbox 1946 1346 3528 1433; baseline 0.013 -32"><span class='ocrx_word' id='word_1_526' title='bbox 1946 1346 2182 1402; x_wconf 84' lang='lat' dir='ltr'><strong>Ecclesia</strong></span> <span class='ocrx_word' id='word_1_527' title='bbox 2209 1348 2465 1406; x_wconf 81' lang='lat' dir='ltr'><strong>catholica</strong></span> <span class='ocrx_word' id='word_1_528' title='bbox 2497 1354 2547 1406; x_wconf 92' lang='lat' dir='ltr'><strong>in</strong></span> <span class='ocrx_word' id='word_1_529' title='bbox 2579 1356 2793 1425; x_wconf 86' lang='lat' dir='ltr'><strong>regione</strong></span> <span class='ocrx_word' id='word_1_530' title='bbox 2823 1370 3000 1413; x_wconf 88' lang='lat' dir='ltr'><strong>nostra</strong></span> <span class='ocrx_word' id='word_1_531' title='bbox 3025 1370 3148 1416; x_wconf 90' lang='lat' dir='ltr'><strong>tunc</strong></span> <span class='ocrx_word' id='word_1_532' title='bbox 3172 1366 3400 1433; x_wconf 85' lang='lat' dir='ltr'><strong>pertulit.</strong></span> <span class='ocrx_word' id='word_1_533' title='bbox 3428 1368 3528 1421; x_wconf 88' lang='lat' dir='ltr'><strong>im-</strong></span> 
     </span>
    </p>
   </div>
   <div class='ocr_carea' id='block_1_75' title="bbox 1946 1441 3526 1521">
    <p class='ocr_par' dir='ltr' id='par_1_75' title="bbox 1946 1441 3526 1521">
     <span class='ocr_line' id='line_1_75' title="bbox 1946 1441 3526 1521; baseline 0.017 -29"><span class='ocrx_word' id='word_1_534' title='bbox 1946 1441 2279 1507; x_wconf 88' lang='lat' dir='ltr'><strong>peratoribus</strong></span> <span class='ocrx_word' id='word_1_535' title='bbox 2326 1456 2645 1514; x_wconf 86' lang='lat' dir='ltr'><strong>conquestus</strong></span> <span class='ocrx_word' id='word_1_536' title='bbox 2698 1460 2779 1503; x_wconf 91' lang='lat' dir='ltr'><strong>est</strong></span> <span class='ocrx_word' id='word_1_537' title='bbox 2834 1453 3113 1521; x_wconf 78' lang='lat' dir='ltr'><strong>episeopus</strong></span> <span class='ocrx_word' id='word_1_538' title='bbox 3171 1468 3368 1513; x_wconf 89' lang='lat' dir='ltr'><strong>uoster.</strong></span> <span class='ocrx_word' id='word_1_539' title='bbox 3419 1462 3526 1518; x_wconf 88' lang='lat' dir='ltr'><strong>Sed</strong></span> 
     </span>
    </p>
   </div>
   <div class='ocr_carea' id='block_1_76' title="bbox 1945 1530 3521 1620">
    <p class='ocr_par' dir='ltr' id='par_1_76' title="bbox 1945 1530 3521 1620">
     <span class='ocr_line' id='line_1_76' title="bbox 1945 1530 3521 1620; baseline 0.015 -35"><span class='ocrx_word' id='word_1_540' title='bbox 1945 1530 2082 1585; x_wconf 82' lang='lat' dir='ltr'><strong>facto</strong></span> <span class='ocrx_word' id='word_1_541' title='bbox 2119 1536 2344 1591; x_wconf 90' lang='lat' dir='ltr'><strong>concilio</strong></span> <span class='ocrx_word' id='word_1_542' title='bbox 2375 1538 2449 1607; x_wconf 85' lang='grc' dir='ltr'><strong>(α)</strong></span> <span class='ocrx_word' id='word_1_543' title='bbox 2480 1540 2673 1608; x_wconf 84' lang='lat' dir='ltr'><strong>placuit</strong></span> <span class='ocrx_word' id='word_1_544' title='bbox 2716 1551 2772 1595; x_wconf 91' lang='lat' dir='ltr'><strong>ut</strong></span> <span class='ocrx_word' id='word_1_545' title='bbox 2820 1545 3033 1611; x_wconf 81' lang='lat' dir='ltr'><strong>paciliee</strong></span> <span class='ocrx_word' id='word_1_546' title='bbox 3071 1552 3521 1620; x_wconf 87' lang='lat' dir='ltr'><strong>conveniremini,</strong></span> 
     </span>
    </p>
   </div>
   <div class='ocr_carea' id='block_1_77' title="bbox 1944 1626 3520 1713">
    <p class='ocr_par' dir='ltr' id='par_1_77' title="bbox 1944 1626 3520 1713">
     <span class='ocr_line' id='line_1_77' title="bbox 1944 1626 3520 1713; baseline 0.015 -37"><span class='ocrx_word' id='word_1_547' title='bbox 1944 1640 2068 1694; x_wconf 91' lang='lat' dir='ltr'><strong>quo,</strong></span> <span class='ocrx_word' id='word_1_548' title='bbox 2094 1626 2135 1680; x_wconf 91' lang='lat' dir='ltr'><strong>si</strong></span> <span class='ocrx_word' id='word_1_549' title='bbox 2170 1627 2280 1682; x_wconf 83' lang='lat' dir='ltr'><strong>ﬁeri</strong></span> <span class='ocrx_word' id='word_1_550' title='bbox 2310 1641 2506 1696; x_wconf 91' lang='lat' dir='ltr'><strong>posset.</strong></span> <span class='ocrx_word' id='word_1_551' title='bbox 2541 1631 2804 1688; x_wconf 76' lang='lat' dir='ltr'><strong>haberetis</strong></span> <span class='ocrx_word' id='word_1_552' title='bbox 2831 1636 2966 1690; x_wconf 89' lang='lat' dir='ltr'><strong>inter</strong></span> <span class='ocrx_word' id='word_1_553' title='bbox 2996 1653 3089 1691; x_wconf 84' lang='lat' dir='ltr'><strong>vos</strong></span> <span class='ocrx_word' id='word_1_554' title='bbox 3122 1641 3135 1670; x_wconf 75' lang='grc' dir='ltr'>ί</span> <span class='ocrx_word' id='word_1_555' title='bbox 3167 1642 3520 1713; x_wconf 84' lang='lat' dir='ltr'><strong>collationem,</strong></span> 
     </span>
    </p>
   </div>
   <div class='ocr_carea' id='block_1_78' title="bbox 1944 1722 3524 1801">
    <p class='ocr_par' dir='ltr' id='par_1_78' title="bbox 1944 1722 3524 1801">
     <span class='ocr_line' id='line_1_78' title="bbox 1944 1722 3524 1801; baseline 0.013 -29"><span class='ocrx_word' id='word_1_556' title='bbox 1944 1726 1997 1772; x_wconf 86' lang='lat' dir='ltr'><strong>et</strong></span> <span class='ocrx_word' id='word_1_557' title='bbox 2026 1735 2208 1775; x_wconf 85' lang='lat' dir='ltr'><strong>errore</strong></span> <span class='ocrx_word' id='word_1_558' title='bbox 2238 1722 2464 1790; x_wconf 88' lang='lat' dir='ltr'><strong>sublato,</strong></span> <span class='ocrx_word' id='word_1_559' title='bbox 2498 1724 2725 1781; x_wconf 74' lang='lat' dir='ltr'><strong>fraterna</strong></span> <span class='ocrx_word' id='word_1_560' title='bbox 2754 1728 2986 1784; x_wconf 82' lang='lat' dir='ltr'><strong>Charitas</strong></span> <span class='ocrx_word' id='word_1_561' title='bbox 3016 1734 3158 1801; x_wconf 80' lang='lat' dir='ltr'><strong>pacis</strong></span> <span class='ocrx_word' id='word_1_562' title='bbox 3189 1736 3399 1791; x_wconf 90' lang='lat' dir='ltr'><strong>vinculo</strong></span> <span class='ocrx_word' id='word_1_563' title='bbox 3430 1738 3524 1793; x_wconf 69' lang='lat' dir='ltr'><strong>lae-</strong></span> 
     </span>
    </p>
   </div>
   <div class='ocr_carea' id='block_1_79' title="bbox 1945 1815 3525 1893">
    <p class='ocr_par' dir='ltr' id='par_1_79' title="bbox 1945 1815 3525 1893">
     <span class='ocr_line' id='line_1_79' title="bbox 1945 1815 3525 1893; baseline 0.013 -29"><span class='ocrx_word' id='word_1_564' title='bbox 1945 1820 2145 1867; x_wconf 89' lang='lat' dir='ltr'><strong>taretur</strong></span> <span class='ocrx_word' id='word_1_565' title='bbox 2169 1815 2209 1867; x_wconf 86' lang='grc'><strong>¹.</strong></span> <span class='ocrx_word' id='word_1_566' title='bbox 2241 1816 2305 1869; x_wconf 84' lang='grc' dir='ltr'><strong>Ει</strong></span> <span class='ocrx_word' id='word_1_567' title='bbox 2344 1817 2394 1869; x_wconf 89' lang='lat' dir='ltr'><strong>in</strong></span> <span class='ocrx_word' id='word_1_568' title='bbox 2428 1818 2539 1887; x_wconf 88' lang='lat' dir='ltr'><strong>ipsa</strong></span> <span class='ocrx_word' id='word_1_569' title='bbox 2584 1822 2936 1877; x_wconf 87' lang='lat' dir='ltr'><strong>conventione</strong></span> <span class='ocrx_word' id='word_1_570' title='bbox 2978 1823 3102 1893; x_wconf 87' lang='lat' dir='ltr'><strong>quid</strong></span> <span class='ocrx_word' id='word_1_571' title='bbox 3150 1827 3525 1885; x_wconf 84' lang='lat' dir='ltr'><strong>Proeuleianus</strong></span> 
     </span>
    </p>
   </div>
   <div class='ocr_carea' id='block_1_80' title="bbox 1941 1902 3527 1985">
    <p class='ocr_par' dir='ltr' id='par_1_80' title="bbox 1941 1902 3527 1985">
     <span class='ocr_line' id='line_1_80' title="bbox 1941 1902 3527 1985; baseline 0.013 -31"><span class='ocrx_word' id='word_1_572' title='bbox 1941 1902 2115 1971; x_wconf 87' lang='lat' dir='ltr'><strong>primo</strong></span> <span class='ocrx_word' id='word_1_573' title='bbox 2145 1906 2495 1974; x_wconf 88' lang='lat' dir='ltr'><strong>responderit,</strong></span> <span class='ocrx_word' id='word_1_574' title='bbox 2527 1910 2665 1978; x_wconf 90' lang='lat' dir='ltr'><strong>quod</strong></span> <span class='ocrx_word' id='word_1_575' title='bbox 2691 1914 2971 1966; x_wconf 88' lang='lat' dir='ltr'><strong>concilium</strong></span> <span class='ocrx_word' id='word_1_576' title='bbox 3017 1914 3201 1968; x_wconf 82' lang='lat' dir='ltr'><strong>facturi</strong></span> <span class='ocrx_word' id='word_1_577' title='bbox 3232 1920 3439 1985; x_wconf 89' lang='lat' dir='ltr'><strong>essetis,</strong></span> <span class='ocrx_word' id='word_1_578' title='bbox 3472 1929 3527 1975; x_wconf 88' lang='lat' dir='ltr'><strong>et</strong></span> 
     </span>
    </p>
   </div>
   <div class='ocr_carea' id='block_1_81' title="bbox 1944 1994 3522 2081">
    <p class='ocr_par' dir='ltr' id='par_1_81' title="bbox 1944 1994 3522 2081">
     <span class='ocr_line' id='line_1_81' title="bbox 1944 1994 3522 2081; baseline 0.011 -33"><span class='ocrx_word' id='word_1_579' title='bbox 1944 1994 2051 2050; x_wconf 89' lang='lat' dir='ltr'><strong>illic</strong></span> <span class='ocrx_word' id='word_1_580' title='bbox 2103 1998 2262 2052; x_wconf 85' lang='lat' dir='ltr'><strong>visuri</strong></span> <span class='ocrx_word' id='word_1_581' title='bbox 2306 2001 2430 2069; x_wconf 87' lang='lat' dir='ltr'><strong>quid</strong></span> <span class='ocrx_word' id='word_1_582' title='bbox 2484 2005 2806 2071; x_wconf 89' lang='lat' dir='ltr'><strong>respondere</strong></span> <span class='ocrx_word' id='word_1_583' title='bbox 2845 2005 3147 2073; x_wconf 85' lang='lat' dir='ltr'><strong>deberetis;</strong></span> <span class='ocrx_word' id='word_1_584' title='bbox 3179 2008 3369 2065; x_wconf 88' lang='lat' dir='ltr'><strong>deinde</strong></span> <span class='ocrx_word' id='word_1_585' title='bbox 3398 2012 3522 2081; x_wconf 90' lang='lat' dir='ltr'><strong>quid</strong></span> 
     </span>
    </p>
   </div>
   <div class='ocr_carea' id='block_1_82' title="bbox 1941 2099 3521 2165">
    <p class='ocr_par' dir='ltr' id='par_1_82' title="bbox 1941 2099 3521 2165">
     <span class='ocr_line' id='line_1_82' title="bbox 1941 2099 3521 2165; baseline 0.011 -25"><span class='ocrx_word' id='word_1_586' title='bbox 1941 2099 2146 2159; x_wconf 87' lang='lat' dir='ltr'><strong>postea,</strong></span> <span class='ocrx_word' id='word_1_587' title='bbox 2178 2106 2297 2145; x_wconf 92' lang='lat' dir='ltr'><strong>cum</strong></span> <span class='ocrx_word' id='word_1_588' title='bbox 2326 2104 2539 2162; x_wconf 72' lang='lat' dir='ltr'><strong>promer</strong></span> <span class='ocrx_word' id='word_1_589' title='bbox 2564 2111 2711 2149; x_wconf 86' lang='lat' dir='ltr'><strong>suam</strong></span> <span class='ocrx_word' id='word_1_590' title='bbox 2757 2100 3161 2165; x_wconf 80' lang='lat' dir='ltr'><strong>promissionem</strong></span> <span class='ocrx_word' id='word_1_591' title='bbox 3191 2102 3366 2156; x_wconf 90' lang='lat' dir='ltr'><strong>denuo</strong></span> <span class='ocrx_word' id='word_1_592' title='bbox 3390 2118 3521 2157; x_wconf 87' lang='lat' dir='ltr'><strong>con-</strong></span> 
     </span>
    </p>
   </div>
   <div class='ocr_carea' id='block_1_83' title="bbox 1941 2181 3521 2262">
    <p class='ocr_par' dir='ltr' id='par_1_83' title="bbox 1941 2181 3521 2262">
     <span class='ocr_line' id='line_1_83' title="bbox 1941 2181 3521 2262; baseline 0.01 -29"><span class='ocrx_word' id='word_1_593' title='bbox 1941 2190 2128 2235; x_wconf 88' lang='lat' dir='ltr'><strong>ventus</strong></span> <span class='ocrx_word' id='word_1_594' title='bbox 2173 2191 2333 2248; x_wconf 88' lang='lat' dir='ltr'><strong>esset,</strong></span> <span class='ocrx_word' id='word_1_595' title='bbox 2381 2186 2526 2242; x_wconf 83' lang='lat' dir='ltr'><strong>Actis</strong></span> <span class='ocrx_word' id='word_1_596' title='bbox 2572 2190 2913 2257; x_wconf 87' lang='lat' dir='ltr'><strong>expresserit,</strong></span> <span class='ocrx_word' id='word_1_597' title='bbox 2956 2207 3206 2245; x_wconf 86' lang='lat' dir='ltr'><strong>recusans</strong></span> <span class='ocrx_word' id='word_1_598' title='bbox 3251 2181 3521 2262; x_wconf 84' lang='lat' dir='ltr'><strong>paciﬁcam</strong></span> 
     </span>
    </p>
   </div>
   <div class='ocr_carea' id='block_1_84' title="bbox 1939 2272 3519 2345">
    <p class='ocr_par' dir='ltr' id='par_1_84' title="bbox 1939 2272 3519 2345">
     <span class='ocr_line' id='line_1_84' title="bbox 1939 2272 3519 2345; baseline 0.009 -20"><span class='ocrx_word' id='word_1_599' title='bbox 1939 2272 2297 2339; x_wconf 87' lang='lat' dir='ltr'><strong>collationem,</strong></span> <span class='ocrx_word' id='word_1_600' title='bbox 2336 2276 2444 2345; x_wconf 87' lang='lat' dir='ltr'><strong>ipsa</strong></span> <span class='ocrx_word' id='word_1_601' title='bbox 2491 2276 2647 2332; x_wconf 82' lang='lat' dir='ltr'><strong>Gesta</strong></span> <span class='ocrx_word' id='word_1_602' title='bbox 2696 2280 2962 2335; x_wconf 88' lang='lat' dir='ltr'><strong>instruant</strong></span> <span class='ocrx_word' id='word_1_603' title='bbox 2995 2281 3316 2337; x_wconf 87' lang='lat' dir='ltr'><strong>Gravitatem</strong></span> <span class='ocrx_word' id='word_1_604' title='bbox 3357 2294 3519 2340; x_wconf 87' lang='lat' dir='ltr'><strong>tuam.</strong></span> 
     </span>
    </p>
   </div>
   <div class='ocr_carea' id='block_1_85' title="bbox 1941 2364 3519 2432">
    <p class='ocr_par' dir='ltr' id='par_1_85' title="bbox 1941 2364 3519 2432">
     <span class='ocr_line' id='line_1_85' title="bbox 1941 2364 3519 2432; baseline 0.008 -13"><span class='ocrx_word' id='word_1_605' title='bbox 1941 2364 2139 2420; x_wconf 90' lang='lat' dir='ltr'><strong>Deinde</strong></span> <span class='ocrx_word' id='word_1_606' title='bbox 2156 2382 2277 2422; x_wconf 91' lang='lat' dir='ltr'><strong>cum</strong></span> <span class='ocrx_word' id='word_1_607' title='bbox 2299 2378 2595 2425; x_wconf 84' lang='lat' dir='ltr'><strong>vestrorum</strong></span> <span class='ocrx_word' id='word_1_608' title='bbox 2619 2372 2935 2427; x_wconf 91' lang='lat' dir='ltr'><strong>clericorum</strong></span> <span class='ocrx_word' id='word_1_609' title='bbox 2958 2383 3012 2429; x_wconf 89' lang='lat' dir='ltr'><strong>et</strong></span> <span class='ocrx_word' id='word_1_610' title='bbox 3032 2375 3519 2432; x_wconf 90' lang='lat' dir='ltr'><strong>circumcellionum</strong></span> 
     </span>
    </p>
   </div>
   <div class='ocr_carea' id='block_1_86' title="bbox 1937 2458 3523 2535">
    <p class='ocr_par' dir='ltr' id='par_1_86' title="bbox 1937 2458 3523 2535">
     <span class='ocr_line' id='line_1_86' title="bbox 1937 2458 3523 2535; baseline 0.008 -21"><span class='ocrx_word' id='word_1_611' title='bbox 1937 2458 2213 2514; x_wconf 84' lang='lat' dir='ltr'><strong>notissima</strong></span> <span class='ocrx_word' id='word_1_612' title='bbox 2268 2463 2511 2519; x_wconf 88' lang='lat' dir='ltr'><strong>omnibus</strong></span> <span class='ocrx_word' id='word_1_613' title='bbox 2558 2481 2663 2519; x_wconf 89' lang='lat' dir='ltr'><strong>non</strong></span> <span class='ocrx_word' id='word_1_614' title='bbox 2720 2476 2954 2521; x_wconf 88' lang='lat' dir='ltr'><strong>cessaret</strong></span> <span class='ocrx_word' id='word_1_615' title='bbox 3006 2468 3329 2535; x_wconf 87' lang='lat' dir='ltr'><strong>immanitas,</strong></span> <span class='ocrx_word' id='word_1_616' title='bbox 3383 2471 3523 2527; x_wconf 85' lang='lat' dir='ltr'><strong>dicta</strong></span> 
     </span>
    </p>
   </div>
   <div class='ocr_carea' id='block_1_87' title="bbox 1936 2556 3523 2628">
    <p class='ocr_par' dir='ltr' id='par_1_87' title="bbox 1936 2556 3523 2628">
     <span class='ocr_line' id='line_1_87' title="bbox 1936 2556 3523 2628; baseline 0.008 -23"><span class='ocrx_word' id='word_1_617' title='bbox 1936 2566 2093 2606; x_wconf 88' lang='lat' dir='ltr'><strong>causa</strong></span> <span class='ocrx_word' id='word_1_618' title='bbox 2125 2562 2225 2619; x_wconf 90' lang='lat' dir='ltr'><strong>est,</strong></span> <span class='ocrx_word' id='word_1_619' title='bbox 2272 2569 2392 2609; x_wconf 91' lang='lat' dir='ltr'><strong>cum</strong></span> <span class='ocrx_word' id='word_1_620' title='bbox 2440 2556 2710 2626; x_wconf 91' lang='lat' dir='ltr'><strong>Crispinus</strong></span> <span class='ocrx_word' id='word_1_621' title='bbox 2753 2557 3018 2628; x_wconf 86' lang='lat' dir='ltr'><strong>judicatus</strong></span> <span class='ocrx_word' id='word_1_622' title='bbox 3066 2559 3367 2628; x_wconf 67' lang='lat' dir='ltr'><strong>haereticus,</strong></span> <span class='ocrx_word' id='word_1_623' title='bbox 3422 2578 3523 2617; x_wconf 90' lang='lat' dir='ltr'><strong>nec</strong></span> 
     </span>
    </p>
   </div>
   <div class='ocr_carea' id='block_1_88' title="bbox 1937 2646 3523 2721">
    <p class='ocr_par' dir='ltr' id='par_1_88' title="bbox 1937 2646 3523 2721">
     <span class='ocr_line' id='line_1_88' title="bbox 1937 2646 3523 2721; baseline 0.009 -24"><span class='ocrx_word' id='word_1_624' title='bbox 1937 2660 2091 2714; x_wconf 78' lang='lat' dir='ltr'><strong>pmna</strong></span> <span class='ocrx_word' id='word_1_625' title='bbox 2129 2646 2313 2701; x_wconf 88' lang='lat' dir='ltr'><strong>decem</strong></span> <span class='ocrx_word' id='word_1_626' title='bbox 2365 2649 2616 2704; x_wconf 89' lang='lat' dir='ltr'><strong>librarum</strong></span> <span class='ocrx_word' id='word_1_627' title='bbox 2648 2652 2761 2706; x_wconf 91' lang='lat' dir='ltr'><strong>auri</strong></span> <span class='ocrx_word' id='word_1_628' title='bbox 2795 2668 2910 2721; x_wconf 76' lang='lat' dir='ltr'><strong>qua:</strong></span> <span class='ocrx_word' id='word_1_629' title='bbox 2940 2653 2992 2707; x_wconf 90' lang='lat' dir='ltr'><strong>in</strong></span> <span class='ocrx_word' id='word_1_630' title='bbox 3025 2654 3303 2710; x_wconf 80' lang='lat' dir='ltr'><strong>haereticos</strong></span> <span class='ocrx_word' id='word_1_631' title='bbox 3330 2657 3398 2711; x_wconf 87' lang='lat' dir='ltr'><strong>ab</strong></span> <span class='ocrx_word' id='word_1_632' title='bbox 3426 2660 3523 2712; x_wconf 83' lang='lat' dir='ltr'><strong>im-</strong></span> 
     </span>
    </p>
   </div>
   <div class='ocr_carea' id='block_1_89' title="bbox 1935 2737 3522 2811">
    <p class='ocr_par' dir='ltr' id='par_1_89' title="bbox 1935 2737 3522 2811">
     <span class='ocr_line' id='line_1_89' title="bbox 1935 2737 3522 2811; baseline 0.009 -23"><span class='ocrx_word' id='word_1_633' title='bbox 1935 2737 2267 2805; x_wconf 88' lang='lat' dir='ltr'><strong>peratoribus</strong></span> <span class='ocrx_word' id='word_1_634' title='bbox 2293 2737 2462 2793; x_wconf 80' lang='lat' dir='ltr'><strong>fuerat</strong></span> <span class='ocrx_word' id='word_1_635' title='bbox 2490 2742 2793 2806; x_wconf 89' lang='lat' dir='ltr'><strong>constituta,</strong></span> <span class='ocrx_word' id='word_1_636' title='bbox 2823 2758 2919 2811; x_wconf 90' lang='lat' dir='ltr'><strong>per</strong></span> <span class='ocrx_word' id='word_1_637' title='bbox 2946 2747 3403 2802; x_wconf 87' lang='lat' dir='ltr'><strong>mansuetudinem</strong></span> <span class='ocrx_word' id='word_1_638' title='bbox 3430 2766 3522 2803; x_wconf 88' lang='lat' dir='ltr'><strong>ca-</strong></span> 
     </span>
    </p>
   </div>
   <div class='ocr_carea' id='block_1_90' title="bbox 1936 2826 3521 2907">
    <p class='ocr_par' dir='ltr' id='par_1_90' title="bbox 1936 2826 3521 2907">
     <span class='ocr_line' id='line_1_90' title="bbox 1936 2826 3521 2907; baseline 0.011 -29"><span class='ocrx_word' id='word_1_639' title='bbox 1936 2826 2184 2886; x_wconf 85' lang='lat' dir='ltr'><strong>tholicam</strong></span> <span class='ocrx_word' id='word_1_640' title='bbox 2215 2829 2357 2883; x_wconf 83' lang='lat' dir='ltr'><strong>feriri</strong></span> <span class='ocrx_word' id='word_1_641' title='bbox 2384 2832 2672 2898; x_wconf 88' lang='lat' dir='ltr'><strong>permissus</strong></span> <span class='ocrx_word' id='word_1_642' title='bbox 2692 2840 2792 2899; x_wconf 90' lang='lat' dir='ltr'><strong>est,</strong></span> <span class='ocrx_word' id='word_1_643' title='bbox 2812 2843 2864 2888; x_wconf 87' lang='lat' dir='ltr'><strong>et</strong></span> <span class='ocrx_word' id='word_1_644' title='bbox 2888 2845 3061 2889; x_wconf 89' lang='lat' dir='ltr'><strong>tamen</strong></span> <span class='ocrx_word' id='word_1_645' title='bbox 3087 2838 3150 2889; x_wconf 89' lang='lat' dir='ltr'><strong>ad</strong></span> <span class='ocrx_word' id='word_1_646' title='bbox 3175 2838 3521 2907; x_wconf 89' lang='lat' dir='ltr'><strong>imperatores</strong></span> 
     </span>
    </p>
   </div>
   <div class='ocr_carea' id='block_1_91' title="bbox 1934 2920 3519 2997">
    <p class='ocr_par' dir='ltr' id='par_1_91' title="bbox 1934 2920 3519 2997">
     <span class='ocr_line' id='line_1_91' title="bbox 1934 2920 3519 2997; baseline 0.009 -26"><span class='ocrx_word' id='word_1_647' title='bbox 1934 2920 2303 2988; x_wconf 88' lang='lat' dir='ltr'><strong>appellandum</strong></span> <span class='ocrx_word' id='word_1_648' title='bbox 2338 2922 2540 2991; x_wconf 85' lang='lat' dir='ltr'><strong>putavit</strong></span> <span class='ocrx_word' id='word_1_649' title='bbox 2569 2921 2661 2994; x_wconf 77' lang='grc' dir='ltr'><strong>(ὁ).</strong></span> <span class='ocrx_word' id='word_1_650' title='bbox 2693 2922 2852 2993; x_wconf 91' lang='lat' dir='ltr'><strong>Cujus</strong></span> <span class='ocrx_word' id='word_1_651' title='bbox 2894 2927 3229 2994; x_wconf 80' lang='lat' dir='ltr'><strong>appellationi</strong></span> <span class='ocrx_word' id='word_1_652' title='bbox 3268 2931 3408 2997; x_wconf 90' lang='lat' dir='ltr'><strong>quod</strong></span> <span class='ocrx_word' id='word_1_653' title='bbox 3450 2932 3519 2985; x_wconf 88' lang='lat' dir='ltr'><strong>ita</strong></span> 
     </span>
    </p>
   </div>
   <div class='ocr_carea' id='block_1_92' title="bbox 1938 3020 3522 3093">
    <p class='ocr_par' dir='ltr' id='par_1_92' title="bbox 1938 3020 3522 3093">
     <span class='ocr_line' id='line_1_92' title="bbox 1938 3020 3522 3093; baseline 0.008 -28"><span class='ocrx_word' id='word_1_654' title='bbox 1938 3026 2248 3081; x_wconf 81' lang='lat' dir='ltr'><strong>responsum</strong></span> <span class='ocrx_word' id='word_1_655' title='bbox 2281 3023 2380 3081; x_wconf 90' lang='lat' dir='ltr'><strong>est,</strong></span> <span class='ocrx_word' id='word_1_656' title='bbox 2424 3031 2599 3070; x_wconf 82' lang='lat' dir='ltr'><strong>nonne</strong></span> <span class='ocrx_word' id='word_1_657' title='bbox 2633 3026 2931 3071; x_wconf 85' lang='lat' dir='ltr'><strong>vestrorum</strong></span> <span class='ocrx_word' id='word_1_658' title='bbox 2970 3020 3274 3087; x_wconf 75' lang='lat' dir='ltr'><strong>praecedens</strong></span> <span class='ocrx_word' id='word_1_659' title='bbox 3322 3023 3522 3093; x_wconf 88' lang='lat' dir='ltr'><strong>impro-</strong></span> 
     </span>
    </p>
   </div>
   <div class='ocr_carea' id='block_1_93' title="bbox 1935 3105 3520 3180">
    <p class='ocr_par' dir='ltr' id='par_1_93' title="bbox 1935 3105 3520 3180">
     <span class='ocr_line' id='line_1_93' title="bbox 1935 3105 3520 3180; baseline 0.008 -21"><span class='ocrx_word' id='word_1_660' title='bbox 1935 3105 2070 3160; x_wconf 90' lang='lat' dir='ltr'><strong>bitas</strong></span> <span class='ocrx_word' id='word_1_661' title='bbox 2095 3148 2109 3171; x_wconf 92' lang='lat'><strong>,</strong></span> <span class='ocrx_word' id='word_1_662' title='bbox 2153 3115 2207 3160; x_wconf 88' lang='lat' dir='ltr'><strong>et</strong></span> <span class='ocrx_word' id='word_1_663' title='bbox 2254 3108 2439 3161; x_wconf 88' lang='lat' dir='ltr'><strong>eadem</strong></span> <span class='ocrx_word' id='word_1_664' title='bbox 2479 3109 2641 3177; x_wconf 90' lang='lat' dir='ltr'><strong>ipsius</strong></span> <span class='ocrx_word' id='word_1_665' title='bbox 2672 3110 2955 3180; x_wconf 88' lang='lat' dir='ltr'><strong>appellatio</strong></span> <span class='ocrx_word' id='word_1_666' title='bbox 2982 3115 3206 3167; x_wconf 82' lang='lat' dir='ltr'><strong>extorsit</strong></span> <span class='ocrx_word' id='word_1_667' title='bbox 3235 3124 3293 3168; x_wconf 91' lang='lat' dir='ltr'><strong>ut</strong></span> <span class='ocrx_word' id='word_1_668' title='bbox 3321 3116 3520 3171; x_wconf 85' lang='lat' dir='ltr'><strong>ﬁeret?</strong></span> 
     </span>
    </p>
   </div>
   <div class='ocr_carea' id='block_1_94' title="bbox 1936 3202 3521 3275">
    <p class='ocr_par' dir='ltr' id='par_1_94' title="bbox 1936 3202 3521 3275">
     <span class='ocr_line' id='line_1_94' title="bbox 1936 3202 3521 3275; baseline 0.009 -23"><span class='ocrx_word' id='word_1_669' title='bbox 1936 3212 2033 3252; x_wconf 90' lang='lat' dir='ltr'><strong>nec</strong></span> <span class='ocrx_word' id='word_1_670' title='bbox 2060 3207 2233 3252; x_wconf 87' lang='lat' dir='ltr'><strong>tamen</strong></span> <span class='ocrx_word' id='word_1_671' title='bbox 2270 3202 2427 3254; x_wconf 87' lang='lat' dir='ltr'><strong>etiam</strong></span> <span class='ocrx_word' id='word_1_672' title='bbox 2457 3212 2573 3270; x_wconf 87' lang='lat' dir='ltr'><strong>post</strong></span> <span class='ocrx_word' id='word_1_673' title='bbox 2600 3202 2769 3271; x_wconf 90' lang='lat' dir='ltr'><strong>ipsum</strong></span> <span class='ocrx_word' id='word_1_674' title='bbox 2801 3205 3147 3275; x_wconf 84' lang='lat' dir='ltr'><strong>rescriptum,</strong></span> <span class='ocrx_word' id='word_1_675' title='bbox 3188 3208 3521 3265; x_wconf 88' lang='lat' dir='ltr'><strong>interceden-</strong></span> 
     </span>
    </p>
   </div>
   <div class='ocr_carea' id='block_1_95' title="bbox 1936 3290 3514 3369">
    <p class='ocr_par' dir='ltr' id='par_1_95' title="bbox 1936 3290 3514 3369">
     <span class='ocr_line' id='line_1_95' title="bbox 1936 3290 3514 3369; baseline 0.01 -24"><span class='ocrx_word' id='word_1_676' title='bbox 1936 3290 2072 3345; x_wconf 80' lang='lat' dir='ltr'><strong>tibus</strong></span> <span class='ocrx_word' id='word_1_677' title='bbox 2101 3292 2238 3361; x_wconf 84' lang='lat' dir='ltr'><strong>apud</strong></span> <span class='ocrx_word' id='word_1_678' title='bbox 2267 3293 2643 3362; x_wconf 89' lang='lat' dir='ltr'><strong>Imperatorem</strong></span> <span class='ocrx_word' id='word_1_679' title='bbox 2668 3297 2862 3351; x_wconf 88' lang='lat' dir='ltr'><strong>nostris</strong></span> <span class='ocrx_word' id='word_1_680' title='bbox 2884 3300 3170 3369; x_wconf 81' lang='lat' dir='ltr'><strong>episcOpis,</strong></span> <span class='ocrx_word' id='word_1_681' title='bbox 3188 3302 3373 3358; x_wconf 90' lang='lat' dir='ltr'><strong>eadem</strong></span> <span class='ocrx_word' id='word_1_682' title='bbox 3400 3307 3514 3360; x_wconf 91' lang='lat' dir='ltr'><strong>auri</strong></span> 
     </span>
    </p>
   </div>
   <div class='ocr_carea' id='block_1_96' title="bbox 1934 3384 3520 3467">
    <p class='ocr_par' dir='ltr' id='par_1_96' title="bbox 1934 3384 3520 3467">
     <span class='ocr_line' id='line_1_96' title="bbox 1934 3384 3520 3467; baseline 0.009 -27"><span class='ocrx_word' id='word_1_683' title='bbox 1934 3384 2374 3443; x_wconf 87' lang='lat' dir='ltr'><strong>condemnatione</strong></span> <span class='ocrx_word' id='word_1_684' title='bbox 2416 3390 2668 3444; x_wconf 83' lang='lat' dir='ltr'><strong>multatus</strong></span> <span class='ocrx_word' id='word_1_685' title='bbox 2709 3398 2807 3445; x_wconf 89' lang='lat' dir='ltr'><strong>est.</strong></span> <span class='ocrx_word' id='word_1_686' title='bbox 2851 3392 2929 3446; x_wconf 88' lang='lat' dir='ltr'><strong>Ex</strong></span> <span class='ocrx_word' id='word_1_687' title='bbox 2973 3395 3197 3451; x_wconf 90' lang='lat' dir='ltr'><strong>concilio</strong></span> <span class='ocrx_word' id='word_1_688' title='bbox 3228 3396 3297 3467; x_wconf 81' lang='grc' dir='ltr'><strong>(ε)</strong></span> <span class='ocrx_word' id='word_1_689' title='bbox 3339 3404 3520 3454; x_wconf 89' lang='lat' dir='ltr'><strong>autem</strong></span> 
     </span>
    </p>
   </div>
   <div class='ocr_carea' id='block_1_97' title="bbox 1936 3476 3521 3560">
    <p class='ocr_par' dir='ltr' id='par_1_97' title="bbox 1936 3476 3521 3560">
     <span class='ocr_line' id='line_1_97' title="bbox 1936 3476 3521 3560; baseline 0.008 -29"><span class='ocrx_word' id='word_1_690' title='bbox 1936 3476 2103 3532; x_wconf 91' lang='lat' dir='ltr'><strong>nostri</strong></span> <span class='ocrx_word' id='word_1_691' title='bbox 2130 3479 2363 3550; x_wconf 89' lang='lat' dir='ltr'><strong>episcopi</strong></span> <span class='ocrx_word' id='word_1_692' title='bbox 2407 3480 2608 3550; x_wconf 87' lang='lat' dir='ltr'><strong>legatos</strong></span> <span class='ocrx_word' id='word_1_693' title='bbox 2651 3481 2718 3536; x_wconf 87' lang='lat' dir='ltr'><strong>ad</strong></span> <span class='ocrx_word' id='word_1_694' title='bbox 2757 3486 3062 3539; x_wconf 90' lang='lat' dir='ltr'><strong>comitatum</strong></span> <span class='ocrx_word' id='word_1_695' title='bbox 3108 3488 3389 3555; x_wconf 90' lang='lat' dir='ltr'><strong>miserunt,</strong></span> <span class='ocrx_word' id='word_1_696' title='bbox 3430 3492 3521 3560; x_wconf 92' lang='lat' dir='ltr'><strong>qui</strong></span> 
     </span>
    </p>
   </div>
   <div class='ocr_carea' id='block_1_98' title="bbox 1934 3567 3520 3652">
    <p class='ocr_par' dir='ltr' id='par_1_98' title="bbox 1934 3567 3520 3652">
     <span class='ocr_line' id='line_1_98' title="bbox 1934 3567 3520 3652; baseline 0.009 -30"><span class='ocrx_word' id='word_1_697' title='bbox 1934 3567 2281 3637; x_wconf 88' lang='lat' dir='ltr'><strong>impetrarent</strong></span> <span class='ocrx_word' id='word_1_698' title='bbox 2326 3577 2383 3624; x_wconf 93' lang='lat' dir='ltr'><strong>ut</strong></span> <span class='ocrx_word' id='word_1_699' title='bbox 2416 3587 2522 3626; x_wconf 90' lang='lat' dir='ltr'><strong>non</strong></span> <span class='ocrx_word' id='word_1_700' title='bbox 2560 3589 2748 3629; x_wconf 90' lang='lat' dir='ltr'><strong>omnes</strong></span> <span class='ocrx_word' id='word_1_701' title='bbox 2788 3577 3022 3647; x_wconf 85' lang='lat' dir='ltr'><strong>episcopi</strong></span> <span class='ocrx_word' id='word_1_702' title='bbox 3059 3586 3113 3632; x_wconf 81' lang='lat' dir='ltr'><strong>et</strong></span> <span class='ocrx_word' id='word_1_703' title='bbox 3147 3580 3324 3635; x_wconf 89' lang='lat' dir='ltr'><strong>clerici</strong></span> <span class='ocrx_word' id='word_1_704' title='bbox 3356 3583 3520 3652; x_wconf 85' lang='lat' dir='ltr'><strong>partis</strong></span> 
     </span>
    </p>
   </div>
   <div class='ocr_carea' id='block_1_99' title="bbox 1936 3662 3521 3729">
    <p class='ocr_par' dir='ltr' id='par_1_99' title="bbox 1936 3662 3521 3729">
     <span class='ocr_line' id='line_1_99' title="bbox 1936 3662 3521 3729; baseline 0.009 -14"><span class='ocrx_word' id='word_1_705' title='bbox 1936 3671 2143 3727; x_wconf 76' lang='lat' dir='ltr'><strong>vestrze,</strong></span> <span class='ocrx_word' id='word_1_706' title='bbox 2171 3662 2236 3717; x_wconf 92' lang='lat' dir='ltr'><strong>ad</strong></span> <span class='ocrx_word' id='word_1_707' title='bbox 2263 3664 2504 3719; x_wconf 87' lang='lat' dir='ltr'><strong>eamdem</strong></span> <span class='ocrx_word' id='word_1_708' title='bbox 2532 3666 3028 3725; x_wconf 85' lang='lat' dir='ltr'><strong>condemnationem</strong></span> <span class='ocrx_word' id='word_1_709' title='bbox 3055 3670 3238 3728; x_wconf 90' lang='lat' dir='ltr'><strong>decem</strong></span> <span class='ocrx_word' id='word_1_710' title='bbox 3266 3673 3521 3729; x_wconf 86' lang='lat' dir='ltr'><strong>librarum</strong></span> 
     </span>
    </p>
   </div>
   <div class='ocr_carea' id='block_1_100' title="bbox 1937 3754 3520 3831">
    <p class='ocr_par' dir='ltr' id='par_1_100' title="bbox 1937 3754 3520 3831">
     <span class='ocr_line' id='line_1_100' title="bbox 1937 3754 3520 3831; baseline 0.008 -24"><span class='ocrx_word' id='word_1_711' title='bbox 1937 3755 2070 3821; x_wconf 91' lang='lat' dir='ltr'><strong>auri,</strong></span> <span class='ocrx_word' id='word_1_712' title='bbox 2090 3770 2207 3824; x_wconf 68' lang='lat' dir='ltr'><strong>qute.</strong></span> <span class='ocrx_word' id='word_1_713' title='bbox 2236 3754 2288 3809; x_wconf 93' lang='lat' dir='ltr'><strong>in</strong></span> <span class='ocrx_word' id='word_1_714' title='bbox 2315 3770 2503 3811; x_wconf 89' lang='lat' dir='ltr'><strong>omnes</strong></span> <span class='ocrx_word' id='word_1_715' title='bbox 2528 3756 2809 3814; x_wconf 68' lang='lat' dir='ltr'><strong>haereticos</strong></span> <span class='ocrx_word' id='word_1_716' title='bbox 2835 3762 3124 3831; x_wconf 84' lang='lat' dir='ltr'><strong>constituta</strong></span> <span class='ocrx_word' id='word_1_717' title='bbox 3142 3774 3243 3829; x_wconf 81' lang='lat' dir='ltr'><strong>eSt,</strong></span> <span class='ocrx_word' id='word_1_718' title='bbox 3270 3774 3520 3820; x_wconf 90' lang='lat' dir='ltr'><strong>teneren-</strong></span> 
     </span>
    </p>
   </div>
   <div class='ocr_carea' id='block_1_101' title="bbox 1939 3846 3524 3923">
    <p class='ocr_par' dir='ltr' id='par_1_101' title="bbox 1939 3846 3524 3923">
     <span class='ocr_line' id='line_1_101' title="bbox 1939 3846 3524 3923; baseline 0.008 -23"><span class='ocrx_word' id='word_1_719' title='bbox 1939 3856 2055 3911; x_wconf 89' lang='lat' dir='ltr'><strong>tur;</strong></span> <span class='ocrx_word' id='word_1_720' title='bbox 2089 3847 2181 3902; x_wconf 89' lang='lat' dir='ltr'><strong>sed</strong></span> <span class='ocrx_word' id='word_1_721' title='bbox 2211 3846 2264 3901; x_wconf 92' lang='lat' dir='ltr'><strong>hi</strong></span> <span class='ocrx_word' id='word_1_722' title='bbox 2285 3847 2386 3901; x_wconf 92' lang='lat' dir='ltr'><strong>soli</strong></span> <span class='ocrx_word' id='word_1_723' title='bbox 2414 3849 2465 3903; x_wconf 92' lang='lat' dir='ltr'><strong>in</strong></span> <span class='ocrx_word' id='word_1_724' title='bbox 2492 3865 2715 3919; x_wconf 87' lang='lat' dir='ltr'><strong>quorum</strong></span> <span class='ocrx_word' id='word_1_725' title='bbox 2749 3852 2880 3907; x_wconf 92' lang='lat' dir='ltr'><strong>locis</strong></span> <span class='ocrx_word' id='word_1_726' title='bbox 2905 3853 3108 3923; x_wconf 87' lang='lat' dir='ltr'><strong>aliquas</strong></span> <span class='ocrx_word' id='word_1_727' title='bbox 3133 3870 3163 3908; x_wconf 89' lang='lat' dir='ltr'><strong>a</strong></span> <span class='ocrx_word' id='word_1_728' title='bbox 3193 3857 3385 3913; x_wconf 89' lang='lat' dir='ltr'><strong>vestris</strong></span> <span class='ocrx_word' id='word_1_729' title='bbox 3410 3857 3524 3913; x_wconf 87' lang='lat' dir='ltr'><strong>vio-</strong></span> 
     </span>
    </p>
   </div>
   <div class='ocr_carea' id='block_1_102' title="bbox 1938 3938 3523 4018">
    <p class='ocr_par' dir='ltr' id='par_1_102' title="bbox 1938 3938 3523 4018">
     <span class='ocr_line' id='line_1_102' title="bbox 1938 3938 3523 4018; baseline 0.008 -26"><span class='ocrx_word' id='word_1_730' title='bbox 1938 3938 2125 3993; x_wconf 87' lang='lat' dir='ltr'><strong>lentias</strong></span> <span class='ocrx_word' id='word_1_731' title='bbox 2186 3939 2421 3995; x_wconf 85' lang='lat' dir='ltr'><strong>Ecclesia</strong></span> <span class='ocrx_word' id='word_1_732' title='bbox 2474 3940 2731 3997; x_wconf 87' lang='lat' dir='ltr'><strong>catholica</strong></span> <span class='ocrx_word' id='word_1_733' title='bbox 2772 3952 3041 4011; x_wconf 88' lang='lat' dir='ltr'><strong>pateretur</strong></span> <span class='ocrx_word' id='word_1_734' title='bbox 3095 3945 3197 4018; x_wconf 79' lang='grc' dir='ltr'><strong>(ά).</strong></span> <span class='ocrx_word' id='word_1_735' title='bbox 3247 3948 3352 4001; x_wconf 85' lang='lat' dir='ltr'><strong>Sed</strong></span> <span class='ocrx_word' id='word_1_736' title='bbox 3401 3964 3523 4005; x_wconf 90' lang='lat' dir='ltr'><strong>cum</strong></span> 
     </span>
    </p>
   </div>
   <div class='ocr_carea' id='block_1_103' title="bbox 1938 4031 3523 4108">
    <p class='ocr_par' dir='ltr' id='par_1_103' title="bbox 1938 4031 3523 4108">
     <span class='ocr_line' id='line_1_103' title="bbox 1938 4031 3523 4108; baseline 0.006 -23"><span class='ocrx_word' id='word_1_737' title='bbox 1938 4031 2093 4101; x_wconf 88' lang='lat' dir='ltr'><strong>legati</strong></span> <span class='ocrx_word' id='word_1_738' title='bbox 2128 4031 2353 4087; x_wconf 84' lang='lat' dir='ltr'><strong>Romam</strong></span> <span class='ocrx_word' id='word_1_739' title='bbox 2397 4040 2671 4098; x_wconf 90' lang='lat' dir='ltr'><strong>venerunt,</strong></span> <span class='ocrx_word' id='word_1_740' title='bbox 2700 4037 2810 4103; x_wconf 89' lang='lat' dir='ltr'><strong>jam</strong></span> <span class='ocrx_word' id='word_1_741' title='bbox 2858 4036 3131 4091; x_wconf 89' lang='lat' dir='ltr'><strong>cicatrices</strong></span> <span class='ocrx_word' id='word_1_742' title='bbox 3166 4039 3401 4108; x_wconf 90' lang='lat' dir='ltr'><strong>episcopi</strong></span> <span class='ocrx_word' id='word_1_743' title='bbox 3427 4055 3523 4094; x_wconf 83' lang='lat' dir='ltr'><strong>ca-</strong></span> 
     </span>
    </p>
   </div>
   <div class='ocr_carea' id='block_1_104' title="bbox 1939 4122 3519 4195">
    <p class='ocr_par' dir='ltr' id='par_1_104' title="bbox 1939 4122 3519 4195">
     <span class='ocr_line' id='line_1_104' title="bbox 1939 4122 3519 4195; baseline 0.006 -19"><span class='ocrx_word' id='word_1_744' title='bbox 1939 4122 2115 4177; x_wconf 91' lang='lat' dir='ltr'><strong>tholici</strong></span> <span class='ocrx_word' id='word_1_745' title='bbox 2158 4123 2225 4195; x_wconf 90' lang='lat' dir='ltr'><strong>(e)</strong></span> <span class='ocrx_word' id='word_1_746' title='bbox 2270 4124 2541 4193; x_wconf 84' lang='lat' dir='ltr'><strong>Bagaitani</strong></span> <span class='ocrx_word' id='word_1_747' title='bbox 2565 4125 2586 4155; x_wconf 86' lang='grc'>³</span> <span class='ocrx_word' id='word_1_748' title='bbox 2614 4126 2893 4180; x_wconf 85' lang='lat' dir='ltr'><strong>horrendae</strong></span> <span class='ocrx_word' id='word_1_749' title='bbox 2917 4142 2979 4180; x_wconf 90' lang='lat' dir='ltr'><strong>ac</strong></span> <span class='ocrx_word' id='word_1_750' title='bbox 3005 4128 3387 4183; x_wconf 65' lang='lat' dir='ltr'><strong>recentissimae</strong></span> <span class='ocrx_word' id='word_1_751' title='bbox 3414 4131 3519 4185; x_wconf 88' lang='lat' dir='ltr'><strong>lm-</strong></span> 
     </span>
    </p>
   </div>
   <div class='ocr_carea' id='block_1_105' title="bbox 1941 4216 3520 4291">
    <p class='ocr_par' dir='ltr' id='par_1_105' title="bbox 1941 4216 3520 4291">
     <span class='ocr_line' id='line_1_105' title="bbox 1941 4216 3520 4291; baseline 0.004 -23"><span class='ocrx_word' id='word_1_752' title='bbox 1941 4223 2236 4283; x_wconf 87' lang='lat' dir='ltr'><strong>peratoretn</strong></span> <span class='ocrx_word' id='word_1_753' title='bbox 2268 4226 2687 4281; x_wconf 90' lang='lat' dir='ltr'><strong>commoverant,</strong></span> <span class='ocrx_word' id='word_1_754' title='bbox 2719 4225 2776 4269; x_wconf 93' lang='lat' dir='ltr'><strong>ut</strong></span> <span class='ocrx_word' id='word_1_755' title='bbox 2804 4216 2951 4287; x_wconf 86' lang='lat' dir='ltr'><strong>leges</strong></span> <span class='ocrx_word' id='word_1_756' title='bbox 2979 4218 3111 4271; x_wconf 90' lang='lat' dir='ltr'><strong>tales</strong></span> <span class='ocrx_word' id='word_1_757' title='bbox 3138 4220 3477 4274; x_wconf 86' lang='lat' dir='ltr'><strong>mitterentur</strong></span> <span class='ocrx_word' id='word_1_758' title='bbox 3500 4263 3520 4291; x_wconf 86' lang='lat'><strong>,</strong></span> 
     </span>
    </p>
   </div>
   <div class='ocr_carea' id='block_1_106' title="bbox 1937 4305 3519 4382">
    <p class='ocr_par' dir='ltr' id='par_1_106' title="bbox 1937 4305 3519 4382">
     <span class='ocr_line' id='line_1_106' title="bbox 1937 4305 3519 4382; baseline 0.006 -24"><span class='ocrx_word' id='word_1_759' title='bbox 1937 4305 2118 4375; x_wconf 89' lang='lat' dir='ltr'><strong>quales</strong></span> <span class='ocrx_word' id='word_1_760' title='bbox 2148 4315 2202 4359; x_wconf 90' lang='lat' dir='ltr'><strong>et</strong></span> <span class='ocrx_word' id='word_1_761' title='bbox 2228 4307 2402 4360; x_wconf 72' lang='lat' dir='ltr'><strong>missae</strong></span> <span class='ocrx_word' id='word_1_762' title='bbox 2427 4315 2568 4361; x_wconf 87' lang='lat' dir='ltr'><strong>sunt.</strong></span> <span class='ocrx_word' id='word_1_763' title='bbox 2601 4307 2801 4373; x_wconf 87' lang='lat' dir='ltr'><strong>Quibus</strong></span> <span class='ocrx_word' id='word_1_764' title='bbox 2832 4308 2884 4362; x_wconf 91' lang='lat' dir='ltr'><strong>in</strong></span> <span class='ocrx_word' id='word_1_765' title='bbox 2912 4308 3141 4363; x_wconf 84' lang='lat' dir='ltr'><strong>Africam</strong></span> <span class='ocrx_word' id='word_1_766' title='bbox 3162 4310 3519 4382; x_wconf 88' lang='lat' dir='ltr'><strong>venientibus,</strong></span> 
     </span>
    </p>
   </div>
   <div class='ocr_carea' id='block_1_107' title="bbox 1938 4401 3524 4477">
    <p class='ocr_par' dir='ltr' id='par_1_107' title="bbox 1938 4401 3524 4477">
     <span class='ocr_line' id='line_1_107' title="bbox 1938 4401 3524 4477; baseline 0.007 -24"><span class='ocrx_word' id='word_1_767' title='bbox 1938 4414 2059 4454; x_wconf 92' lang='lat' dir='ltr'><strong>cum</strong></span> <span class='ocrx_word' id='word_1_768' title='bbox 2086 4402 2267 4470; x_wconf 90' lang='lat' dir='ltr'><strong>utique</strong></span> <span class='ocrx_word' id='word_1_769' title='bbox 2293 4418 2397 4456; x_wconf 87' lang='lat' dir='ltr'><strong>non</strong></span> <span class='ocrx_word' id='word_1_770' title='bbox 2432 4401 2495 4456; x_wconf 87' lang='lat' dir='ltr'><strong>ad</strong></span> <span class='ocrx_word' id='word_1_771' title='bbox 2526 4402 2747 4470; x_wconf 89' lang='lat' dir='ltr'><strong>malum,</strong></span> <span class='ocrx_word' id='word_1_772' title='bbox 2789 4403 2881 4459; x_wconf 91' lang='lat' dir='ltr'><strong>sed</strong></span> <span class='ocrx_word' id='word_1_773' title='bbox 2907 4404 2974 4458; x_wconf 89' lang='lat' dir='ltr'><strong>ad</strong></span> <span class='ocrx_word' id='word_1_774' title='bbox 3000 4403 3197 4460; x_wconf 90' lang='lat' dir='ltr'><strong>bonum</strong></span> <span class='ocrx_word' id='word_1_775' title='bbox 3226 4408 3524 4477; x_wconf 77' lang='lat' dir='ltr'><strong>ccepissetis</strong></span> 
     </span>
    </p>
   </div>
   <div class='ocr_carea' id='block_1_108' title="bbox 1941 4493 3523 4563">
    <p class='ocr_par' dir='ltr' id='par_1_108' title="bbox 1941 4493 3523 4563">
     <span class='ocr_line' id='line_1_108' title="bbox 1941 4493 3523 4563; baseline 0.008 -18"><span class='ocrx_word' id='word_1_776' title='bbox 1941 4493 2137 4563; x_wconf 81' lang='lat' dir='ltr'><strong>urgeri,</strong></span> <span class='ocrx_word' id='word_1_777' title='bbox 2169 4493 2295 4562; x_wconf 92' lang='lat' dir='ltr'><strong>quid</strong></span> <span class='ocrx_word' id='word_1_778' title='bbox 2339 4493 2514 4549; x_wconf 84' lang='lat' dir='ltr'><strong>facere</strong></span> <span class='ocrx_word' id='word_1_779' title='bbox 2542 4494 2816 4551; x_wconf 83' lang='lat' dir='ltr'><strong>debebatis</strong></span> <span class='ocrx_word' id='word_1_780' title='bbox 2845 4496 2944 4549; x_wconf 91' lang='lat' dir='ltr'><strong>nisi</strong></span> <span class='ocrx_word' id='word_1_781' title='bbox 2979 4506 3033 4552; x_wconf 91' lang='lat' dir='ltr'><strong>et</strong></span> <span class='ocrx_word' id='word_1_782' title='bbox 3070 4514 3165 4553; x_wconf 90' lang='lat' dir='ltr'><strong>vos</strong></span> <span class='ocrx_word' id='word_1_783' title='bbox 3203 4501 3413 4555; x_wconf 85' lang='lat' dir='ltr'><strong>mittere</strong></span> <span class='ocrx_word' id='word_1_784' title='bbox 3455 4503 3523 4558; x_wconf 88' lang='lat' dir='ltr'><strong>ad</strong></span> 
     </span>
    </p>
   </div>
   <div class='ocr_carea' id='block_1_109' title="bbox 1940 4585 3517 4661">
    <p class='ocr_par' dir='ltr' id='par_1_109' title="bbox 1940 4585 3517 4661">
     <span class='ocr_line' id='line_1_109' title="bbox 1940 4585 3517 4661; baseline 0.006 -23"><span class='ocrx_word' id='word_1_785' title='bbox 1940 4585 2216 4654; x_wconf 85' lang='lat' dir='ltr'><strong>episcopos</strong></span> <span class='ocrx_word' id='word_1_786' title='bbox 2247 4596 2476 4651; x_wconf 85' lang='lat' dir='ltr'><strong>nostros,</strong></span> <span class='ocrx_word' id='word_1_787' title='bbox 2503 4595 2559 4640; x_wconf 90' lang='lat' dir='ltr'><strong>ut</strong></span> <span class='ocrx_word' id='word_1_788' title='bbox 2582 4586 2845 4656; x_wconf 90' lang='lat' dir='ltr'><strong>quomodo</strong></span> <span class='ocrx_word' id='word_1_789' title='bbox 2871 4603 2964 4643; x_wconf 87' lang='lat' dir='ltr'><strong>vos</strong></span> <span class='ocrx_word' id='word_1_790' title='bbox 2995 4589 3093 4657; x_wconf 91' lang='lat' dir='ltr'><strong>ipsi</strong></span> <span class='ocrx_word' id='word_1_791' title='bbox 3121 4603 3517 4661; x_wconf 83' lang='lat' dir='ltr'><strong>convenerant,</strong></span> 
     </span>
    </p>
   </div>
   <div class='ocr_carea' id='block_1_110' title="bbox 1940 4676 3525 4750">
    <p class='ocr_par' dir='ltr' id='par_1_110' title="bbox 1940 4676 3525 4750">
     <span class='ocr_line' id='line_1_110' title="bbox 1940 4676 3525 4750; baseline 0.006 -18"><span class='ocrx_word' id='word_1_792' title='bbox 1940 4676 2017 4732; x_wconf 89' lang='lat' dir='ltr'><strong>sic</strong></span> <span class='ocrx_word' id='word_1_793' title='bbox 2043 4679 2451 4734; x_wconf 86' lang='lat' dir='ltr'><strong>convenirentur</strong></span> <span class='ocrx_word' id='word_1_794' title='bbox 2478 4694 2506 4732; x_wconf 90' lang='lat' dir='ltr'><strong>a</strong></span> <span class='ocrx_word' id='word_1_795' title='bbox 2538 4678 2709 4746; x_wconf 87' lang='lat' dir='ltr'><strong>vobis,</strong></span> <span class='ocrx_word' id='word_1_796' title='bbox 2742 4688 2796 4734; x_wconf 90' lang='lat' dir='ltr'><strong>et</strong></span> <span class='ocrx_word' id='word_1_797' title='bbox 2821 4680 2996 4750; x_wconf 91' lang='lat' dir='ltr'><strong>potius</strong></span> <span class='ocrx_word' id='word_1_798' title='bbox 3022 4684 3305 4741; x_wconf 82' lang='lat' dir='ltr'><strong>collatione</strong></span> <span class='ocrx_word' id='word_1_799' title='bbox 3330 4687 3525 4742; x_wconf 83' lang='lat' dir='ltr'><strong>veritas</strong></span> 
     </span>
    </p>
   </div>
   <div class='ocr_carea' id='block_1_111' title="bbox 1940 4771 2259 4840">
    <p class='ocr_par' dir='ltr' id='par_1_111' title="bbox 1940 4771 2259 4840">
     <span class='ocr_line' id='line_1_111' title="bbox 1940 4771 2259 4840; baseline 0.006 -18"><span class='ocrx_word' id='word_1_800' title='bbox 1940 4779 2219 4840; x_wconf 86' lang='lat' dir='ltr'><strong>appareret</strong></span> <span class='ocrx_word' id='word_1_801' title='bbox 2236 4771 2259 4824; x_wconf 87' lang='lat'><strong>?</strong></span> 
     </span>
    </p>
   </div>
   <div class='ocr_carea' id='block_1_112' title="bbox 2005 4934 3585 5007">
    <p class='ocr_par' dir='ltr' id='par_1_112' title="bbox 2005 4934 3585 5007">
     <span class='ocr_line' id='line_1_112' title="bbox 2005 4934 3585 5007; baseline 0.001 -14"><span class='ocrx_word' id='word_1_802' title='bbox 2005 4946 2020 4978; x_wconf 76' lang='grc' dir='ltr'>ί</span> <span class='ocrx_word' id='word_1_803' title='bbox 2048 4944 2190 5007; x_wconf 81' lang='lat' dir='ltr'><strong>Edd.:</strong></span> <span class='ocrx_word' id='word_1_804' title='bbox 2220 4934 2464 4995; x_wconf 70' lang='lat' dir='ltr'><strong>Haberetis</strong></span> <span class='ocrx_word' id='word_1_805' title='bbox 2486 4942 2609 4994; x_wconf 83' lang='lat' dir='ltr'><strong>inter</strong></span> <span class='ocrx_word' id='word_1_806' title='bbox 2631 4956 2714 5007; x_wconf 86' lang='lat' dir='ltr'><strong>nos</strong></span> <span class='ocrx_word' id='word_1_807' title='bbox 2731 4942 3045 5007; x_wconf 73' lang='lat' dir='ltr'><strong>collationem.</strong></span> <span class='ocrx_word' id='word_1_808' title='bbox 3062 4953 3119 4996; x_wconf 82' lang='lat' dir='ltr'><strong>At</strong></span> <span class='ocrx_word' id='word_1_809' title='bbox 3134 4953 3237 4996; x_wconf 79' lang='lat' dir='ltr'><strong>Mss.</strong></span> <span class='ocrx_word' id='word_1_810' title='bbox 3256 4957 3407 5007; x_wconf 81' lang='lat' dir='ltr'><strong>prape</strong></span> <span class='ocrx_word' id='word_1_811' title='bbox 3423 4960 3526 5007; x_wconf 83' lang='lat' dir='ltr'><strong>om-</strong></span> 
     </span>
    </p>
   </div>
   <div class='ocr_carea' id='block_1_113' title="bbox 1940 5006 3528 5071">
    <p class='ocr_par' dir='ltr' id='par_1_113' title="bbox 1940 5006 3528 5071">
     <span class='ocr_line' id='line_1_113' title="bbox 1940 5006 3528 5071; baseline 0 -15"><span class='ocrx_word' id='word_1_812' title='bbox 1940 5021 2032 5057; x_wconf 89' lang='lat' dir='ltr'><strong>nes</strong></span> <span class='ocrx_word' id='word_1_813' title='bbox 2049 5044 2063 5069; x_wconf 89' lang='lat'><strong>,</strong></span> <span class='ocrx_word' id='word_1_814' title='bbox 2088 5006 2211 5057; x_wconf 80' lang='lat' dir='ltr'><strong>inter</strong></span> <span class='ocrx_word' id='word_1_815' title='bbox 2226 5007 2536 5071; x_wconf 31' lang='lat' dir='ltr'><strong>rosastlicet</strong></span> <span class='ocrx_word' id='word_1_816' title='bbox 2551 5020 2645 5055; x_wconf 93' lang='lat' dir='ltr'><strong>non</strong></span> <span class='ocrx_word' id='word_1_817' title='bbox 2661 5006 2826 5071; x_wconf 79' lang='lat' dir='ltr'><strong>dese,</strong></span> <span class='ocrx_word' id='word_1_818' title='bbox 2856 5008 2953 5071; x_wconf 14' lang='lat' dir='ltr'><strong>sed,</strong></span> <span class='ocrx_word' id='word_1_819' title='bbox 2967 5006 3031 5055; x_wconf 89' lang='lat' dir='ltr'><strong>de</strong></span> <span class='ocrx_word' id='word_1_820' title='bbox 3062 5006 3298 5071; x_wconf 82' lang='lat' dir='ltr'><strong>epiSCOpis</strong></span> <span class='ocrx_word' id='word_1_821' title='bbox 3325 5006 3528 5057; x_wconf 83' lang='lat' dir='ltr'><strong>Catholi-</strong></span> 
     </span>
    </p>
   </div>
   <div class='ocr_carea' id='block_1_114' title="bbox 1940 5066 3526 5180">
    <p class='ocr_par' dir='ltr' id='par_1_114' title="bbox 1940 5066 3526 5180">
     <span class='ocr_line' id='line_1_114' title="bbox 1940 5066 3526 5180; baseline 0 -61"><span class='ocrx_word' id='word_1_822' title='bbox 1940 5070 2012 5119; x_wconf 89' lang='lat' dir='ltr'><strong>cis</strong></span> <span class='ocrx_word' id='word_1_823' title='bbox 2036 5066 2087 5119; x_wconf 82' lang='lat' dir='ltr'><strong>et</strong></span> <span class='ocrx_word' id='word_1_824' title='bbox 2116 5069 2372 5180; x_wconf 44' lang='lat' dir='ltr'><strong>[garriamus</strong></span> <span class='ocrx_word' id='word_1_825' title='bbox 2400 5066 2662 5131; x_wconf 87' lang='lat' dir='ltr'><strong>loquuntur</strong></span> <span class='ocrx_word' id='word_1_826' title='bbox 2698 5068 2869 5119; x_wconf 89' lang='lat' dir='ltr'><strong>Clerici</strong></span> <span class='ocrx_word' id='word_1_827' title='bbox 2904 5066 3267 5131; x_wconf 69' lang='lat' dir='ltr'><strong>Hipponénseé,</strong></span> <span class='ocrx_word' id='word_1_828' title='bbox 3299 5075 3352 5118; x_wconf 93' lang='lat' dir='ltr'><strong>ut</strong></span> <span class='ocrx_word' id='word_1_829' title='bbox 3390 5075 3526 5129; x_wconf 75' lang='lat' dir='ltr'><strong>patet</strong></span> 
     </span>
     <span class='ocr_line' id='line_1_115' title="bbox 1942 5146 2196 5180; baseline -0.008 0"><span class='ocrx_word' id='word_1_830' title='bbox 1942 5146 2007 5180; x_wconf 80' lang='lat' dir='ltr'><strong>ex</strong></span> <span class='ocrx_word' id='word_1_831' title='bbox 2038 5146 2087 5180; x_wconf 92' lang='lat' dir='ltr'><strong>n.</strong></span> <span class='ocrx_word' id='word_1_832' title='bbox 2185 5167 2196 5178; x_wconf 94' lang='lat'><strong>.</strong></span> 
     </span>
    </p>
   </div>
   <div class='ocr_carea' id='block_1_115' title="bbox 1942 5146 2196 5181">
    <p class='ocr_par' dir='ltr' id='par_1_115' title="bbox 1942 5146 2196 5181">
     <span class='ocr_line' id='line_1_116' title="bbox 1942 5146 2196 5181; baseline -0.012 0"><span class='ocrx_word' id='word_1_833' title='bbox 1942 5146 2007 5181; x_wconf 67' lang='grc' dir='ltr'><strong>ΘΧ</strong></span> <span class='ocrx_word' id='word_1_834' title='bbox 2038 5146 2087 5180; x_wconf 83' lang='lat' dir='ltr'><strong>Il.</strong></span> <span class='ocrx_word' id='word_1_835' title='bbox 2124 5146 2196 5180; x_wconf 84' lang='lat' dir='ltr'><strong>1U.</strong></span> 
     </span>
    </p>
   </div>
   <div class='ocr_carea' id='block_1_116' title="bbox 2004 5190 2838 5257">
    <p class='ocr_par' dir='ltr' id='par_1_116' title="bbox 2004 5190 2838 5257">
     <span class='ocr_line' id='line_1_117' title="bbox 2004 5190 2838 5257; baseline -0.001 -16"><span class='ocrx_word' id='word_1_836' title='bbox 2004 5196 2025 5225; x_wconf 79' lang='grc'>¹</span> <span class='ocrx_word' id='word_1_837' title='bbox 2054 5201 2182 5257; x_wconf 84' lang='lat' dir='ltr'><strong>Unus</strong></span> <span class='ocrx_word' id='word_1_838' title='bbox 2211 5205 2240 5242; x_wconf 90' lang='lat' dir='ltr'><strong>e</strong></span> <span class='ocrx_word' id='word_1_839' title='bbox 2269 5193 2415 5241; x_wconf 54' lang='lat' dir='ltr'><strong>\tatic.</strong></span> <span class='ocrx_word' id='word_1_840' title='bbox 2442 5199 2571 5253; x_wconf 68' lang='lat' dir='ltr'><strong>Mss,</strong></span> <span class='ocrx_word' id='word_1_841' title='bbox 2590 5190 2838 5257; x_wconf 84' lang='lat' dir='ltr'><strong>liga_retu_r.</strong></span> 
     </span>
    </p>
   </div>
   <div class='ocr_carea' id='block_1_117' title="bbox 2006 5253 3523 5318">
    <p class='ocr_par' dir='ltr' id='par_1_117' title="bbox 2006 5253 3523 5318">
     <span class='ocr_line' id='line_1_118' title="bbox 2006 5253 3523 5318; baseline 0 -15"><span class='ocrx_word' id='word_1_842' title='bbox 2006 5257 2026 5288; x_wconf 81' lang='grc'><em>³</em></span> <span class='ocrx_word' id='word_1_843' title='bbox 2054 5256 2185 5317; x_wconf 79' lang='lat' dir='ltr'><strong>Apud</strong></span> <span class='ocrx_word' id='word_1_844' title='bbox 2222 5262 2329 5304; x_wconf 87' lang='lat' dir='ltr'><strong>Lov.</strong></span> <span class='ocrx_word' id='word_1_845' title='bbox 2358 5259 2409 5303; x_wconf 88' lang='lat' dir='ltr'><strong>et</strong></span> <span class='ocrx_word' id='word_1_846' title='bbox 2435 5261 2530 5318; x_wconf 56' lang='lat' dir='ltr'><strong>Er,</strong></span> <span class='ocrx_word' id='word_1_847' title='bbox 2576 5253 2809 5318; x_wconf 69' lang='lat' dir='ltr'><strong>Vﬁgitani.</strong></span> <span class='ocrx_word' id='word_1_848' title='bbox 2849 5260 2905 5318; x_wconf 80' lang='lat' dir='ltr'><strong>At</strong></span> <span class='ocrx_word' id='word_1_849' title='bbox 2932 5256 2981 5303; x_wconf 92' lang='lat' dir='ltr'><strong>in</strong></span> <span class='ocrx_word' id='word_1_850' title='bbox 3007 5261 3112 5318; x_wconf 81' lang='lat' dir='ltr'><strong>Mss.</strong></span> <span class='ocrx_word' id='word_1_851' title='bbox 3142 5261 3336 5316; x_wconf 87' lang='lat' dir='ltr'><strong>septem</strong></span> <span class='ocrx_word' id='word_1_852' title='bbox 3360 5253 3523 5318; x_wconf 64' lang='lat' dir='ltr'><strong>probat</strong></span> 
     </span>
    </p>
   </div>
   <div class='ocr_carea' id='block_1_118' title="bbox 1944 5314 3522 5379">
    <p class='ocr_par' dir='ltr' id='par_1_118' title="bbox 1944 5314 3522 5379">
     <span class='ocr_line' id='line_1_119' title="bbox 1944 5314 3522 5379; baseline -0.002 -11"><span class='ocrx_word' id='word_1_853' title='bbox 1944 5324 2071 5368; x_wconf 66' lang='lat' dir='ltr'><strong>notae</strong></span> <span class='ocrx_word' id='word_1_854' title='bbox 2086 5314 2330 5377; x_wconf 81' lang='lat' dir='ltr'><strong>scribitur,</strong></span> <span class='ocrx_word' id='word_1_855' title='bbox 2364 5314 2769 5379; x_wconf 54' lang='lat' dir='ltr'><strong>cognitam&#39;fuec</strong></span> <span class='ocrx_word' id='word_1_856' title='bbox 2804 5314 3009 5379; x_wconf 87' lang='lat' dir='ltr'><strong>multum</strong></span> <span class='ocrx_word' id='word_1_857' title='bbox 3036 5315 3178 5379; x_wconf 82' lang='lat' dir='ltr'><strong>aliter</strong></span> <span class='ocrx_word' id='word_1_858' title='bbox 3204 5314 3256 5362; x_wconf 84' lang='lat' dir='ltr'><strong>in</strong></span> <span class='ocrx_word' id='word_1_859' title='bbox 3298 5316 3522 5379; x_wconf 49' lang='lat' dir='ltr'><strong>ceteris,</strong></span> 
     </span>
    </p>
   </div>
   <div class='ocr_carea' id='block_1_119' title="bbox 1940 5376 3525 5450">
    <p class='ocr_par' dir='ltr' id='par_1_119' title="bbox 1940 5376 3525 5450">
     <span class='ocr_line' id='line_1_120' title="bbox 1940 5376 3525 5450; baseline -0.004 -19"><span class='ocrx_word' id='word_1_860' title='bbox 1940 5379 2131 5450; x_wconf 70' lang='lat' dir='ltr'><strong>scilicet</strong></span> <span class='ocrx_word' id='word_1_861' title='bbox 2149 5380 2198 5450; x_wconf 79' lang='lat' dir='ltr'><strong>in</strong></span> <span class='ocrx_word' id='word_1_862' title='bbox 2216 5376 2371 5450; x_wconf 73' lang='lat' dir='ltr'><strong>tribus</strong></span> <span class='ocrx_word' id='word_1_863' title='bbox 2398 5376 2876 5450; x_wconf 34' lang='lat' dir='ltr'><strong>vatic.,_ltn’qaetani.;</strong></span> <span class='ocrx_word' id='word_1_864' title='bbox 2900 5379 2954 5450; x_wconf 67' lang='lat' dir='ltr'><strong>in</strong></span> <span class='ocrx_word' id='word_1_865' title='bbox 2971 5378 3080 5450; x_wconf 62' lang='lat' dir='ltr'><strong>alio</strong></span> <span class='ocrx_word' id='word_1_866' title='bbox 3094 5377 3222 5450; x_wconf 77' lang='lat' dir='ltr'><strong>item</strong></span> <span class='ocrx_word' id='word_1_867' title='bbox 3236 5376 3404 5450; x_wconf 74' lang='lat' dir='ltr'><strong>Vatic_.,</strong></span> <span class='ocrx_word' id='word_1_868' title='bbox 3432 5386 3525 5450; x_wconf 67' lang='lat' dir='ltr'><strong>Bo-</strong></span> 
     </span>
    </p>
   </div>
   <div class='ocr_carea' id='block_1_120' title="bbox 1939 5439 3523 5506">
    <p class='ocr_par' dir='ltr' id='par_1_120' title="bbox 1939 5439 3523 5506">
     <span class='ocr_line' id='line_1_121' title="bbox 1939 5439 3523 5506; baseline -0.001 -14"><span class='ocrx_word' id='word_1_869' title='bbox 1939 5440 2131 5506; x_wconf 77' lang='lat' dir='ltr'><strong>gartarti</strong></span> <span class='ocrx_word' id='word_1_870' title='bbox 2149 5455 2166 5502; x_wconf 90' lang='lat'><strong>;</strong></span> <span class='ocrx_word' id='word_1_871' title='bbox 2185 5442 2233 5506; x_wconf 79' lang='lat' dir='ltr'><strong>in</strong></span> <span class='ocrx_word' id='word_1_872' title='bbox 2274 5442 2491 5506; x_wconf 71' lang='lat' dir='ltr'><strong>t2iste_re.,</strong></span> <span class='ocrx_word' id='word_1_873' title='bbox 2520 5439 2756 5505; x_wconf 74' lang='lat' dir='ltr'><strong>L‘igaitani</strong></span> <span class='ocrx_word' id='word_1_874' title='bbox 2775 5454 2811 5506; x_wconf 49' lang='lat' dir='ltr'><strong>,ﬁ</strong></span> <span class='ocrx_word' id='word_1_875' title='bbox 2842 5442 2890 5488; x_wconf 89' lang='lat' dir='ltr'><strong>in</strong></span> <span class='ocrx_word' id='word_1_876' title='bbox 2926 5439 3162 5506; x_wconf 68' lang='lat' dir='ltr'><strong>Edd._t_tad.</strong></span> <span class='ocrx_word' id='word_1_877' title='bbox 3203 5445 3323 5501; x_wconf 82' lang='lat' dir='ltr'><strong>Am.,</strong></span> <span class='ocrx_word' id='word_1_878' title='bbox 3354 5439 3523 5490; x_wconf 68' lang='lat' dir='ltr'><strong>Itacai-</strong></span> 
     </span>
    </p>
   </div>
   <div class='ocr_carea' id='block_1_121' title="bbox 1940 5500 3104 5559">
    <p class='ocr_par' dir='ltr' id='par_1_121' title="bbox 1940 5500 3104 5559">
     <span class='ocr_line' id='line_1_122' title="bbox 1940 5500 3104 5559; baseline -0.007 -4"><span class='ocrx_word' id='word_1_879' title='bbox 2081 5500 2251 5553; x_wconf 84' lang='lat' dir='ltr'><strong>Confer</strong></span> <span class='ocrx_word' id='word_1_880' title='bbox 2272 5504 2357 5553; x_wconf 90' lang='lat' dir='ltr'><strong>lib.</strong></span> <span class='ocrx_word' id='word_1_881' title='bbox 2386 5503 2418 5551; x_wconf 76' lang='lat'><strong>3</strong></span> <span class='ocrx_word' id='word_1_882' title='bbox 2444 5500 2924 5559; x_wconf 64' lang='lat' dir='ltr'><strong>cent.&quot;Cresconium,</strong></span> <span class='ocrx_word' id='word_1_883' title='bbox 2954 5514 2997 5550; x_wconf 86' lang='lat' dir='ltr'><strong>c.</strong></span> <span class='ocrx_word' id='word_1_884' title='bbox 3027 5500 3104 5548; x_wconf 74' lang='grc'><strong>45.</strong></span> 
     </span>
    </p>
   </div>
   <div class='ocr_carea' id='block_1_122' title="bbox 2025 5585 2957 5650">
    <p class='ocr_par' dir='ltr' id='par_1_122' title="bbox 2025 5585 2957 5650">
     <span class='ocr_line' id='line_1_123' title="bbox 2025 5585 2957 5650; baseline -0.004 -13"><span class='ocrx_word' id='word_1_885' title='bbox 2025 5589 2075 5650; x_wconf 90' lang='lat' dir='ltr'><strong>a)</strong></span> <span class='ocrx_word' id='word_1_886' title='bbox 2098 5587 2399 5650; x_wconf 82' lang='lat' dir='ltr'><strong>carthagine,</strong></span> <span class='ocrx_word' id='word_1_887' title='bbox 2423 5600 2501 5636; x_wconf 88' lang='lat' dir='ltr'><strong>an.</strong></span> <span class='ocrx_word' id='word_1_888' title='bbox 2527 5586 2636 5646; x_wconf 75' lang='grc'>403,</span> <span class='ocrx_word' id='word_1_889' title='bbox 2660 5586 2741 5635; x_wconf 92' lang='lat' dir='ltr'><strong>die</strong></span> <span class='ocrx_word' id='word_1_890' title='bbox 2765 5585 2825 5634; x_wconf 68' lang='lat'><strong>25&#39;</strong></span> <span class='ocrx_word' id='word_1_891' title='bbox 2847 5597 2957 5650; x_wconf 72' lang='lat' dir='ltr'><strong>aug.</strong></span> 
     </span>
    </p>
   </div>
   <div class='ocr_carea' id='block_1_123' title="bbox 2027 5642 3525 5707">
    <p class='ocr_par' dir='ltr' id='par_1_123' title="bbox 2027 5642 3525 5707">
     <span class='ocr_line' id='line_1_124' title="bbox 2027 5642 3525 5707; baseline -0.003 -7"><span class='ocrx_word' id='word_1_892' title='bbox 2027 5642 2075 5707; x_wconf 68' lang='grc' dir='ltr'><strong>ὁ)</strong></span> <span class='ocrx_word' id='word_1_893' title='bbox 2100 5649 2214 5697; x_wconf 80' lang='lat' dir='ltr'><strong>\‘ide</strong></span> <span class='ocrx_word' id='word_1_894' title='bbox 2237 5642 2322 5698; x_wconf 78' lang='grc' dir='ltr'><strong>ιὶῖ).</strong></span> <span class='ocrx_word' id='word_1_895' title='bbox 2342 5651 2372 5698; x_wconf 79' lang='grc'><strong>5</strong></span> <span class='ocrx_word' id='word_1_896' title='bbox 2389 5642 2521 5699; x_wconf 79' lang='lat' dir='ltr'><strong>cont.</strong></span> <span class='ocrx_word' id='word_1_897' title='bbox 2546 5642 2766 5697; x_wconf 83' lang='lat' dir='ltr'><strong>Crescon.</strong></span> <span class='ocrx_word' id='word_1_898' title='bbox 2788 5660 2831 5695; x_wconf 92' lang='lat' dir='ltr'><strong>c.</strong></span> <span class='ocrx_word' id='word_1_899' title='bbox 2851 5642 2934 5705; x_wconf 63' lang='lat'><strong>46,</strong></span> <span class='ocrx_word' id='word_1_900' title='bbox 2946 5660 2993 5694; x_wconf 92' lang='lat' dir='ltr'><strong>n.</strong></span> <span class='ocrx_word' id='word_1_901' title='bbox 3018 5642 3097 5705; x_wconf 79' lang='lat'><strong>50,</strong></span> <span class='ocrx_word' id='word_1_902' title='bbox 3122 5650 3173 5697; x_wconf 89' lang='lat' dir='ltr'><strong>et</strong></span> <span class='ocrx_word' id='word_1_903' title='bbox 3204 5657 3239 5696; x_wconf 71' lang='lat'><strong>3.</strong></span> <span class='ocrx_word' id='word_1_904' title='bbox 3266 5645 3344 5705; x_wconf 85' lang='grc'><strong>4³7,</strong></span> <span class='ocrx_word' id='word_1_905' title='bbox 3369 5658 3418 5695; x_wconf 91' lang='lat' dir='ltr'><strong>n.</strong></span> <span class='ocrx_word' id='word_1_906' title='bbox 3443 5644 3525 5707; x_wconf 65' lang='lat' dir='ltr'><strong>5d,</strong></span> 
     </span>
    </p>
   </div>
   <div class='ocr_carea' id='block_1_124' title="bbox 1944 5712 2391 5766">
    <p class='ocr_par' dir='ltr' id='par_1_124' title="bbox 1944 5712 2391 5766">
     <span class='ocr_line' id='line_1_125' title="bbox 1944 5712 2391 5766; baseline -0.004 -3"><span class='ocrx_word' id='word_1_907' title='bbox 1944 5720 1996 5763; x_wconf 93' lang='lat' dir='ltr'><strong>et</strong></span> <span class='ocrx_word' id='word_1_908' title='bbox 2020 5713 2216 5766; x_wconf 83' lang='lat' dir='ltr'><strong>Possid.,</strong></span> <span class='ocrx_word' id='word_1_909' title='bbox 2245 5726 2288 5760; x_wconf 92' lang='lat' dir='ltr'><strong>c.</strong></span> <span class='ocrx_word' id='word_1_910' title='bbox 2318 5712 2391 5761; x_wconf 68' lang='lat'><strong>1?.</strong></span> 
     </span>
    </p>
   </div>
   <div class='ocr_carea' id='block_1_125' title="bbox 2024 5769 3142 5886">
    <p class='ocr_par' dir='ltr' id='par_1_125' title="bbox 2024 5769 3142 5886">
     <span class='ocr_line' id='line_1_126' title="bbox 2024 5769 3142 5886; baseline -0.003 -64"><span class='ocrx_word' id='word_1_911' title='bbox 2024 5776 2072 5886; x_wconf 54' lang='lat' dir='ltr'><strong>c2</strong></span> <span class='ocrx_word' id='word_1_912' title='bbox 2096 5774 2365 5849; x_wconf 69' lang='lat' dir='ltr'><strong>carthagin.</strong></span> <span class='ocrx_word' id='word_1_913' title='bbox 2391 5772 2561 5823; x_wconf 89' lang='lat' dir='ltr'><strong>concil.</strong></span> <span class='ocrx_word' id='word_1_914' title='bbox 2585 5773 2664 5820; x_wconf 82' lang='lat' dir='ltr'><strong>die</strong></span> <span class='ocrx_word' id='word_1_915' title='bbox 2688 5770 2750 5819; x_wconf 63' lang='grc' dir='ltr'><strong>ΞΘ</strong></span> <span class='ocrx_word' id='word_1_916' title='bbox 2766 5771 2906 5831; x_wconf 85' lang='lat' dir='ltr'><strong>junit,</strong></span> <span class='ocrx_word' id='word_1_917' title='bbox 2931 5781 3009 5818; x_wconf 83' lang='lat' dir='ltr'><strong>an.</strong></span> <span class='ocrx_word' id='word_1_918' title='bbox 3035 5769 3142 5820; x_wconf 66' lang='lat' dir='ltr'><strong>40L</strong></span> 
     </span>
     <span class='ocr_line' id='line_1_127' title="bbox 2063 5831 3001 5886; baseline -0.004 0"><span class='ocrx_word' id='word_1_919' title='bbox 2063 5839 2081 5886; x_wconf 59' lang='grc' dir='ltr'>ἱ</span> <span class='ocrx_word' id='word_1_920' title='bbox 2108 5836 2222 5884; x_wconf 80' lang='lat' dir='ltr'><strong>\ide</strong></span> <span class='ocrx_word' id='word_1_921' title='bbox 2248 5846 2389 5886; x_wconf 76' lang='lat' dir='ltr'><strong>epist.</strong></span> <span class='ocrx_word' id='word_1_922' title='bbox 2416 5838 2522 5886; x_wconf 87' lang='grc'><strong>185.</strong></span> <span class='ocrx_word' id='word_1_923' title='bbox 2546 5846 2648 5886; x_wconf 70' lang='grc' dir='ltr'><strong>ων.</strong></span> <span class='ocrx_word' id='word_1_924' title='bbox 2675 5834 2723 5886; x_wconf 83' lang='lat'><strong>7.</strong></span> <span class='ocrx_word' id='word_1_925' title='bbox 2747 5847 2796 5881; x_wconf 91' lang='lat' dir='ltr'><strong>n.</strong></span> <span class='ocrx_word' id='word_1_926' title='bbox 2822 5832 2902 5886; x_wconf 73' lang='grc'><strong>25.</strong></span> <span class='ocrx_word' id='word_1_927' title='bbox 2925 5831 3001 5882; x_wconf 70' lang='grc'><strong>26.</strong></span> 
     </span>
    </p>
   </div>
   <div class='ocr_carea' id='block_1_126' title="bbox 2063 5831 3001 5899">
    <p class='ocr_par' dir='ltr' id='par_1_126' title="bbox 2063 5831 3001 5899">
     <span class='ocr_line' id='line_1_128' title="bbox 2063 5831 3001 5899; baseline 0.017 -19"><span class='ocrx_word' id='word_1_928' title='bbox 2063 5831 2081 5899; x_wconf 85' lang='grc'>)</span> <span class='ocrx_word' id='word_1_929' title='bbox 2108 5836 2222 5884; x_wconf 79' lang='lat' dir='ltr'><strong>vide</strong></span> <span class='ocrx_word' id='word_1_930' title='bbox 2248 5831 2389 5899; x_wconf 68' lang='lat' dir='ltr'><strong>epist.</strong></span> <span class='ocrx_word' id='word_1_931' title='bbox 2416 5838 2522 5894; x_wconf 86' lang='grc'><strong>185,</strong></span> <span class='ocrx_word' id='word_1_932' title='bbox 2546 5846 2648 5896; x_wconf 78' lang='lat' dir='ltr'><strong>cap.</strong></span> <span class='ocrx_word' id='word_1_933' title='bbox 2675 5834 2723 5892; x_wconf 70' lang='grc'><strong>7,</strong></span> <span class='ocrx_word' id='word_1_934' title='bbox 2747 5847 2796 5881; x_wconf 73' lang='grc' dir='ltr'><strong>ιι·</strong></span> <span class='ocrx_word' id='word_1_935' title='bbox 2822 5832 2902 5894; x_wconf 64' lang='grc'><strong>25»</strong></span> <span class='ocrx_word' id='word_1_936' title='bbox 2925 5831 3001 5882; x_wconf 61' lang='lat'><strong>36-</strong></span> 
     </span>
    </p>
   </div>
   <div class='ocr_carea' id='block_1_127' title="bbox 2029 5898 2379 5961">
    <p class='ocr_par' dir='ltr' id='par_1_127' title="bbox 2029 5898 2379 5961">
     <span class='ocr_line' id='line_1_129' title="bbox 2029 5898 2379 5961; baseline -0.006 -12"><span class='ocrx_word' id='word_1_937' title='bbox 2029 5898 2076 5961; x_wconf 78' lang='grc' dir='ltr'><strong>ε)</strong></span> <span class='ocrx_word' id='word_1_938' title='bbox 2100 5898 2379 5947; x_wconf 74' lang='lat' dir='ltr'><strong>Maximiani.</strong></span> 
     </span>
    </p>
   </div>
  </div>
