4090 6356
336 506 519 570 uastis,
539 503 682 575 quod
710 501 1123 574 prastitistiscis
1138 515 1275 572 quos
1294 498 1591 560 Felicianus
1610 501 1919 555 Mustitanus

336 610 387 653 et
428 598 779 651 Praetextatus
816 593 1159 648 Assuritanus
1193 607 1287 661 per
1314 602 1419 646 tam
1458 592 1670 661 longum
1713 602 1917 661 tempus

336 692 762 762 baptizaveraut,
792 685 1003 756 quando
1026 700 1121 740 eos
1148 700 1243 756 per
1283 684 1516 754 iudicum
1553 685 1698 753 jnssa
1729 684 1794 737 de
1821 684 1915 737 ba-

339 783 503 839 silicis
532 782 737 852 pellero
758 778 1111 841 conabamini,
1134 778 1254 848 quia
1280 777 1599 832 Maximiano
1626 778 1917 830 communi.

338 874 553 939 cabant,
572 888 694 929 cum
717 886 821 941 quo
836 885 863 923 a
885 869 1034 925 vobis
1060 870 1109 923 in
1133 870 1357 923 concilio
1369 869 1651 938 Bagaitano
1667 880 1917 937 expresse

338 965 765 1034 nominatimque
786 962 1021 1017 damnati
1046 968 1187 1015 sunt.
1219 960 1349 1026 Qum
1373 960 1547 1013 omnia
1574 959 1749 1013 Gestis
1772 959 1915 1027 judi-

337 1058 563 1114 cialibus
589 1066 640 1111 et
669 1052 1073 1123 municipalibus
1090 1052 1537 1119 demonstramus,
1557 1053 1643 1105 ubi
1665 1060 1720 1106 et
1746 1053 1915 1120 ipsum

340 1151 628 1205 concilimn
677 1156 910 1201 vestrum
956 1146 1224 1216 allegastis
1248 1187 1261 1210 ,
1297 1145 1421 1199 dum
1460 1147 1615 1200 vultis
1654 1144 1918 1213 judicibus

339 1241 623 1296 ostendere
650 1238 791 1308 quod
820 1237 1183 1291 schismatieos
1210 1245 1415 1290 vestros
1448 1236 1515 1290 de
1549 1236 1777 1290 basilicis
1802 1236 1917 1305 pel-

278 1332 296 1351 “
339 1335 541 1389 teretis.
584 1333 653 1387 Et
683 1340 855 1386 tamen
884 1332 970 1399 qui
1001 1330 1067 1383 ab
1093 1330 1207 1398 ipso
1236 1331 1437 1383 semine
1466 1330 1708 1394 Abrahae,
1737 1332 1785 1382 in
1813 1345 1917 1398 quo

340 1440 527 1479 omnes
556 1431 740 1494 gentes
770 1421 1151 1475 benedicuntur
1179 1419 1337 1491 (Gen.
1370 1434 1500 1487 χχιι,
1530 1420 1659 1489 l8),
1690 1420 1916 1474 schisma

339 1519 556 1580 fecistis,
587 1517 654 1570 de
685 1516 913 1570 basilicis
942 1515 1064 1585 pelli
1095 1529 1199 1569 non
1225 1516 1402 1577 vultis,
1432 1530 1537 1569 non
1571 1531 1662 1583 per
1688 1515 1912 1584 judices,

341 1611 477 1664 sicut
521 1608 869 1663 schismatieis
896 1608 1085 1662 vestris
1129 1622 1219 1661 vos
1260 1607 1481 1665 fecistis,
1510 1607 1605 1660 sed
1649 1621 1738 1674 per
1778 1608 1918 1673 ipsos

340 1717 495 1770 reges
519 1711 691 1763 teme,
708 1700 793 1769 qui
815 1699 1071 1767 completa
1090 1698 1362 1769 pmphetia
1380 1696 1643 1751 Christum
1673 1698 1913 1763 adorant,

340 1792 479 1860 apud
504 1805 637 1861 quos
664 1789 1002 1844 Caecilianum
1032 1798 1339 1843 accusantes
1370 1790 1489 1842 victi
1530 1790 1843 1842 recessistis.

410 1882 499 1935 l2.
534 1882 590 1934 Si
621 1890 793 1934 autem
821 1894 920 1934 nec
953 1880 1133 1933 audire
1165 1895 1262 1934 nec
1288 1880 1478 1933 docere
1506 1892 1601 1932 nos
1628 1881 1800 1941 vultis,
1825 1895 1917 1934 ve-

340 1975 455 2027 nite
484 1981 574 2027 aut
599 1973 788 2026 mittite
818 1971 1094 2026 nobiseum
1115 1973 1167 2025 in
1192 1973 1455 2042 regionem
1479 1972 1913 2041 Hipponensium,

339 2066 429 2133 qui
473 2063 683 2117 videant
741 2072 999 2117 armatum
1040 2064 1324 2119 exercitum
1372 2073 1643 2127 vestrum;
1681 2063 1918 2133 quamvis

342 2156 519 2209 nullus
548 2155 700 2207 miles
728 2169 947 2209 numero
974 2169 1241 2208 armorum
1270 2169 1481 2209 suorum
1508 2155 1706 2209 calcem
1729 2164 1781 2209 et
1800 2171 1918 2211 ace-

342 2258 456 2300 tum
485 2246 684 2300 addidit
710 2246 779 2299 ad
805 2247 986 2300 oculos
1008 2246 1369 2300 barbarorum.
1398 2246 1454 2300 Si
1484 2262 1651 2317 neque
1681 2247 1778 2301 hoc
1806 2248 1917 2300 vul-

342 2340 431 2403 tis,
469 2340 653 2393 saltem
685 2339 899 2393 scribite
928 2340 990 2393 ad
1021 2340 1171 2405 illos,
1202 2349 1255 2393 ιιι
1294 2341 1400 2408 jam
1438 2341 1533 2393 ista
1572 2355 1677 2395 non
1707 2342 1914 2407 faciant,

339 2442 395 2485 ιιι
421 2432 529 2499 jam
552 2446 610 2484 se
629 2445 658 2483 a
688 2430 919 2484 (uadibus
946 2442 1080 2485 llOSll
1098 2446 1156 2493 ts,
1183 2448 1209 2484 a
1232 2428 1451 2500 rapinis,
1472 2433 1541 2485 ab
1566 2434 1918 2486 excaecatioue

338 2532 701 2591 compescant.
726 2522 980 2575 Nolumus
996 2523 1171 2576 dicere
1192 2539 1205 2575 :
1228 2523 1478 2575 llanmale
1500 2525 1635 2576 illos.
1660 2524 1761 2577 Vos
1777 2526 1915 2577 enim

337 2615 580 2669 videritis
596 2613 859 2683 quomodo
876 2631 967 2667 vos
990 2628 1093 2667 neu
1112 2615 1400 2680 inquinent,
1421 2628 1551 2683 quos
1568 2617 1723 2667 modo
1744 2624 1920 2668 osten-

336 2705 517 2759 dimus
544 2706 598 2759 in
629 2716 801 2759 veStra
844 2707 1212 2760 communione
1238 2706 1504 2771 latrones,
1535 2718 1586 2761 ct
1616 2724 1711 2760 nos
1746 2710 1885 2777 inqui

338 2808 626 2868 uentquos
640 2810 910 2867 nunquam
939 2799 1180 2867 potuistis
1204 2800 1483 2853 ostendere
1514 2800 1807 2853 traditores.
1842 2801 1914 2853 Ex

340 2890 426 2945 his
450 2891 699 2944 omnibus
718 2890 896 2959 eligite
921 2891 1058 2960 quod
1082 2891 1368 2945 volueritis.
1401 2891 1454 2943 Si
1479 2900 1652 2961 autem
1676 2893 1917 2961 querelas

341 2993 563 3037 nostras
578 2984 1029 3053 contempseritis,
1060 2999 1157 3037 nos
1187 2984 1402 3037 minime
1433 2984 1707 3052 pteniteliit
1734 2985 1916 3039 ordine

340 3074 562 3142 pacilioo
581 3090 735 3145 agere
755 3076 1003 3129 voluisse.
1034 3075 1218 3129 Aderit
1236 3076 1489 3129 Dominus
1517 3077 1762 3131 Ecclesize
1783 3093 1911 3141 suae,

340 3174 396 3217 ut
425 3179 523 3219 vos
558 3166 731 3236 potius
760 3165 1103 3220 humilitatem
1132 3175 1364 3221 nostram
1391 3170 1770 3235 contempsisse
1806 3182 1917 3237 pm-

340 3256 526 3311 niteat.

730 3345 1057 3401 EPISTOLA
1097 3346 1362 3401 LXXXIX
1388 3352 1404 3371 '
1427 3347 1522 3418 (a).

341 3439 654 3509 Augustinus
693 3438 843 3492 Festo
863 3481 876 3505 ,
911 3439 1092 3494 docens
1130 3449 1255 3493 recte
1293 3439 1481 3509 legibus
1509 3442 1709 3511 reprimi
1746 3442 1917 3495 Dona-

410 3533 591 3596 tistae;
630 3542 676 3586 et
718 3531 944 3584 indicans
996 3533 1050 3584 in
1092 3532 1292 3601 regione
1336 3532 1649 3602 Hipponensi
1694 3535 1917 3587 nondum

408 3636 498 3675 eos
522 3619 662 3675 Festi
691 3621 865 3677 litteris
897 3630 1173 3689 conectas,
1214 3624 1301 3677 sed
1340 3625 1505 3677 adhuc
1542 3625 1916 3678 intolerabiliter

411 3712 657 3781 grassari.

340 3801 570 3857 Domino
593 3803 937 3857 dilectissimo
966 3811 1019 3856 et
1048 3803 1345 3859 honorabili
1366 3819 1429 3859 ac
1448 3806 1785 3875 suscipiendo
1809 3808 1914 3859 lilio

519 3893 724 3955 Fesso,
760 3897 1119 3959 AUGUSTINUS,
1155 3896 1207 3948 in
1238 3897 1460 3951 Domino
1488 3898 1732 3951 salutem.

408 3988 467 4040 1.
506 3986 561 4041 Si
590 4002 685 4055 pro
710 4002 890 4042 errore
924 3989 1162 4041 homines
1192 3998 1245 4041 et
1271 3988 1554 4042 damnabili
1585 3991 1913 4045 dissensione

334 4089 394 4133 et
416 4080 659 4140 convicta
686 4079 858 4134 modis
882 4080 1126 4134 omnibus
1144 4080 1373 4135 falsitate
1402 4090 1542 4134 tanta
1568 4095 1908 4151 praesumunt,

340 4182 396 4227 ut
426 4187 610 4227 eorum
644 4173 871 4227 salutem
902 4170 1184 4242 requirenti
1216 4173 1488 4227 catholica:
1526 4175 1777 4229 Ecclesia:
1808 4185 1912 4229 tam

337 4264 593 4318 audacter
620 4265 854 4319 insidiari
874 4266 1168 4335 minarique
1193 4281 1296 4320 non
1322 4274 1559 4331 cessent;
1584 4277 1779 4336 quanto
1801 4284 1912 4321 ma-

335 4358 417 4425 gis
446 4372 655 4425 aequum
696 4366 809 4425 est,
834 4368 887 4412 et
923 4367 1129 4427 Oportet
1174 4373 1265 4413 eos
1305 4361 1390 4428 qui
1416 4360 1563 4429 pacis
1600 4371 1652 4414 et
1699 4361 1913 4415 unitatis

330 4448 644 4502 christiana:
668 4457 909 4503 asserunt
950 4449 1257 4515 veritatem,
1282 4451 1528 4503 omnibus
1566 4451 1723 4504 etiam
1760 4452 1912 4505 dissi«

330 4538 666 4593 ululantibus
692 4549 744 4592 et
770 4539 1136 4593 cohibentibus
1162 4540 1492 4594 manifestam
1513 4581 1526 4603 ,
1556 4550 1792 4611 satagere
1829 4543 1911 4595 in—

333 4638 541 4683 stanter
565 4639 722 4699 atque
764 4629 1017 4699 impigre,
1046 4644 1153 4683 non
1190 4630 1359 4684 solum
1388 4646 1483 4699 pro
1518 4644 1700 4685 eorum
1736 4634 1912 4686 muni-

337 4720 485 4774 mine
510 4720 597 4789 qui
623 4719 731 4788 jam
757 4720 1003 4775 catholici
1032 4728 1180 4784 sunt,
1214 4736 1395 4774 verum
1421 4722 1578 4775 etiam
1606 4738 1702 4790 pro
1730 4736 1911 4776 eorum

334 4812 667 4866 correctione
692 4812 779 4880 qui
821 4812 1050 4865 nomium
1090 4812 1248 4865 sunt?
1274 4811 1404 4865 Nam
1443 4813 1485 4865 si
1516 4815 1801 4881 pertinacia
1826 4817 1909 4867 in-

336 4903 664 4971 superabiles
690 4904 828 4956 vires
844 4902 1038 4958 habere
1058 4913 1294 4969 conatur,
1311 4913 1532 4972 quantas
1548 4904 1697 4959 decet
1719 4905 1913 4959 habere

334 4995 723 5061 etiametiam,
753 5011 870 5065 quae
898 4996 951 5049 in
977 5010 1042 5049 eo
1069 4996 1206 5049 bono
1244 4997 1382 5064 quod
1415 5010 1812 5065 perseveranter
1836 5009 1914 5053 at-

336 5103 441 5153 que
472 5085 866 5156 infatigabiliter
898 5086 1035 5155 agit,
1068 5096 1123 5140 et
1166 5088 1272 5141 Deo
1302 5088 1511 5156 placere
1549 5103 1607 5143 se
1652 5091 1826 5151 novit,
1862 5099 1914 5144 et

338 5177 525 5246 procul
561 5178 722 5232 dubio
751 5192 859 5232 non
902 5186 1079 5247 potest
1105 5178 1406 5233 hominibus
1433 5181 1775 5248 prudentibus
1805 5182 1909 5235 dis-

334 5266 577 5337 pliccre?

408 5358 463 5411 2.
489 5357 621 5424 Quid
636 5367 815 5414 autem
844 5357 1106 5413 infelicius
1125 5366 1283 5427 atque
1300 5361 1622 5428 perversius,
1654 5364 1789 5416 sicut
1815 5365 1914 5417 Do-

337 5452 549 5505 natisttn
575 5451 789 5517 faciunt,
813 5452 902 5520 qui
930 5467 987 5507 se
1016 5453 1436 5521 persecutionem
1461 5458 1660 5525 perpeti
1680 5459 1914 5527 glorian-

342 5551 453 5607 tur,
486 5559 641 5613 quam
670 5542 737 5597 de
775 5544 1095 5598 coercitione
1130 5544 1419 5612 iniquitatis
1458 5562 1564 5599 sua!
1608 5564 1709 5600 non
1745 5551 1915 5604 Solum

403 5661 416 5672 '
444 5656 508 5705 ad
536 5671 585 5707 α.
615 5658 698 5720 bg.
730 5658 799 5707 ιιι.
838 5671 882 5707 c.
913 5670 983 5707 oc.
1014 5656 1065 5705 ll‘.
1091 5671 1141 5720 g.
1174 5670 1253 5718 gv.
1285 5666 1338 5720 n.
1372 5670 1416 5707 r.
1457 5673 1497 5708 s.
1529 5661 1601 5710 sb.
1634 5667 1670 5710 t.
1701 5664 1819 5715 duos
1842 5679 1914 5716 vc.

334 5728 541 5781 quamor
558 5735 604 5769 v.
629 5719 799 5768 cellula
824 5728 930 5779 est,
963 5728 1013 5768 et
1046 5719 1226 5781 adAm.
1252 5719 1361 5767 Bad.
1380 5728 1451 5767 ιλιι.
1470 5729 1575 5770 [λιν.

402 5782 471 5841 (a)
499 5779 619 5830 Alias
644 5783 729 5830 lti'i
754 5799 763 5831 :
785 5795 892 5844 quae
916 5791 1076 5831 autem
1097 5780 1158 5829 89
1175 5790 1298 5840 erat,
1318 5796 1443 5830 nunc
1472 5786 1570 5833 157.
1597 5788 1706 5848 seri,
1726 5796 1770 5836 ta
1795 5791 1919 5843 circa

334 5842 465 5892 idem
489 5852 698 5906 tempus.

1488 384 1966 442 EPISTOLARUM
1992 384 2265 444 CLASSIS
2301 390 2362 446 ll.

3494 404 3601 461 διο

2028 504 2232 558 nescire
2260 506 2529 574 confundi,
2560 508 2650 563 sed
2681 510 2837 564 etiam
2872 510 3008 565 velle
3034 512 3268 578 laudari;
3300 516 3601 584 ignorantis

2025 596 2262 651 czecitate
2301 598 2557 664 mirabili,
2590 601 2669 654 vel
2699 602 3035 656 animositate
3060 602 3343 660 damnabili
3384 621 3441 661 se
3465 610 3597 663 scire

2024 684 2435 753 dissimulantes,
2467 690 2605 759 quod
2636 703 2890 763 martyres
2921 704 3077 748 verus
3102 710 3206 748 non
3234 696 3389 751 faciat
3420 712 3595 767 mena,

2024 777 2116 831 sed
2158 778 2358 832 causa?
2401 781 2467 834 Et
2506 782 2605 835 hoc
2647 784 2857 851 quidem
2901 785 3155 840 adversus
3202 794 3295 842 eus
3342 788 3595 854 dicerem,

2025 882 2157 935 quos
2182 870 2289 921 sola
2323 871 2491 940 caligo
2522 872 2753 927 hreretici
2788 876 2984 929 errOris
3017 877 3308 932 involveret
3329 921 3343 945 ,
3374 894 3469 948 pro
3496 895 3601 951 quo

2024 961 2301 1030 sacrilegio
2338 976 2519 1031 plenas
2557 964 2893 1033 dignissimas
2928 969 3150 1035 luerent,
3175 982 3274 1024 nec
3302 980 3471 1025 tamen
3496 973 3598 1025 ulla

2025 1068 2341 1122 quemquam
2378 1056 2604 1109 violenta
2634 1056 2835 1110 insania
2868 1059 3057 1113 lwderc
3092 1060 3366 1115 auderent.
3397 1062 3594 1117 Adver-

2025 1157 2115 1198 sus
2139 1155 2311 1197 autem
2348 1146 2475 1199 istos
2518 1146 2643 1214 quid
2680 1147 2879 1213 dicam,
2920 1165 3141 1217 quorum
3172 1161 3273 1203 tam
3303 1152 3598 1222 perniciosa

2026 1238 2361 1301 perversitas.
2389 1240 2469 1291 vel
2503 1239 2813 1293 damnortmi
2846 1252 3045 1296 terrm'c
3071 1253 3366 1310 coercetur,
3394 1245 3472 1299 vel
3498 1245 3597 1297 do-

2024 1337 2173 1381 cetur
2199 1328 2385 1383 exsilio
2413 1342 2567 1397 quam
2598 1331 2610 1359 ί
2646 1330 2837 1401 ubique
2863 1331 3052 1386 dili‘usa
3081 1334 3147 1386 sit
3180 1335 3434 1401 Ecclesia,
3461 1336 3598 1389 sicut

2024 1420 2197 1473 futura
2226 1422 2475 1489 praedicta
2522 1431 2631 1481 est,
2664 1440 2817 1492 qumn
2863 1425 3063 1478 malunt
3107 1442 3407 1497 Oppugnarc
3443 1443 3596 1497 quam

2025 1514 2353 1582 agnoscere?
2382 1514 2443 1568 Et
2465 1516 2507 1568 si
2535 1530 2595 1568 ea
2620 1532 2736 1583 qua:
2762 1532 2852 1585 per
2872 1519 3413 1572 misericordissimam
3437 1520 3565 1573 disci
3588 1552 3595 1555 -

2024 1604 2217 1673 plinam
2249 1606 2534 1673 patiuntur,
2564 1618 2936 1675 comparentur
2962 1610 3037 1661 eis
3070 1608 3219 1663 factis
3255 1626 3372 1680 qure
3400 1610 3593 1665 furiosa

2025 1698 2319 1751 temeritate
2357 1701 2725 1766 committunt,
2767 1702 2882 1769 quis
2925 1716 3029 1754 non
3073 1700 3273 1766 videat,
3302 1704 3387 1770 qui
3432 1705 3593 1771 magis

2024 1798 2391 1858 persecutores
2419 1791 2635 1845 vocandi
2681 1792 2843 1845 sunt?
2890 1792 3196 1861 Quanquam
3232 1793 3318 1843 lilii
3365 1792 3489 1845 mali
3533 1808 3595 1845 eo

2024 1890 2226 1935 tantmn
2268 1897 2371 1950 quo
2417 1884 2616 1951 perdite
2656 1884 2860 1945 vivunt,
2896 1885 3099 1936 etiamsi
3143 1885 3308 1937 nullas
3343 1884 3597 1937 violenter

2024 1973 2251 2027 inferant
2294 1990 2508 2039 manus,
2552 1987 2821 2044 parentum
2870 1979 3111 2044 pit-tatem
3159 1978 3369 2045 gravius
3412 1992 3596 2045 perse-

2023 2074 2273 2135 quuntur,
2301 2082 2452 2136 quam
2477 2084 2595 2121 cmn
2623 2069 2738 2122 illos
2767 2079 2911 2136 pater
2936 2077 3024 2121 aut
3052 2080 3233 2132 mater,
3265 2080 3460 2138 quanto
3481 2084 3595 2121 am-

2024 2158 2160 2227 plius
2203 2158 2461 2227 diligunt,
2497 2169 2640 2211 tanto
2670 2160 2893 2227 amplius
2941 2160 3004 2211 ad
3045 2160 3236 2214 bonam
3284 2161 3443 2214 vitam
3480 2160 3595 2213 sine

2024 2248 2129 2302 ulla
2158 2248 2575 2302 dissimulatione
2603 2250 2941 2317 compellunt.

2094 2340 2146 2393 '5.
2191 2340 2407 2392 Exstant
2432 2341 2758 2408 publicorum
2796 2352 3255 2393 mwnumentorum
3284 2341 3581 2395 lirmissima

2022 2429 2357 2485 documenta.
2386 2447 2502 2499 qua:
2532 2440 2679 2499 potes
2720 2432 2891 2500 legere
2920 2433 2960 2483 si
2988 2431 3233 2495 volueris,
3266 2431 3373 2486 imo
3397 2443 3521 2500 peto
3545 2440 3599 2485 et

2024 2520 2205 2573 hortor
2232 2530 2285 2572 ut
2316 2522 2485 2589 legas;
2512 2523 2698 2590 quibus
2717 2522 2966 2589 probatur
2992 2522 3130 2590 quod
3158 2522 3383 2587 majores
3411 2536 3593 2575 eorum

2022 2613 2109 2681 qui
2154 2612 2305 2678 primi
2343 2627 2399 2664 se
2433 2613 2499 2665 ab
2540 2613 2791 2666 Ecclesiai
2822 2628 2946 2679 pace
2990 2613 3303 2673 diviserunt,
3338 2612 3474 2666 ultro
3506 2628 3600 2682 per

2023 2703 2308 2755 Anulinum
2340 2713 2459 2754 tunc
2494 2704 2860 2770 [lFOCtlnSUit'm
2895 2704 3033 2771 apud
3061 2705 3463 2758 Constantinum
3494 2704 3592 2757 im-

2022 2802 2317 2862 peratorem
2347 2809 2595 2849 accusare
2625 2797 2735 2848 ausi
2768 2806 2890 2849 sunt
2910 2796 2949 2849 (ἶ
2970 2818 2977 2845 ι
3000 2798 3269 2851 eiliauum.
3296 2798 3349 2849 lu
3374 2814 3478 2866 quo
3496 2798 3596 2850 uti-

2022 2901 2125 2953 que
2150 2886 2349 2954 judicio
2379 2888 2422 2939 si
2452 2887 2723 2951 vicissent,
2757 2890 2879 2955 quid
2927 2900 3035 2943 erat
3058 2891 3371 2943 Czeeilianus
3406 2890 3471 2943 ab
3496 2890 3594 2943 lm-

2025 2986 2264 3048 peratorc
2294 2994 2558 3047 passurus,
2593 2978 2687 3033 nisi
2730 2981 2867 3048 quod
2908 2982 2958 3033 in
2988 2983 3115 3034 istos
3150 2992 3488 3051 posteaquam
3519 2983 3593 3034 vi-

2022 3068 2089 3120 cli
2119 3077 2238 3120 sunt
2266 3069 2769 3136 pronuntiavit?Sed
2793 3070 3036 3125 videlicet
3055 3073 3097 3125 si
3124 3073 3198 3125 eis
3225 3074 3591 3126 accusantibus

2019 3167 2175 3227 atque
2200 3160 2570 3225 superantibus
2595 3159 2908 3216 Caicilianus
2947 3162 3162 3231 ejusque
3187 3162 3402 3232 collegae
3428 3163 3590 3234 pelle-

2021 3259 2201 3303 rentur
2225 3250 2457 3316 sedibus,
2488 3268 2617 3320 quas
2647 3254 2912 3317 tenebant,
2950 3255 3030 3306 vel
3055 3256 3213 3308 etiam
3257 3254 3309 3308 in
3340 3270 3431 3309 sua
3464 3271 3589 3308 con-

2018 3340 2304 3410 spiratione
2333 3343 2581 3397 dun-antes
2609 3345 2629 3374 ²
2656 3346 2864 3413 gravius
2890 3347 3420 3417 punireulur(nequc
3448 3349 3591 3402 enim

2022 3441 2227 3500 poterat
2253 3434 2415 3487 victos
2445 3446 2498 3487 et
2528 3434 2837 3489 resistentes
2866 3438 3005 3506 regia
3032 3454 3254 3491 censura
3284 3450 3590 3493 contemne-

2020 3526 2142 3593 re);
2172 3534 2295 3578 tunc
2314 3526 2396 3577 isti
2428 3528 2779 3593 provisionem
2807 3544 2953 3582 suam
2986 3539 3038 3583 et
3062 3547 3153 3598 pro
3178 3530 3414 3585 Ecclesia
3443 3532 3591 3584 solli-

2016 3616 2175 3670 citam
2207 3632 2385 3669 euram
2409 3618 2794 3686 praedicandam
2824 3619 3065 3673 laudibus
3092 3622 3423 3675 ventilarent.
3443 3622 3590 3675 Nunc

2019 3714 2195 3760 autem
2235 3711 2355 3776 quia
2392 3709 2489 3775 ipsi
2518 3711 2748 3777 superati
2779 3720 2923 3777 sunt,
2960 3712 3161 3779 quiaea
3205 3712 3591 3780 qu:einten'de-

2020 3800 2166 3864 bant,
2196 3801 2420 3867 probare
2451 3802 2665 3855 minime
2706 3813 3005 3870 potuerunt,
3036 3806 3077 3857 si
3099 3805 3223 3873 quid
3248 3820 3342 3873 pro
3370 3819 3463 3859 sua
3494 3807 3590 3858 iui-

2016 3891 2218 3960 quitatc
2246 3891 2532 3960 patiuntur.
2568 3894 2983 3961 persecutionem
3017 3904 3232 3959 vocant;
3265 3911 3363 3950 nec
3390 3905 3591 3950 tantum

2018 3981 2253 4037 furorem
2307 3984 2566 4051 perditum
2604 3985 2819 4038 minime
2860 3987 3172 4054 reprimunt,
3202 4003 3385 4041 verum
3434 3991 3589 4042 etiam

2016 4071 2278 4128 honorem
2326 4083 2611 4141 martyrum
2657 4086 2932 4143 qumrunt:
2966 4076 3113 4144 quasi
3143 4092 3271 4131 vero
3320 4078 3593 4132 christiani

2018 4166 2263 4219 catholici
2289 4166 2630 4234 imperatores
2651 4167 2901 4219 adversus
2918 4182 3101 4219 eorum
3120 4168 3587 4234 pcrtinacissimam

2022 4255 2347 4324 iniquitatem
2380 4256 2519 4308 aliud
2572 4265 2859 4322 sequantur
2887 4273 3040 4323 quam
3088 4256 3415 4311 Constantini
3456 4259 3592 4327 judi-

2018 4346 2178 4411 cium,
2203 4346 2340 4414 apud
2369 4362 2521 4413 quem
2553 4346 2687 4398 ultro
2709 4346 2975 4400 Οιιεοιιὶειιιὶ
2998 4356 3333 4401 accusatores
3356 4348 3587 4413 fuerunt,

2017 4438 2167 4505 cujus
2201 4438 2566 4492 auctoritatem
2615 4439 2860 4492 onmibus
2909 4442 3274 4495 transmarinis
3328 4443 3591 4513 episcopis

2019 4531 2381 4600 praetulerunt,
2430 4541 2483 4583 ut
2525 4546 2629 4584 non
2659 4531 2724 4585 ad
2752 4532 2900 4595 illos,
2937 4532 3029 4587 sed
3074 4534 3139 4587 ad
3176 4535 3319 4588 illum
3343 4537 3593 4593 Ecclesiae

2018 4635 2232 4676 causam
2253 4620 2551 4685 deferrent;
2580 4633 2633 4674 ut
2654 4622 2803 4676 abeo
2841 4623 3017 4676 datum
3042 4624 3093 4678 in
3117 4627 3245 4680 urbe
3286 4627 3449 4682 lloma
3478 4631 3587 4698 epi-

2018 4712 2230 4780 BCOpalc
2268 4712 2540 4780 judicium,
2586 4714 2634 4765 in
2681 4730 2782 4780 quo
2810 4715 3033 4782 primum
3061 4717 3183 4770 victi
3213 4729 3361 4785 sunt,
3409 4736 3592 4776 rursus

2018 4802 2155 4871 apud
2191 4803 2335 4856 illum
2366 4815 2704 4866 accusarent;
2748 4813 2803 4857 ut
2849 4805 2913 4859 ab
2937 4808 3102 4860 altero
3137 4808 3273 4876 apud
3318 4811 3587 4865 Arctatum

2018 4893 2141 4947 dato
2176 4894 2459 4962 episeopali
2508 4894 2704 4962 judicio
2750 4895 2812 4948 ad
2855 4896 2998 4949 illum
3039 4899 3410 4966 appellarent:
3446 4903 3583 4969 apud

2017 5001 2174 5055 quem
2206 4995 2379 5039 tamen
2420 4987 2704 5040 novissime
2744 4990 2998 5055 snperati,
3028 4990 3077 5040 iu
3105 5006 3200 5043 sua
3242 4993 3587 5059 perversitate

2020 5085 2445 5144 permanserunt.
2470 5077 2605 5131 Puto
2634 5078 2772 5145 quod
2796 5080 2907 5147 ipse
2931 5079 3187 5144 diabolus,
3208 5082 3250 5133 si
3278 5083 3590 5137 auctoritate

2016 5165 2206 5234 judicis
2226 5183 2381 5236 quem
2402 5168 2541 5221 ultro
2568 5169 2821 5238 elegerat,
2844 5171 2999 5223 toties
3023 5172 3338 5234 vinceretur,
3373 5188 3477 5227 non
3506 5189 3591 5228 es-

2020 5267 2099 5310 set
2124 5264 2229 5309 tam
2261 5258 2538 5325 impudens
2567 5269 2626 5313 ut
2649 5260 2778 5314 inca
2807 5274 2965 5314 causa
2986 5263 3307 5329 persisteret.

2090 5347 2142 5401 4.
2184 5348 2288 5403 Sed
2317 5349 2431 5403 haec
2459 5350 2688 5404 humana
2710 5351 2905 5420 judicia
2932 5352 3264 5420 deputentur.
3293 5366 3347 5408 et
3365 5355 3592 5411 circum-

2022 5440 2186 5493 veniri
2212 5455 2275 5496 ac
2313 5441 2444 5507 falli,
2473 5443 2553 5497 vel
2591 5444 2748 5498 etiam
2774 5446 3039 5513 corrumpi
3071 5446 3300 5513 potuisse
3328 5447 3585 5503 dicantur.

2022 5531 2115 5587 Cm
2142 5549 2267 5603 ergo
2282 5536 2454 5590 adhuc
2477 5547 2757 5591 accusatur
2780 5536 3099 5591 christianos
3143 5538 3285 5591 orbis
3306 5552 3587 5608 terrarum,

2022 5635 2077 5679 et
2102 5627 2279 5680 nescio
2294 5629 2482 5695 quibus
2500 5628 2808 5682 traditurum
2844 5630 3149 5683 criminibus
3176 5631 3477 5699 inlannuur,
3503 5636 3591 5704 qui

2090 5738 2103 5810 ξ
2124 5742 2182 5810 ,ιιι
2214 5738 2346 5797 prius
2362 5738 2493 5810 sua,
2512 5752 2656 5802 quam
2676 5739 2803 5800 quod
2818 5738 3001 5810 ubique.
3020 5742 3409 5810 sedeonciimms
3423 5748 3470 5795 in
3485 5753 3590 5797 Mal.

2024 5796 2225 5867 sutilem
2248 5800 2391 5859 quod,
2422 5796 2644 5867 habetur,
2674 5796 2818 5867 cutim
2840 5796 3011 5865 ubique
3025 5801 3218 5867 dimisi,
3251 5814 3345 5857 etc.

2089 5858 2112 5891 ‘
2137 5865 2239 5908 Mss.
2261 5858 2363 5910 tres
2394 5864 2535 5912 \atic.
2563 5858 2856 5914 durantibus.
