4090 6356
494 387 594 445 δη

497 501 680 569 utique
697 511 797 553 nec
819 493 989 567 potuit
1007 508 1106 550 nec
1125 493 1304 549 debuit
1331 491 1428 547 uisi
1459 489 1645 546 electis
1681 488 1948 560 judicibns
1975 503 2070 558 po-

497 597 607 650 tius
637 605 792 660 quam
827 589 977 644 victis
1023 587 1373 659 litigatoribus
1399 581 1653 639 credere?
1683 581 1892 638 Habent
1932 581 2072 652 apud

496 683 664 737 Deum
695 680 770 734 illi
805 679 1008 749 judices
1041 692 1255 732 causam
1285 689 1434 730 suam
1465 675 1576 728 sive
1604 673 1796 728 bonam
1819 673 1936 728 sive
1961 687 2074 728 ma-

494 773 601 828 lam
631 791 644 826 :
676 772 799 840 quid
831 769 956 826 fecit
982 770 1217 824 Ecclesia
1247 777 1357 822 toto
1403 768 1532 822 orbe
1571 765 1778 829 diffusa,
1818 781 1935 836 quae
1965 780 2071 820 non

496 864 567 920 ob
592 863 732 918 aliud
771 863 838 917 ab
886 861 1000 916 istis
1027 858 1396 928 rebaptizanda
1437 867 1703 922 censetur,
1731 857 1830 911 nisi
1857 856 1980 924 quia
2019 858 2072 910 in

497 970 560 1012 ea
589 969 768 1019 causa,
797 955 848 1008 in
872 969 972 1023 qua
994 951 1119 1022 quid
1146 951 1259 1006 veri
1289 960 1430 1005 esset
1475 949 1714 1020 judicare
1744 964 1847 1004 non
1884 949 2070 1018 potuit,

498 1049 578 1104 eis
609 1049 781 1118 potius
809 1048 895 1116 qui
919 1045 1154 1116 judicare
1199 1052 1501 1113 potuerunt,
1550 1057 1707 1113 quam
1756 1043 1832 1097 eis
1860 1044 1949 1113 qui
1977 1057 2075 1098 nec

501 1139 733 1210 superati
787 1145 1086 1201 cesserunt,
1132 1134 1456 1190 credendum
1481 1133 1717 1203 putavit?
1760 1132 2073 1204 Omagnum

503 1232 705 1288 crimen
718 1229 950 1284 omnium
967 1228 1223 1298 gentium,
1242 1241 1372 1294 quas
1393 1227 1444 1279 in
1457 1225 1661 1280 semine
1674 1223 1898 1278 Abrahae
1909 1223 2074 1279 bene-

502 1320 753 1377 dicendas
769 1317 1008 1388 promisit
1024 1318 1159 1372 Deus
1177 1315 1326 1387 (Gen.
1343 1332 1473 1382 xxu,
1496 1315 1609 1385 l8),
1626 1324 1678 1370 et
1692 1314 1823 1370 sicut
1835 1315 2075 1385 promisit

504 1411 775 1469 exhibuit!
809 1426 924 1480 quae
945 1424 1063 1464 cum
1093 1424 1194 1462 una
1215 1422 1343 1462 voce
1354 1407 1603 1472 dixerint,
1624 1406 1796 1472 Quare
1809 1422 1906 1461 nos
1918 1407 2076 1462 vultis

502 1506 850 1576 rebaptizare,
883 1501 1231 1572 respondetur
1251 1501 1348 1564 eis,
1368 1499 1499 1566 Quia
1527 1499 1741 1554 nescitis
1765 1499 1853 1568 qui
1882 1498 2078 1555 fuerint

499 1597 555 1652 in
581 1596 757 1651 Africa
780 1603 1081 1650 sanctorum
1103 1592 1356 1648 Codicum
1384 1590 1681 1656 traditores,
1695 1599 1749 1647 et
1777 1591 1828 1645 in
1850 1606 1914 1646 eo
1934 1590 2076 1661 quod

502 1688 839 1752 nesciebatis,
867 1685 1131 1756 judicibus
1162 1684 1326 1753 magis
1356 1699 1512 1753 quam
1540 1684 1935 1738 accusatoribus
1960 1699 2077 1738 cre-

503 1779 634 1835 dere
676 1779 936 1833 voiuistis.
973 1777 1028 1832 Si
1055 1777 1252 1831 crimen
1295 1776 1522 1829 alienum
1568 1791 1670 1830 non
1687 1785 2077 1846 gravatquem-

500 1885 680 1942 quam,
704 1869 826 1942 quid
859 1869 1085 1938 pertinet
1113 1867 1179 1921 ad
1208 1868 1388 1921 orbetn
1420 1874 1677 1920 terrarum
1704 1867 1842 1936 quod
1869 1866 1920 1920 in
1941 1866 2080 1921 Afri-

503 1938 566 2018 ca
588 1938 814 2032 quisque
839 1959 1138 2014 commisit?
1163 1958 1217 2014 Si
1247 1959 1446 2012 crimen
1477 1958 1799 2026 incognitum
1825 1974 1928 2012 non
1955 1973 2078 2028 gra-

502 2061 588 2108 vat
607 2067 944 2122 quemquam,
961 2049 1101 2106 unde
1126 2050 1292 2119 potuit
1313 2049 1456 2106 orbis
1483 2057 1738 2104 terrarum
1759 2064 2080 2119 cognoscere

502 2144 584 2199 vel
612 2143 811 2198 crimen
841 2141 1072 2213 judicum
1101 2141 1185 2196 vel
1213 2142 1460 2196 reorum?
1485 2140 1722 2196 iudicate
1749 2143 1836 2212 qui
1867 2158 1960 2198 cor
1984 2142 2082 2195 ha-

501 2236 660 2292 betis.
691 2236 817 2290 Haec
841 2244 925 2291 est
953 2233 1201 2290 haeretica
1228 2235 1453 2304 justitia,
1487 2243 1545 2289 ut
1576 2233 1702 2312 quia
1742 2236 1886 2290 orbis
1915 2243 2084 2290 terra-

504 2344 621 2384 rum
649 2342 753 2382 non
777 2327 992 2382 damnat
1018 2327 1218 2381 crimen
1251 2327 1591 2396 incognitum,
1624 2341 1746 2396 pars
1774 2326 1957 2380 Donati
1988 2325 2081 2380 da-

506 2429 655 2477 mnet
693 2421 877 2476 orbem
916 2428 1175 2476 terrarum
1212 2420 1520 2474 inauditum.
1563 2419 1668 2475 Sed
1717 2434 1846 2474 sane
1890 2419 2082 2474 sufficit

503 2515 618 2570 orbi
642 2523 897 2569 terrarum
922 2523 1100 2567 tenere
1119 2512 1497 2582 promissiones
1528 2513 1642 2580 Dei,
1672 2512 1801 2567 etin
1827 2527 1885 2567 se
1902 2512 2082 2568 videre

505 2605 759 2676 compleri
813 2603 952 2674 quod
983 2603 1260 2672 Pr0phetae
1290 2611 1434 2657 tanto
1472 2612 1592 2658 ante
1637 2604 1970 2667 cecinerunt;
2028 2602 2081 2656 in

506 2695 706 2751 eisdem
725 2693 1009 2763 Scripturis
1029 2708 1314 2762 agnoscere
1332 2692 1644 2759 Ecclesiam,
1669 2693 1755 2748 ubi
1781 2700 1835 2747 et
1859 2709 1948 2747 rex
1968 2693 2084 2762 ejus

506 2784 746 2841 Christus
762 2782 1082 2854 agnoscitur.
1107 2781 1210 2838 Ubi
1229 2783 1372 2838 enim
1399 2783 1465 2838 de
1491 2783 1704 2839 Christo
1735 2785 1854 2838 talia
1886 2785 2082 2855 praedi-

505 2887 589 2931 cta
619 2883 762 2941 sunt,
793 2874 964 2944 qualia
995 2873 1252 2942 completa
1284 2873 1335 2928 in
1375 2874 1661 2946 Evangelio
1688 2875 1928 2945 legimus.
1981 2875 2082 2930 illic

507 2968 754 3040 praedicta
799 2975 923 3021 sunt
949 2965 1014 3021 de
1045 2965 1304 3034 Ecclesia,
1325 2967 1500 3037 qualia
1537 2967 1790 3038 compleri
1819 2975 1930 3023 toto
1951 2967 2081 3024 orbe

503 3059 612 3132 jam
634 3059 922 3115 cernimus.

579 3151 633 3207 5.
674 3149 782 3208 Nisi
827 3148 961 3204 forte
1005 3163 1325 3219 quemquam
1358 3148 1688 3220 prudentium
1734 3151 2080 3221 permovebit,

508 3244 646 3314 quod
677 3243 743 3299 de
769 3245 1036 3314 Baptismo
1064 3246 1236 3302 solent
1263 3246 1460 3315 dicere,
1487 3257 1609 3302 tunc
1633 3263 1752 3304 esse
1779 3263 1962 3304 verum
1985 3248 2081 3304 ba-

509 3335 759 3406 ptismum
782 3334 998 3403 Christi,
1027 3353 1146 3394 cum
1173 3339 1240 3394 ab
1279 3339 1491 3395 homine
1510 3341 1652 3410 justo
1677 3340 1850 3407 datur,
1883 3356 2002 3394 cum
2031 3348 2086 3394 et

509 3426 630 3480 hinc
658 3436 830 3481 teneat
849 3429 992 3482 orbis
1017 3437 1271 3485 terrarum
1301 3430 1748 3485 evidentissimam
1770 3440 1824 3486 et
1851 3445 2084 3502 evange-

509 3518 664 3572 licatn
701 3519 998 3588 veritatem,
1031 3520 1120 3576 ubi
1143 3521 1374 3578 Joannes
1401 3523 1504 3577 ait:
1535 3522 1634 3588 Qui
1658 3539 1736 3576 me
1763 3524 1893 3576 misit
1922 3523 2088 3591 bapti-

514 3624 631 3661 sare
657 3608 708 3660 in
737 3625 886 3678 aqua,
909 3609 1017 3679 ipse
1043 3611 1168 3665 mihi
1192 3613 1319 3666 dixit
1349 3629 1366 3666 :
1395 3611 1561 3684 Super
1591 3629 1734 3684 quem
1760 3614 1941 3667 videris
1962 3614 2084 3685 Spi-

509 3699 660 3752 ritum
679 3699 1057 3756 descendentem
1079 3704 1223 3774 φιαεί
1242 3703 1543 3774 columbam,
1568 3715 1614 3758 et
1638 3716 1917 3760 manentem
1936 3723 2086 3777 super

509 3806 643 3852 eum,
661 3791 768 3863 ipse
795 3801 865 3846 est
888 3793 975 3863 qui
1001 3792 1218 3863 baptizat
1239 3795 1290 3848 in
1310 3794 1506 3865 Spiritu
1525 3805 1696 3851 sancto
1720 3794 1893 3870 (Joan.
1910 3813 1947 3865 ι,
1971 3795 2082 3868 55).

512 3879 661 3937 Unde
683 3897 865 3937 secura
898 3884 1129 3940 Ecclesia
1157 3901 1303 3955 spem
1336 3902 1438 3941 non
1468 3889 1616 3958 ponit
1658 3889 1710 3943 in
1742 3888 1978 3955 homine,
2013 3905 2082 3945 ne

510 3973 708 4028 incidat
733 3975 785 4028 in
818 3975 957 4030 illam
978 3979 1293 4032 sententiam
1319 3979 1370 4032 in
1388 3995 1488 4049 qua
1514 3980 1766 4050 scriptum
1792 3989 1893 4047 est,
1923 3979 2088 4034 Male-

511 4064 673 4119 dictus
711 4067 872 4121 omnis
913 4068 996 4133 qui
1036 4085 1175 4138 spem
1216 4085 1360 4123 suam
1387 4070 1525 4138 ponit
1553 4071 1604 4124 in
1634 4071 1833 4124 homine
1868 4069 2083 4140 (larem.

510 4171 644 4224 xvu,
673 4157 767 4231 5);
795 4159 887 4214 sed
918 4175 1065 4229 Spem
1087 4175 1233 4215 suam
1265 4162 1413 4231 ponit
1441 4162 1492 4216 in
1522 4161 1756 4229 Christo,
1788 4163 1876 4232 qui
1901 4164 1978 4218 sic
1996 4177 2088 4218 ac-

509 4251 650 4320 cepit
668 4249 890 4306 formam
917 4253 1076 4318 servi,
1108 4261 1166 4308 ut
1191 4268 1297 4308 non
1327 4255 1591 4309 amitteret
1619 4255 1839 4310 formam
1873 4255 1985 4322 Dei,
2017 4254 2084 4310 de

509 4356 614 4411 quo
631 4326 830 4396 dictum
874 4351 975 4408 est,
1007 4341 1130 4414 Ipse
1163 4353 1236 4398 est
1278 4345 1365 4414 qui
1392 4344 1629 4414 baptizat.
1664 4346 1893 4402 Proinde
1922 4347 2082 4403 homo

507 4431 726 4502 quilibet
753 4432 992 4488 minister
1016 4433 1258 4502 baptismi
1286 4435 1420 4504 ejus,
1450 4437 1885 4508 qualemcumque
1921 4439 2081 4495 sarci-

508 4538 629 4578 nam
682 4532 876 4593 portet,
914 4537 1016 4579 non
1047 4525 1164 4589 iste,
1197 4525 1291 4580 sed
1322 4540 1483 4595 super
1507 4542 1664 4597 quem
1705 4529 1948 4585 columba
1993 4529 2086 4584 de-

507 4614 730 4681 scendit,
763 4615 875 4685 ipse
917 4624 1000 4671 est
1019 4618 1105 4685 qui
1137 4617 1384 4687 baptizat.
1415 4617 1537 4672 Illos
1562 4629 1736 4674 autem
1782 4636 1912 4674 vana
1958 4636 2084 4677 sen-

509 4709 718 4775 tientes,
744 4715 884 4762 tanta
901 4708 1198 4764 absurditas
1224 4711 1477 4780 sequitur,
1497 4719 1554 4764 ut
1577 4726 1682 4780 quo
1709 4712 1777 4766 ab
1801 4728 1860 4768 ea
1889 4698 2087 4784 fugiant

507 4813 614 4854 non
640 4798 927 4854 inveniant.
975 4797 1107 4853 Cum
1134 4800 1273 4854 enim
1314 4799 1575 4856 fateantur
1604 4811 1776 4857 ratum
1805 4813 1855 4858 et
1899 4820 2082 4860 verum

507 4905 626 4948 esse
653 4891 998 4959 Baptismum,
1050 4892 1260 4962 quando
1316 4893 1545 4963 baptizat
1595 4895 1732 4964 apud
1773 4910 1864 4950 eos
1893 4896 2084 4966 aliquis

506 4984 842 5049 criminosus,
874 4983 1024 5054 cujus
1069 4985 1288 5040 crimina
1318 4985 1511 5051 latent;
1555 4987 1780 5043 dicimus
1831 4990 1925 5055 eis,
1954 4989 2084 5056 Quis

508 5082 632 5130 tunc
652 5074 912 5145 baptizat?
935 5091 1032 5132 nec
1047 5075 1375 5148 habentquid
1395 5079 1749 5148 respondeant
1765 5081 1886 5148 nisi,
1910 5083 2080 5139 Deus:

507 5179 681 5235 neque
705 5165 847 5220 enim
875 5176 1095 5236 possunt
1120 5166 1298 5222 dicere
1318 5169 1456 5238 quod
1484 5171 1642 5224 homo
1670 5171 1876 5228 adulter
1894 5190 2082 5244 quem-

507 5270 661 5327 quam
709 5257 1016 5312 sanctiiicet.
1048 5257 1249 5326 Quibus
1277 5261 1678 5329 respondemus,
1711 5263 1766 5319 Si
1797 5280 1927 5335 ergo
1955 5282 2076 5322 cum

509 5346 739 5418 baptizat
767 5347 1111 5418 homojustus
1137 5351 1464 5416 manifestus,
1487 5352 1599 5422 ipse
1627 5355 1939 5422 sanctificat,
1963 5372 2081 5412 cum

508 5448 684 5494 autem
709 5439 938 5510 baptizat
968 5441 1127 5496 homo
1148 5442 1356 5512 iniquus
1383 5445 1643 5513 occultus,
1667 5453 1792 5501 tunc
1819 5463 1922 5501 non
1947 5448 2079 5518 ipse,

506 5527 602 5584 sed
631 5529 770 5585 Deus
815 5531 1136 5598 sanctificat;
1159 5541 1343 5602 optare
1371 5533 1568 5590 debent
1608 5537 1698 5606 qui
1729 5535 2076 5607 baptizantur,

509 5621 576 5676 ab
599 5621 818 5676 occultis
844 5623 1000 5678 malis
1021 5622 1324 5679 hominibus
1351 5627 1523 5694 potius
1552 5627 1826 5697 baptizari,
1865 5645 2021 5700 quam
2051 5647 2082 5689 a

509 5713 803 5770 manifestis
822 5716 974 5771 bouis
1007 5734 1021 5772 :
1050 5717 1214 5771 multo
1238 5717 1376 5773 enim
1405 5733 1499 5774 eos
1526 5719 1714 5776 melius
1740 5722 1897 5790 Deus,
1925 5739 2082 5794 quam

510 5805 730 5874 quilibet
770 5805 929 5861 homo
949 5807 1124 5877 justus
1171 5809 1482 5866 sanctificat.
1509 5809 1661 5878 Quod
1707 5811 1752 5867 si
1794 5813 2082 5872 absurdum

1727 377 1784 433 S.
1825 373 2187 432 AUGUSTINI
2228 376 2527 436 EPISCOPI

2176 501 2276 559 est,
2301 494 2595 564 utquisque
2631 491 2975 562 baptizandus
2995 499 3142 564 optet
3182 493 3252 550 ab
3276 493 3488 551 occulto
3509 493 3752 550 adultero

2179 584 2355 654 potius
2382 584 2658 654 baptizari,
2685 598 2842 654 quam
2870 598 2901 638 a
2931 583 3210 640 manifesto
3245 594 3416 652 casto,
3448 595 3615 642 restat
3642 587 3748 642 uti-

2175 691 2278 747 que
2300 685 2356 731 ut
2383 676 2605 746 quilibet
2620 675 2982 730 ministrorum
3003 674 3272 730 hominum
3293 677 3596 744 accesserit,
3623 677 3744 733 ideo

2175 777 2322 822 tatus
2343 771 2412 822 sit
2437 767 2769 835 Baptismus,
2809 765 2932 836 quia
2959 781 3119 837 super
3143 782 3300 837 quem
3347 767 3616 826 descendit
3656 784 3751 825 co-

2176 859 2378 925 lumba,
2403 860 2515 928 ipse
2542 859 2770 928 bapizat.

2246 951 2298 1005 6.
2335 949 2404 1004 Et
2437 959 2610 1005 tamen
2641 965 2760 1005 cum
2787 958 2893 1006 tam
2933 952 3207 1021 perspicua
3248 952 3446 1008 veritas
3490 967 3646 1008 aures
3697 962 3755 1010 et

2175 1041 2339 1096 corda
2369 1039 2643 1096 hominum
2666 1040 2841 1104 feriat,
2874 1051 3018 1096 tanta
3059 1041 3314 1112 quosdam
3346 1043 3498 1097 malae
3525 1059 3752 1100 consue-

2178 1131 2378 1188 tudinis
2423 1147 2614 1203 vorago
2631 1133 2953 1198 submersit,
2987 1142 3044 1188 ut
3085 1134 3330 1189 omnibus
3357 1135 3754 1192 auctoritatibus

2177 1225 2577 1295 rationibusque
2593 1225 2860 1289 resistere,
2875 1241 3031 1294 quam
3061 1226 3364 1280 consentire
3382 1226 3586 1280 malint.
3604 1227 3755 1282 Resi.

2178 1324 2323 1370 stunt
2359 1323 2536 1371 autem
2567 1315 2772 1371 duobus
2799 1315 3007 1378 modis;
3034 1325 3122 1369 aut
3144 1315 3431 1380 saeviendo,
3460 1325 3550 1370 aut
3579 1317 3754 1387 pigre-

2179 1409 2392 1464 scendo.
2426 1408 2560 1475 Quid
2589 1408 2748 1478 igitur
2775 1408 2860 1462 hic
2888 1407 3043 1462 faciat
3073 1407 3322 1462 Ecclesia:
3351 1407 3636 1476 medicina,
3671 1423 3759 1464 sa-

2181 1499 2341 1553 lutem
2361 1499 2598 1554 omnium
2618 1507 2852 1554 materna
2872 1497 3129 1554 charitate
3143 1498 3482 1568 conquirens,
3506 1507 3756 1569 tanquam

2181 1589 2318 1643 inter
2335 1589 2669 1660 phreneticos
2691 1599 2744 1644 et
2761 1588 3076 1658 lethargicos
3092 1589 3356 1644 aestuans?
3375 1590 3624 1659 numquid
3638 1606 3758 1645 con-

2181 1690 2436 1747 temnere,
2451 1682 2701 1752 numquid
2719 1681 2977 1738 desistere
2994 1683 3077 1737 vel
3095 1683 3253 1738 debet
3268 1684 3349 1739 vel
3367 1685 3568 1753 potest?
3588 1683 3756 1740 Utris-

2179 1791 2282 1846 que
2302 1775 2370 1830 sit
2397 1790 2617 1830 necesse
2643 1783 2726 1829 est
2750 1776 2994 1841 molesta,
3024 1776 3146 1844 quia
3188 1776 3394 1830 neutris
3421 1784 3501 1830 est
3525 1775 3756 1831 inimica.

2179 1867 2312 1922 Nam
2341 1876 2394 1922 et
2425 1865 2709 1936 phrenetici
2739 1865 2926 1920 nolunt
2969 1866 3138 1936 ligari,
3180 1874 3235 1920 et
3262 1866 3534 1936 lethargici
3567 1866 3760 1920 nolunt

2181 1957 2400 2013 excitari
2426 1975 2438 2012 :
2464 1957 2559 2012 sed
2585 1965 2888 2027 perseverat
2912 1955 3185 2026 diligentia
3212 1956 3504 2020 charitatis.
3523 1956 3755 2028 phrene-

2183 2048 2342 2103 ticum
2365 2048 2643 2118 castigare,
2675 2047 3020 2117 lethargicum
3041 2047 3335 2110 stimulare,
3351 2047 3534 2103 ambos
3553 2063 3754 2103 amare.

2183 2141 2354 2195 Ambo
2382 2140 2737 2206 offenduntur,
2752 2140 2845 2195 sed
2871 2139 3029 2193 ambo
3055 2139 3376 2211 diliguntur;
3401 2141 3559 2195 ambo
3587 2141 3752 2196 mole-

2183 2231 2328 2298 stati,
2375 2230 2624 2301 quamdiu
2657 2230 2785 2301 aegri
2812 2239 2938 2286 sunt
2983 2229 3343 2301 indignantur,
3371 2231 3466 2287 sed
3489 2232 3646 2287 ambo
3673 2247 3746 2287 sa-

2184 2325 2289 2379 nati
2310 2324 2655 2394 gratulantur.
2716 2392 2718 2394 ν

2259 2417 2310 2470 7.
2352 2415 2588 2485 Denique
2613 2431 2718 2471 non
2759 2416 2895 2472 sicut
2919 2424 3126 2486 putant,
3150 2424 3204 2472 et
3227 2417 3366 2472 sicut
3384 2417 3606 2488 jactant,
3631 2419 3755 2478 tale.

2183 2522 2275 2563 eos
2301 2507 2614 2579 suscipimus
2638 2507 2821 2578 quales
2853 2507 3081 2574 fuerunt,
3123 2508 3217 2564 sed
3243 2509 3460 2564 omnino
3488 2518 3752 2576 mutatos;

2185 2599 2306 2669 quia
2335 2613 2452 2654 esse
2481 2599 2726 2654 catholici
2753 2614 2860 2654 non
2908 2598 3185 2668 incipiunt,
3234 2600 3335 2654 nisi
3365 2600 3598 2656 haeretici
3644 2616 3765 2656 esse

2186 2690 2503 2745 destiterint.
2531 2689 2713 2762 Neque
2739 2691 2881 2746 enim
2905 2701 3236 2746 sacramenta
3267 2705 3451 2746 eorum
3482 2691 3636 2746 nobis
3655 2692 3762 2747 ini-

2187 2781 2322 2836 mica
2350 2789 2472 2836 sunt
2510 2797 2628 2852 qua:
2654 2797 2774 2837 cum
2799 2782 2905 2837 illis
2930 2781 3084 2838 nobis
3108 2791 3234 2838 sunt
3265 2783 3568 2838 communia
3593 2799 3608 2848 ;
3641 2783 3764 2853 quia

2186 2887 2291 2928 non
2315 2871 2541 2928 humana
2565 2882 2708 2939 sunt,
2739 2873 2835 2929 sed
2867 2873 3062 2928 divina.
3091 2873 3343 2944 PrOprius
3384 2889 3572 2930 eorum
3615 2889 3767 2930 error

2186 2965 2502 3022 auferendus
2532 2975 2634 3032 est,
2679 2981 2835 3036 quem
2870 2967 3009 3022 male
3057 2967 3398 3034 imbiberunt,
3449 2984 3553 3022 non
3583 2982 3765 3024 sacra-

2188 3070 2368 3116 menta
2384 3078 2502 3132 qute
2522 3062 2770 3118 similiter
2789 3071 3130 3132 acceperunt,
3148 3079 3266 3132 qua:
3280 3063 3346 3118 ad
3378 3061 3587 3134 pmnam
3609 3078 3760 3119 suam

2189 3161 2402 3223 portant
2447 3164 2499 3208 et
2525 3153 2743 3221 habent,
2774 3161 2972 3224 quanto
3002 3154 3268 3224 indignius
3293 3154 3509 3221 habent,
3555 3153 3652 3210 sed
3683 3163 3763 3209 ta-

2187 3258 2309 3298 men
2338 3243 2551 3299 habent.
2574 3245 2764 3300 Errore
2781 3245 2953 3315 itaque
2973 3245 3244 3312 derelicto,
3276 3247 3622 3316 separationis
3637 3262 3762 3315 pra-

2190 3336 2354 3392 vitate
2386 3347 2644 3403 correcta,
2674 3336 2741 3390 ab
2787 3337 2978 3392 hmresi
3008 3337 3074 3392 ad
3118 3337 3368 3394 Ecclesiae
3393 3353 3573 3408 pacem
3598 3347 3766 3394 trans-

2188 3439 2318 3484 cunt
2340 3445 2498 3500 quam
2534 3445 2639 3484 non
2663 3428 2946 3493 habebant,
2978 3429 3094 3486 sine
3117 3445 3220 3501 qua
3263 3430 3367 3485 illis
3403 3430 3762 3500 perniciosum

2189 3520 2359 3576 fuerat
2373 3521 2515 3592 quod
2535 3521 2820 3576 habebant.
2839 3519 2942 3576 Sed
2960 3522 3002 3576 si
3020 3537 3138 3576 cum
3162 3529 3457 3588 transeunt,
3483 3521 3591 3578 ficti
3615 3530 3758 3589 sunt,

2190 3629 2296 3668 non
2326 3622 2409 3668 est
2435 3613 2537 3668 hoc
2560 3613 2669 3682 jam
2692 3623 2954 3680 nostrum,
2981 3612 3075 3668 sed
3098 3612 3190 3668 Dei
3205 3612 3489 3682 judicium.
3509 3613 3574 3668 Et
3588 3623 3763 3669 tamen

2190 3705 2398 3775 quidam
2425 3720 2545 3759 cum
2577 3704 2682 3758 ﬁcti
2713 3711 3054 3775 putarentur,
3111 3704 3358 3775 quoniam
3399 3705 3654 3775 jussionis
3699 3704 3766 3760 ad

2192 3813 2294 3852 nos
2320 3808 2523 3853 terrore
2572 3797 2916 3865 transierunt,
2944 3797 3079 3853 tales
3117 3799 3381 3868 posterius
3404 3797 3456 3853 in
3499 3798 3768 3854 nonnullis

2190 3887 2567 3944 tentationibus
2594 3888 2792 3943 inventi
2845 3897 2997 3952 sunt,
3051 3896 3108 3942 ιιι
3151 3887 3462 3958 quibusdam
3501 3887 3767 3944 veteribus

2189 3979 2465 4035 catholicis
2497 3977 2893 4048 praeferrentur.
2943 3977 3058 4034 Non
3107 3993 3234 4049 ergo
3262 3979 3390 4034 nihil
3414 3979 3611 4049 agitur,
3639 3994 3760 4034 cum

2189 4073 2448 4128 instanter
2465 4071 2654 4142 agitur.
2681 4070 2862 4141 Neque
2885 4072 3028 4127 enim
3048 4071 3175 4126 solis
3193 4071 3441 4126 humanis
3470 4072 3762 4128 terroribus

2188 4177 2372 4218 murus
2390 4162 2536 4218 dura:
2567 4161 2962 4218 consuetudinis
2985 4170 3354 4233 expugnatur;
3380 4163 3473 4218 sed
3494 4164 3652 4219 etiam
3680 4163 3765 4218 di-

2189 4255 2325 4311 vinis
2353 4254 2749 4310 auctoritatibus
2775 4265 2935 4326 atque
2978 4255 3273 4311 rationibus
3313 4255 3446 4312 fides
3470 4265 3525 4312 et
3561 4257 3765 4312 intelli-

2188 4349 2361 4419 gentia
2394 4349 2589 4404 mentis
2615 4349 2911 4403 instruitur.

2259 4440 2312 4495 8.
2351 4439 2479 4508 Quae
2500 4455 2619 4494 cum
2647 4441 2718 4494 ita
2747 4441 2874 4505 sint,
2905 4440 3112 4496 noverit
3153 4440 3454 4511 Benignitas
3475 4451 3560 4497 tua
3588 4443 3764 4498 homi-

2188 4545 2284 4585 nes
2307 4541 2516 4586 vestros
2557 4531 2644 4601 qui
2673 4530 2727 4584 in
2766 4531 2981 4601 regione
3033 4531 3360 4601 Hipponensi
3410 4543 3552 4598 sunt,
3590 4534 3766 4591 adhuc

2188 4635 2307 4676 esse
2335 4619 2643 4685 donatistas,
2676 4636 2774 4676 nec
2800 4621 2937 4691 apud
2957 4636 3052 4677 eos
3071 4621 3354 4694 quidquam
3381 4624 3612 4680 valuisse
3642 4634 3760 4682 tuas

2189 4711 2412 4766 litteras.
2435 4711 2542 4766 Cur
2566 4719 2741 4766 autem
2784 4727 2888 4766 non
2917 4713 3198 4781 valuerint,
3232 4729 3336 4769 non
3358 4731 3489 4786 opus
3504 4725 3588 4772 est
3629 4717 3764 4772 scri-

2189 4804 2348 4871 bere;
2399 4803 2492 4859 sed
2517 4805 2665 4860 mitte
2689 4803 2917 4874 aliquem
2949 4815 3178 4874 tuorum,
3205 4807 3289 4861 vel
3329 4807 3762 4878 domesticorum,

2187 4900 2271 4956 vel
2317 4899 2630 4963 amicorum,
2657 4897 2806 4968 cujus
2837 4898 2937 4953 hoc
2983 4898 3104 4954 fidei
3133 4899 3303 4970 possis
3337 4901 3630 4973 injungere,
3671 4903 3764 4973 qui

2189 5007 2292 5047 non
2319 4989 2385 5045 ad
2405 5005 2466 5046 ea
2493 4990 2625 5054 loca,
2653 4987 2748 5044 sed
2773 4989 2838 5044 ad
2867 5003 2964 5044 uos
2985 4990 3227 5060 primitus
3254 4991 3430 5046 veniat
3460 4991 3563 5047 illis
3582 4993 3762 5048 omni-

2186 5099 2257 5138 no
2281 5081 2654 5146 nescientibus,
2679 5089 2733 5136 et
2745 5081 3019 5136 nobiscum
3036 5081 3279 5152 primitus
3299 5084 3522 5140 consilio
3547 5094 3786 5156 pertrao-

2186 5185 2349 5242 ctalo,
2380 5173 2520 5244 quod
2546 5173 2804 5244 agendum
2829 5173 3054 5230 Domino
3081 5176 3362 5246 adjuvante
3384 5177 3554 5232 visum
3581 5177 3760 5246 fuerit,

2186 5275 2325 5338 agat.
2348 5264 2530 5336 Neque
2558 5265 2700 5320 enim
2741 5273 2946 5321 tantum
2998 5281 3096 5338 pro
3139 5268 3216 5322 eis
3249 5267 3454 5338 agimus
3490 5283 3611 5322 cum
3662 5270 3763 5326 hoc

2187 5359 2409 5429 agimus,
2440 5355 2534 5412 sed
2560 5356 2720 5412 etiam
2765 5372 2862 5428 pro
2900 5358 3093 5412 nostris
3118 5357 3226 5427 jam
3278 5356 3427 5412 factis
3465 5358 3761 5423 catholicis,

2186 5449 2376 5520 quibus
2399 5449 2609 5504 illorum
2637 5449 2882 5504 vicinitas
2905 5449 2981 5504 sic
3003 5449 3190 5504 infesta
3219 5459 3322 5516 est,
3353 5459 3410 5505 ut
3435 5451 3702 5506 contemni
3730 5465 3764 5506 a

2188 5539 2340 5595 nobis
2362 5539 2502 5594 nullo
2533 5539 2690 5595 modo
2718 5540 2903 5611 possit.
2929 5540 2989 5595 Et
3014 5540 3114 5594 hoc
3141 5541 3349 5611 quidem
3374 5543 3606 5597 breviter
3632 5543 3762 5596 seri-

2188 5630 2312 5687 here
2339 5641 2603 5701 poteram;
2633 5630 2725 5686 sed
2751 5631 2890 5686 volui
2919 5639 2970 5686 te
2998 5631 3197 5687 habere
3235 5633 3429 5704 aliquid
3461 5633 3759 5688 litterarum

2187 5734 2506 5790 nostrarum,
2543 5739 2647 5793 quo
2676 5725 2931 5779 rationem
2962 5741 3103 5780 cura:
3143 5742 3275 5782 mete
3305 5743 3408 5781 non
3446 5729 3617 5780 solum
3649 5727 3763 5796 ipse

2190 5830 2554 5887 rogans-Ceres,
2580 5817 2670 5873 sed
2701 5818 2856 5871 etiam
2890 5817 3538 5888 cuicumque(lissuadcnti
3561 5827 3760 5872 netuos
