4090 6356
309 404 420 462 313

311 537 434 578 runt
461 519 783 576 correctioni
804 531 1023 589 operam
1043 517 1304 575 instanter
1320 518 1618 591 impendas,
1650 520 1912 591 nobisque

309 613 614 669 detrahenti
641 612 782 683 quod
815 612 936 666 talia
966 613 1211 679 velimus,
1271 612 1468 668 habeas
1495 614 1634 684 quod
1681 630 1909 684 respon-

311 707 465 760 deus.
487 703 640 773 Quod
671 705 714 758 si
736 703 1005 773 superﬂuo
1028 703 1149 768 feci,
1175 705 1311 774 quod
1341 705 1451 775 jam
1485 706 1581 759 ista
1611 707 1688 760 vel
1712 706 1911 762 didice-

310 815 423 863 ras,
456 799 534 852 vel
567 799 678 866 ipse
712 799 1059 866 cogitaveras,
1085 807 1176 851 aut
1202 813 1460 852 onerosus
1494 798 1564 851 fui
1595 797 1737 868 quod
1763 798 1910 854 curis

309 890 540 962 publicis
570 900 676 944 tam
701 899 961 959 occupato
989 889 1244 958 prolixam
1260 889 1540 960 epistolam
1557 890 1773 959 ingessi,
1790 898 1910 960 peto

307 985 409 1039 des
431 984 659 1048 veniam,
690 983 817 1037 dum
851 991 1028 1037 tamen
1050 982 1189 1052 quod
1219 983 1455 1053 suggessi
1484 993 1538 1038 et
1579 985 1757 1054 rogavi
1801 999 1910 1039 non

309 1091 544 1146 spernas
575 1092 588 1131 ε
619 1076 697 1130 sic
727 1081 779 1131 te
805 1084 1014 1129 tueatur
1044 1074 1408 1129 misericordia
1439 1075 1551 1130 Dei.

817 1189 1146 1246 EPISTOLA
1186 1188 1277 1245 xc
1301 1189 1435 1262 '(a).

314 1305 606 1377 Augustino
635 1305 907 1360 Nectarius
933 1321 1184 1377 paganus,
1212 1321 1366 1375 agens
1394 1314 1446 1358 ut
1467 1304 1574 1360 suis
1603 1305 1792 1360 civibus
1818 1323 1905 1361 co-

386 1400 539 1453 loniae
580 1397 892 1454 Calamensis
917 1397 1261 1452 condonentur
1305 1413 1418 1467 qua
1452 1399 1742 1467 expetenda:
1767 1409 1909 1454 erant

388 1490 452 1542 ab
481 1491 604 1560 ipsis
631 1507 812 1562 paena).
833 1507 931 1544 non
955 1489 1102 1544 modo
1133 1489 1307 1544 violati
1325 1487 1539 1544 Cwsaris
1560 1490 1708 1543 edicti
1736 1507 1908 1545 recen-

385 1583 571 1636 tissimi
611 1583 918 1654 prohibentis
954 1599 1016 1636 ne
1052 1599 1200 1637 sacra
1239 1580 1483 1636 solemnia
1517 1581 1668 1635 idolis
1705 1582 1902 1651 ﬁerent,

385 1675 474 1728 sed
499 1675 649 1727 etiam
666 1675 972 1744 injuriarum
986 1674 1164 1744 quibus
1176 1674 1293 1744 ipsi,
1313 1689 1572 1728 sacrorum
1595 1690 1800 1728 suorum
1820 1691 1907 1729 oc-

381 1751 606 1832 casione,
637 1765 948 1820 Christianos
973 1764 1264 1833 eiecerant.

383 1877 612 1934 Domino
663 1878 853 1950 insigni
912 1887 968 1935 et
1013 1879 1207 1935 merito
1256 1879 1594 1951 suscipiendo
1641 1879 1830 1949 fratri,

635 1969 939 2026 AUGUSTINO
962 1972 1232 2042 episcopo,
1257 1971 1579 2030 Necnnws.

386 2081 592 2148 Quanta
611 2082 675 2136 sit
703 2083 922 2137 charitas
942 2083 1120 2154 patria!
1137 2124 1152 2150 ,
1185 2086 1423 2156 quoniam
1447 2087 1595 2152 nosti,
1639 2097 1900 2157 praetereo.

311 2173 446 2229 Sola
473 2186 545 2228 est
574 2175 706 2228 enim
746 2191 862 2246 qua:
899 2185 1164 2244 parentum
1185 2179 1304 2246 jure
1332 2178 1497 2233 vincat
1523 2178 1779 2246 affectum.
1810 2180 1903 2236 Cui

306 2269 351 2319 si
378 2269 515 2322 ullus
531 2279 654 2322 esset
667 2269 964 2324 consulendi
985 2270 1163 2326 modus
1192 2280 1279 2324 aut
1299 2272 1418 2342 ﬁnis
1436 2274 1596 2338 bonis,
1627 2275 1777 2342 digne
1788 2276 1903 2345 jam

306 2358 370 2411 ab
392 2363 504 2428 ejus
531 2360 818 2414 muneribus
847 2363 1119 2416 meruimus
1141 2365 1387 2417 excusari.
1415 2364 1520 2420 Sed
1544 2367 1780 2435 quoniam
1797 2384 1905 2423 cre-

306 2453 403 2504 scit
423 2453 474 2505 in
506 2452 613 2506 dies
632 2454 855 2524 singulos
879 2454 1084 2510 dilectio
1108 2465 1155 2510 et
1180 2458 1343 2528 gratia
1360 2459 1593 2524 civitatis,
1625 2471 1901 2530 quantum-

303 2553 404 2606 que
430 2547 554 2590 tetas
583 2538 674 2607 ﬁni
693 2540 924 2608 proxima
953 2550 1044 2604 est,
1075 2551 1268 2596 tantum
1296 2543 1602 2599 incolumem
1623 2563 1682 2600 ac
1712 2549 1902 2617 ﬂoren-

307 2637 405 2681 tem
430 2629 710 2698 relinquere
737 2632 952 2700 patriam
977 2635 1115 2702 cupit
1143 2635 1159 2666 ¹
1197 2650 1217 2688 .·
1240 2636 1426 2690 idcirco
1446 2639 1641 2708 gaudeo
1681 2641 1901 2710 primum

305 2722 445 2789 quod
486 2721 626 2791 apud
662 2722 963 2778 instructum
1006 2725 1288 2797 disciplinis
1311 2729 1541 2784 omnibus
1579 2731 1740 2786 virum
1777 2735 1902 2790 mihi

307 2813 389 2866 hic
404 2823 477 2867 est
494 2830 658 2867 sermo
684 2814 962 2870 institutus.
988 2815 1054 2871 In
1076 2816 1360 2875 Calamensi
1383 2822 1582 2876 colonia
1602 2824 1761 2878 multa
1780 2835 1899 2881 sunt

307 2921 421 2973 qua:
449 2906 626 2959 merito
667 2907 975 2978 diligamus;
1006 2910 1082 2964 vel
1104 2910 1238 2980 quod
1263 2912 1314 2965 in
1344 2929 1404 2966 ea
1429 2915 1584 2984 geniti
1610 2933 1803 2984 sumus,
1822 2919 1902 2974 vel

313 2997 452 3065 quod
476 2997 638 3051 eidem
657 3015 842 3070 magna
862 3002 1130 3057 contulisse
1150 3003 1376 3058 videmur
1401 3007 1582 3077 oﬁ'icia.
1615 3008 1739 3064 Haec
1755 3029 1894 3084 ergo,

307 3087 514 3142 domine
552 3091 963 3158 prtestantissime
999 3102 1046 3146 et
1090 3096 1267 3148 merito
1291 3099 1638 3167 suscipiende,
1678 3118 1779 3156 non
1805 3103 1899 3158 levi

304 3180 484 3250 populi
509 3181 588 3234 sui
616 3192 783 3236 erratu
806 3183 1048 3255 paolapsa
1063 3197 1155 3240 est.
1179 3187 1327 3253 Quod
1351 3190 1550 3260 quidem
1571 3194 1617 3246 si
1631 3195 1768 3264 juris
1797 3213 1897 3266 pu-

301 3273 423 3328 blici
451 3275 620 3346 rigare
637 3278 923 3347 metiamur,
951 3279 1092 3334 debet
1115 3282 1264 3352 plecti
1283 3285 1517 3339 severiori
1537 3303 1766 3342 censura.
1791 3289 1898 3345 Sed

302 3372 597 3441 episcOpum
622 3369 701 3440 {as
719 3389 819 3427 non
845 3383 936 3439 est,
964 3375 1059 3429 nisi
1081 3375 1293 3430 salutem
1318 3379 1603 3435 hominibus
1618 3382 1893 3454 impertire,

302 3473 350 3517 et
381 3481 475 3534 pro
501 3473 637 3519 statu
673 3465 880 3522 meliore
909 3469 1076 3523 causis
1106 3469 1308 3536 adesse,
1347 3481 1394 3524 et
1425 3473 1563 3541 apud
1585 3476 1896 3546 omnipoten-

302 3563 401 3608 tem
438 3556 604 3610 Deum
633 3557 827 3612 veniam
853 3560 1070 3614 aliorum
1095 3562 1274 3616 mereri
1311 3562 1524 3618 delictis.
1562 3565 1897 3631 Quamobrem

300 3657 494 3716 quanta
526 3665 730 3718 possum
755 3651 1120 3722 supplicatione
1145 3654 1360 3723 deposco
1383 3697 1396 3721 ,
1427 3665 1482 3708 ut
1507 3657 1552 3710 si
1579 3658 1896 3726 defendenda

299 3757 382 3794 res
405 3751 476 3794 est
500 3783 515 3807 ,
554 3742 792 3796 innoxius
827 3743 1153 3814 defendatur,
1187 3746 1250 3800 ab
1286 3746 1638 3803 innocentibus
1666 3751 1895 3807 molestia

297 3843 583 3902 separetur.
611 3832 814 3888 Praesta
835 3837 928 3888 hoc
943 3837 1078 3904 quod
1093 3837 1365 3891 secundum
1378 3849 1609 3894 naturam
1627 3851 1765 3896 tuam
1781 3861 1894 3914 per-

298 3925 438 3980 vides
464 3925 734 3995 postulari.
769 3926 845 3982 De
865 3927 1064 3984 damnis
1086 3929 1256 3998 facilis
1285 3939 1443 4001 potest
1473 3932 1645 3987 haberi
1668 3937 1895 4002 taxatio;

299 4027 500 4072 tantum
527 4020 780 4090 supplicia
810 4022 1158 4092 deprecamur.
1188 4023 1453 4096 Acceptior
1484 4025 1588 4082 Deo
1618 4029 1771 4097 vivas,
1797 4030 1892 4085 do-

297 4108 437 4163 mine
455 4109 668 4181 insignis
694 4119 741 4164 et
762 4113 937 4165 merito
955 4114 1272 4185 suscipiende
1296 4115 1473 4184 frater.

765 4225 1094 4284 EPISTOLA
1129 4229 1287 4285 XCI‘
1322 4231 1417 4303 (b).

299 4334 567 4391 Invenitur
611 4339 924 4410 Augustinus
967 4342 1018 4395 in
1047 4341 1374 4414 Paganorum
1406 4362 1573 4413 sacra,
1601 4358 1648 4401 et
1682 4347 1894 4420 injurias

373 4426 678 4486 Christianis
709 4448 880 4487 recens
924 4433 1098 4488 illatas
1132 4453 1165 4488 a
1199 4435 1578 4493 Calamensibus
1601 4451 1892 4508 enumerat;

371 4521 636 4578 ostendens
678 4524 904 4596 ipsorum
939 4526 1093 4581 saluti
1121 4527 1382 4600 benignius
1423 4531 1570 4602 longe
1610 4535 1892 4589 consultum

373 4613 457 4680 iri,
485 4615 530 4668 si
575 4632 676 4669 non
717 4617 965 4689 impunita
1007 4635 1066 4674 eo
1110 4620 1293 4676 scelere
1331 4623 1398 4676 ad
1441 4623 1678 4679 audenda
1705 4627 1892 4682 similia

371 4717 722 4778 provocentur.

300 4817 530 4872 Domino
558 4818 755 4875 eximio
783 4819 1081 4892 meritoque
1109 4821 1407 4881 honorabili
1438 4824 1590 4882 fratri
1612 4827 1886 4886 NEC'I‘ARIO

919 4914 1270 4971 AUGUSTINUS.

373 5028 424 5081 1.
454 5026 570 5082 Jam
597 5029 745 5083 senio
775 5028 1179 5100 frigescentibus
1210 5035 1462 5090 membris
1491 5079 1504 5102 ,
1539 5037 1743 5094 fervere
1771 5040 1886 5093 ani-

303 5135 447 5173 mum
479 5129 626 5175 tuum
649 5123 832 5191 patria:
855 5125 1130 5189 charitate,
1156 5141 1256 5181 nec
1287 5127 1469 5194 miror,
1503 5141 1555 5184 et
1585 5131 1776 5196 laudo;
1808 5142 1888 5188 te-

301 5225 403 5279 que
427 5225 534 5266 nou
567 5220 768 5267 tantum
802 5222 981 5269 tenere
1013 5219 1337 5285 memoriter,
1368 5235 1550 5274 verum
1577 5222 1739 5276 etiam
1770 5224 1882 5279 vita

365 5345 379 5376 ³
405 5347 487 5470 JSiC
513 5352 621 5398 Mss.
647 5360 834 5398 omnes.
860 5355 1024 5410 Recte,
1047 5349 1313 5403 referendo
1339 5353 1398 5403 ad
1421 5353 1722 5407 dilectionem
1739 5357 1890 5424 [capt-

365 5421 405 5457 ts
433 5444 445 5455 .

303 5420 445 5457 must.

365 5493 381 5509 ³
409 5491 474 5540 Ad
503 5493 669 5555 Epistt.
698 5501 798 5567 xc__
808 5503 859 5567 et
882 5503 967 5545 XCI
990 5498 1292 5567 castigandas
1319 5499 1607 5567 adiuverunt
1628 5515 1674 5551 α.
1705 5503 1790 5567 bg.
1815 5502 1884 5554 bl.

303 5551 382 5627 bu.
405 5567 448 5602 c.
468 5551 617 5627 (πίε.
642 5571 724 5627 gv.
835 5558 872 5619 j.
892 5572 1057 5610 n.r.s.
1090 5551 1164 5609 sb.
1200 5575 1271 5611 vc.
1302 5551 1393 5610 vd:
1413 5563 1508 5611 duo
1535 5570 1572 5613 t.
1605 5551 1884 5627 quatu‘orﬂv.

305 5622 355 5663 et
379 5627 478 5664 Am.
511 5618 620 5666 Bad.
651 5618 726 5667 Er.
756 5618 865 5670 Lov.

363 5701 433 5808 (az
467 5700 584 5750 Alias
603 5701 686 5752 201
712 5717 724 5752 :
746 5716 854 5775 quae
870 5711 1036 5777 autem
1055 5706 1118 5757 90
1141 5714 1263 5768 erat,
1282 5720 1408 5757 nunc
1432 5709 1537 5758 l75.
1562 5711 1741 5773 Scripta
1763 5709 1888 5764 forte

365 5797 377 5808 .
405 5795 408 5797 μ
433 5762 514 5808 08.
541 5773 647 5808 nosl
674 5765 692 5808 ‘l
720 5765 850 5808 diem
875 5780 1006 5808 lllllll-

301 5771 382 5827 an.
394 5762 514 5827 108,
539 5773 647 5825 post
674 5765 693 5827 1
720 5762 852 5814 diem
867 5767 1006 5827 juuii.

364 5823 586 5902 (liis-llas
607 5823 1128 5902 milzqme'autemﬂj
1160 5840 1283 5895 erat,
1312 5846 1439 5885 nunc
1468 5834 1573 5886 182.
1598 5837 1778 5901 Scripta
1802 5850 1887 5890 eo-

302 5883 513 5936 dem’au.
539 5888 667 5939 circa
689 5883 877 5940 initium
897 5894 1106 5954 augusti.

1561 398 2040 462 EPISTULABUM
2079 405 2356 470 CLASSIS
2393 414 2456 469 ll.

3488 424 3591 482 5M

2012 545 2076 587 ac
2105 533 2343 590 moribus
2371 536 2740 594 demonstrare
2766 539 2904 608 quod
2932 540 3112 597 nullus
3136 541 3206 598 sit
3247 543 3433 613 patria:
3460 558 3590 601 con-

2010 622 2223 679 sulendi
2253 627 2442 682 modus
2467 640 2557 684 aut
2581 629 2702 684 finis
2723 631 2898 700 bouis,
2925 649 3031 689 non
3054 633 3277 701 invitus,
3303 635 3411 690 imo
3431 635 3592 692 etiam

2013 713 2186 772 libens
2208 720 2429 788 accipio.
2452 720 2602 777 Unde
2619 737 2866 796 superna:
2887 726 3162 796 cujusdam
3184 728 3391 798 patriae,
3416 728 3467 784 in
3493 744 3592 788 cu-

2009 803 2096 876 jus
2122 819 2306 863 sancto
2335 825 2520 868 amore
2546 828 2643 883 pro
2688 826 2871 871 nostro
2915 818 3153 886 modulo,
3183 818 3326 875 inter
3352 834 3446 876 eos
3473 821 3594 892 qui-

2008 895 2108 952 bus
2147 898 2213 954 ad
2254 901 2397 956 illam
2436 907 2818 974 capessendam
2849 911 3200 978 consulimus,
3230 913 3596 982 periclitamur

2008 997 2167 1059 atque
2193 989 2518 1060 laboramus,
2552 997 2711 1052 talem
2738 999 2898 1054 etiam
2927 1003 3156 1070 teipsum
3182 1005 3354 1060 civem
3398 1006 3596 1064 habere

2009 1081 2286 1148 vellemus,
2323 1095 2378 1139 ut
2407 1088 2523 1156 ejus
2550 1090 2898 1158 portiuncula:
2942 1096 2993 1148 in
3041 1095 3140 1151 hac
3180 1106 3321 1152 terra
3353 1099 3594 1170 peregri-

2015 1167 2181 1230 nanti,
2207 1167 2410 1221 nullum
2437 1175 2746 1229 consulendi
2771 1177 2984 1232 modum
3011 1182 3278 1254 finemque
3303 1167 3592 1260 censeres;

2015 1263 2160 1311 tanto
2181 1258 2400 1314 cﬂ'ectus
2416 1263 2624 1331 melior,
2643 1279 2839 1336 quanto
2860 1272 3063 1328 meliori
3085 1275 3282 1333 civitati
3302 1279 3476 1336 oflicia
3497 1258 3596 1340 de;-

2013 1346 2118 1445 liita
2164 1366 2513 1423 praerogares,
2556 1356 2607 1410 iu
2652 1358 2767 1428 ejus
2806 1371 3004 1417 {eterna
3035 1381 3162 1434 pace
3208 1371 3410 1427 nullum
3453 1390 3592 1445 gau-

2011 1432 2170 1490 dendi
2221 1435 2378 1492 linem
2421 1439 2749 1510 inventurus,
2795 1447 2947 1516 cujus
2973 1432 3048 1503 ad
3068 1459 3274 1522 tempus
3318 1432 3592 1516 laboribus

2012 1529 2213 1584 nullum
2259 1531 2350 1586 tibi
2381 1533 2538 1588 linem
2569 1545 2835 1594 statueres
2864 1545 3196 1601 consulendi.

2080 1622 2133 1677 2.
2164 1623 2362 1681 Verum
2393 1627 2493 1684 hoc
2517 1629 2688 1687 donec
2713 1631 2822 1700 fiat,
2848 1650 3020 1706 neque
3041 1639 3182 1695 enim
3204 1642 3591 1714 desperandum

2010 1725 2112 1782 est,
2149 1717 2290 1773 illam
2328 1729 2378 1776 te
2405 1724 2630 1792 patriam
2655 1741 2813 1796 posse
2838 1732 3134 1800 acquirere,
3173 1737 3252 1790 vel
3271 1737 3381 1806 jam
3407 1745 3592 1813 acqui-

2009 1809 2226 1864 rendam
2269 1811 2680 1881 prudentissime
2716 1819 2989 1889 cogitare,
3044 1823 3108 1877 ad
3135 1841 3290 1896 quam
3343 1839 3394 1884 te
3445 1809 3594 1902 pater

2011 1901 2170 1956 etiam
2197 1903 2285 1972 qui
2326 1903 2378 1958 in
2408 1905 2506 1959 ista
2535 1909 2738 1977 genuit;
2783 1916 3094 1981 antecessit;
3126 1917 3226 1975 hoc
3254 1936 3388 1993 ergo
3424 1924 3594 1983 donec

2010 1990 2119 2058 fiat,
2167 1991 2232 2047 da
2275 1995 2430 2051 nobis
2472 1999 2702 2067 veniam,
2743 2002 2788 2056 si
2836 2015 3054 2074 propter
3085 1990 3588 2079 patriam'uostram

2009 2096 2166 2152 quam
2191 2085 2434 2153 cupimus
2457 2103 2724 2160 nunquam
2752 2094 3071 2165 relinquere,
3096 2105 3472 2163 contristamus
3491 2124 3589 2180 pa-

2010 2176 2164 2230 triam
2197 2185 2340 2233 tuam
2368 2195 2526 2250 quam
2563 2184 2710 2254 cupis
2749 2185 3024 2244 ﬂorentem
3053 2194 3372 2265 relinquere.
3406 2176 3594 2260 Ile—cu-

2002 2265 2090 2336 jus
2110 2269 2320 2338 quidem
2348 2269 2586 2334 ﬂoribus.
2614 2274 2658 2329 si
2678 2291 2798 2331 cum
2832 2287 2920 2334 tua
2941 2283 3214 2350 prudentia
3237 2287 3588 2362 disputemus,

2007 2377 2115 2416 non
2145 2371 2228 2418 est
2252 2365 2542 2420 verendum
2586 2384 2652 2422 ne
2683 2369 2775 2424 tibi
2803 2370 3022 2430 difﬁcile
3064 2382 3588 2449 persuadeatur,-aut

2006 2468 2135 2508 vero
2160 2455 2319 2510 etiam
2348 2472 2452 2512 non
2476 2458 2628 2514 facile
2658 2471 2902 2518 occurrat
2929 2469 3374 2536 quemadmodum
3402 2473 3592 2534 ﬂorere

2005 2545 2191 2601 civitas
2221 2547 2428 2604 debeat.
2482 2549 2931 2612 Commemoravit
2975 2569 3127 2628 poeta
3170 2564 3257 2619 ille
3296 2577 3591 2627 vestrarum

2004 2637 2325 2695 clarissimus
2354 2641 2647 2699 litterarum
2678 2648 2936 2716 quosdam
2965 2650 3125 2709 ﬂores
3154 2655 3348 2725 Italiae;
3375 2662 3468 2716 sed
3491 2679 3590 2722 nos

2005 2728 2056 2782 in
2085 2739 2258 2788 vestra
2298 2734 2466 2802 patria
2509 2750 2616 2791 non
2646 2746 2750 2793 tam
2777 2743 2982 2810 experti
3011 2759 3225 2813 sumus,
3273 2752 3466 2821 quibus
3490 2754 3591 2811 ﬂo-

2005 2821 2169 2876 ruerit
2214 2829 2354 2878 terra
2401 2825 2489 2880 illa
2535 2827 2683 2896 viris,
2735 2847 2892 2901 quam
2919 2828 3112 2904 quibus
3152 2843 3343 2898 arserit
3369 2846 3533 2902 armis
3573 2866 3588 2904 :

2004 2911 2112 2966 imo
2157 2929 2282 2968 vero
2334 2931 2439 2970 non
2483 2920 2667 2988 armis,
2697 2923 2790 2978 sed
2822 2923 3080 2992 ﬂammis;
3114 2946 3213 2987 nec
3255 2938 3466 3003 arserit,
3494 2938 3588 2995 sed

2005 3005 2316 3062 incenderit.
2350 3009 2505 3076 Quod
2535 3020 2738 3069 tantum
2769 3020 2945 3074 scelus
2973 3021 3017 3074 si
3048 3022 3206 3078 fuerit
3247 3025 3588 3100 impunitum,

2003 3097 2148 3151 nulla
2176 3098 2335 3169 digna
2385 3104 2716 3160 correctione
2757 3123 3061 3179 pravorum,
3091 3112 3367 3172 ﬂorentem
3413 3128 3464 3174 te
3491 3136 3573 3190 pa.

2005 3189 2154 3244 triam
2183 3199 2336 3260 putas
2357 3193 2706 3251 relicturum?
2731 3197 2775 3256 Ο
2795 3199 2953 3257 ﬂores
2976 3219 3081 3258 non
3112 3207 3270 3276 plane
3297 3189 3583 3282 fructuum,

2000 3284 2094 3339 sed
2122 3287 2424 3355 spinarum!
2451 3287 2711 3362 Compara
2737 3311 2877 3352 nunc
2903 3307 3076 3354 utrum
3104 3303 3256 3358 malis
3280 3303 3472 3362 ﬂorere
3491 3323 3586 3377 pa-

2005 3378 2158 3432 triam
2192 3388 2334 3436 tuam
2387 3384 2602 3453 pietate,
2645 3402 2712 3441 an
2740 3389 3052 3458 impunitate
3077 3394 3116 3460 ί,
3141 3399 3395 3453 correctis
3422 3401 3588 3455 mori-

1999 3467 2119 3533 bus,
2146 3486 2211 3525 an
2240 3474 2446 3529 securis
2471 3477 2710 3533 ausibus.
2742 3479 3004 3551 Compara
3031 3483 3153 3551 ista,
3183 3495 3239 3542 et
3264 3487 3384 3544 vide
3409 3499 3586 3547 utrum

2003 3561 2055 3615 in
2102 3565 2288 3633 patrias
2328 3575 2428 3621 tua:
2471 3583 2654 3626 amore
2692 3586 2791 3627 nos
2819 3573 3027 3643 vineas;
3069 3587 3248 3636 utrum
3275 3596 3392 3638 eam
3423 3585 3590 3658 magis

2000 3658 2285 3728 veriusque
2310 3662 2493 3732 cupias
2517 3663 2730 3731 ﬂorere,
2761 3684 2919 3736 quam
2947 3686 3063 3726 nos.

2071 3753 2123 3806 3.
2153 3753 2363 3810 Intuere
2386 3757 2653 3825 paululum
2677 3759 2821 3828 ipsos
2841 3761 2908 3816 de
2936 3764 3223 3835 Republica
3241 3768 3422 3838 libros,
3446 3773 3589 3832 unde

2000 3841 2148 3898 illum
2179 3843 2428 3900 allectum
2457 3850 2807 3904 amantissimi
2861 3854 2993 3908 civis
3032 3857 3263 3924 ebibisti,
3294 3863 3436 3931 quod
3465 3865 3586 3919 nul-

1999 3932 2082 3988 lus
2110 3935 2178 3990 sit
2208 3938 2389 4006 patriae
2418 3942 2730 3996 consulendi
2760 3944 2952 3998 modus
2974 3988 2988 4012 ,
3017 3957 3109 4003 aut
3148 3949 3266 4005 linis
3292 3952 3464 4008 bonis.
3491 3953 3584 4010 lu-

2000 4032 2170 4090 tuere,
2213 4027 2438 4084 obsecro
2483 4037 2554 4098 te,
2583 4040 2638 4086 ct
2666 4048 2826 4088 cerne
2867 4039 3077 4104 quantis
3104 4039 3175 4094 ibi
3202 4040 3448 4098 laudibus
3477 4044 3588 4101 fru-

1996 4117 2185 4187 galitas
2230 4128 2284 4174 et
2324 4122 2646 4177 continentia
2679 4125 3025 4194 praedicetur,
3059 4137 3112 4184 ct
3151 4146 3275 4201 erga
3303 4135 3584 4206 conjugale

1999 4209 2260 4264 vinculum
2289 4211 2439 4278 tidcs,
2473 4215 2709 4286 castique
2734 4216 2952 4273 honesti
2978 4235 3044 4274 ac
3066 4222 3216 4290 probi
3245 4240 3442 4294 mores,
3474 4231 3588 4298 qui-

1997 4299 2098 4354 bus
2126 4317 2246 4356 cum
2277 4305 2552 4374 praepollet
2577 4307 2766 4362 civitas
2786 4350 2800 4372 ,
2830 4325 2955 4365 vere
3000 4309 3193 4368 ﬂorere
3227 4315 3451 4372 dicenda
3479 4330 3582 4376 est.

2001 4394 2062 4449 lli
2092 4405 2270 4450 autem
2317 4413 2493 4453 mores
2524 4400 2574 4453 in
2616 4400 2870 4458 Ecclesiis
2895 4412 3004 4460 toto
3030 4406 3158 4462 orbe
3199 4412 3583 4481 crescentibus,

2003 4495 2252 4557 tanquam
2283 4489 2335 4542 in
2363 4491 2560 4546 sanctis
2585 4491 2860 4549 auditoriis
2887 4496 3207 4566 populorum
3228 4499 3486 4559 docentur
3514 4514 3585 4561 at-

1997 4594 2100 4650 que
2127 4579 2422 4648 discuntur,
2455 4592 2508 4638 et
2550 4585 2778 4640 maime
2808 4587 2985 4657 pietas
3008 4607 3110 4662 qua
3153 4609 3311 4650 verus
3339 4606 3394 4652 et
3421 4614 3584 4657 verax

1996 4675 2199 4731 colatur
2227 4677 2389 4744 Deus,
2436 4681 2524 4750 qui
2555 4679 2672 4736 haec
2696 4685 2895 4751 omnia,
2940 4687 3131 4756 quibus
3159 4689 3369 4745 animus
3397 4707 3584 4749 numa-

1996 4782 2097 4822 nus
2118 4768 2310 4824 divinze
2335 4769 2575 4826 societati
2607 4774 2628 4804 '
2653 4773 2719 4827 ad
2747 4774 3146 4833 inhabitandam
3187 4791 3440 4838 :eternam
3466 4799 3580 4840 caa-

1996 4859 2289 4931 lestemquc
2319 4861 2587 4918 Civitatem
2632 4865 2912 4920 instruitur
2935 4879 2987 4922 et
3011 4879 3250 4940 aptatur,
3281 4889 3385 4928 non
3407 4876 3580 4934 solum

1991 4952 2142 5021 jubet
2180 4953 2567 5024 aggredienda,
2633 4972 2813 5012 verum
2857 4960 3016 5015 etiam
3059 4961 3222 5019 donat
3287 4965 3590 5036 implenda?

1991 5041 2122 5098 lude
2150 5051 2231 5098 est
2266 5044 2406 5116 quod
2435 5045 2658 5102 deorum
2697 5049 2987 5106 multorum
3018 5051 3382 5127 falsorumque
3408 5057 3580 5113 simu-

1993 5134 2154 5202 lacra,
2180 5147 2235 5193 et
2257 5139 2500 5209 prmdixit
2519 5157 2765 5198 eversum
2789 5143 2873 5209 iri,
2903 5153 2957 5200 et
2985 5149 3240 5218 praecepit
3263 5151 3454 5206 everti.
3485 5150 3579 5207 Ni-

1993 5227 2064 5284 hil
2089 5229 2232 5286 enim
2265 5231 2510 5289 homines
2541 5244 2647 5290 tam
2669 5235 3008 5295 insociabiles
3029 5239 3340 5298 rcdditvitaz
3364 5258 3578 5313 perver-

1991 5320 2166 5386 sitate,
2189 5338 2347 5394 quam
2375 5325 2583 5382 illorum
2609 5326 2831 5384 deorum
2880 5329 3127 5399 imitatio,
3157 5334 3342 5403 quales
3370 5336 3575 5392 descri-

1993 5413 2188 5468 buntur
2213 5424 2267 5470 ct
2290 5418 2735 5476 conuuendantur
2766 5423 2958 5478 litteris
2985 5438 3197 5480 eorum.

2061 5507 2114 5562 4.
2157 5508 2395 5581 Denique
2421 5511 2494 5566 illi
2516 5513 2810 5571 doctissimi
2835 5517 2955 5585 viri,
2983 5519 3072 5589 qui
3103 5519 3484 5592 rempublicam
3502 5521 3575 5579 ci-

1989 5602 2309 5676 vitatemquc
2343 5614 2634 5676 terrenam,
2653 5611 2824 5682 qualis
2840 5612 3048 5668 eisesse
3063 5612 3265 5671 debere
3278 5615 3572 5688 videbatur,

2050 5758 2070 5834 ξ
2106 5759 2531 5834 t.ov_._,_i_ntpietate;
2572 5773 2679 5834 uss.
2706 5781 2842 5834 vero,
2861 5767 3159 5834 impunitate.

2050 5822 2072 5852 ι
2090 5824 2305 5896 Διιειιξλμά.
2325 5822 2386 5876 Ἀι
2409 5822 2526 5896 uss;
2540 5831 2746 5882 vaticaui
2770 5822 3218 5896 et'qua'tuordecim
3236 5849 3268 5888 e
3290 5840 3469 5891 nostris
3489 5839 3571 5890 hs-

1986 5886 2126 5947 bout,
2150 5886 2314 5937 divina
2331 5887 2572 5941 societate.
