4090 6356
539 413 652 472 515

556 541 726 614 magis
770 537 1080 595 domesticis
1123 527 1574 604 disputationibus
1619 520 2022 614 requirebant,
2051 515 2138 576 vel

553 612 718 694 etiam
743 633 1138 696 describebant,
1159 641 1316 697 quam
1340 619 1566 693 publicis
1585 615 1882 672 actionibus
1902 612 2139 669 institue-

557 729 689 784 bant
713 734 873 794 atque
895 722 1211 783 formabant,
1232 715 1475 787 egregios
1493 720 1653 781 atque
1673 707 1986 772 laudabiles,
2004 718 2142 776 quos

561 820 820 892 putabant
845 815 1110 875 homines,
1143 810 1317 881 potius
1354 820 1513 877 quam
1543 804 1675 858 deos
1701 815 1829 856 suos
1856 797 2141 852 imitandos

541 915 931 988 proponebant
975 904 1282 962 erudienda:
1327 899 1491 957 indoli
1517 896 1830 970 juventutis.
1857 895 2144 988 litterarii

562 983 916 1064 iet-cntianus
942 1001 1030 1055 ille
1049 997 1380 1058 adolescens,
1409 992 1497 1062 qui
1529 997 1777 1059 spectans
1805 984 2036 1041 tabulam
2065 983 2148 1054 pi-

564 1101 706 1145 ctam
740 1089 790 1142 in
809 1087 1010 1158 pariete
1031 1125 1046 1149 ,
1073 1083 1160 1137 ubi
1188 1082 1389 1150 pictura
1419 1080 1588 1133 inerat
1613 1075 1678 1130 de
1707 1071 1965 1128 adulterio
2001 1068 2139 1137 regis

568 1183 788 1238 deorum
810 1220 828 1246 ,
859 1177 1129 1236 libidinem
1160 1189 1261 1245 qua
1309 1173 1612 1242 rapiebatur
1639 1209 1654 1234 ,
1703 1165 1926 1221 stimulis
1983 1162 2138 1216 etiam

567 1284 733 1330 tanta:
760 1270 1085 1326 auctoritatis
1111 1265 1350 1321 accendit
1372 1263 1470 1334 (a),
1496 1262 1640 1316 nullo
1656 1258 1876 1313 modoin
1900 1254 2025 1308 illud
2048 1253 2144 1306 lla-

566 1366 750 1436 gitium
787 1358 1301 1428 velconcupiscendo
1343 1355 1605 1409 laberetur
1628 1393 1643 1413 ,
1679 1351 1763 1402 vel
1791 1344 2143 1418 perpetrando

565 1458 994 1526 immergeretur,
1025 1454 1067 1506 si
1097 1455 1348 1505 Catonem
1367 1448 1638 1500 maluisset
1660 1442 1852 1496 imitari
1873 1456 2029 1510 quam
2055 1438 2144 1492 Jo-

569 1566 718 1602 vem:
744 1549 836 1602 sed
860 1562 963 1614 quo
988 1555 1141 1616 pacto
1170 1543 1219 1596 id
1247 1544 1461 1602 faceret,
1491 1555 1608 1592 cum
1640 1538 1688 1590 in
1706 1534 2144 1604 templisadorare

569 1650 846 1710 cogeretur
872 1639 1055 1692 Jovem
1073 1636 1414 1705 potiusquam
1432 1633 1684 1685 Catonem
1700 1629 1722 1680 ’Β
1737 1621 2059 1681 Verumlmec
2077 1639 2143 1678 ex

567 1729 1043 1800 (ξοιιιωάὶιι,ίιυὶὺυε
1055 1730 1333 1795 impiorum
1353 1725 1504 1778 luxus
1519 1731 1571 1774 et
1583 1720 1832 1790 sacrilega
1847 1717 2145 1786 sminerstitio

569 1823 972 1877 txmvinceretur
995 1861 1008 1882 ,
1044 1817 1277 1886 proferre
1308 1815 1522 1868 forsitan
1553 1828 1657 1865 non
1699 1811 1975 1890 debemus.
2007 1808 2146 1876 Lege

573 1915 656 1969 vel
676 1914 848 1966 recole
877 1913 925 1964 in
948 1909 1146 1964 eisdem
1175 1909 1323 1960 libris
1346 1920 1501 1976 quam
1524 1904 1811 1973 prudenter
1832 1903 2142 1963 disseratur,

573 2006 715 2059 nullo
745 2003 902 2056 modo
933 2001 1168 2070 potuisse
1194 2001 1508 2066 scriptiones
1536 2005 1589 2049 ct
1615 1995 1849 2048 actiones
1873 1991 2033 2061 recipi
2057 2005 2148 2044 co-

538 2139 542 2143 .
573 2097 906 2155 mmdiarum,
935 2092 1038 2146 nisi
1061 2106 1235 2145 mores
1259 2089 1621 2158 recipientium
1651 2091 2005 2142 consonarent
2033 2099 2044 2133 :
2077 2082 2147 2136 ita

571 2187 986 2242 clarissimorum
1014 2185 1242 2238 virorum
1269 2183 1317 2236 in
1363 2181 1626 2249 republica
1654 2178 2022 2232 excellentium
2048 2215 2062 2239 ,
2096 2183 2150 2228 et

569 2279 636 2335 de
681 2279 948 2346 republica
993 2275 1374 2343 disputantium
1413 2271 1725 2325 auctoritate
1758 2269 2019 2333 tinuatur,
2043 2279 2148 2320 ne-

565 2372 853 2443 quissimos
891 2371 1131 2424 homines
1187 2367 1300 2423 lieni
1338 2366 1554 2420 deorum
1585 2363 1873 2416 imitatione
1901 2361 2108 2431 pejores
2132 2400 2147 2426 ,

565 2479 681 2518 non
711 2480 842 2519 sane
873 2478 1140 2524 verorum,
1175 2461 1266 2514 sed
1296 2459 1547 2513 falsorum
1578 2465 1735 2525 atque
1760 2456 2020 2508 fretorum.

645 2557 699 2612 5.
733 2558 800 2609 At
826 2555 966 2608 enim
1011 2554 1096 2607 illa
1126 2553 1301 2605 omnia
1342 2565 1462 2620 qua)
1483 2549 1771 2618 antiquitus
1793 2546 1862 2600 de
1889 2546 1993 2598 vita
2017 2543 2149 2598 deo-

571 2665 696 2704 rum
724 2649 1064 2716 moribusque
1091 2646 1387 2714 conscripta
1403 2653 1543 2706 sunt,
1571 2645 1721 2710 longe
1749 2643 1902 2696 aliter
1927 2649 2049 2692 sunt
2072 2639 2152 2692 in-

539 2785 542 2788 .
579 2741 855 2809 telligenda
885 2748 1040 2807 atque
1067 2737 1457 2806 interpretanda
1487 2734 1828 2804 sapientibus.
1858 2732 1929 2785 ita
1953 2745 2076 2784 vero
2098 2731 2150 2784 in

578 2832 792 2901 tentplis
812 2831 1026 2902 populis
1070 2832 1398 2899 congregatis
1425 2827 1634 2882 recitari
1671 2824 2036 2895 hujuscemodi
2063 2837 2150 2879 sa-

577 2924 756 2979 lubres
801 2923 1262 2991 interpretationes
1290 2920 1409 2974 ‘lteri
1438 2930 1490 2975 et
1538 2919 1911 2973 nudiustertius
1947 2918 2152 2971 audivi-

579 3031 716 3072 mus.
747 3016 940 3083 Quieso
963 3026 1022 3069 te
1044 3057 1058 3080 ,
1091 3014 1287 3069 Siccine
1318 3028 1519 3068 caaeum
1561 3021 1643 3066 est
1675 3012 1958 3065 humanum
1987 3025 2153 3080 genus

577 3111 833 3165 adversus
872 3110 1145 3163 veritatem
1171 3148 1184 3169 ,
1218 3114 1274 3160 ut
1301 3118 1404 3160 tam
1435 3115 1614 3175 aperta
1642 3113 1695 3158 et
1744 3105 2015 3156 manifesta
2047 3119 2150 3156 non

575 3202 803 3258 sentiat?
831 3202 931 3255 Tot
961 3201 1090 3254 locis
1111 3201 1342 3270 pingitur
1365 3240 1380 3264 ,
1408 3198 1641 3252 funditur
1666 3239 1680 3263 ,
1715 3197 1971 3260 tunditur,
2001 3197 2150 3250 scul-

575 3297 740 3364 pitur,
761 3293 1036 3358 scribitur,
1070 3293 1279 3362 legitur,
1307 3292 1498 3361 agitur,
1517 3299 1777 3354 cantatur,
1804 3290 2026 3343 saltatur
2051 3289 2146 3344 Ju-

541 3431 546 3434 .
571 3385 716 3454 .piter
736 3425 752 3450 ,
780 3384 1041 3437 adulteria
1091 3392 1233 3436 tanta
1261 3383 1632 3443 committens;
1665 3390 1916 3449 quantum
1957 3389 2070 3434 erat
2100 3388 2155 3433 ut

579 3477 630 3530 in
662 3491 758 3530 suo
777 3476 963 3532 saltem
994 3475 1251 3544 Capitolio
1271 3475 1368 3527 ista
1402 3473 1687 3542 prohibens
1707 3473 1972 3541 legeretur
1992 3473 2013 3525 ?
2033 3473 2156 3529 Haec

541 3629 543 3631 ,
573 3569 714 3626 mala
747 3569 1019 3624 dedecoris
1060 3569 1449 3636 impietatisque
1479 3567 1778 3636 plenissima
1805 3609 1818 3632 ,
1853 3566 1896 3619 si
1945 3568 2154 3621 neruine

575 3662 889 3733 prohibente
921 3665 969 3714 in
1001 3661 1204 3730 populis
1230 3660 1484 3720 ferveant,
1515 3658 1804 3713 adorentur
1832 3659 1883 3710 in
1915 3659 2148 3727 templis,

575 3753 856 3811 rideantur
883 3753 934 3808 in
952 3752 1196 3814 theatris,
1226 3766 1347 3803 cum
1381 3750 1461 3802 his
1490 3749 1728 3803 victimas
1758 3749 2033 3801 immolant
2060 3765 2152 3802 va-

577 3854 749 3900 stetur
803 3858 964 3914 peeus
1002 3841 1159 3896 etiam
1205 3857 1516 3910 pauperum,
1563 3856 1683 3892 cum
1725 3840 1838 3893 haec
1871 3839 2156 3895 histriones

577 3945 738 4005 agunt
761 3946 816 3990 et
843 3935 1035 3988 saltant
1057 3933 1390 3986 effundantur
1414 3931 1726 4000 patrimonia
1757 3931 1996 3992 divitum,
2021 3931 2155 3985 civi-

584 4035 718 4080 tates
767 4025 961 4079 ﬂorere
1010 4021 1301 4078 dicuntur?
1351 4021 1549 4076 Horum
1603 4023 1756 4090 plane
1819 4021 2006 4076 ﬂorum
2043 4037 2154 4076 non

583 4126 724 4172 terra
757 4116 966 4181 fertilis,
1001 4133 1102 4170 non
1129 4115 1300 4184 aliqua
1325 4114 1548 4182 opulens
1575 4115 1746 4167 virtus
1772 4155 1782 4177 ,
1818 4115 1912 4168 sed
1941 4115 2025 4168 illa
2057 4116 2155 4170 dea

582 4208 739 4264 Flora
769 4209 924 4277 digna
956 4219 1123 4262 mater
1150 4209 1358 4262 iuventa
1386 4214 1489 4269 est,
1513 4207 1661 4274 cujus
1699 4206 1802 4258 ludi
1830 4207 2022 4260 scenici
2049 4216 2154 4260 tant
2174 4232 2198 4254 ο

584 4300 833 4356 eil‘usiore
857 4308 910 4354 et
939 4300 1211 4363 licentiore
1239 4297 1559 4368 turpitudine
1587 4297 1943 4363 celebrantur,
1974 4299 2160 4368 utqui-

550 4459 552 4463 .
585 4391 665 4446 vis
693 4389 953 4459 intelligat
977 4391 1131 4459 quale
1157 4389 1474 4444 daanoninm
1497 4389 1584 4453 sit,
1617 4390 1754 4457 quod
1787 4389 1982 4458 placari
2005 4391 2158 4443 aliter

571 4497 685 4538 non
727 4489 920 4549 potest,
947 4481 1048 4533 nisi
1082 4480 1185 4532 illic
1209 4495 1313 4533 non
1337 4493 1484 4542 aves,
1501 4479 2020 4548 noniquadrnpedes,
2051 4495 2154 4534 non

588 4572 818 4642 denique
845 4570 1059 4639 sanguis
1081 4569 1362 4632 hnntanns,
1386 4568 1666 4626 sedunqu
1686 4570 1960 4624 scelestius
1989 4571 2158 4640 pudor

583 4664 853 4719 humanus
883 4672 1128 4731 tanquam
1172 4662 1470 4716 immolatus
1497 4661 1738 4716 intereat.

652 4760 704 4812 6.
747 4758 871 4814 Haec
900 4756 1007 4810 dixi
1043 4764 1256 4824 propter
1284 4754 1424 4824 quod
1463 4751 1751 4823 scripsisti,
1782 4766 2034 4824 quantum
2064 4756 2155 4810 tibi

582 4861 712 4906 astas
737 4849 826 4904 lini
858 4848 1094 4918 proxima
1134 4858 1240 4911 est,
1270 4833 1463 4916 cupére
1489 4855 1542 4900 te
1573 4856 1626 4900 ut
1654 4847 1873 4915 patriam
1903 4855 2044 4902 tuam
2072 4848 2154 4902 in.-

540 4942 846 5002 .columem
872 4956 936 4996 ac
959 4941 1235 4996 ﬂorentem
1259 4940 1540 5008 relinquas.
1561 4937 1838 4993 Tollantur
1866 4939 1953 4992 illa
1976 4940 2154 4992 omnia

555 5050 715 5092 .vana
747 5043 800 5088 et
827 5034 1006 5088 insana
1027 5073 1042 5097 ,
1071 5040 1447 5086 convertantur
1473 5031 1714 5086 homines
1745 5031 1810 5084 ad
1850 5045 2032 5086 verum
2063 5031 2155 5084 Dei

555 5125 782 5187 _cultum
829 5139 1106 5192 moresque
1149 5132 1322 5177 castos
1348 5131 1400 5176 et
1425 5123 1573 5192 pios,
1609 5132 1732 5177 tunc
1761 5125 1978 5192 patriam
2013 5132 2154 5176 tuam

557 5215 864 5281 ﬂorentem
894 5215 1124 5279 videbis,
1149 5231 1250 5268 non
1285 5215 1531 5283 opinione
1555 5215 1856 5276 stultorum,
1888 5215 1979 5270 sed
2011 5215 2152 5269 veri-

583 5315 688 5364 tate
720 5308 1064 5376 sapientium;
1096 5322 1215 5358 cum
1244 5305 1356 5360 haec
1395 5306 1560 5374 patria
1599 5307 1825 5360 carnalis
1859 5308 2153 5375 gvneratio-

580 5403 666 5452 nis
702 5410 822 5465 llltt‘,
858 5399 1030 5467 portio
1057 5397 1217 5454 fuerit
1259 5398 1397 5452 illius
1429 5398 1631 5468 patrim,
1662 5399 1744 5452 cui
1776 5415 1878 5452 non
1907 5413 2150 5466 corpore,

584 5496 677 5546 sed
708 5491 808 5548 tide
831 5492 1116 5554 naseiinur.
1148 5491 1231 5544 ubi
1252 5507 1438 5546 omnes
1459 5492 1623 5545 sancti
1648 5500 1702 5545 et
1718 5491 1901 5545 fideles
1923 5491 2013 5544 Dei
2040 5501 2156 5559 post

593 5582 804 5640 labores
835 5575 974 5639 velut
999 5583 1256 5642 hiemales
1281 5583 1402 5636 vitze
1430 5584 1600 5652 hujus,
1632 5583 1908 5635 intermina
1939 5585 2153 5638 tutemi-

594 5685 696 5728 tate
721 5673 1002 5732 llorebunt.
1029 5677 1188 5730 Nobis
1215 5678 1387 5744 itaque
1404 5675 1549 5729 cordi
1580 5684 1678 5740 est,
1714 5690 1884 5745 neque
1908 5674 2154 5731 christia—

633 5817 1462 5897 (ηυωωιω,η.δ,ωω.θ.

1790 404 1847 459 5.
1891 406 1928 455 Α
1940 393 2251 457 υδυδτωι
2287 393 2588 459 EPISCOPI

3709 388 3813 445 316

2243 513 2367 567 nam
2414 510 2665 564 amittere
2707 507 3164 564 mnsnetudinetn
3189 545 3206 574 ,
3245 521 3418 577 neque
3458 504 3812 575 perniciosum

2243 603 2453 659 Cameris
2482 602 2794 656 imitationis
2837 599 3137 670 exemplum
3180 599 3231 652 in
3263 598 3349 652 illa
3389 597 3600 652 civitate
3641 595 3813 650 'rcliu—

2243 709 2427 763 quere.
2456 692 2734 758 Quouodo
2758 692 2807 745 id
2835 706 3052 761 agamus
3075 731 3088 754 ,
3121 689 3291 743 aderit
3323 690 3494 755 Deus,
3537 689 3580 742 si
3607 689 3683 742 eis
3710 701 3816 741 non

2246 786 2316 840 ita
2344 786 2571 856 graviter
2593 784 2909 853 indignetur.
2935 781 3182 849 Alioquin
3209 789 3264 834 et
3288 780 3636 835 mansuetudo
3653 793 3814 848 quam

2245 890 2458 929 servare
2483 875 2745 943 cupimus,
2775 882 2828 928 et
2853 874 3130 942 disciplina
3156 888 3256 942 qua
3287 873 3360 926 uti
3399 871 3670 926 moderate
3700 871 3816 925 uiti-

2245 983 2364 1021 mur
2385 1007 2402 1034 ,
2434 966 2672 1035 impediri
2703 975 2896 1036 potest,
2921 966 2965 1019 si
2997 966 3106 1019 Deo
3133 964 3272 1018 aliud
3304 965 3354 1017 in
3386 964 3596 1018 occulto
3623 962 3814 1031 placet,

2247 1058 2357 1111 sive
2379 1057 2630 1125 judicanti
2660 1057 2758 1111 hoc
2789 1065 2987 1111 tantum
3018 1055 3212 1109 malum
3243 1054 3450 1124 ﬂagello
3470 1054 3674 1108 acriore
3705 1054 3818 1123 ple-

2247 1148 2518 1213 ctendum,
2547 1149 2657 1202 sive
2685 1150 2843 1202 etiam
2887 1148 3252 1203 vehementius
3297 1145 3582 1208 irascenti,
3627 1144 3670 1196 si
3714 1161 3818 1198 non

2247 1241 2498 1294 correctis
2523 1255 2621 1295 nec
2649 1241 2712 1293 ad
2743 1257 2798 1292 se
2822 1240 3116 1305 conversis,
3141 1237 3205 1291 ad
3230 1247 3435 1305 tempus
3458 1251 3576 1290 esse
3597 1235 3822 1289 voluerit

2248 1330 2584 1398 impunitum.

2319 1423 2369 1475 7.
2399 1421 2701 1477 Pl‘:t‘.SCl‘lbll
2730 1421 2880 1475 nobis
2905 1420 3295 1491 quodammodo
3325 1419 3600 1488 prudentia
3631 1427 3717 1472 tua
3749 1418 3817 1472 de

2251 1527 2470 1582 persona
2499 1513 2803 1583 episcopali,
2827 1521 2878 1567 et
2902 1513 3032 1568 dicis
3054 1513 3276 1584 patriam
3298 1522 3438 1564 tuam
3469 1526 3570 1562 non
3597 1510 3697 1562 levi
3721 1525 3819 1580 po-

2250 1607 2356 1674 puli
2389 1606 2464 1660 sui
2506 1617 2681 1660 errato
2707 1607 3000 1676 prolapsam
3050 1622 3062 1659 ε
3095 1605 3232 1674 quod
3263 1605 3474 1673 quidem
3501 1603 3544 1657 si
3567 1603 3699 1673 juris
3732 1620 3833 1679 pu-l

2252 1697 2370 1750 lilici
2404 1699 2575 1767 rigore
2600 1701 2897 1765 metiamur,
2920 1699 3074 1752 debet
3109 1699 3259 1768 plecti
3279 1698 3545 1752 severiore
3565 1713 3823 1761 Censura;

2253 1789 2356 1841 Sed
2383 1790 2689 1859 episcopum,
2722 1789 2912 1858 inquis,
2948 1793 3024 1862 fas
3046 1806 3143 1842 non
3172 1799 3241 1842 est
3263 1790 3357 1841 nisi
3378 1789 3589 1842 salutem
3612 1790 3835 1842 hominis

2251 1882 2342 1934 bus
2369 1885 2636 1954 impertire,
2663 1893 2706 1936 et
2733 1901 2824 1954 pro
2848 1892 2978 1936 statu
3001 1885 3199 1936 meliore
3214 1883 3376 1935 (αγρεεδ
3403 1883 3592 1945 adesse,
3618 1893 3663 1936 et
3687 1883 3827 1952 apud

2254 1976 2642 2044 omnipotentem
2687 1975 2846 2028 Deum
2887 1976 3078 2028 veniam
3125 1977 3341 2028 oliorum
3391 1975 3565 2027 mereri
3609 1975 3823 2027 delictis.

2255 2065 2362 2120 Hoc
2393 2067 2610 2120 otnnino
2647 2082 2861 2121 servare
2889 2081 3183 2129 conamur,
3217 2075 3274 2119 ut
3315 2066 3577 2119 severiore
3597 2050 3828 2119 censura

2255 2179 2410 2216 nemo
2441 2163 2713 2230 plectatur,
2744 2177 2916 2231 neque
2942 2178 2968 2212 a
2993 2162 3364 2230 nobis,-neqne
3391 2161 3458 2213 ab
3471 2160 3575 2213 alio
3604 2160 3712 2213 ullo
3741 2158 3826 2212 in-

2257 2251 2644 2308 tercedentibus
2690 2254 2871 2316 nobis;
2902 2262 2955 2308 et
2983 2253 3202 2306 salutem
3254 2249 3555 2305 hominibus
3584 2251 3828 2319 cupimus

2254 2342 2525 2410 impertire
2549 2384 2563 2408 ,
2592 2359 2708 2412 qua:
2741 2344 2908 2412 posita
2938 2354 3020 2396 cst
3049 2344 3099 2396 in
3131 2353 3272 2396 recte
3299 2340 3506 2396 vivendi
3535 2340 3786 2395 felicitate
3811 2381 3826 2404 ,

2255 2449 2357 2486 non
2389 2433 2444 2488 in
2471 2435 2606 2486 male
2637 2434 2857 2490 faciendi
2886 2435 3185 2488 securitate.
3224 2435 3438 2488 Veniam
3467 2447 3675 2502 quoque
3715 2447 3821 2487 non

2254 2535 2457 2581 tantum
2505 2528 2702 2582 nostris
2729 2569 2742 2591 ,
2772 2542 2955 2580 verum
2987 2537 3040 2579 et
3068 2527 3293 2579 aliorum
3325 2527 3582 2579 instamus
3621 2524 3831 2579 delictis

2255 2618 2469 2682 mereri,
2497 2617 2637 2688 quod
2665 2619 2948 2688 impetrare
2975 2618 3074 2672 nisi
3103 2633 3197 2686 pro
3218 2618 3471 2671 correctis
3488 2616 3704 2671 omnino
3724 2632 3828 2670 non

2254 2724 2555 2779 possumus.
2597 2709 2851 2778 Adjungis
2883 2711 3040 2763 etiam
3071 2720 3120 2762 et
3167 2709 3298 2762 dicis
3329 2726 3342 2760 :
3371 2709 3574 2773 Quanta
3626 2724 3834 2779 possunt

2252 2802 2621 2872 suppliralionc
2657 2801 2870 2872 deposco
2899 2843 2913 2866 ,
2963 2811 3016 2854 ut
3061 2802 3102 2854 si
3150 2800 3467 2872 defendenda
3505 2817 3589 2854 res
3632 2809 3726 2866 est,
3751 2801 3834 2854 in-

2255 2898 2432 2950 non’us
2458 2895 2785 2965 defendatur,
2814 2893 2875 2948 ab
2901 2893 3243 2948 innocentibus
3284 2893 3514 2946 molestia
3552 2906 3831 2962 separetur.

2327 2991 2378 3044 8.
2412 2991 2607 3058 Accipe
2635 2989 2865 3043 breviter
2883 3003 3000 3058 qna-.
3021 2988 3305 3042 commissa
3331 2988 3458 3051 sint,
3486 2995 3539 3041 et
3557 2987 3746 3040 noxios
3765 2985 3834 3039 ab

2256 3081 2626 3136 innocentilms
2656 3082 2768 3151 ipse
2797 3079 3062 3134 discerne.
3095 3080 3293 3134 Cotttra
3319 3071 3715 3135 recentissimas
3759 3079 3836 3134 le-

2255 3185 2348 3240 ges
2380 3170 2486 3242 (a),
2513 3171 2748 3226 calendis
2790 3170 2953 3240 juniis
2980 3173 3112 3225 festo
3151 3170 3167 3202 ¹
3198 3170 3524 3239 Paganon
3577 3170 3835 3239 sacrilega

2256 3263 2568 3317 solemnitas
2596 3263 2788 3332 agitata
2809 3270 2911 3328 est,
2959 3262 3174 3316 nemine
3201 3262 3533 3330 prohibente,
3553 3270 3666 3314 tam
3691 3261 3835 3314 inso-

2258 3356 2382 3411 lenti
2410 3371 2561 3418 ausu,
2589 3364 2644 3409 ut
2662 3354 2804 3424 quod
2828 3370 2926 3410 nec
2952 3354 3144 3409 Juliani
3169 3355 3493 3423 temporibus
3517 3353 3711 3408 factum
3728 3364 3831 3417 est,

2257 3447 2672 3515 petulantissima
2723 3448 2872 3501 turba
2930 3447 3230 3502 saltantium
3279 3448 3330 3500 in
3379 3445 3565 3501 eodem
3611 3459 3836 3514 prorsm

2259 3539 2372 3591 vico
2401 3548 2525 3593 ante
2545 3539 2686 3594 fores
2713 3539 2961 3594 transiret
2993 3540 3249 3594 ecclesiae.
3281 3540 3446 3604 Qtiam
3477 3554 3587 3593 rem
3615 3539 3837 3592 illicitis-

2259 3630 2444 3684 simam
2472 3640 2628 3698 atque
2649 3630 3068 3699 indignissimam
3086 3630 3295 3685 clericis
3317 3630 3600 3697 prohibere
3626 3637 3836 3684 tentan-

2261 3720 2420 3784 tibus,
2447 3721 2666 3774 ecclesia
2695 3720 2921 3788 lapidata
2957 3732 3058 3776 est.
3114 3722 3311 3777 Deinde
3343 3731 3465 3789 post
3509 3722 3622 3775 dies
3666 3721 3834 3776 ferme

2259 3820 2398 3878 octo,
2426 3827 2544 3864 cum
2567 3813 2709 3880 leges
2735 3812 3038 3866 notissimas
3063 3813 3344 3881 episcopus
3373 3811 3548 3866 ordini
3583 3811 3834 3882 replicas-

2260 3913 2357 3968 set,
2387 3913 2438 3956 et
2460 3903 2585 3957 dum
2610 3919 2669 3957 ea
2711 3919 2828 3972 qua:
2862 3904 3008 3972 jussa
3037 3915 3179 3969 sunt,
3213 3905 3354 3958 velut
3400 3905 3630 3973 implere
3653 3904 3837 3973 dispo-

2261 4002 2409 4056 nunt,
2464 3994 2650 4048 iterum
2687 3994 2909 4049 ecclesia
2957 3995 3178 4064 lapidata
3207 4004 3308 4049 est.
3344 3995 3601 4066 Postridie
3639 3994 3838 4048 nostris

2259 4083 2324 4136 ad
2380 4083 2755 4152 inmunendum
2809 4084 3036 4159 perditis
3089 4095 3318 4145 metum,
3372 4084 3510 4152 quod
3565 4084 3840 4140 videbatur

2261 4177 2394 4245 apud
2431 4179 2556 4230 Acta
2587 4176 2763 4229 dicere
2784 4176 3082 4230 volentibus
3111 4176 3314 4245 publica
3336 4176 3455 4242 jura
3480 4184 3663 4244 negata
3689 4184 3835 4230 sunt.

2262 4266 2566 4335 Eodemque
2619 4270 2733 4336 ipso
2774 4265 2878 4331 die,
2939 4275 2994 4318 ut
3039 4265 3121 4320 vel
3173 4265 3424 4319 divinitus
3478 4276 3836 4328 terrerentur,

2261 4339 2462 4427 grando
2487 4356 2898 4425 lapidationibus
2924 4356 3124 4410 reddita
3155 4367 3265 4422 est;
3299 4373 3398 4426 qua
3430 4367 3686 4411 transacta
3707 4377 3838 4414 con-

2263 4448 2409 4501 tinuo
2433 4448 2636 4501 tertiam
2665 4447 3037 4516 lapidationem
3059 4489 3074 4513 ,
3098 4457 3148 4501 et
3193 4457 3460 4516 poStremo
3487 4451 3635 4517 ignes
3661 4451 3838 4504 cccle-

2261 4540 2486 4593 siasticis
2535 4540 2684 4592 tectis
2732 4549 2889 4606 atque
2937 4537 3242 4592 hominibus
3283 4530 3604 4606 iunxerunt;
3669 4537 3839 4594 'u'n'um

2260 4645 2532 4686 servorum
2567 4629 2655 4682 Dei
2677 4669 2691 4695 ,
2724 4630 2813 4697 qui
2855 4629 3109 4683 oberrans
3149 4629 3429 4683 occurrere
3462 4629 3662 4698 potuit,
3705 4633 3844 4685 occi-

2261 4721 2482 4787 derunt,
2524 4721 2730 4774 creteris
2778 4720 2965 4788 partim
3015 4720 3100 4772 ubi
3151 4711 3838 4790 potuerant.latitantibus,

2261 4813 2452 4882 partim
2484 4826 2586 4881 qua
2627 4819 2908 4880 potuerant
2935 4810 3278 4880 fugientibus,
3310 4827 3427 4865 cum
3471 4813 3672 4868 interea
3698 4825 3838 4868 ‘con-

2264 4914 2439 4958 trusus
2471 4912 2628 4972 atque
2657 4909 2954 4956 coarctatus
3006 4902 3233 4970 quodam
3287 4903 3402 4956 loco
3447 4918 3504 4957 se
3547 4906 3843 4960 occultaret

2261 4997 2570 5067 cpiscopus,
2603 4993 2687 5046 ubi
2730 5009 2789 5047 sc
2817 4995 2880 5046 ad
2925 5002 3149 5048 mortem
3178 4996 3525 5064 quau-entiam
3557 5010 3713 5051 voces
3738 5012 3841 5050 au-

2261 5088 2436 5142 diebat
2475 5087 2679 5156 sibique
2728 5087 3143 5156 increpantium,
3193 5088 3338 5160 quod
3373 5105 3436 5142 eo
3483 5107 3585 5143 non
3625 5091 3842 5146 invento

2259 5179 2423 5249 gratis
2445 5186 2644 5231 tantum
2669 5186 3056 5247 perpetrassent
3085 5179 3274 5232 scelus.
3309 5178 3466 5233 Gesta
3488 5191 3609 5236 sunt
3639 5181 3748 5234 haec
3772 5184 3844 5236 ab

2263 5269 2387 5322 liora
2412 5269 2575 5323 ferme
2603 5268 2805 5321 decima
2835 5283 2998 5336 usque
3025 5269 3089 5322 ad
3123 5271 3288 5322 noctis
3317 5281 3514 5338 partem
3545 5287 3644 5324 non
3673 5273 3843 5326 mini-

2259 5375 2420 5413 mam.
2458 5358 2622 5412 Nemo
2651 5369 3008 5428 compescere,
3034 5373 3189 5413 nemo
3218 5360 3498 5415 subvenire
3522 5363 3741 5416 tentavit
3775 5364 3845 5418 il-

2263 5451 2435 5506 lorum
2461 5492 2474 5515 ,
2502 5465 2724 5520 quorum
2755 5466 2872 5505 esse
2897 5451 3067 5520 gravis
3099 5459 3280 5521 posset
3307 5455 3612 5521 auctoritas,
3643 5465 3847 5524 praeter

2326 5627 2343 5660 ι
2376 5634 2480 5678 Mss.
2510 5640 2619 5687 sex,
2650 5627 2784 5690 festa.
2814 5635 2912 5674 Am.
2938 5625 3046 5675 Bad.
3074 5633 3126 5676 et
3159 5632 3255 5686 En,
3283 5635 3434 5678 sexto.

2321 5711 2396 5774 (a)
2419 5709 2646 5776 intelligit
2670 5709 2833 5776 legem
2849 5708 3056 5776 Honorii,
3085 5710 3281 5776 l‘aganis
3303 5711 3637 5776 prohibentem
3665 5730 3686 5760 ι
3703 5715 3848 5776 quid-

2269 5792 2292 5820 ι
2313 5772 2455 5832 quam
2486 5772 2803 5822 sole’nmitutis
2831 5773 3050 5832 agitare;
3075 5788 3097 5814 ι
3127 5772 3281 5819 datam
3315 5775 3472 5822 Curtio
3510 5772 3570 5822 24
3606 5772 3732 5823 ηυνξ
3755 5787 3844 5830 ιη’.

2355 5869 2372 5900 ,
2389 5838 2526 5899 juxta
2549 5847 2661 5899 App.
2685 5834 2796 5882 00d.
2821 5833 3134 5897 'I'heod.1.sag.
