4090 6356
349 407 449 483 m

336 1009 491 1077 cique
514 1009 821 1062 vetuissent.

408 1100 462 1155 9.
491 1099 719 1153 Proinde
743 1098 795 1152 in
814 1098 1175 1152 .un’iversailla
1190 1098 1400 1152 civitate
1431 1112 1531 1151 non
1558 1098 1868 1151 innocentes
1889 1112 1917 1150 a

336 1191 675 1253 nocentibus,
710 1188 800 1243 sed
825 1189 998 1242 minus
1027 1197 1279 1243 nocentes
1308 1204 1339 1243 a
1374 1188 1769 1244 nocentioribus
1797 1195 1916 1256 pot—

334 1283 441 1337 eris
477 1283 702 1335 fortasse
719 1282 1039 1336 discornere.
1057 1280 1188 1335 Nam
1210 1281 1260 1334 in
1281 1297 1441 1350 parvo
1459 1281 1755 1349 peccatoilli
1772 1290 1911 1346 stunt,

332 1375 422 1443 qui
466 1384 607 1427 metu
641 1371 915 1437 deterriti,
960 1373 1290 1442 maximeque
1340 1388 1405 1426 ne
1449 1371 1776 1425 o‘llendrrent
1822 1386 1914 1425 eos

332 1482 467 1536 quos
496 1465 550 1519 in
590 1465 679 1518 illo
708 1464 903 1533 oppido
933 1464 1215 1534 plurimum
1249 1479 1424 1533 posse,
1457 1474 1509 1518 et
1536 1464 1777 1518 inimicos
1807 1463 1913 1517 Ec-

332 1558 508 1612 clesite
534 1564 812 1619 noverant,
840 1572 993 1623 opem
1026 1557 1161 1610 ferre
1192 1571 1295 1609 non
1322 1555 1435 1609 ausi
1464 1564 1587 1608 sunt
1619 1572 1631 1607 :
1666 1552 1909 1607 scelerati

329 1659 505 1703 autem
533 1664 740 1713 omnes,
770 1647 958 1716 quibus
988 1648 1085 1701 etsi
1118 1664 1219 1700 non
1248 1646 1578 1711 facientibus,
1612 1662 1781 1715 neque
1808 1646 1909 1699 im-

330 1741 663 1794 mittentibus
686 1781 701 1806 ,
749 1747 925 1792 tamen
976 1736 1273 1791 volentibus
1303 1738 1401 1791 ista
1438 1738 1721 1792 commissa
1748 1743 1904 1802 sunt;

328 1830 700 1885 sceleratiores
722 1871 734 1893 ,
769 1829 856 1897 qui
900 1829 1309 1893 commiserunt;
1356 1828 1787 1891 sceleratissimi,
1818 1828 1907 1897 qui

326 1924 682 1979 immiserunt.
710 1920 819 1976 Sed
842 1921 908 1975 de
928 1921 1252 1974 immiSsione
1279 1921 1630 1989 suspicionem
1656 1929 1901 1988 putemus

322 2031 445 2070 esse
476 2030 581 2068 non
612 2014 908 2078 veritatem,
934 2028 1031 2066 nec
1052 2026 1114 2066 ea
1144 2010 1484 2064 disetrtiamus
1514 2026 1631 2079 qua:
1658 2008 1763 2063 nisi
1788 2017 1903 2063 tor-

322 2106 519 2160 mentis
545 2119 729 2158 eorum
761 2118 856 2171 per
881 2116 1013 2172 quos
1039 2102 1402 2171 inquiruntur,
1433 2099 1655 2154 inveniri
1685 2101 1903 2153 omnino

323 2213 427 2249 non
464 2204 702 2265 possunt.
731 2195 931 2249 Demus
966 2194 1127 2248 etiam
1155 2193 1358 2245 veniam
1390 2192 1563 2245 timori
1606 2205 1789 2245 eormn
1816 2192 1904 2260 qui

322 2289 500 2359 potius
521 2288 684 2339 Deum
710 2300 803 2355 pro
819 2285 1068 2354 episcopo
1092 2292 1144 2337 et
1163 2282 1329 2337 servis
1351 2284 1467 2350 ejus
1486 2282 1899 2351 deprecandum,

318 2393 477 2449 quam
498 2387 739 2448 potentes
768 2376 1008 2430 inimicos
1025 2375 1280 2429 Ecclesia:
1303 2373 1646 2428 oﬂ‘endendos
1663 2389 1779 2428 esse
1804 2390 1901 2443 pu-

321 2477 587 2524 taverunt.
618 2468 756 2535 Quid
786 2483 878 2521 eos
906 2467 996 2537 qui
1021 2475 1244 2530 restant,
1281 2464 1494 2519 nullane
1523 2480 1710 2519 censes
1739 2465 1902 2518 disci-

319 2561 463 2630 plina
494 2559 839 2619 coercendos,
871 2568 919 2612 et
953 2556 1352 2627 preponendnm
1378 2556 1650 2611 existimas
1678 2556 1904 2625 impuni-

318 2661 428 2705 tum
464 2663 569 2705 tam
614 2651 861 2706 immanis
905 2650 1095 2704 furoris
1123 2650 1462 2718 exemplum?
1490 2648 1606 2703 Non
1638 2650 1901 2717 praeterita

316 2743 638 2798 vindicando
659 2758 873 2813 pascere
896 2744 1024 2795 iram
1045 2751 1277 2795 nostram
1306 2742 1609 2803 studemus;
1631 2740 1721 2795 sed
1742 2741 1902 2794 mise-

314 2835 598 2889 ricorditer
623 2836 673 2888 iu
714 2832 951 2886 futurum
993 2832 1319 2886 consulendo
1350 2833 1656 2901 satagimus.
1686 2832 1902 2886 Habent

320 2926 563 2981 homines
589 2927 734 2992 mali,
766 2926 855 2979 ubi
886 2936 936 2978 et
967 2940 1061 2993 per
1088 2925 1403 2979 christianos
1431 2940 1535 2977 non
1559 2926 1729 2979 solum
1754 2940 1901 2979 man-

318 3031 463 3075 suete
489 3062 503 3086 ,
536 3035 718 3073 verum
746 3019 903 3072 etiam
948 3018 1144 3070 utiliter
1170 3017 1554 3085 salubriterque
1584 3016 1895 3086 plectantur.

318 3113 527 3167 Habeat
554 3114 694 3165 enim
743 3110 885 3181 quod
927 3124 1147 3177 corpore
1177 3109 1421 3162 incolumi
1454 3111 1669 3173 vivunt,
1700 3109 1899 3163 habent

318 3206 460 3258 unde
504 3204 726 3265 vivunt,
763 3202 953 3253 labem
982 3200 1121 3253 unde
1169 3200 1306 3253 male
1336 3202 1535 3253 vivunt.
1570 3200 1682 3253 Duo
1728 3201 1895 3270 prima

315 3299 456 3351 salva
485 3297 611 3360 sint,
642 3303 699 3347 ut
735 3309 869 3363 quos
897 3293 1148 3361 pmuiteat
1173 3334 1185 3357 ,
1213 3291 1350 3355 sint;
1376 3292 1475 3345 hoc
1504 3303 1765 3361 optamus,
1799 3294 1898 3348 hoc

318 3400 572 3459 quantum
600 3388 653 3441 in
676 3387 829 3440 nobis
857 3395 961 3449 est,
989 3386 1148 3438 etiam
1175 3385 1409 3453 impensa
1428 3400 1585 3454 opera
1617 3387 1894 3442 instamus.

317 3478 555 3535 ITertium
606 3494 772 3541 vero,
834 3479 876 3529 si
914 3477 1072 3530 .Deus
1128 3477 1383 3539 voluerit,
1443 3486 1691 3547 tauquam
1746 3490 1897 3547 putre

317 3574 639 3641 noxiumque
668 3569 888 3623 resecari
917 3610 927 3629 ,
958 3567 1109 3620 vafde
1150 3568 1567 3621 misericorditer
1593 3571 1800 3636 puniet.
1836 3569 1893 3625 Si

313 3672 490 3716 autem
524 3661 606 3715 vel
632 3659 857 3727 amplius
894 3658 1138 3717 voluerit,
1172 3656 1253 3709 vel
1287 3674 1351 3709 ne
1382 3659 1481 3710 hoc
1506 3659 1721 3727 quidem
1772 3674 1893 3728 per-

315 3754 541 3813 miserit,
574 3752 776 3804 altioris
798 3758 853 3804 et
880 3746 1122 3817 proferto
1143 3746 1379 3814 justi0ris
1406 3749 1610 3802 ('0nsilii
1638 3753 1771 3803 ratio
1799 3766 1896 3820 pe-

312 3861 412 3900 nes
438 3846 611 3913 ipsnm
630 3852 711 3895 est
742 3856 801 3896 :a
827 3840 981 3895 nobis
1005 3854 1183 3893 curam
1201 3837 1539 3909 ofﬁciumque
1566 3852 1776 3910 oportet
1798 3843 1896 3896 im-

314 3937 472 4005 pendi
498 3977 513 3999 ,
567 3948 843 4004 quousque
888 3931 1066 3985 videre
1108 3932 1449 3993 conceditur,
1491 3933 1897 4001 deprecantibus

310 4043 458 4089 enin,
488 4037 544 4079 ut
564 4027 795 4078 animmn
824 4030 1060 4074 nostmm
1084 4021 1361 4088 approbet,
1386 4036 1490 4091 quo
1514 4024 1718 4077 eunetis
1744 4026 1895 4079 volu~

313 4136 433 4173 mu:
464 4134 581 4172 esse
610 4116 927 4177 consultum,
954 4112 1185 4181 nihilque
1210 4114 1319 4164 ﬁeri
1346 4115 1481 4165 sinat
1512 4116 1895 4185 pernos,quod

312 4221 366 4265 et
404 4213 560 4265 nobis
602 4221 652 4263 et
684 4207 937 4262 Ecclesia:
964 4220 1072 4258 sua:
1100 4219 1202 4257 non
1246 4205 1495 4273 expedire
1525 4208 1678 4275 longe
1709 4208 1897 4262 melius

311 4304 460 4355 novit
497 4303 611 4370 ipse
639 4317 795 4370 quam
826 4316 939 4353 nos.
992 4348 997 4353 ,

387 4395 472 4449 10.
513 4395 665 4449 Modo
688 4410 807 4449 cum
829 4396 964 4463 apud
995 4394 1259 4449 Calamam
1288 4407 1541 4451 essemus,
1566 4399 1625 4444 ut
1652 4390 1815 4443 nostri
1838 4390 1894 4444 in

312 4500 416 4543 tam
448 4488 594 4558 gravi
634 4487 817 4541 dolore
845 4488 924 4540 vel
953 4487 1355 4539 consolarentur
1382 4481 1561 4536 afﬂicti
1582 4524 1596 4548 ,
1624 4483 1705 4536 vel
1737 4483 1893 4536 seda-

310 4593 498 4638 rentur
534 4581 783 4645 accensi,
811 4589 1060 4647 quantum
1093 4578 1359 4646 potuimus
1387 4575 1527 4645 quod
1560 4576 1610 4629 in
1657 4584 1894 4644 tempore

312 4675 614 4745 oportuisse
658 4670 1110 4735 exiStimaviums,
1138 4684 1257 4723 cum
1299 4667 1614 4721 Christianis
1662 4667 1885 4735 egimus.

313 4766 515 4821 Deinde
551 4766 708 4819 etiam
735 4765 877 4832 ipsos
905 4764 1163 4831 Paganos,
1189 4761 1310 4813 ntali
1333 4760 1462 4812 tanti
1487 4767 1644 4827 caput
1686 4768 1738 4812 et
1764 4774 1892 4813 cau-

309 4874 449 4921 sam,
472 4866 710 4925 petentes
737 4863 793 4908 ut
813 4853 878 4907 ab
896 4854 974 4907 eis
1000 4852 1322 4915 videremur,
1357 4852 1665 4904 admisimus
1682 4893 1697 4917 ,
1723 4853 1893 4904 uthac

310 4948 590 5000 occasione
634 4946 1042 4999 admoneremus
1070 4957 1164 4996 eos
1189 4941 1313 5010 quid
1343 4941 1514 4994 facere
1541 4941 1815 5003 deberent,
1847 4940 1891 4995 si

308 5049 581 5110 saperent,
636 5054 741 5093 non
771 5048 970 5093 tantum
1008 5050 1104 5105 pro
1125 5034 1442 5089 removenda
1472 5034 1716 5103 pnrsenti
1745 5035 1893 5088 solli-

310 5135 547 5187 citudine
569 5175 581 5195 ,
599 5131 782 5185 verum
805 5131 962 5184 etiam
982 5145 1075 5197 pro
1092 5126 1401 5196 inquirenda
1423 5126 1593 5180 salute
1616 5134 1887 5196 perpetua.

312 5226 471 5279 Multa
501 5238 530 5277 a
562 5222 716 5277 nobis
745 5222 1020 5275 audierunt
1045 5263 1058 5287 ,
1093 5220 1318 5273 multum
1347 5220 1503 5272 etiam
1546 5220 1642 5288 ipsi
1672 5235 1893 5288 rogave-

308 5326 464 5379 runt;
498 5315 590 5369 sed
618 5315 828 5369 absitut
849 5314 980 5366 tales
1000 5312 1339 5371 servisimus,
1365 5327 1495 5379 quos
1526 5310 1595 5362 ab
1612 5312 1688 5364 eis
1715 5310 1889 5380 rogari

309 5409 560 5468 delectet,
591 5422 618 5458 a
649 5406 842 5476 quibus
872 5413 1051 5457 noster
1074 5403 1328 5457 Dominus
1349 5418 1453 5455 non
1478 5413 1712 5471 rogatur.
1741 5403 1891 5458 Unde

313 5500 557 5568 pervides
588 5513 682 5567 pro
728 5498 1006 5549 vivacntatc
1048 5494 1238 5548 mentis
1267 5504 1368 5547 tua:
1391 5534 1404 5557 ,
1435 5493 1497 5546 ad
1531 5494 1630 5547 hoc
1657 5510 1776 5549 esse
1807 5497 1890 5549 ni-

314 5590 531 5644 tendum
559 5598 765 5643 servata
793 5586 1225 5651 mansuetudine,
1267 5594 1322 5639 et
1349 5584 1707 5639 moderatione
1745 5588 1892 5641 chri-

317 5682 510 5746 stiana,
562 5691 619 5733 ut
662 5687 751 5732 aut
797 5687 1017 5733 caeteros
1063 5678 1429 5732 deterreamus
1474 5691 1654 5731 comm
1697 5678 1887 5734 imitari

323 5777 845 5842 perversitatetn,ant
863 5782 1083 5825 caeteros
1099 5781 1340 5839 optemus
1362 5784 1542 5822 eorum
1568 5769 1756 5822 imitari
1772 5785 1887 5823 cor-

322 5866 639 5923 rectionem.
684 5863 884 5918 Damna
920 5875 1038 5933 qua:
1066 5862 1208 5918 illata
1233 5870 1376 5921 sunt.
1417 5860 1499 5917 vel
1546 5861 1831 5919 tolerantur
1856 5876 1887 5917 a

1516 424 1993 486 El’iSTOL.\RUM
2032 428 2310 489 CLASSIS
2338 430 2400 491 ll.

352 560 511 598 unum
546 548 899 617 peregrinum,
934 562 1023 615 per
1053 562 1210 615 quem
1242 555 1295 602 et
1336 545 1541 616 plurimi
1576 546 1712 600 servi
1743 545 1832 600 Dei
1862 544 1925 598 de

345 637 590 691 manibus
620 639 917 693 interﬁcere
944 639 1245 692 conantium
1276 640 1481 693 liberati
1512 648 1653 700 Sunt,
1681 646 1733 691 et
1763 638 1922 705 multa

342 741 547 783 extorta
597 731 985 800 prtedantibus;
1028 746 1121 799 per
1163 747 1317 800 quem
1361 732 1558 785 clarum
1600 729 1793 783 factum
1823 739 1920 795 est,

340 840 497 893 quam
526 823 679 879 facile
706 822 793 877 illa
825 824 907 878 vel
930 825 1146 877 omnino
1172 840 1275 876 non
1300 824 1501 885 fierent,
1534 822 1612 877 vel
1644 834 1813 891 empta
1834 822 1923 875 de-

340 917 615 981 sisterent,
649 916 691 969 si
717 917 881 977 cives,
907 916 1240 985 maximeque
1265 915 1513 984 primates
1544 930 1603 968 ea
1633 914 1740 968 lieri
1766 914 1923 984 perli-

3512 444 3617 505 318

2035 542 2368 615 Christianis,
2400 552 2477 606 vel
2508 555 2868 610 resarciuntur
2891 572 2986 627 per
3007 556 3347 617 Christianos.
3390 562 3609 618 Anima-

2037 651 2149 689 rum
2194 654 2291 692 nos
2344 642 2519 709 lucra,
2575 646 2765 714 quibus
2814 650 3150 718 acquirendis
3198 668 3317 706 cum
3375 656 3613 724 periculo

2035 729 2189 780 etiam
2222 733 2490 800 sanguinis
2519 735 2801 803 inhiamus,
2834 740 2960 794 etin
2999 742 3115 796 loco
3145 744 3234 797 illo
3262 748 3609 813 quzestuosius

2035 822 2332 887 provenire,
2365 835 2417 878 et
2442 825 2562 880 aliis
2585 827 2712 882 locis
2744 831 2832 883 illo
2848 833 3092 901 exemplo
3121 850 3222 887 non
3248 834 3489 905 impediri
3509 837 3607 891 de-

2030 910 2344 968 slderamus.
2378 916 2471 972 Dei
2504 918 2864 978 misericordia
2893 923 3044 979 nobis
3071 938 3282 996 prmstet
3314 928 3380 983 de
3412 939 3495 983 tua
3523 944 3609 984 sa-

2031 1002 2137 1059 lute
2157 1008 2404 1076 gaudere.

2472 1103 2800 1161 EPISTULA
2828 1108 2964 1165 xcu
3009 1115 3023 1135 ·
3068 1110 3163 1185 (α).

2026 1187 2336 1257 Augustinus
2382 1191 2580 1249 Italicw
2606 1201 2796 1267 vidum,
2827 1204 3090 1257 consolans
3116 1205 3253 1258 illum
3282 1222 3433 1275 super
3470 1207 3603 1259 obitu

2096 1282 2298 1347 mariti,
2333 1301 2391 1336 ac
2432 1289 2663 1358 refellens
2710 1309 2877 1346 eorum
2924 1296 3203 1366 opinionem
3249 1298 3333 1368 qui
3373 1297 3602 1351 dicebant

2098 1371 2254 1427 Deum
2283 1378 2441 1433 videri
2472 1384 2628 1437 oculis
2657 1390 2927 1455 corporeis.

2024 1461 2259 1519 Dominze
2290 1470 2495 1526 eximia:
2524 1484 2576 1527 et
2608 1475 2797 1531 merito
2829 1481 3273 1546 pht‘SlﬂttliSSitttLD
3299 1524 3310 1541 ,
3344 1489 3498 1549 atque
3546 1496 3595 1533 tu

2089 1552 2283 1611 Christi
2331 1561 2586 1619 charitate
2639 1566 2962 1622 honorandar
3022 1572 3137 1623 liliie
3195 1571 3414 1626 [ramos
3485 1570 3591 1643 (b).

2094 1646 2422 1706 AUGUSTINUS
2445 1656 2741 1725 episcopus,
2777 1660 2826 1712 in
2859 1660 3079 1713 Domino
3102 1663 3344 1714 salutem.

2090 1737 2141 1790 'l.
2173 1737 2285 1793 Non
2316 1742 2484 1796 solum
2516 1746 2703 1801 litteris
2734 1750 2852 1813 tuis,
2890 1767 3067 1805 verum
3101 1753 3257 1804 etiam
3305 1753 3417 1820 ipso
3462 1753 3591 1807 refe»

2017 1837 2167 1883 rente
2198 1833 2284 1900 qui
2314 1838 2559 1903 pertulit,
2590 1842 2822 1909 comperi
2855 1843 3074 1895 multum
3120 1853 3169 1897 te
3198 1844 3434 1912 flagitare
3459 1845 3596 1897 litte—

2018 1935 2101 1974 ras
2130 1939 2294 1992 meas,
2326 1928 2630 1984 credentem
2679 1934 2815 2001 quod
2847 1951 2907 1987 ex
2940 1936 3015 1987 eis
3058 1938 3469 1990 cotisolalioncm
3503 1937 3595 1990 ha-

2014 2012 2141 2069 bere
2184 2016 2462 2085 plurimam
2489 2024 2679 2091 possis.
2713 2024 2790 2077 'l‘u
2824 2027 2997 2094 itaque
3025 2028 3220 2080 videris
3254 2028 3375 2097 quid
3402 2030 3592 2083 exinde

2013 2104 2188 2171 capias
2224 2150 2237 2173 ,
2268 2123 2367 2178 ego
2396 2120 2568 2166 tamen
2597 2129 2687 2167 eas
2718 2131 2909 2184 negare
2933 2119 3013 2170 vel
3038 2119 3248 2173 ditl‘erre
3279 2136 3380 2173 non
3412 2120 3589 2173 debui.

2012 2191 2330 2255 Consoletur
2358 2214 2533 2257 autem
2567 2214 2614 2259 te
2641 2204 2770 2261 fides
2804 2219 2855 2262 et
2882 2224 3001 2277 spes
3028 2220 3132 2273 tua,
3157 2221 3207 2265 et
3236 2213 3345 2280 ipsa
3363 2212 3592 2267 charitas

2013 2302 2128 2357 qute
2157 2291 2466 2348 diffunditur
2486 2295 2537 2349 in
2568 2298 2819 2354 cordibus
2839 2304 3043 2369 piorum
3077 2318 3171 2371 per
3192 2302 3445 2373 Spiritum
3473 2320 3595 2357 san-

2012 2389 2152 2433 ctum
2189 2382 2379 2454 (Rom.
2411 2402 2464 2451 v,
2501 2387 2600 2459 5),
2633 2390 2782 2459 cujus
2829 2408 2966 2445 nunc
3004 2394 3197 2461 aliquid
3232 2409 3326 2463 pro
3377 2395 3594 2463 pignore

2010 2472 2331 2542 acrepimus,
2367 2486 2420 2529 ut
2452 2479 2615 2547 ipsam
2644 2482 3025 2548 plenitudinem
3056 2483 3356 2539 desiderare
3384 2486 3594 2540 noveri-

2011 2578 2145 2615 mus.
2178 2565 2292 2619 Non
2327 2569 2467 2623 enim
2497 2579 2546 2625 te
2576 2572 2869 2627 desolatam
2921 2585 3106 2645 putare“
3134 2577 3294 2631 debes
3319 2619 3332 2642 ,
3376 2592 3497 2631 cum
3537 2578 3591 2630 in

2012 2655 2259 2711 interiore
2307 2659 2520 2717 homine
2565 2665 2758 2720 habeas
2814 2678 3129 2736 praesentem
3182 2670 3447 2725 Christum
3500 2690 3594 2740 per

2012 2747 2167 2803 [idem
2212 2751 2261 2803 in
2308 2755 2466 2808 corde
2506 2764 2628 2817 tuo;
2667 2768 2757 2811 aut
2795 2760 2869 2812 sic
2913 2770 2961 2813 te
2997 2761 3300 2816 contristari
3343 2772 3589 2832 oportet,

2011 2847 2455 2913 quemadmodum
2498 2862 2683 2920 gentes
2734 2870 2849 2923 quae
2876 2869 3019 2922 spem
3070 2871 3171 2907 non
3210 2855 3431 2922 habent,
3460 2871 3581 2911 cum

2014 2940 2349 2993 voracissima
2395 2944 2744 3011 promi~sione
2787 2962 3062 3015 speremus
3093 2963 3187 3001 nos
3217 2950 3281 3002 de
3324 2948 3423 3003 hac
3451 2950 3585 3016 vita,

2010 3028 2150 3084 unde
2182 3031 2455 3101 migraturi
2477 3038 2732 3104 quosdam
2777 3048 2985 3093 nostros
3016 3041 3302 3109 migrantes
3323 3057 3425 3095 non
3454 3043 3589 3096 ami-

2010 3119 2195 3188 simus,
2225 3124 2315 3177 sed
2345 3128 2715 3195 prmmisimus,
2747 3130 2808 3182 ad
2833 3146 2947 3183 eam
2971 3132 3128 3185 vitam
3159 3148 3277 3187 esse
3306 3143 3582 3202 venturos,
3640 3120 3643 3123 I

2008 3214 2093 3267 ubi
2123 3215 2275 3268 nobis
2305 3225 2461 3271 erunt
2488 3230 2683 3291 quanto
2714 3222 2967 3287 neliores,
2998 3233 3141 3277 tanto
3169 3228 3347 3296 utique
3374 3226 3599 3283 chario-v

2007 3318 2112 3369 res,
2144 3317 2195 3359 et
2227 3307 2340 3360 sine
2369 3309 2554 3363 timore
2581 3311 2736 3365 ullius
2767 3313 3105 3369 discessionis
3134 3317 3407 3372 amabiles.

2075 3396 2129 3448 2.
2161 3396 2257 3451 llic
2277 3408 2449 3453 autem
2480 3402 2574 3453 etsi
2601 3404 2787 3471 conjux
2814 3412 2953 3471 tuus,
2978 3407 3127 3475 cujus
3156 3408 3404 3463 abscessu
3431 3409 3591 3466 Vidua

2005 3487 2198 3543 diceris
2221 3534 2234 3553 ,
2264 3492 2359 3545 tibi
2407 3494 2713 3548 notissimus
2743 3506 2855 3550 erat
2879 3539 2893 3564 ,
2924 3497 3021 3551 sibi
3046 3508 3229 3554 tamen
3275 3502 3448 3556 notior
3474 3509 3591 3557 erat

2007 3596 2162 3651 quam
2197 3582 2305 3636 tibi.
2342 3585 2405 3637 Et
2436 3586 2573 3638 unde
2598 3582 2721 3653 hoc,
2754 3604 2872 3641 cum
2905 3599 2955 3643 tu
2997 3592 3113 3659 ejus
3146 3593 3473 3662 corporalem
3506 3592 3588 3647 fa-

2006 3674 2139 3728 ciem
2171 3674 2395 3741 vidercs,
2431 3690 2586 3745 quam
2622 3678 2733 3745 ipse
2756 3681 2934 3750 utique
2961 3696 3067 3734 non
3090 3682 3318 3745 videbat,
3347 3683 3444 3736 nisi
3465 3684 3587 3753 quia

2010 3770 2192 3822 notitia
2220 3770 2385 3824 nostri
2412 3774 2605 3825 certior
2635 3773 2774 3826 intus
2793 3782 2893 3842 est,
2916 3774 3000 3829 ubi
3028 3791 3184 3829 nemo
3199 3778 3298 3831 scit
3325 3791 3442 3845 qua:
3464 3785 3589 3832 sunt

2008 3859 2257 3925 homini“,
2284 3864 2383 3916 nisi
2430 3865 2645 3934 spiritus
2679 3866 2907 3921 hominis
2937 3870 3024 3938 qui
3050 3864 3104 3921 in
3136 3870 3251 3938 ipSo
3282 3879 3361 3923 est
3394 3870 3446 3939 (ἰ
3465 3869 3582 3925 Cor.

2006 3968 2076 4017 ιι,
2111 3952 2204 4025 ll)
2246 3974 2255 4005 :
2297 3957 2387 4009 διά
2425 3972 2542 4010 cum
2574 3959 2779 4012 venerit
2813 3960 3099 4023 Dominus,
3134 3972 3183 4015 et
3216 3964 3588 4018 illuminaverit

2006 4044 2314 4099 abscondita
2344 4048 2703 4112 tenebrarum,
2727 4060 2778 4102 ct
2802 4051 3214 4106 manifeslaverit
3238 4055 3583 4122 cogitationes

2007 4136 2183 4190 cordis
2212 4137 2227 4205 (
2252 4138 2354 4203 Id.,
2385 4155 2434 4192 tv
2456 4183 2470 4206 ,
2503 4140 2565 4210 5)
2592 4184 2603 4204 ,
2659 4152 2779 4195 tunc
2816 4144 2942 4195 nihil
2970 4144 3153 4197 latebit
3191 4148 3483 4213 proximum
3528 4147 3584 4202 in

2006 4226 2268 4293 proximo,
2307 4246 2400 4281 nar:
2430 4232 2529 4282 erit
2556 4231 2693 4299 quod
2720 4230 2827 4285 suis
2858 4234 3077 4303 quisque
3099 4234 3321 4303 aperiat,
3354 4237 3583 4291 abscon-

2005 4316 2093 4389 dat
2146 4318 2363 4381 alienis,
2406 4308 2491 4372 ubi
2532 4323 2704 4376 nulius
2733 4323 2831 4375 erit
2875 4323 3093 4378 alienus.
3118 4325 3247 4401 gLux
3280 4342 3407 4380 vero
3446 4328 3579 4396 ipsa,

2005 4426 2103 4478 qua
2156 4409 2595 4466 illuminabnnlur
2640 4415 2753 4469 haec
2795 4417 2968 4469 omnia
2999 4401 3300 4486 quani/modo
3330 4420 3380 4473 in
3410 4421 3585 4474 Cordi-

2000 4501 2100 4554 bus
2140 4503 2528 4569 reconduntur,
2576 4506 2747 4575 qualis
2775 4515 2864 4560 aut
2889 4516 3083 4577 quanta
3133 4510 3220 4574 sit,
3259 4512 3375 4580 quis
3404 4512 3580 4581 lingua

2005 4596 2269 4664 proferat,
2304 4598 2423 4665 quis
2456 4598 2640 4652 saltem
2676 4598 2880 4654 infirma
2911 4612 3086 4657 mente
3110 4604 3421 4674 contingat?
3449 4606 3579 4660 Pro-

2002 4688 2141 4741 fecto
2170 4689 2253 4741 lux
2288 4688 2372 4741 illa
2404 4690 2542 4744 Deus
2572 4692 2684 4759 ipse
2713 4704 2789 4745 est
2811 4735 2824 4756 ,
2854 4696 3103 4763 quoniam
3142 4693 3276 4748 Deus
3304 4698 3392 4749 lux
3409 4707 3503 4759 est,
3535 4707 3576 4750 et

2002 4781 2215 4834 tmcbrw
2236 4783 2286 4834 in
2309 4798 2363 4834 eo
2382 4798 2481 4835 non
2506 4792 2620 4836 sunt
2645 4784 2764 4837 ullw
2791 4782 2833 4856 (Ι
2852 4783 3005 4838 Joan.
3036 4803 3073 4850 ι,
3098 4787 3149 4855 5)
3175 4804 3187 4850 ;
3213 4788 3302 4840 sed
3328 4790 3410 4840 lux
3441 4804 3578 4841 mcu-

2002 4874 2129 4926 tium
2183 4886 2519 4943 purgatarum
2546 4918 2558 4941 ,
2591 4890 2694 4929 non
2740 4875 2960 4930 istorum
3002 4882 3238 4947 corporis
3280 4880 3552 4933 oculorum

1998 4963 2114 5019 Erit
2143 4983 2268 5038 ergo
2304 4978 2428 5023 tunc
2455 4981 2605 5022 mens
2631 4966 2820 5023 idonea
2859 4982 2977 5039 qua:
3002 4966 3144 5024 illam
3175 4971 3343 5025 lucem
3377 4971 3568 5037 videat,

2003 5059 2140 5130 quod
2169 5076 2306 5114 nunc
2334 5060 2563 5114 nondum
2592 5076 2691 5117 est.

2071 5150 2123 5205 3.
2166 5153 2275 5205 lloe
2318 5168 2489 5206 autem
2520 5155 2703 5209 Ot'ltltlS
2734 5154 2913 5211 videre
2954 5160 3191 5226 Corporis
3232 5164 3398 5223 neque
3434 5169 3575 5210 nunc

2058 5302 2077 5335 ί
2113 5300 2674 5365 Βφοθιιευὶωιιείιιειιωᾱ
2697 5300 2855 5365 a._bg.
2881 5299 2947 5349 bl.
2978 5300 3061 5351 bn.
3086 5315 3130 5353 ο.
3150 5301 3316 5352 oc.cb.
3339 5300 3392 5351 ιι.
3417 5316 3467 5364 g.
3492 5317 3579 5365 δε.

1993 5364 2133 5429 gv._j.
2156 5362 2188 5413 Ι.
2217 5380 2266 5414 n.
2291 5379 2331 5414 s.
2361 5371 2394 5413 t.
2422 5364 2500 5415 vd.
2520 5363 2643 5414 duos
2664 5375 2707 5411 a.
2733 5362 2855 5413 ducs
2878 5375 2951 5412 vc.
2978 5365 3193 5427 quinque
3220 5379 3264 5413 ν.
3312 5373 3362 5413 et
3395 5362 3453 5413 ad
3480 5362 3579 5415 Ain.

1990 5427 2364 5604 :lldlzgtllagvb:
2391 5501 2502 5552 quae
2524 5496 2689 5538 autem
2710 5486 2773 5538 92
2795 5494 2918 5546 erat,
2943 5500 3071 5537 nunc
3106 5487 3210 5537 176.
3246 5490 3424 5552 smptu
3464 5493 3579 5543 circ.

2056 5614 2125 5676 (b)
2161 5615 2274 5681 Ituic
2299 5615 2406 5681 ipsi,
2426 5613 2709 5681 invidetur,
2732 5606 2904 5660 halica:
2927 5613 3102 5673 scripta
3128 5619 3201 5662 est
3225 5618 3420 5665 Joannis
3439 5616 3582 5681 Chry-

1990 5679 2187 5726 sostomi
2203 5676 2403 5739 cpistola
2422 5677 2528 5735 170,
2545 5688 2642 5739 qua
2659 5677 2700 5723 is
2712 5683 2961 5739 [immitem
2978 5683 3332 5738 prazpotentem
3352 5676 3580 5731 teminaiu

1992 5734 2297 5805 adhortatur,
2320 5749 2371 5805 ut
2396 5754 2480 5801 pro
2503 5734 2592 5805 sua
2614 5734 2860 5805 laeultate,
2884 5734 3201 5805 per'se,'seu_
3210 5754 3299 5805 per
3331 5742 3578 5805 alios‘dili-

1991 5802 2206 5864 gentiam
2227 5800 2454 5851 adhibeat
2475 5803 2533 5851 ad
2557 5800 2819 5851 sedandam
2834 5808 3175 5862 tempestatem
3191 5800 3241 5854 ill
3251 5800 3481 5855 orientali
3500 5812 3580 5857 lic-

1988 5863 2140 5915 olesta
2164 5867 2436 5917 excitatam.
