4090 6356
487 516 678 579 potest,
710 517 884 575 neque
920 509 1045 558 tunc
1069 498 1279 572 poterit.
1308 495 1478 552 Omne
1503 491 1697 563 quippe
1721 487 1864 560 quod
1891 486 2059 543 oculis

484 598 725 669 corporis
765 595 998 666 conspici
1042 599 1234 664 potest,
1278 589 1331 643 in
1373 587 1492 641 loco
1537 583 1715 652 aliquo
1743 581 1812 635 sit
1841 592 2061 636 necesse

482 697 585 758 est,
615 704 716 746 nec
733 688 930 758 ubique
947 687 1017 743 sit
1038 694 1224 747 totum,
1253 679 1346 737 sed
1375 679 1581 734 minore
1603 676 1683 731 sui
1709 684 1859 746 parte
1885 673 2064 727 mino-

487 797 601 839 rem
634 795 806 842 .ocum
835 787 1077 849 occupet,
1109 785 1160 831 et
1186 774 1385 844 majore
1414 770 1689 840 majorem.
1729 767 1844 822 Non
1887 767 1957 820 ita
1981 773 2066 821 est

489 873 626 928 Deus
663 870 938 926 invisibilis
970 877 1024 924 et
1061 863 1490 934 incorruptibilis,
1518 861 1600 931 qui
1625 857 1762 914 solus
1797 856 1944 911 habet
1969 857 2063 910 int-

487 965 861 1026 mortalitatem,
905 969 952 1016 et
1001 960 1162 1014 lucem
1204 956 1394 1010 habitat
1445 951 1870 1014 inaccessibilcm;
1918 965 2067 1020 quem

484 1072 628 1110 nemo
642 1055 899 1108 hominum
919 1051 1039 1104 vidit
1062 1065 1151 1104 nec
1171 1048 1336 1102 videre
1356 1054 1510 1117 potest
1529 1043 1571 1114 (Ι
1588 1043 1722 1096 Tim.
1743 1057 1817 1107 vi,
1835 1040 1943 1111 i6).
1964 1040 2067 1094 Per

487 1146 588 1203 hoc
614 1145 755 1201 enim
787 1142 955 1197 videri
986 1141 1052 1196 ab
1080 1139 1294 1194 homine
1324 1153 1428 1192 non
1466 1144 1657 1206 potest,
1693 1147 1785 1203 per
1815 1130 1954 1201 quod
1981 1129 2065 1184 vi-

488 1238 580 1294 det
607 1237 766 1290 homo
811 1248 1032 1304 corpore
1077 1228 1478 1300 corpora.—Nam
1507 1234 1561 1280 et
1585 1225 1631 1281 si
1661 1223 1928 1279 mentibus
1951 1221 2069 1292 pio-

461 1344 603 1384 ‘rum
637 1334 778 1382 esset
820 1323 1223 1388 inaccessibilis,
1267 1336 1368 1376 non
1409 1318 1693 1380 diceretur,
1736 1313 1966 1368 Accedite
2001 1311 2071 1366 ad

488 1436 622 1485 eum,
645 1428 688 1472 et
709 1417 1064 1472 illuminamini
1089 1412 1262 1484 (Psal.
1306 1428 1501 1475 χχχιιι,
1531 1411 1617 1479 6);
1646 1417 1701 1463 et
1730 1407 1772 1461 si
1805 1406 2071 1462 mentibus

490 1510 695 1580 piorum
726 1516 867 1563 esset
891 1507 1185 1568 invisibilis,
1216 1519 1317 1558 non
1335 1502 1620 1563 diceretur,
1652 1497 1938 1552 Videbimus
1957 1511 2070 1550 eum

488 1601 633 1655 sicuti
655 1612 742 1654 est.
770 1598 902 1654 Nam
922 1597 1162 1670 perspice
1185 1604 1345 1649 totam
1374 1595 1542 1663 ipsam
1569 1592 1618 1645 in
1648 1587 1883 1658 Epistola
1905 1585 2072 1641 Joan-

492 1695 574 1750 nis
605 1692 921 1748 sententiam
946 1709 958 1744 :
987 1689 1334 1753 Dilectissimi,
1365 1683 1555 1754 inquit,
1584 1683 1676 1750 ﬁlii
1697 1680 1793 1734 Dei
1816 1696 2008 1745 smnus,
2025 1687 2072 1732 et

491 1785 716 1840 nondum
749 1783 987 1853 apparuit
1014 1779 1134 1850 quid
1160 1779 1362 1832 erimus.
1391 1774 1597 1831 Scimus
1624 1773 1740 1844 quia
1768 1788 1879 1824 cum
1908 1785 2074 1840 appa-

491 1881 645 1935 ruerit
685 1878 873 1933 similcs
903 1877 946 1929 ei
975 1876 1181 1934 erimus,
1211 1871 1449 1942 quoniam
1485 1867 1758 1922 videbimus
1789 1880 1902 1917 cum
1927 1861 2075 1917 sicuti

489 1982 570 2028 cst
584 1969 800 2034 (ann.
826 1983 902 2033 ιιι,
929 1965 1007 2036 2).
1034 1965 1089 2019 ln
1118 1972 1319 2017 tantum
1340 1975 1465 2030 ergo
1483 1957 1798 2018 videbimus,
1827 1954 1877 2007 in
1903 1968 2075 2023 quan-

494 2073 604 2118 tum
635 2060 835 2115 similes
861 2059 909 2114 ei
937 2057 1166 2123 erimus;
1197 2055 1318 2125 quia
1358 2060 1414 2108 et
1454 2065 1594 2107 nunc
1633 2050 1683 2104 in
1727 2056 1932 2102 tantum
1970 2060 2077 2100 non

492 2155 750 2216 videmus,
791 2153 841 2207 in
883 2161 1137 2223 quantum
1189 2147 1474 2204 dissimiles
1502 2159 1704 2200 sumus.
1751 2141 1878 2196 Inde
1922 2140 2080 2212 igitur

493 2248 808 2308 videbimus,
844 2245 981 2299 unde
1005 2242 1206 2298 similes
1235 2244 1453 2296 erimus.
1490 2239 1619 2307 Quis
1653 2246 1828 2290 autem
1855 2235 2077 2290 demen-

496 2340 736 2395 tissimus
763 2337 971 2399 dixerit,
1006 2348 1229 2404 corpore
1255 2347 1352 2387 nos
1379 2329 1461 2386 vel
1477 2345 1617 2394 esse,
1640 2328 1722 2382 vel
1741 2327 1944 2381 futuros
1959 2339 2080 2381 esse

496 2432 696 2486 similes
719 2429 865 2484 Deo?
893 2428 948 2482 ln
972 2427 1222 2482 interiore
1244 2423 1402 2495 igitur
1424 2421 1636 2476 homine
1658 2420 1756 2474 ista
1783 2415 2079 2472 similitudo

497 2532 607 2586 est;
633 2521 720 2592 qui
747 2527 1014 2573 renovatur
1037 2517 1087 2570 in
1110 2515 1417 2588 agnitionem
1449 2511 1560 2576 Dei,
1591 2509 1865 2564 secundum
1893 2507 2080 2578 imagi-

498 2629 614 2668 nem
634 2613 743 2682 ejus
770 2611 855 2679 qui
883 2609 1067 2663 creavit
1088 2608 1231 2662 illum
1263 2603 1405 2674 (Col.
1427 2618 1504 2666 ιιι,
1539 2601 1650 2672 10).
1681 2601 1744 2654 Ει
1778 2608 1925 2653 tanto
1962 2596 2082 2652 efﬁ-

498 2706 667 2759 cimur
691 2702 974 2758 similiores
1003 2700 1100 2766 illi,
1125 2706 1322 2769 quanto
1350 2694 1515 2764 magis
1547 2693 1598 2746 in
1625 2691 1740 2760 ejus
1781 2688 2083 2760 cognitione

500 2806 554 2852 et
580 2794 838 2850 charitate
861 2791 1192 2862 proﬁcimus;
1223 2787 1345 2858 quia
1375 2785 1467 2839 etsi
1492 2784 1708 2837 exterior
1733 2781 1884 2834 homo
1917 2787 2087 2833 noster

500 2886 868 2955 corrumpitur,
915 2882 1002 2937 sed
1050 2880 1256 2935 interior
1303 2886 1568 2932 renovatur
1613 2874 1675 2929 de
1720 2873 1801 2927 die
1851 2873 1904 2926 in
1953 2871 2087 2925 diem

502 2977 570 3050 (ll
605 2975 721 3034 Cor.
750 2992 823 3042 ιν,
855 2973 942 3046 16)
966 2993 978 3028 :
1009 2974 1080 3028 ita
1107 2987 1234 3027 sane
1262 2979 1320 3024 ut
1352 2970 1404 3023 in
1441 2968 1539 3023 hac
1563 2967 1672 3022 vita
1700 2975 2086 3036 quantuscum-

504 3087 607 3143 que
626 3079 905 3141 provectus
931 3069 1020 3135 sit,
1047 3068 1202 3138 longe
1223 3065 1363 3120 absit
1385 3063 1452 3118 ab
1473 3063 1561 3117 illa
1589 3060 1912 3131 perfectione
1937 3058 2085 3112 simi-

505 3164 760 3227 litndinis,
791 3178 909 3234 qua:
959 3160 1147 3216 idonea
1191 3159 1293 3213 erit
1317 3155 1382 3210 ad
1413 3154 1700 3210 videndum
1731 3153 1920 3218 Deum,
1951 3150 2089 3206 sicut

501 3258 630 3312 dicit
657 3257 962 3329 Apostolus,
1010 3254 1140 3327 facie
1178 3252 1245 3306 ad
1275 3253 1453 3324 faciem
1501 3250 1557 3322 (Ι
1588 3247 1706 3305 Cor.
1738 3263 1854 3314 xm,
1883 3245 1994 3317 12).
2031 3245 2086 3300 In

502 3349 696 3420 quibus
726 3347 901 3402 verbis
927 3355 1073 3401 certe
1107 3344 1150 3398 si
1185 3343 1514 3412 corporalem
1547 3340 1732 3395 faciem
1763 3339 2089 3393 voluerimus

506 3441 768 3511 accipere,
799 3451 1131 3507 consequens
1155 3437 1257 3491 erit
1281 3434 1514 3488 utetiam
1545 3432 1686 3487 Deus
1715 3431 1871 3485 talem
1903 3430 2092 3484 habeat

505 3530 715 3597 faciem,
745 3538 801 3584 et
836 3529 906 3584 sit
945 3525 1158 3597 aliquod
1201 3524 1538 3580 intervallum
1581 3521 1722 3577 inter
1759 3529 1996 3576 nostram
2036 3528 2090 3574 et

505 3625 690 3697 ipsius,
721 3638 842 3679 cum
868 3636 989 3677 eum
1016 3618 1311 3675 videbimus
1339 3616 1470 3671 facie
1496 3615 1564 3670 ad
1592 3613 1799 3670 faciem.
1839 3613 1904 3667 Et
1940 3611 1986 3666 si
2009 3612 2094 3667 in-

504 3717 808 3782 tervallum,
831 3711 1173 3786 utique-ﬁnis,
1197 3718 1252 3766 et
1274 3709 1636 3765 membrorum
1665 3706 1873 3761 habitus
1901 3704 2089 3761 termi-

504 3824 680 3881 natus,
708 3821 761 3867 et
788 3821 979 3866 caetera
1020 3805 1246 3862 absurda
1275 3804 1524 3872 dictuque
1557 3810 1611 3857 et
1636 3802 1866 3872 cogitatu
1906 3798 2089 3869 impia,

505 3906 696 3978 quibus
723 3901 965 3959 animalis
993 3900 1174 3965 homo,
1206 3913 1310 3953 non
1338 3895 1636 3966 percipiens
1656 3908 1774 3964 quae
1795 3899 1918 3946 sunt
1935 3891 2094 3961 spiri-

507 4008 595 4056 tus
637 3998 732 4053 Dei
775 3994 931 4068 (Id.,
972 4011 1040 4062 ιι,
1074 3992 1202 4066 id),
1245 3988 1595 4046 fallacissimis
1637 3986 1955 4043 vanitatibus
2008 3985 2092 4038 lu-

507 4091 668 4148 ditur.

579 4184 632 4239 4.
677 4181 866 4237 Dicunt
907 4178 1050 4235 enim
1099 4175 1310 4249 quidam
1340 4189 1523 4230 eorum
1548 4172 1636 4243 qui
1680 4171 1804 4226 talia
1831 4170 2091 4242 garriunt,

507 4276 644 4332 sicut
668 4274 734 4329 ad
763 4289 850 4328 me
878 4272 1048 4343 potuit
1087 4269 1383 4341 pervenire,
1407 4283 1504 4323 nos
1530 4267 1696 4321 Deum
1724 4265 1912 4320 videre
1953 4279 2096 4320 nunc

509 4377 707 4433 mente,
739 4375 866 4420 tunc
903 4379 1158 4432 corpore;
1192 4362 1260 4416 ita
1304 4370 1364 4415 ut
1406 4361 1563 4414 etiam
1595 4358 1784 4429 impios
1821 4373 1941 4412 cum
1983 4356 2096 4427 pari

511 4459 668 4515 modo
693 4465 997 4513 asscverent
1025 4469 1144 4508 esse
1168 4453 1394 4506 visuros.
1427 4449 1557 4505 Vide
1585 4457 1841 4520 quantum
1871 4450 1924 4503 in
1946 4449 2098 4518 pejus

513 4548 850 4620 profecerim,
893 4545 1017 4600 dum
1045 4544 1160 4598 sine
1188 4542 1353 4596 limite
1392 4539 1596 4595 timoris
1621 4539 1702 4594 vel
1730 4537 1963 4608 pudoris,
1998 4537 2098 4593 hac

513 4653 668 4710 atque
686 4639 804 4692 illac
823 4635 1124 4706 vagabunda
1147 4633 1313 4688 fertur
1330 4631 1584 4702 impunita
1607 4630 1914 4700 loquacitas.
1927 4628 2098 4684 Antea

514 4733 778 4798 dicebant,
806 4729 951 4784 carni
978 4743 1086 4784 sum
1109 4735 1309 4782 tantum
1343 4725 1444 4780 hoc
1470 4723 1780 4796 prmstitissc
1803 4720 2096 4788 Christum,

516 4835 572 4879 ut
609 4823 879 4894 corporeis
905 4820 1070 4876 oculis
1098 4818 1297 4872 videret
1329 4818 1525 4881 Deum;
1567 4813 1758 4870 deinde
1785 4812 2102 4868 addiderunt

515 4917 695 4982 etiam,
723 4928 910 4969 omnes
948 4920 1181 4977 sanctos,
1209 4909 1435 4980 receptis
1471 4908 1524 4963 in
1553 4906 1945 4962 resurrectione
1983 4920 2103 4960 cor-

517 5008 754 5080 poribus,
795 5004 985 5062 eodem
1021 5001 1180 5058 modo
1224 5001 1388 5056 Deum
1414 5014 1533 5056 esse
1556 4999 1796 5063 visuros;
1828 5012 1967 5052 nunc
1989 4995 2100 5067 jam

518 5100 671 5157 istam
700 5097 1101 5170 possibilitatem
1129 5094 1289 5149 etiam
1316 5092 1494 5163 impiis
1517 5090 1869 5146 donaverunt.
1893 5089 2102 5144 Donent

517 5209 647 5251 sane
672 5198 927 5263 quantum
957 5187 1162 5254 volunt,
1190 5192 1245 5239 et
1269 5184 1460 5255 quibus
1486 5181 1696 5248 volunt;
1719 5195 1840 5236 nam
1858 5179 1976 5250 quis
2002 5193 2103 5233 au-

519 5287 646 5343 deat
660 5283 1020 5342 contradicere
1060 5278 1364 5334 hominibus
1404 5276 1471 5333 de
1495 5291 1592 5332 suo
1619 5273 1977 5331 donantibus?
2004 5271 2104 5338 Qui

524 5379 667 5435 enim
695 5377 915 5446 loquitur
947 5371 1289 5434 mendacium,
1318 5369 1379 5424 de
1400 5385 1492 5422 suo
1533 5365 1751 5439 loquitur
1779 5364 1956 5438 (Joan.
1985 5379 2100 5430 vm,

519 5473 634 5544 μ).
665 5470 743 5526 Tu
767 5478 944 5524 autem
968 5481 1089 5521 cum
1116 5463 1199 5519 his
1233 5463 1321 5533 qui
1364 5476 1547 5516 sanam
1573 5459 1868 5515 doctrinam
1899 5465 2100 5524 tenent,

525 5563 656 5620 nihil
682 5562 901 5617 istorum
926 5557 1122 5613 audeas
1150 5567 1406 5624 usurpare
1431 5551 1498 5608 de
1519 5559 1644 5605 tuo:
1676 5548 1768 5604 sed
1795 5563 1913 5602 cum
1946 5545 2100 5618 legis,

523 5653 670 5714 Beati
695 5652 881 5707 mundo
900 5650 1067 5714 corde,
1089 5646 1323 5718 quoniam
1341 5645 1440 5717 ipsi
1457 5643 1619 5698 Deum
1633 5640 1865 5696 videbunt
1888 5639 2099 5713 (Matth.

523 5763 584 5815 ν,
611 5745 690 5818 8),
717 5743 948 5814 intellige
983 5741 1172 5810 impios
1197 5752 1301 5793 non
1326 5738 1565 5801 visuros;
1597 5748 1766 5804 neque
1792 5733 1931 5788 enim
1963 5732 2102 5787 beati

527 5849 584 5900 et
609 5837 794 5897 mundi
820 5835 983 5894 corde
1013 5843 1137 5892 sunt.
1165 5832 1331 5903 impii.
1361 5831 1490 5888 Item
1523 5844 1644 5885 cum
1669 5828 1820 5898 legis,
1870 5826 2104 5883 Videmus

1717 373 1774 430 S.
1815 369 2176 430 AUGUSTINI
2215 370 2512 430 EPISCOPI

3647 379 3753 437 510

2169 504 2299 542 nunc
2321 505 2409 560 per
2436 489 2694 558 speculum
2713 491 2764 544 in
2786 490 3068 562 (enigmata,
3097 499 3216 546 tunc
3236 500 3401 548 autem
3421 494 3552 564 facie
3579 494 3650 550 ad
3669 497 3751 566 fa-

2168 581 2292 634 cient
2323 580 2365 652 (l
2394 580 2509 636 Cor.
2542 597 2660 649 xm,
2698 582 2820 652 12);
2855 583 3090 654 intellige
3119 585 3240 640 inde
3267 602 3364 642 nos
3391 596 3518 642 tunc
3542 589 3752 646 visuros

2169 670 2301 727 facie
2325 672 2389 727 ad
2417 673 2623 738 faciem,
2657 674 2795 729 unde
2825 674 3069 729 videmus
3099 691 3241 731 nunc
3267 693 3361 747 per
3398 679 3666 749 speculum
3697 681 3752 737 in

2169 767 2468 836 aenigmate.
2509 766 2619 820 Hoc
2666 774 2842 820 autem
2887 777 3168 838 utrumque
3213 769 3478 826 interioris
3525 771 3756 828 hominis

2174 870 2365 910 munus
2391 863 2491 919 est,
2515 857 2626 911 sive
2647 872 2766 911 cum
2795 858 2848 911 in
2876 858 2974 913 ista
3005 861 3431 930 peregrinatione
3459 864 3633 920 adhuc
3661 881 3756 935 per

2172 947 2330 1002 ﬁdem
2357 947 2673 1012 ambulatur,
2707 949 2757 1002 in
2779 965 2884 1020 qua
2912 950 3078 1005 utitur
3115 953 3329 1022 speculo
3362 963 3416 1009 et
3451 955 3750 1024 aztiigtnate,

2173 1041 2284 1098 sive
2310 1041 2360 1094 in
2394 1041 2477 1094 illa
2520 1041 2686 1110 patria
2730 1057 2848 1097 cum
2883 1058 2977 1112 per
3016 1045 3247 1113 Speciem
3279 1048 3754 1118 contemplabitur:

2173 1147 2270 1202 pro
2299 1149 2398 1203 qua
2427 1133 2629 1188 visione
2659 1134 2884 1202 positum
2908 1144 3008 1198 cst,
3032 1137 3162 1208 facie
3184 1137 3252 1190 ad
3275 1139 3473 1208 faciem.

2245 1225 2298 1278 ὅ.
2341 1225 2531 1278 Audiat
2547 1240 2673 1280 caro
2688 1227 2990 1280 carnalibus
3011 1222 3155 1281 ebria
3175 1229 3611 1298 Cogitationibns:
3637 1229 3760 1300 Spi-

2174 1317 2301 1372 ritus
2333 1328 2403 1372 est
2432 1317 2586 1386 Deus,
2614 1330 2662 1374 et
2689 1320 2800 1373 ideo
2826 1321 2911 1388 qui
2947 1320 3161 1374 adorant
3200 1320 3378 1389 Deum,
3413 1323 3465 1376 in
3495 1324 3675 1394 spiritu
3714 1332 3761 1380 et

2175 1411 2380 1464 veritate
2430 1421 2624 1479 Oportet
2666 1411 2881 1465 adorare
2929 1412 3107 1481 (Joan.
3158 1428 3233 1476 tv,
3266 1413 3384 1482 24).
3415 1413 3471 1469 Si
3516 1414 3758 1479 adorare,

2176 1511 2372 1573 quanto
2400 1504 2566 1574 magis
2595 1504 2808 1558 videre?
2834 1504 2963 1571 Quis
2989 1507 3128 1561 enim
3156 1505 3350 1560 audeat
3381 1507 3647 1561 afﬁrmare
3671 1508 3762 1563 Dei

2178 1595 2523 1650 substantiam
2541 1598 2887 1666 corporaliter
2905 1597 3088 1661 videri,
3115 1615 3232 1652 cum
3256 1614 3370 1652 eam
3397 1599 3624 1652 noluerit
3647 1614 3766 1652 cor-

2180 1689 2433 1758 poraliter
2459 1689 2704 1744 adorari?
2730 1688 2834 1744 Sed
2861 1698 3044 1760 argute
3081 1691 3179 1744 sibi
3211 1689 3458 1744 videntur
3485 1690 3683 1755 dicere,
3712 1696 3768 1744 et

2180 1778 2327 1848 quasi
2347 1779 2720 1850 interrogando
2744 1796 2984 1849 premere
3004 1799 3016 1835 :
3041 1782 3213 1836 Potuit
3229 1781 3470 1836 Christus
3493 1784 3635 1836 carni
3655 1797 3766 1837 sua:

2181 1881 2433 1941 prmstare
2479 1880 2536 1926 ut
2567 1873 2733 1926 oculis
2758 1875 3028 1942 corporeis
3066 1873 3273 1928 videret
3303 1874 3534 1939 Patrem,
3563 1890 3628 1926 an
3660 1889 3766 1928 non

2182 1964 2386 2034 potuit?
2410 1973 2469 2018 ut
2495 1965 2538 2018 si
2569 1981 2673 2020 non
2707 1967 2939 2034 potuisse
2967 1966 3418 2036 responderimus.
3443 1968 3769 2035 omnipoten-

2183 2056 2270 2111 tia':
2296 2057 2390 2112 Dei
2429 2073 2527 2112 nos
2551 2057 2836 2129 derogasse
2867 2058 3221 2128 proclament;
3251 2059 3294 2112 si
3325 2067 3502 2113 autem
3532 2058 3770 2128 potuisse

2183 2151 2620 2216 concesserimus,
2661 2152 3170 2222 argumentationem
3197 2167 3345 2206 suam
3376 2168 3438 2205 ex
3470 2161 3647 2205 nostra
3680 2166 3770 2205 re-

2184 2248 2471 2313 sponsione
2497 2245 2832 2299 concludant.
2863 2244 3070 2312 Qnanto
3109 2244 3220 2313 jam
3257 2243 3586 2298 tolerabilius
3624 2242 3770 2297 ἀρεῖς

2186 2333 2356 2404 piunt,
2381 2335 2467 2404 qui
2497 2351 2710 2391 carnem
2737 2346 2982 2391 asserunt
3009 2351 3324 2391 conversum
3353 2337 3413 2390 iri
3439 2335 3491 2390 in
3519 2336 3771 2390 substan-

2187 2426 2313 2481 tiam
2343 2427 2455 2494 Dei,
2484 2436 2539 2482 ct
2567 2427 2667 2482 hoc
2695 2428 2918 2482 futuram
2951 2443 3068 2483 esse
3108 2427 3248 2497 quod
3284 2429 3421 2482 Deus
3457 2437 3558 2491 est,
3600 2437 3657 2480 ut
3695 2427 3774 2482 sic

2187 2532 2302 2573 eam
2325 2519 2510 2573 saltem
2535 2518 2762 2574 videndo
2786 2520 2893 2574 Deo
2923 2519 3115 2574 faciant
3148 2518 3415 2585 idoneam,
3448 2535 3587 2572 nunc
3625 2526 3769 2574 tanta

2188 2608 2494 2664 diversitate
2532 2608 2864 2666 dissimilem.
2911 2609 3080 2677 Quam
3120 2610 3408 2664 vanitatem
3454 2610 3614 2664 credo
3644 2613 3774 2666 istos

2189 2701 2400 2770 abigere
2427 2715 2457 2754 a
2488 2699 2591 2754 ﬁde
2620 2716 2736 2768 sua,
2769 2701 2988 2756 fortasse
3028 2710 3081 2756 et
3109 2701 3174 2756 ab
3212 2702 3447 2756 auribus.
3488 2701 3555 2756 Et
3596 2710 3773 2757 tamen

2189 2792 2234 2847 si
2261 2793 2671 2862 interrogatione
2695 2792 2762 2848 de
2792 2792 2893 2848 hoc
2914 2793 3158 2848 similiter
3188 2799 3494 2863 urgeantur,
3538 2793 3776 2863 possitne

2191 2884 2332 2938 Deus
2360 2885 2480 2951 hoc,
2506 2899 2572 2938 an
2601 2899 2703 2939 non
2729 2885 2943 2940 eﬂicere
2969 2884 3162 2954 possit;
3197 2895 3370 2938 utrum
3393 2884 3508 2955 ejus
3527 2885 3777 2954 potestati

2191 2975 2490 3041 detrahent,
2519 2977 2563 3031 si
2584 2992 2687 3031 non
2714 2993 2869 3046 posse
2895 2977 3286 3047 responderint,
3317 2992 3383 3037 an
3415 2978 3514 3032 hoc
3543 2977 3777 3034 futurum

2192 3067 2515 3134 fatebuntur,
2546 3070 2589 3124 si
2617 3083 2771 3138 posse
2795 3069 3190 3124 concesserint?
3214 3068 3492 3135 Quomodo
3522 3084 3649 3140 ergo
3665 3070 3780 3125 exi-

2194 3168 2313 3216 rent
2337 3159 2404 3215 de
2432 3160 2533 3216 hoc
2564 3161 2752 3230 laqueo
2779 3161 2973 3228 alieno,
3007 3161 3083 3216 sic
3107 3170 3304 3216 exeant
3331 3161 3396 3216 de
3418 3175 3533 3215 suo.
3577 3161 3781 3218 Deinde

2193 3269 2290 3309 cur
2315 3255 2442 3309 solis
2480 3256 2646 3310 oculis
2673 3257 2942 3325 corporeis
2983 3257 3176 3311 Christi
3205 3257 3308 3312 hoc
3331 3257 3528 3310 donum
3557 3255 3782 3310 attrihuo

2197 3355 2303 3400 tum
2324 3361 2441 3401 esse
2469 3347 2812 3410 contendunt,
2835 3364 2938 3403 non
2965 3349 3122 3402 etiam
3149 3349 3355 3404 casteris
3381 3348 3657 3402 sensibus?
3674 3346 3778 3403 So-

2197 3453 2295 3493 nus
2327 3453 2456 3509 ergo
2481 3439 2585 3493 erit
2624 3439 2779 3504 Deus,
2814 3448 2872 3492 ut
2909 3441 3076 3510 possit
3103 3440 3263 3494 etiam
3293 3439 3509 3493 auribus
3540 3437 3781 3509 percipi?

2195 3539 2250 3584 et
2270 3529 2462 3584 halitus
2486 3529 2607 3595 erit,
2638 3538 2696 3584 ut
2721 3530 2904 3584 sentiri
2935 3529 3102 3599 possit
3127 3529 3358 3584 olfactu?
3396 3539 3449 3584 et
3476 3529 3653 3600 liquor
3675 3529 3781 3584 ali-

2195 3622 2314 3692 quis
2343 3623 2465 3685 erit,
2494 3632 2549 3676 ut
2580 3621 2746 3691 possit
2771 3633 2826 3677 et
2857 3621 3003 3677 bibi?
3030 3630 3085 3676 et
3110 3621 3277 3677 moles
3295 3622 3418 3689 erit,
3447 3630 3504 3676 ut
3533 3621 3700 3692 possit
3729 3630 3784 3677 et

2199 3715 2374 3786 tangi?
2398 3713 2535 3782 Non,
2560 3715 2822 3785 inquiunt.
2842 3714 2981 3783 Quid
3005 3714 3166 3786 ergo?
3186 3730 3252 3769 an
3270 3714 3393 3770 illud
3419 3723 3592 3784 potest
3615 3715 3780 3781 Deus,

2197 3807 2377 3863 ethoc
2407 3823 2511 3862 non
2537 3808 2743 3878 potest?
2784 3807 2838 3863 Si
2883 3823 2988 3862 non
3033 3822 3189 3878 posse
3215 3806 3466 3872 dixerint,
3495 3822 3589 3860 cur
3624 3805 3784 3860 dero-

2197 3908 2324 3971 gant
2350 3900 2744 3969 omnipotentiae
2777 3899 2906 3954 Dei?
2944 3900 2988 3953 si
3032 3913 3191 3969 posse
3220 3908 3272 3953 et
3316 3899 3457 3954 nolle
3488 3896 3786 3970 responde-

2198 3993 2324 4061 rint,
2353 4008 2448 4047 cur
2476 3994 2602 4047 solis
2642 3992 2811 4048 oculis
2848 3991 3044 4055 favent,
3097 3992 3331 4046 invident
3365 4001 3543 4046 autem
3575 3992 3786 4045 caeteris

2199 4087 2442 4142 sensibus
2461 4086 2702 4156 corporis
2727 4082 2956 4139 Christi?
2984 4085 3064 4137 An
3096 4099 3372 4154 quousque
3408 4084 3611 4148 volunt,
3642 4081 3788 4137 desio

2201 4179 2385 4249 piunt?
2413 4180 2622 4246 Quanto
2662 4192 2758 4232 nos
2787 4177 2992 4240 melius,
3035 4176 3124 4246 qui
3157 4190 3259 4230 non
3300 4190 3488 4230 eorum
3532 4173 3788 4244 insipien-

2203 4273 2288 4328 tia:
2320 4272 2574 4327 terminos
2605 4271 2832 4340 figimus,
2865 4267 2959 4323 sed
3001 4277 3059 4322 ut
3098 4267 3360 4338 desipiant
3407 4281 3643 4338 prorsus,
3687 4281 3788 4321 no-

2202 4366 2376 4422 lumus
2393 4366 2405 4419 !

2274 4455 2328 4512 6.
2368 4455 2527 4510 Multa
2551 4453 2774 4524 proferri
2799 4460 3020 4524 possunt
3039 4451 3106 4507 ad
3124 4453 3279 4507 istaut
3299 4451 3622 4507 dementiam
3647 4449 3792 4508 refu-

2204 4547 2438 4603 tandam.
2469 4546 2575 4602 Sed
2602 4547 2646 4601 si
2672 4545 2956 4617 aliquando
2987 4545 3241 4601 irruerint
3265 4544 3484 4600 auribus
3513 4546 3637 4612 tuis,
3675 4545 3794 4602 hinc

2204 4638 2416 4696 interim
2437 4639 2516 4693 eis
2537 4639 2672 4709 lege,
2703 4647 2758 4693 et
2782 4637 2906 4708 quid
2927 4636 3283 4707 respondeant
3309 4652 3415 4692 non
3438 4637 3612 4708 pigeat
3631 4645 3684 4693 te
3705 4652 3795 4693 re-

2205 4731 2438 4788 scribere
2466 4741 2521 4785 ut
2544 4740 2716 4800 potes.
2747 4729 2826 4784 Ad
2854 4729 2954 4784 hoc
2973 4730 3112 4784 enim
3135 4728 3238 4784 ﬁde
3256 4729 3419 4784 corda
3435 4739 3616 4785 nostra
3633 4744 3794 4784 mun-

2207 4823 2416 4888 dantur,
2445 4823 2566 4892 quia
2595 4822 2743 4876 nobis
2773 4820 2893 4876 ﬁdei
2924 4835 3129 4876 merces
3155 4819 3289 4876 visio
3315 4821 3409 4876 Dei
3438 4821 3788 4891 promittitur.

2206 4915 2336 4982 Quae
2365 4913 2410 4968 si
2433 4928 2527 4983 per
2550 4912 2788 4982 corporis
2813 4911 2996 4966 oculos
3022 4913 3145 4978 erit,
3179 4909 3371 4967 frustra
3413 4912 3481 4966 ad
3520 4927 3639 4967 eam
3665 4928 3794 4982 pcr-

2207 5006 2505 5078 cipiendam
2525 5015 2828 5060 sanctorum
2849 5004 3057 5060 animus
3075 5013 3354 5061 exercetur
3373 5023 3386 5059 :
3410 5005 3516 5060 imo
3534 5021 3660 5061 vero
3682 5014 3792 5062 tam

2210 5113 2458 5170 perverse
2484 5097 2718 5152 sentiens
2743 5097 2952 5151 animus
2974 5111 3080 5152 non
3102 5097 3153 5150 in
3181 5113 3241 5152 se
3265 5107 3562 5163 exercetur,
3591 5097 3686 5153 sed
3713 5107 3796 5152 to-

2211 5200 2296 5246 tus
2322 5191 2374 5244 in
2395 5204 2554 5244 carne
2580 5195 2680 5243 est.
2704 5187 2808 5244 Ubi
2831 5189 2973 5243 enim
2999 5189 3232 5250 tenacius
3253 5187 3511 5245 habitabit
3532 5199 3588 5246 et
3614 5190 3793 5259 ﬁxius,

2210 5283 2309 5338 nisi
2326 5281 2464 5337 unde
2480 5297 2538 5336 se
2556 5281 2720 5337 Deum
2749 5280 2985 5337 visurum
3010 5297 3127 5337 esse
3151 5282 3456 5353 praesumit?
3474 5281 3624 5350 Quod
3645 5292 3798 5338 certe

2211 5384 2464 5446 quantum
2490 5374 2686 5429 malum
2717 5375 2806 5440 sit,
2839 5374 3199 5446 intelligentia:
3231 5375 3406 5444 potius
3430 5373 3640 5429 dimitto
3664 5383 3793 5443 tum,

2209 5483 2370 5540 quam
2424 5468 2581 5538 longo
2627 5483 2876 5524 sermone
2919 5467 3108 5522 molior
3149 5467 3476 5538 explicare‘.
3509 5467 3564 5522 ln
3611 5476 3796 5536 prote-

2210 5561 2386 5616 ctione
2411 5559 2619 5615 Domini
2644 5573 2855 5629 semper
2883 5559 3081 5615 habitet
3104 5575 3198 5615 cor
3225 5570 3392 5626 tuum,
3430 5559 3642 5614 domina
3685 5560 3802 5614 cxi-

2211 5657 2316 5712 mia
2346 5665 2398 5711 et
2427 5654 2618 5710 merito
2645 5654 3093 5725 praestantissima,
3132 5663 3290 5725 atque
3313 5652 3510 5710 Christi
3536 5653 3800 5710 charitatc

2278 5836 2297 5869 ί
2328 5833 2527 5895 Reliqua
2539 5831 2693 5883 verba
2705 5843 2910 5894 prorsus
2920 5832 3097 5898 absunt
3109 5844 3137 5882 a
3150 5837 3257 5884 Mss.
3274 5831 3544 5885 sexdecim
