4090 6356
313 687 544 744 resaluta
555 729 568 743 .

776 829 1104 888 EPISTOLA
1131 831 1323 890 xcm'
1344 833 1441 908 (α).

307 965 624 1034 Augustinus
653 965 900 1022 Vineentii
914 985 940 1022 ι
953 968 1223 1024 schismate
1239 969 1524 1040 Rogatiano
1540 972 1759 1044 episcopi
1778 972 1904 1029 Car-

378 1062 633 1117 tennensis
679 1062 944 1131 epistolam
973 1063 1229 1131 refellens,
1274 1064 1393 1119 dicit
1438 1066 1596 1120 uisum
1624 1066 1720 1121 sibi
1747 1067 1904 1138 fuisse

375 1154 674 1225 aliquando,
702 1171 802 1209 non
823 1158 874 1210 vi
897 1173 1008 1209 eum
1029 1155 1294 1222 heereticis,
1325 1157 1413 1212 sed
1440 1157 1584 1212 verba
1614 1157 1706 1212 Dei
1737 1169 1783 1213 et
1812 1176 1900 1213 ra-

376 1250 514 1303 tione
542 1249 827 1319 agendum;
853 1265 1024 1303 verum
1042 1251 1299 1304 sententiis
1323 1251 1542 1305 aliorum
1565 1252 1902 1322 exemplisque

375 1362 434 1399 su
442 1354 670 1412 peratum
698 1355 917 1398 mutasse
942 1346 1258 1412 sententiam,
1282 1354 1329 1399 et
1353 1345 1589 1401 arbitrari
1611 1347 1741 1416 leges
1760 1346 1902 1416 prin-

374 1440 546 1508 cipum
588 1451 718 1492 recte
753 1439 1018 1508 implorari
1046 1440 1283 1494 adversus
1312 1439 1476 1495 hostes
1504 1439 1643 1508 ﬁdei,
1669 1439 1817 1493 modo
1844 1438 1899 1492 id

374 1536 468 1600 ﬁat
501 1535 672 1588 animo
697 1534 1002 1606 corrigendi,
1035 1551 1134 1589 non
1159 1534 1324 1588 studio
1353 1533 1676 1588 vindicandi:
1700 1534 1898 1605 aliaque

373 1627 577 1696 subjicit
599 1627 847 1698 permulta
867 1636 1040 1682 contra
1065 1627 1396 1698 pervicaciam
1421 1635 1467 1681 et
1493 1625 1895 1696 anabaptismum

375 1717 778 1773 Donatistarum.

482 1853 838 1910 Dilectissimo
855 1854 1005 1911 fratri
1025 1856 1337 1925 VINCENTIO,
1358 1857 1710 1914 AUGUSTINUS.

367 1989 598 2046 CAPUT
647 1990 931 2048 PRIMUM.
961 2023 1033 2034 —-
1058 1995 1106 2048 l.
1151 1995 1344 2064 Accepi
1380 1996 1688 2066 epistolam,
1729 2012 1888 2067 quam

296 2093 444 2138 tuam
464 2099 584 2139 esse
603 2085 733 2140 mihi
762 2101 868 2140 non
892 2087 1202 2143 incredibile
1224 2087 1393 2143 visum
1411 2098 1524 2143 est:
1551 2089 1725 2143 attulit
1745 2088 1887 2144 enim

294 2191 435 2242 eam,
450 2193 610 2248 quem
628 2178 950 2235 catholicum
968 2180 1314 2235 christianum
1333 2197 1450 2237 esse
1469 2193 1759 2248 constaret,
1774 2183 1884 2254 qui,

293 2280 349 2324 ut
371 2271 586 2340 Opinor,
614 2271 744 2327 mihi
767 2273 975 2327 mentiri
999 2290 1103 2328 non
1126 2274 1364 2329 auderet.
1384 2274 1486 2330 Sed
1506 2276 1602 2329 etsi
1627 2275 1761 2330 forte
1778 2292 1884 2331 non

291 2371 414 2416 sunt
444 2362 636 2418 littera:
665 2372 788 2427 ture,
823 2379 922 2434 ego
946 2364 995 2419 ei
1025 2365 1112 2435 qui
1136 2366 1344 2436 scripsit
1367 2367 1762 2423 rescribendum
1791 2384 1886 2438 pu-

288 2455 415 2509 tavi.
448 2455 602 2510 Nunc
629 2472 717 2514 me
736 2458 912 2528 potius
938 2459 1128 2529 quietis
1153 2475 1271 2516 esse
1290 2462 1500 2516 avidum
1520 2473 1572 2518 et
1590 2471 1880 2532 petentem,

288 2564 447 2618 quam
474 2558 604 2604 tunc
629 2567 749 2606 cum
777 2567 862 2606 me
881 2551 1296 2620 adolescentem,
1321 2555 1441 2611 vivo
1472 2555 1646 2612 adhuc
1681 2558 1882 2628 Rogato

285 2641 370 2697 cui
413 2643 744 2711 successisti,
777 2645 914 2714 apud
941 2645 1312 2717 Carthaginem
1345 2665 1590 2705 noveras.
1621 2649 1727 2706 Sed
1772 2651 1879 2706 Do-

285 2736 494 2791 natistaa
537 2737 761 2792 nimium
806 2739 1026 2810 inquieti
1058 2751 1199 2808 sunt,
1235 2757 1368 2812 quos
1408 2758 1504 2812 per
1541 2743 1808 2798 ordinatas
1847 2758 1880 2797 a

286 2829 396 2884 Deo
412 2840 708 2901 potestates
728 2832 962 2889 cohiberi
992 2843 1150 2904 atque
1175 2836 1366 2907 corrigi
1390 2836 1520 2891 mihi
1542 2853 1645 2893 non
1669 2837 1879 2894 videtur

286 2922 488 2979 inutile.
514 2923 648 2978 Nam
671 2924 739 2980 de
761 2926 1043 2981 multorum
1068 2926 1176 2997 jam
1202 2929 1532 2986 correctione
1559 2931 1872 3000 gaudemus,

282 3018 369 3086 qui
411 3026 520 3071 tam
561 3019 823 3074 veraciter
852 3020 1106 3076 unitatem
1145 3021 1458 3076 catholicam
1499 3033 1682 3080 tenent
1716 3033 1877 3096 atque

279 3107 594 3175 defendunt,
620 3121 673 3166 et
693 3127 724 3166 a
749 3113 972 3182 pristino
991 3129 1174 3168 errore
1195 3129 1253 3169 se
1275 3115 1526 3171 liberatos
1551 3131 1668 3173 esse
1691 3118 1876 3174 laetan—

279 3210 385 3270 tur,
419 3213 475 3259 ut
505 3219 599 3260 eos
630 3221 748 3260 cum
778 3222 964 3276 magna
991 3208 1342 3278 gratulatione
1372 3210 1644 3266 miremur.
1669 3211 1765 3280 Qui
1792 3222 1872 3268 ta-

278 3314 400 3354 men
431 3301 616 3356 nescio
645 3317 745 3372 qua
776 3303 825 3356 vi
852 3303 1274 3368 consuetudinis,
1306 3305 1453 3359 nullo
1481 3306 1642 3360 modo
1675 3307 1872 3362 mutari

278 3391 330 3447 in
354 3394 548 3449 melius
570 3395 884 3463 cogitarent,
917 3396 1014 3450 nisi
1044 3395 1144 3451 hoc
1169 3405 1374 3453 terrore
1406 3399 1652 3467 perculsi,
1684 3399 1874 3454 sollici-

277 3494 382 3541 tam
403 3497 636 3543 mentem
658 3487 723 3542 ad
744 3488 1221 3546 considerationem
1241 3491 1478 3545 veritatis
1501 3491 1867 3566 intenderent;

277 3594 344 3634 ne
373 3578 513 3634 forte
558 3580 605 3634 si
649 3595 754 3634 non
804 3597 898 3651 pro
938 3581 1160 3651 justitia,
1194 3581 1287 3638 sed
1318 3598 1415 3653 pro
1446 3585 1790 3652 perversitate
1815 3591 1870 3639 et

277 3674 694 3742 przesnmptione
735 3674 1007 3730 hominum
1040 3676 1181 3746 ipsas
1225 3679 1542 3748 temporales
1573 3680 1864 3746 molestias,

274 3762 601 3820 infructuosa
625 3775 679 3820 et
703 3782 836 3822 vana
861 3767 1138 3822 tolerantia
1162 3777 1487 3837 paterentur,
1530 3771 1667 3840 apud
1700 3773 1865 3827 Deum

275 3865 455 3924 postea
491 3873 596 3911 non
627 3858 928 3912 invenirent
964 3859 1064 3913 nisi
1095 3857 1300 3914 debitas
1332 3874 1514 3929 ptenas
1558 3861 1862 3930 impiorum,

273 3947 358 4016 qui
380 3946 501 4018 ejus
521 3956 630 4002 tam
659 3949 833 4004 lenem
864 3949 1303 4016 admonitionem,
1336 3964 1387 4005 et
1417 3963 1631 4022 paterna
1659 3953 1864 4024 flagella

271 4042 728 4111 contempserint:
749 4058 811 4098 ac
826 4045 903 4098 sic
925 4044 1021 4098 ista
1040 4045 1359 4114 cogitatione
1375 4046 1574 4102 dociles
1598 4048 1741 4113 facti,
1759 4064 1862 4104 non

271 4131 324 4186 in
346 4133 632 4192 calumniis
652 4146 704 4192 et
734 4134 924 4191 fabulis
954 4137 1213 4201 immanis,
1250 4139 1343 4193 sed
1371 4139 1426 4192 in
1459 4139 1653 4195 divinis
1687 4140 1864 4196 Libris

273 4226 589 4294 promissam
623 4244 717 4298 per
750 4244 936 4285 omnes
972 4239 1159 4301 gentes
1203 4231 1502 4288 invenirent
1547 4234 1858 4303 Ecclesiam,

267 4329 425 4384 quam
447 4317 560 4372 suis
581 4320 749 4375 oculis
771 4321 917 4377 reddi
933 4323 1324 4405 conspicerent,
1349 4325 1399 4378 in
1419 4326 1610 4395 quibus
1630 4336 1684 4382 et
1703 4328 1859 4383 Chri-

272 4415 410 4463 stum
458 4412 890 4480 praenuntiatum,
935 4417 1095 4473 etiam
1136 4435 1240 4474 non
1270 4419 1442 4474 visum
1491 4437 1652 4492 super
1692 4423 1858 4480 caelos

271 4514 386 4556 esse
410 4503 631 4560 minime
655 4505 977 4563 dubitarent.
1000 4510 1389 4581 Numquidnam
1411 4529 1512 4585 ego
1532 4515 1752 4571 istorum
1774 4533 1860 4572 sa-

268 4589 362 4646 luti
389 4594 629 4651 invidere
655 4597 939 4666 debebam,
972 4609 1030 4658 ut
1051 4603 1281 4676 collegas
1301 4621 1448 4661 meos
1468 4609 1536 4664 ab
1559 4607 1856 4678 hujusmodi

260 4696 489 4755 paterna
517 4691 788 4763 diligentia
816 4709 1143 4761 revocarem,
1177 4713 1271 4767 per
1297 4715 1452 4770 quam
1477 4701 1668 4757 factum
1691 4713 1773 4759 est
1799 4715 1856 4762 ut

268 4782 460 4836 multos
489 4783 765 4842 videamus
788 4802 1039 4844 accusare
1059 4805 1208 4845 suam
1242 4793 1514 4862 pristinam
1536 4799 1854 4857 caecitatem?

268 4877 354 4944 qui
384 4891 506 4931 cum
538 4895 698 4948 super
726 4882 893 4937 cmlos
929 4885 1214 4940 exaltatum
1241 4887 1531 4955 Christum,
1559 4893 1716 4950 etiam
1748 4912 1852 4951 non

267 4967 506 5026 videntes
530 4971 850 5039 credebant;
879 4977 1099 5047 gloriam
1123 4988 1298 5036 tamen
1321 4982 1436 5052 ejus
1459 4999 1620 5055 super
1639 5002 1852 5044 omnem

267 5068 486 5126 terram,
504 5065 664 5120 etiam
677 5068 919 5124 videntes
935 5072 1218 5144 negabant,
1237 5090 1359 5131 cum
1379 5077 1640 5150 Propheta
1659 5091 1855 5138 utrum-

265 5166 368 5221 que
398 5171 500 5209 una
528 5161 790 5215 sententia
819 5170 962 5218 tanta
995 5165 1421 5225 manifestatione
1435 5173 1744 5243 complexus
1761 5177 1848 5244 sit,

264 5242 748 5308 dicens;E.1:attare
785 5273 938 5327 super
980 5260 1150 5328 caelos,
1197 5259 1356 5330 Deus,
1397 5273 1444 5318 et
1477 5242 1629 5337 super
1655 5285 1852 5324 omnem

264 5349 444 5393 terram
465 5343 628 5413 gloria
660 5356 747 5400 tua
774 5347 942 5419 (Psal.
971 5367 1098 5415 cvn,
1132 5351 1208 5426 6).

330 5433 384 5490 2,
418 5435 552 5493 Istos
575 5455 701 5510 ergo
723 5451 930 5499 atroces
952 5445 1215 5515 quondam
1241 5447 1482 5507 inimicos
1501 5463 1733 5529 nostros.
1759 5459 1862 5529 pa?

320 5592 628 5679 ’.ξλιρειὼρρ
643 5607 725 5679 est
747 5601 882 5679 adla.
1022 5603 1090 5678 bl.
1119 5606 1203 5656 bn.
1227 5619 1271 5656 c.
1303 5620 1374 5658 ec.
1404 5609 1453 5659 11⁵.
1466 5624 1529 5679 _g.
1559 5628 1640 5678 gv.
1665 5616 1705 5679 j.
1736 5631 1786 5668 ιι.
1803 5630 1848 5669 r.

259 5666 412 5765 ἔπινε.
445 5657 523 5707 vd.
558 5667 662 5712 tres
689 5665 762 5713 Si).
789 5666 912 5716 duos
941 5657 976 5716 ᾖ
1009 5669 1233 5733 quinque
1257 5685 1303 5720 v.
1339 5657 1846 5747 etiadiirii’:

262 5801 545 5915 “(ﬁnias
569 5809 628 5860 t8
655 5825 665 5862 :
690 5827 800 5877 qua:
821 5823 986 5866 autem
1008 5817 1071 5880 95
1095 5827 1226 5882 erat,
1251 5834 1380 5872 nunc
1406 5822 1507 5874 l8l.
1533 5825 1711 5880 Scripta
1733 5827 1845 5879 circ.

1754 6009 1781 6018 κ.

1611 6025 1695 6042 ·οεδν
1719 6034 1747 6042 νυ

1517 388 1996 448 EPISTOLARUM
2031 393 2310 455 CLASSIS
2347 401 2406 456 ll.

312 500 624 557 honoranda
639 502 764 558 lilia.
785 503 1139 560 Honorabiles
1153 513 1326 563 tecum
1342 507 1598 581 nobisque
1615 511 1666 564 in
1688 511 1911 566 Domino

309 594 691 653 dilectissimus
721 597 858 656 ﬁlios
892 607 1031 668 tuos,
1063 600 1242 658 debito
1279 601 1484 660 meritis
1517 603 1710 658 vestris
1736 602 1910 660 officio

3479 431 3598 490 528

2016 527 2131 568 cem
2175 526 2230 570 et
2271 518 2500 588 quietem
2529 533 2764 584 nostram
2795 533 2956 589 variis
2983 536 3352 601 violentiamm
3388 555 3442 603 et
3465 546 3598 605 insi-

2015 605 2219 662 diarum
2242 615 2523 680 generibus
2551 621 2800 689 gravibus
2824 628 3056 696 graviter
3077 631 3388 694 infestantes
3404 679 3420 706 ,
3443 639 3493 694 si
3517 639 3596 697 sic

2013 712 2474 763 contemneremus
2497 719 2552 766 et
2577 715 2942 787 toleraremus,
2975 734 3030 778 ut
3053 724 3180 780 nihil
3205 729 3424 786 omnino
3451 734 3594 803 quod

2011 800 2080 855 ad
2108 816 2201 856 eos
2226 805 2501 861 terrendos
2525 822 2588 863 ac
2611 811 2954 883 corrigendos
2980 818 3156 876 valere
3182 832 3394 892 posset,
3433 800 3594 884 exco-

2008 893 2265 965 gitaretur
2290 907 2345 954 et
2372 909 2616 970 ageretur
2641 920 2673 960 a
2698 907 2884 975 nobis,
2921 925 3050 968 vere
3081 914 3277 970 malum
3317 932 3413 987 pro
3450 921 3592 976 male

2008 988 2374 1049 redderemus.
2405 994 2460 1050 Si
2489 997 2630 1052 enim
2656 1000 2936 1073 quisquam
2966 1003 3239 1062 inimicum
3267 1024 3422 1066 suum
3447 1014 3593 1082 peri-

2007 1081 2204 1137 culosis
2227 1084 2458 1142 febribus
2496 1087 2859 1158 phrenetieum
2891 1094 3120 1165 factum,
3149 1115 3364 1158 currere
3387 1081 3593 1162 videret

2007 1174 2060 1229 in
2086 1191 2345 1249 praeceps,
2378 1195 2554 1238 nonne
2580 1192 2705 1241 tunc
2734 1188 2908 1258 patius
2949 1193 3149 1250 malum
3178 1211 3276 1266 pro
3300 1199 3440 1254 malo
3469 1201 3594 1273 red:

2005 1264 2176 1333 deret,
2207 1269 2252 1323 si
2281 1285 2403 1326 eum
2429 1273 2506 1329 sic
2531 1290 2746 1334 currere
2774 1283 3125 1355 permitteret,
3157 1303 3314 1357 quam
3341 1290 3386 1346 si
3415 1292 3587 1346 corri-
3619 1367 3622 1370 ν

2007 1358 2256 1427 piendum
2281 1362 2655 1439 ligandumque
2677 1375 2926 1429 curaret?
2956 1376 3024 1432 Et
3045 1387 3222 1437 tamen
3248 1390 3374 1439 tunc
3399 1384 3447 1440 ei
3471 1400 3586 1440 mo-
3618 1381 3619 1385 “

2003 1451 2317 1512 lestissimus
2344 1465 2397 1512 et
2426 1459 2830 1520 adversissimas
2858 1467 3149 1540 videretur,
3181 1476 3395 1545 quando
3418 1479 3589 1534 utilis-

2002 1543 2167 1598 simus
2223 1557 2277 1601 et
2328 1549 2860 1613 misericordissimus
2913 1543 3220 1619 extitisset}
3277 1567 3370 1622 sed
3429 1569 3588 1639 plane

2001 1637 2174 1694 salute
2201 1653 2443 1711 reparata
2472 1654 2618 1700 tanto
2639 1649 2856 1707 uberius
2877 1655 2923 1707 ei
2944 1656 3143 1724 gratias
3165 1670 3364 1729 ageret,
3387 1637 3586 1732 quanto

1999 1729 2099 1784 sibi
2127 1745 2246 1785 eum
2277 1733 2452 1790 minus
2481 1739 2782 1807 pepercisse
2808 1745 3085 1801 sensisset.
3118 1747 3162 1803 0
3181 1749 3223 1803 si
3251 1729 3461 1820 possem
3490 1754 3584 1810 tibi

1999 1823 2312 1892 ostendere,
2365 1843 2428 1882 ex
2480 1829 2607 1900 ipsis
2638 1832 3164 1895 Circumcellionibus
3191 1857 3350 1913 quam
3388 1844 3585 1902 multos

1992 1915 2100 1986 jam
2123 1919 2412 1978 catholicos
2431 1925 2741 1983 manifestos
2764 1930 3070 1998 habeamus,
3095 1938 3412 1994 damnantes
3431 1953 3582 1997 suam

1998 2010 2275 2079 pristinam
2303 2015 2464 2071 vitam
2485 2059 2499 2076 .
2533 2028 2589 2074 et
2616 2020 2968 2079 miserabilem
2996 2041 3232 2084 errorem
3273 2047 3379 2102 quo
3405 2048 3464 2087 se
3489 2048 3582 2089 ar-

1994 2097 2326 2160 bitrabantur
2351 2123 2446 2177 pro
2473 2108 2711 2167 Ecclesia
2741 2114 2832 2169 Dei
2863 2115 3036 2173 facere
3067 2097 3316 2191 quidquid
3348 2123 3580 2196 inquieta

1993 2197 2293 2252 temeritate
2333 2199 2625 2257 faciebant!
2671 2205 2763 2275 qui
2811 2215 2983 2262 tamen
3024 2209 3092 2265 ad
3135 2211 3271 2267 hanc
3300 2216 3579 2272 sanitatem

1992 2301 2098 2342 non
2128 2290 2566 2361 perducerentur,
2613 2296 2715 2352 nisi
2743 2298 2919 2370 legum
2948 2301 3167 2358 istarum
3196 2321 3315 2376 quae
3347 2307 3438 2364 tibi
3466 2308 3580 2364 dis-

1990 2381 2220 2451 plicent,
2253 2387 2476 2442 vinculis
2504 2395 2753 2460 tanquam
2779 2394 3076 2464 phrenetici
3103 2397 3412 2468 ligarentur.
3441 2401 3580 2470 Quid

1990 2471 2118 2529 illud
2148 2477 2370 2534 alterum
2399 2497 2566 2551 genus
2595 2485 2768 2540 morbi
2793 2488 3091 2558 gravissimi
3119 2505 3321 2559 eorum,
3350 2494 3439 2565 qui
3468 2503 3580 2550 tur-

1989 2564 2260 2624 bulentam
2291 2572 2504 2642 quidem
2533 2576 2808 2634 audaciam
2837 2597 2943 2636 non
2972 2580 3266 2651 habebant,
3441 2604 3577 2659 qua-

1987 2656 2108 2714 dam
2145 2670 2353 2719 vetusta
2391 2667 2636 2723 socordia
2678 2672 3074 2742 premebantur,
3117 2675 3354 2734 dicentes
3383 2656 3573 2750 nobis,

1988 2749 2184 2808 Verum
2228 2756 2443 2826 quidem
2472 2759 2675 2827 dicitis,
2721 2779 2826 2818 non
2857 2774 2939 2821 est
2979 2768 3118 2843 quod
3159 2749 3575 2842 respondeatur;

1985 2843 2079 2898 sed
2101 2845 2291 2902 durum
2313 2858 2394 2904 est
2415 2853 2567 2908 nobis
2591 2854 2924 2911 traditionem
2943 2869 3218 2928 parentum
3241 2863 3572 2936 relinquere:

1986 2948 2164 2992 nonne
2209 2939 2494 2998 salubriter
2535 2946 2716 3016 regula
2761 2951 3128 3020 temporalium
3163 2955 3180 2985 ί
3211 2955 3572 3012 molestiarum

1983 3028 2288 3084 excutiendi
2347 3045 2526 3101 erant,
2593 3045 2650 3090 ut
2701 3044 2950 3108 tanquam
3012 3041 3078 3096 de
3133 3059 3322 3101 somno
3375 3046 3573 3103 lethar-

1980 3115 2100 3186 gico
2121 3133 2481 3192 emergerem,
2516 3133 2569 3180 et
2599 3125 2649 3180 in
2694 3128 2915 3184 salutem
2960 3131 3178 3188 unitatis
3222 3136 3571 3208 evigilarent?

1979 3207 2150 3276 Quam
2179 3214 2328 3268 multi
2358 3229 2422 3270 ex
2465 3214 2592 3286 ipsis
2624 3236 2764 3276 nunc
2801 3222 3076 3279 nobiscum
3106 3207 3395 3297 gaudentes
3415 3273 3430 3298 ,
3464 3231 3572 3302 pri-

1979 3301 2176 3357 stinum
2213 3306 2420 3374 pondus
2456 3311 2737 3378 perniciosi
2768 3315 2847 3368 sui
2879 3319 3056 3386 operis
3086 3331 3371 3390 accusant,
3407 3333 3461 3381 et
3485 3324 3567 3380 fa-

1979 3399 2158 3450 tentur
2182 3411 2281 3451 nos
2309 3397 2410 3453 sibi
2454 3402 2706 3458 molestos
2749 3421 2868 3463 esse
2896 3408 3177 3480 debuisse,
3211 3429 3279 3470 ne
3320 3423 3566 3487 tanquam

1978 3487 2254 3542 mortifero
2292 3503 2498 3558 somno,
2534 3494 2602 3548 ita
2630 3497 2819 3553 morbo
2849 3507 3567 3568 veternosze“consuetudinis

1976 3576 2274 3636 interirent.

2047 3671 2100 3726 5.
2139 3673 2209 3728 At
2233 3675 2373 3730 enim
2403 3677 2719 3748 quibusdam
2747 3681 2847 3737 ista
2887 3700 2992 3740 non
3032 3698 3271 3756 prosunt.
3299 3689 3566 3764 Numquid

1974 3757 2097 3814 ideo
2134 3762 2450 3834 negligenda
2493 3775 2574 3822 est
2602 3769 2892 3839 medicina,
2925 3774 3047 3844 quia
3078 3757 3566 3838 nonnullorum-est

1973 3851 2285 3908 insanabilis
2325 3859 2656 3926 pestilentia?
2685 3861 2762 3916 Tu
2795 3879 2898 3918 non
2945 3868 3176 3924 attendis
3213 3871 3310 3925 nisi
3348 3887 3444 3928 eos
3469 3873 3562 3944 qui

1972 3943 2043 3998 ita
2069 3945 2188 4001 duri
2217 3957 2375 4016 sunt,
2405 3961 2462 4005 ut
2487 3968 2586 4007 nec
2613 3954 2765 4010 istam
2808 3959 3065 4028 recipiant
3102 3962 3455 4036 disciplinam.
3485 3943 3562 4023 De

1971 4037 2164 4094 talibus
2207 4041 2348 4095 enim
2392 4045 2647 4114 scriptum
2695 4057 2823 4102 est:
2868 4049 3085 4106 Frustra
3129 4058 3386 4128 ﬂagellavi
3425 4061 3561 4130 ﬁlios

1971 4138 2192 4194 vestros;
2221 4131 2542 4203 disciplinam
2571 4153 2670 4191 non
2700 4144 3151 4213 receperunt-(Jer.
3182 4162 3239 4213 tt,
3263 4149 3377 4220 50).
3423 4151 3558 4207 Ρυιο

1969 4228 2147 4277 tamen
2177 4225 2297 4294 quia
2329 4227 2642 4296 dilectione,
2689 4247 2792 4287 non
2823 4233 2947 4288 odio
2989 4236 3232 4308 flagellati
3276 4252 3417 4298 sunt.
3447 4243 3554 4301 Sed

1969 4311 2132 4369 debes
2161 4317 2321 4371 etiam
2355 4327 2457 4372 tam
2498 4322 2693 4377 multos
2718 4325 3010 4395 attendere,
3038 4329 3105 4384 de
3129 4347 3354 4401 quorum
3382 4337 3554 4395 salute

1965 4407 2278 4476 gaudemus.
2328 4411 2382 4466 Si
2425 4414 2564 4468 enim
2600 4426 2942 4486 terrerentur,
2992 4431 3180 4479 etnon
3209 4427 3550 4501 docerentur,

1966 4498 2206 4570 improba
2234 4505 2382 4574 quasi
2422 4505 2714 4563 dominatio
2751 4511 3041 4569 videretur.
3075 4515 3276 4576 Rursus
3305 4524 3349 4577 si
3387 4524 3551 4582 doce-

1965 4603 2150 4649 rentur
2191 4605 2248 4651 et
2293 4613 2397 4652 non
2447 4609 2800 4670 terrerentur,
2837 4616 3100 4666 vetustate
3151 4621 3550 4678 consuetudinis

1964 4688 2212 4744 obdurati
2249 4691 2316 4746 ad
2343 4696 2721 4763 capessendam
2757 4699 2894 4754 viam
2925 4703 3110 4759 salutis
3137 4707 3333 4779 pigrius
3361 4729 3547 4771 move-

1963 4792 2176 4850 rentur;
2219 4787 2643 4857 quandoquidem
2688 4793 2865 4860 multi,
2915 4810 3050 4865 quos
3087 4797 3222 4855 bene
3265 4804 3544 4873 novimus,

1962 4878 2168 4934 reddita
2200 4879 2299 4936 sibi
2329 4883 2533 4938 ratione
2559 4892 2610 4938 et
2643 4885 2974 4943 manifestata
3013 4890 3205 4948 divinis
3233 4897 3546 4958 testimoniis

1961 4973 2215 5039 veritate,
2259 4975 2653 5046 rCSpondebant
2681 4979 2854 5045 nobis,
2888 4997 3084 5053 cupere
3109 5002 3167 5043 se
3199 4988 3248 5043 in
3295 4990 3545 5051 Ecclesiae

1960 5064 2233 5122 catholica:
2261 5070 2688 5127 communionem
2717 5074 2945 5130 transire
2967 5119 2981 5144 ,
3012 5079 3104 5133 sed
3135 5080 3391 5138 violentas
3420 5099 3543 5155 per-

1960 5157 2188 5214 ditorum
2213 5160 2482 5216 hominum
2506 5163 2806 5222 inimicitias
2829 5166 3113 5227 formidare
3137 5189 3150 5226 :
3177 5189 3310 5245 quas
3328 5176 3542 5248 quidem

1957 5257 2055 5314 pro
2079 5244 2287 5314 justitia
2312 5255 2366 5302 et
2393 5264 2488 5320 pro
2511 5259 2711 5308 aeterna
2738 5253 2843 5310 vita
2867 5258 3048 5328 utique
3075 5244 3418 5320 contemnere
3445 5268 3543 5324 de-

1957 5338 2218 5405 buerunt;
2239 5338 2333 5395 sed
2357 5340 2540 5397 talium
2559 5343 2860 5414 infirmitas,
2879 5348 3050 5406 donec
3066 5351 3203 5408 firmi
3220 5355 3540 5431 efﬁciantur,

1956 5428 2268 5486 sustinenda
2295 5440 2396 5498 est,
2443 5449 2547 5490 non
2587 5435 2942 5510 desperanda.
2971 5441 3080 5499 Nec
3120 5428 3540 5510 obliviscendum

1954 5519 2097 5590 quod
2126 5520 2241 5592 ipse
2265 5523 2518 5583 Dominus
2533 5528 2707 5585 adhuc
2729 5531 2942 5589 infirmo
2971 5534 3130 5592 Petro
3156 5539 3260 5594 ait:
3297 5540 3416 5597 Non
3444 5563 3538 5616 po-

1961 5623 2034 5670 tes
2060 5631 2138 5670 me
2157 5618 2308 5673 modo
2348 5622 2519 5691 sequi;
2561 5627 2782 5693 sequeris
2805 5638 2972 5684 autem
2999 5643 3173 5699 postea
3217 5633 3392 5704 (Joan.
3424 5656 3532 5707 xm,

2024 5807 2040 5838 ι
2072 5811 2201 5882 ῳῖη
2240 5801 2704 5882 regulatemporali.
2738 5807 2846 5857 Bad.
2877 5815 2977 5857 Am.
3018 5814 3091 5860 Er.
3119 5819 3172 5864 et
3193 5819 3300 5867 Ms.
3339 5813 3540 5882 plures,

1960 5866 2125 5933 regula
2145 5865 2494 5932 temporalium.
