4090 6356
509 550 624 619 56).
656 547 787 601 Cum
815 557 943 598 vero
985 542 1175 598 terrori
1206 540 1320 594 utili
1355 537 1595 594 doctrina
1635 536 1878 592 salutaris
1905 535 2090 606 adjun-

507 643 674 714 gitur,
703 649 758 693 ut
784 653 890 692 non
921 637 1092 690 solum
1123 634 1365 688 tenebras
1392 631 1589 684 erroris
1616 631 1704 684 lux
1731 631 1970 685 veritatis
1993 644 2088 684 ex-

506 735 694 803 pellat.
739 744 915 784 verum
957 731 1115 781 etiam
1156 726 1305 777 malm
1331 721 1730 776 consuetudinis
1764 720 1972 774 vincula
2003 719 2089 774 vis

503 823 713 880 umoris
729 823 1041 888 abrumpat,
1067 817 1135 871 de
1159 816 1461 877 multorum,
1487 813 1621 867 sicut
1644 811 1774 877 dixi,
1805 812 1973 864 salute
2000 810 2088 863 lte-

497 926 702 978 ~tamur,
730 909 1149 968 benedicentium
1179 907 1480 972 nobiscum,
1512 913 1565 959 et
1591 905 1786 974 gratias
1821 903 2085 972 agentium

509 1009 620 1063 Deo
645 1005 783 1077 quod
806 998 1296 1070 sua-pollicitatione
1318 997 1600 1067 completa,
1628 1011 1728 1066 qua
1753 1007 1907 1065 reges
1934 1003 2088 1047 terra:

507 1099 721 1154 Christo
747 1097 1040 1149 servituros
1061 1107 1184 1147 esse
1215 1090 1482 1161 promisit,
1527 1089 1603 1143 sic
1644 1087 1848 1142 curavit
1893 1085 2091 1140 morbi-

509 1191 626 1254 dos,
654 1189 730 1243 sic
753 1186 958 1240 sanavit
984 1185 1242 1238 infirmos.

579 1276 802 1333 CAPUT
831 1275 1041 1328 ιιι-4.
1070 1272 1186 1326 Non
1211 1272 1386 1326 omnis
1410 1268 1714 1339 qui‘parcit,
1741 1265 1943 1320 amicus
1969 1275 2046 1320 est
2069 1281 2084 1331 ;

507 1387 608 1427 nec
634 1371 809 1425 omnis
835 1367 923 1438 qui
951 1365 1225 1427 verberat,
1275 1363 1537 1416 inimicus.
1572 1360 1788 1414 Meliora
1819 1365 1941 1412 sunt
1971 1357 2085 1411 vul-

503 1480 634 1519 nera
675 1461 857 1524 amici,
905 1472 1062 1527 quam
1104 1455 1398 1509 voluntaria
1438 1453 1615 1507 oscula
1662 1450 1859 1505 inimici
1906 1447 2084 1521 (Prov.

509 1569 692 1617 xxvn,
723 1550 798 1622 6).
831 1549 1012 1602 Melius
1054 1555 1135 1600 est
1159 1561 1278 1599 cum
1323 1543 1606 1596 severitate
1649 1541 1895 1609 diligere,
1930 1553 2087 1608 quam

505 1661 627 1699 cum
659 1643 872 1698 lenitate
896 1640 1158 1707 decipere.
1189 1635 1378 1690 Utilius
1406 1633 1656 1687 esurienti
1685 1634 1834 1701 panis
1865 1631 2085 1697 tollitur,

507 1738 551 1792 si
579 1736 645 1790 de
677 1734 796 1788 cibo
821 1745 1038 1785 securus
1063 1727 1318 1796 justitiam
1359 1724 1617 1792 negligat,
1651 1737 1807 1791 quam
1836 1720 2088 1774 esurienti

509 1827 659 1898 panis
691 1823 965 1888 frangitur,
998 1827 1054 1873 ut
1095 1816 1363 1885 injustitiae
1391 1815 1641 1870 seductus
1669 1814 1990 1882 acquiescat.
2023 1811 2091 1864 Et

505 1919 594 1989 qui
625 1914 983 1986 pht‘eueticum
1029 1901 1185 1978 ligat‘,
1233 1915 1288 1960 et
1332 1906 1421 1974 qui
1466 1904 1830 1972 lethargicum.
1857 1902 2086 1968 excitat,

505 2010 763 2067 ambobus
793 2006 1068 2066 molestus,
1097 2001 1283 2055 ambos
1309 2005 1468 2052 amat.
1501 1997 1630 2063 Quis
1659 2010 1756 2050 nos
1784 2003 1956 2064 potest
1979 2008 2092 2047 atu-

505 2106 643 2176 phus
669 2115 881 2164 amare,
923 2112 1078 2166 quam
1112 2092 1287 2147 Dens?
1321 2092 1384 2144 Et
1425 2099 1602 2144 tamen
1643 2104 1740 2142 nos
1784 2104 1888 2140 non
1918 2088 2087 2140 solum

461 2213 468 2222 '
505 2197 699 2250 docere
729 2191 979 2253 suaviter,
1016 2201 1198 2240 verum
1237 2184 1395 2237 etiam
1439 2179 1724 2234 salubriter
1754 2187 1957 2233 terrere
1985 2193 2089 2232 non

508 2296 700 2342 cessat.
748 2280 1020 2338 Fomentis
1071 2277 1278 2338 lenibus
1329 2275 1522 2344 quibus
1573 2273 1900 2337 consolatur,
1949 2287 2092 2342 saepe

508 2381 666 2438 etiam
720 2373 1176 2431 mordacissimum
1237 2369 1680 2426 medicamentum
1740 2366 2090 2423 tribulationis

507 2474 822 2542 adiungens,
850 2475 1059 2523 exercet
1090 2464 1228 2519 fame
1257 2463 1590 2518 Patriarchas
1609 2461 1767 2515 etiam
1793 2465 1904 2529 pios
1930 2470 1978 2515 et
2007 2477 2092 2515 rc-

508 2566 725 2636 ligiosos
752 2561 904 2632 (Gen.
931 2575 1023 2621 xu,
1053 2574 1206 2620 xw,
1241 2572 1370 2620 xui,
1401 2565 1443 2607 et
1472 2555 1645 2621 xuii),
1677 2553 1924 2622 populum
1965 2567 2089 2607 con-

509 2668 769 2714 tmnacem
825 2653 994 2723 pinnis
1041 2649 1372 2720 gravioribus
1414 2647 1605 2715 agitat,
1655 2661 1770 2699 non
1807 2643 1983 2700 aufert
2026 2645 2093 2698 ab

508 2746 767 2816 Apostolo
807 2742 1076 2800 stimulum
1101 2741 1278 2794 Carnis
1304 2740 1456 2792 tertio
1488 2747 1728 2805 rogatus,
1760 2745 1816 2790 ut
1844 2736 2092 2788 virtutem

512 2841 565 2900 in
611 2838 912 2899 inlirmitate
956 2833 1189 2903 perficiat
1233 2830 1307 2901 (ll
1357 2830 1474 2881 Cor.
1506 2843 1596 2891 xtl,
1633 2827 1767 2896 7-9).
1809 2826 2093 2894 Diligamus

510 2933 669 2992 etiam
699 2928 939 2984 inimicos
967 2932 1176 2980 nostros
1195 2963 1210 2988 ν
1242 2922 1361 2990 quia
1396 2924 1494 2972 hoc
1520 2921 1715 2982 justum
1755 2926 1867 2981 est,
1911 2927 1963 2970 et
1993 2917 2095 2972 hoc

510 3025 749 3097 praecipit
777 3024 937 3085 Deus,
970 3030 1027 3074 ut
1053 3020 1218 3074 simus
1239 3017 1328 3070 lilii
1359 3015 1527 3068 Patris
1557 3013 1723 3066 nostri
1750 3013 1838 3081 qui
1868 3013 1916 3065 in
1943 3013 2093 3066 cmlis

511 3127 612 3183 est,
641 3116 730 3185 qui
766 3115 887 3169 facit
909 3116 1074 3168 solem
1104 3127 1256 3165 suum
1286 3109 1411 3162 oriri
1441 3124 1600 3175 super
1630 3109 1796 3160 bonos
1825 3115 1879 3159 et
1903 3108 2090 3171 malos,

511 3220 564 3264 et
590 3209 720 3278 pluit
750 3222 916 3276 super.
946 3205 1121 3275 justos
1159 3210 1215 3255 et
1259 3201 1478 3269 injustos
1533 3198 1744 3270 (Matth.
1772 3213 1826 3258 v,
1855 3199 1966 3267 45).
1989 3197 2092 3253 Sed

511 3303 647 3355 sicut
672 3301 768 3354 ista
798 3298 934 3353 dona
960 3296 1074 3366 ejus
1102 3294 1381 3349 laudamus
1400 3333 1413 3357 ,
1458 3292 1528 3345 ita
1562 3293 1720 3346 etiam
1748 3290 1948 3361 ﬂagella
1979 3292 2095 3360 ejus

509 3393 562 3448 in
591 3408 684 3446 eos
712 3405 846 3460 quos
873 3389 1062 3457 diligit,
1087 3386 1399 3456 cogitemus.

581 3487 633 3540 ὅ.
666 3485 823 3542 Putas
870 3479 1360 3536 neminem-debere
1385 3477 1500 3545 cogi
1546 3475 1610 3529 ad
1647 3475 1904 3541 justitiam
1926 3517 1939 3541 ,
1971 3490 2093 3528 cum

509 3575 652 3644 legas
680 3572 1114 3644 patremfamilias
1138 3570 1335 3623 dixisse
1361 3569 1546 3629 servis,
1581 3567 1928 3636 Quoscumque
1952 3567 2094 3620 inve-

513 3669 687 3722 neritis
727 3666 885 3736 cogite
918 3667 1108 3718 intrare
1146 3660 1296 3734 (Luc.
1321 3658 1578 3730 x1v,25);
1608 3675 1730 3712 cum
1760 3659 1902 3727 legas
1936 3659 2094 3711 etiam

518 3763 690 3832 ipsum
719 3761 892 3830 primo
917 3758 1157 3817 Saulum,
1187 3762 1368 3824 postea
1397 3753 1647 3816 Paulum,
1675 3751 1738 3804 ad
1766 3766 2094 3819 cognoscen-

515 3853 638 3908 dam
663 3862 717 3908 et
749 3851 1030 3906 tenendam
1059 3847 1370 3909 veritatem,
1404 3858 1591 3912 magna
1622 3843 1682 3894 \‘i'
1710 3842 1868 3896 lentia
1899 3841 2094 3894 Christi

513 3948 754 4016 cogentis
792 3957 912 3998 esse
949 3939 1279 4008 compulsum
1313 3936 1449 4006 (Act.
1493 3949 1548 3988 ιχ
1573 3976 1585 3992 .
1623 3935 1740 4002 3-7)
1773 3952 1784 3985 :
1821 3933 1917 3985 nisi
1960 3932 2097 3984 forte

515 4041 813 4095 chariorem
840 4045 996 4105 putas
1039 4031 1342 4087 hominibus
1367 4044 1486 4082 esse
1518 4028 1825 4096 pecuniam,
1860 4025 1940 4077 vel
1969 4040 2098 4092 qua-

511 4131 750 4189 letnlihet
775 4128 1186 4199 possessionem,
1211 4138 1368 4194 quam
1391 4121 1559 4175 lucem
1589 4119 1766 4184 istam,
1790 4135 1905 4186 qua:
1929 4117 2095 4171 oculis

511 4226 766 4294 carpitur.
824 4222 970 4274 Hanc
1015 4218 1105 4272 ille
1153 4214 1356 4271 caelesti
1408 4221 1702 4282 prostratus
1746 4225 1874 4261 voce
1921 4207 2096 4260 subito

513 4317 762 4370 amissam
793 4328 900 4366 non
927 4309 1260 4380 recuperavit
1281 4349 1294 4371 ,
1343 4305 1443 4362 nisi
1474 4320 1591 4358 cum
1623 4310 1821 4357 saneta:
1849 4302 2095 4370 incorpo-

517 4418 724 4462 raretnr
752 4404 1022 4458 Ecclesiae.
1071 4403 1134 4455 Et
1178 4409 1330 4468 putas
1373 4398 1569 4450 nullam
1611 4398 1715 4447 vim
1746 4393 2098 4447 adhibendam

516 4515 634 4553 esse
676 4496 908 4560 homini,
951 4501 1008 4546 ut
1036 4491 1103 4544 ab
1139 4489 1340 4545 erroris
1382 4487 1616 4556 pernicie
1658 4487 1944 4547 liberetur;
1976 4498 2096 4536 eum

516 4589 688 4658 ipsum
717 4587 901 4648 Deum,
932 4598 1036 4651 quo
1062 4596 1218 4635 nemo
1241 4594 1337 4631 nos
1361 4577 1541 4630 utilius
1566 4574 1751 4643 diligit,
1781 4572 2100 4627 certissimis

516 4677 773 4748 exemplis
805 4677 904 4728 hoc
948 4675 1119 4726 facere
1147 4669 1360 4732 videas,
1392 4677 1445 4722 et
1484 4665 1751 4719 Christum
1798 4663 1982 4717 audias
2013 4663 2098 4715 tli-

519 4780 727 4827 centem
745 4809 762 4835 ,
797 4765 960 4820 Nemo
989 4764 1118 4817 venit
1146 4763 1212 4814 ad
1238 4777 1333 4822 me,
1365 4759 1461 4811 nisi
1485 4774 1629 4828 quem
1655 4754 1811 4808 Pater
1835 4754 2100 4807 attraxerit

520 4862 788 4932 (Joan.vr,
817 4858 928 4928 44),
959 4854 1096 4926 quod
1131 4853 1186 4906 ﬁt
1215 4854 1266 4906 in
1294 4851 1540 4906 cordibus
1570 4849 1803 4900 omnium
1830 4848 1916 4917 qui
1948 4861 2006 4901 se
2029 4845 2098 4902 ad

519 4970 638 5010 eum
668 4951 860 5006 (Ιίνιιιίιδ
890 4946 1172 5001 iracundia:
1205 4945 1391 4997 timore
1415 4948 1762 5005 convertunt;
1793 4948 1844 4993 et
1882 4941 2098 4994 noveris

519 5044 799 5116 aliquando
824 5044 996 5098 furem
1035 5037 1336 5094 avertendis
1366 5033 1641 5102 pecoribus
1669 5032 1915 5100 pabulum
1944 5047 2091 5103 spar-

519 5152 664 5208 gere,
693 5144 746 5190 et
769 5131 1050 5204 aliquando
1072 5138 1338 5200 pastorem
1355 5125 1564 5196 ﬂagello
1584 5124 1652 5181 ad
1669 5139 1884 5195 gregem
1907 5139 2097 5195 pecora

521 5228 748 5285 errantia
777 5238 1032 5282 revocare
1051 5223 1065 5278 ι

593 5321 646 5376 6.
672 5319 858 5374 Nonne
886 5325 1252 5373 contumacem
1275 5311 1518 5368 ancillam
1539 5309 1661 5368 data
1690 5309 1790 5363 sibi
1813 5317 2095 5378 potestate,

520 5411 649 5469 Sara
679 5411 852 5480 potius
875 5407 1174 5477 afﬂigebat?
1205 5405 1270 5459 Et
1294 5404 1471 5472 utique
1500 5416 1604 5456 non
1631 5415 1750 5455 eam
1769 5441 1784 5463 ,
1817 5416 1974 5468 quam
2009 5416 2100 5454 su-

525 5505 700 5575 perius
725 5499 982 5556 beneﬂcio
1006 5512 1102 5554 suo
1146 5505 1369 5554 matrem
1413 5492 1629 5554 fecerat,
1659 5489 1941 5546 crudeliter
1967 5489 2098 5545 ode-

523 5606 636 5657 rat;
668 5593 762 5649 sed
801 5594 854 5646 in
879 5607 943 5646 ca
984 5588 1281 5658 superbiam
1313 5584 1596 5639 salubriter
1624 5581 1908 5637 edomabat
1935 5579 2094 5653 (Gen.

525 5701 640 5750 xvr,
671 5685 747 5753 5).
787 5683 902 5736 Non
929 5691 1102 5735 autem
1130 5682 1369 5748 ignoras,
1399 5673 1539 5743 quod
1567 5673 1679 5726 ista:
1708 5672 1825 5725 dua:
1852 5673 2099 5728 mulieres

522 5777 653 5836 Sara
681 5783 736 5833 et
763 5777 920 5844 Agar,
964 5781 1019 5828 et
1045 5771 1150 5826 duo
1179 5767 1272 5822 ﬁlii
1293 5781 1476 5821 earum
1506 5763 1650 5818 Isaac
1672 5770 1725 5816 et
1753 5762 1971 5830 lsmael,
2005 5778 2100 5832 pro

527 5866 889 5942 Ipiritualibus
906 5872 960 5919 et
977 5860 1277 5918 carnalibus
1305 5858 1611 5928 figurentur.
1638 5855 1706 5909 Et
1721 5869 1842 5909 cum
1861 5855 2099 5925 legamus

1746 421 1802 477 S.
1844 415 2209 479 AUGUSTINI
2247 419 2546 480 EPISCOPI

3673 435 3777 492 524

2199 537 2441 593 ancillam
2467 545 2522 595 et
2545 539 2708 594 illium
2731 540 2847 610 ejus
2867 556 2896 595 a
2918 539 3047 596 Sara
3074 558 3256 612 passos
3273 559 3463 615 graves
3483 547 3773 620 molestias,

2197 631 2392 688 Paulus
2424 645 2594 689 tamen
2621 637 2894 704 apostolus
2919 635 3045 690 dicit
3071 637 3210 706 quod
3255 637 3321 692 ab
3350 639 3566 696 lsmaele
3592 658 3775 714 perse-

2195 725 2459 780 cutionem
2487 728 2555 781 sit
2581 743 2767 796 passus
2796 727 2937 782 Isaac
2961 748 2972 781 :
3007 729 3111 783 Sed
3140 730 3265 782 sicut
3291 741 3438 798 tunc,
3469 733 3665 802 inquit,
3692 736 3780 791 ille

2194 817 2281 887 qui
2302 826 2409 871 erat
2437 820 2711 874 secundum
2749 835 2950 875 carnem
2969 861 2986 888 ,
3015 824 3398 893 persequebatur
3419 843 3533 880 eum
3557 831 3641 901 qui
3673 841 3778 885 erat

2194 909 2470 962 secundum
2495 911 2747 980 spiritum,
2791 913 2862 966 ita
2899 921 2944 964 et
2972 929 3106 966 nunc
3136 912 3326 984 (Colat.
3355 931 3426 983 tv,
3457 915 3572 986 29),
3605 927 3663 972 ut
3690 922 3777 990 qui

2195 1009 2451 1069 possunt,
2487 1002 2782 1071 intelligant
2809 1005 2974 1075 magis
3001 1005 3289 1060 Ecclesiam
3315 1009 3627 1064 catholicam
3658 1027 3779 1080 per-

2194 1093 2523 1146 secutionem
2583 1095 2690 1162 pati
2744 1096 2990 1165 superbia
3038 1104 3093 1152 et
3136 1098 3404 1168 impietate
3451 1103 3777 1170 carnalium,

2194 1197 2329 1252 quos
2359 1183 2737 1252 temporalibus
2779 1188 3035 1242 molestiis
3077 1197 3234 1257 atque
3278 1193 3570 1246 lcrroribus
3599 1210 3780 1249 emen-

2195 1273 2322 1328 dare
2351 1286 2590 1330 conatur.
2640 1278 2904 1348 Quidquid
2957 1296 3082 1350 ergo
3125 1281 3249 1335 facit
3277 1299 3401 1339 vera
3449 1294 3503 1340 et
3549 1286 3779 1358 legitima

2194 1375 2386 1428 mater,
2427 1367 2632 1420 etiamsi
2677 1384 2921 1437 asperum
2961 1385 3306 1443 amarumque
3347 1376 3624 1441 sentiatur,
3675 1394 3779 1432 non

2195 1458 2404 1509 malnm‘
2421 1474 2514 1526 pro
2543 1459 2684 1513 malo
2723 1460 2928 1526 reddit;
2971 1463 3063 1516 sed
3103 1463 3297 1518 bonum
3331 1466 3651 1536 discipliu:e,
3683 1485 3781 1524 ex-

2194 1549 2445 1618 pellendo
2491 1552 2684 1606 malum
2733 1554 3052 1624 iniquitatis,
3097 1561 3346 1628 apponit,
3393 1578 3496 1615 non
3527 1563 3650 1619 odio
3686 1581 3784 1620 n0-

2195 1640 2370 1703 cendi,
2413 1641 2506 1694 sed
2549 1641 2832 1700 dilectione
2859 1645 3100 1702 sanandi.
3148 1646 3277 1702 Cum
3310 1650 3434 1704 boni
3459 1662 3511 1707 ct
3537 1654 3663 1708 mali
3688 1670 3779 1709 ea-

2195 1729 2316 1785 dem
2352 1731 2567 1798 faciunt,
2597 1733 2887 1806 eademque
2910 1739 3196 1806 patiuntur,
3221 1755 3327 1794 non
3347 1739 3496 1796 factis
3516 1753 3568 1799 et
3586 1747 3778 1814 ptenis,

2195 1821 2288 1874 Sed
2329 1824 2501 1877 causis
2531 1825 2712 1893 otique
2739 1826 3080 1884 discernendi
3119 1841 3264 1886 sunt.
3296 1833 3500 1888 llharao
3530 1839 3782 1906 pepulum

2196 1912 2290 1964 Dei
2335 1912 2484 1966 duris
2510 1915 2779 1970 laboribus
2823 1919 3084 1973 atterebat
3127 1920 3321 1989 (Exod.
3349 1939 3399 1990 v,
3437 1924 3528 1995 9);
3574 1926 3784 1998 Moyses

2196 2004 2441 2058 eumdem
2474 2007 2723 2074 populum
2753 2008 2913 2079 impie
2941 2021 3187 2080 agentem
3210 2014 3355 2068 duris
3375 2019 3785 2074 coercitionibus

2195 2094 2464 2164 affligebat
2497 2096 2631 2168 (ld.,
2660 2114 2842 2166 xxx",
2872 2102 2963 2173 27)
2991 2121 3004 2157 :
3039 2105 3231 2159 similia
3265 2106 3524 2176 fecerunt,
3555 2109 3646 2164 sed
3678 2125 3784 2167 non

2196 2189 2442 2243 similiter
2469 2193 2720 2260 prodesse
2747 2195 3058 2262 voluerunt;
3105 2198 3193 2252 ille
3235 2199 3594 2257 dominatione
3633 2204 3788 2259 inﬂa-

2198 2287 2312 2347 tus,
2343 2282 2440 2335 iste
2467 2283 2753 2340 dilectione
2783 2286 2799 2317 ¹
2834 2286 3190 2343 inﬂammatus
3217 2300 3316 2346 est.
3348 2291 3562 2349 Iezabel
3592 2296 3786 2352 occidit

2197 2371 2524 2442 Prophetas;
2561 2377 2701 2430 Elias
2740 2380 2932 2433 occidit
2974 2382 3468 2454 pseudopmphetas
3515 2387 3534 2459 (
3555 2385 3624 2443 ΙΙΙ
3654 2389 3782 2461 Reg.

2200 2479 2365 2529 xvnt,
2398 2467 2453 2529 4,
2483 2467 2577 2538 60)
2604 2486 2614 2520 ;
2649 2478 2774 2537 puto
2801 2471 2938 2540 quod
2969 2472 3179 2528 diversa
3223 2477 3328 2529 sint
3358 2482 3546 2533 merita
3588 2478 3786 2534 facien—

2200 2558 2351 2620 tium,
2381 2558 2587 2612 diversa
2617 2575 2912 2629 passorum.

2273 2652 2325 2706 7.
2358 2653 2548 2721 Aspice
2572 2654 2731 2708 etiam
2763 2664 2998 2724 tempora
3026 2655 3154 2711 Novi
3179 2657 3505 2714 Testamenti
3526 2702 3540 2727 ,
3573 2660 3786 2730 quando

2194 2743 2304 2813 jam
2339 2744 2451 2813 ipsa
2479 2746 2831 2799 mansuetudo
2871 2747 3143 2802 charitatis
3187 2765 3293 2803 non
3323 2751 3494 2805 solum
3540 2751 3595 2806 in
3625 2751 3788 2808 corde

2199 2844 2314 2891 erat
2357 2836 2650 2901 servanda,
2703 2853 2888 2893 verum
2936 2840 3094 2893 etiam
3143 2841 3194 2894 in
3249 2843 3364 2895 luce
3408 2843 3785 2910 monstranda;

2202 2927 2414 2998 quando
2436 2929 2577 2983 Petri
2604 2929 2808 2998 gladius
2839 2930 2889 2983 in
2918 2933 3161 3001 vaginam
3189 2939 3471 2986 revocatur
3495 2950 3523 2987 a
3549 2932 3783 2999 Christo,

2200 3030 2256 3075 et
2285 3020 2580 3074 ostenditur
2606 3036 2708 3074 non
2751 3021 2998 3076 debuisse
3023 3024 3088 3077 de
3129 3025 3314 3094 vagina
3359 3025 3517 3078 eximi
3560 3041 3658 3080 nec
3687 3041 3786 3096 pro

2201 3112 2417 3166 Christo
2445 3111 2654 3182 (Matth.
2678 3129 2833 3178 xxvr,
2857 3114 2967 3186 52).
2993 3114 3244 3185 Legimus
3266 3125 3439 3171 tamen
3462 3133 3566 3172 non
3589 3119 3784 3183 solum,

2201 3203 2358 3273 quod
2385 3203 2712 3258 cmciderunt
2749 3205 2914 3258 Judaei
2961 3205 3183 3260 Paulum
3227 3207 3560 3276 apostolum,
3600 3223 3786 3261 verum

2204 3298 2364 3352 etiam
2393 3297 2531 3366 quod
2579 3297 2901 3352 conciderunt
2929 3297 3177 3354 et'Grteci
3220 3315 3314 3368 pro
3355 3299 3517 3354 Paulo
3543 3301 3790 3372 apostolo

2202 3387 2521 3445 Sosthenem
2548 3391 2787 3444 Judaeum
2828 3391 2964 3463 (Act.
2991 3407 3114 3458 xw,
3146 3392 3238 3458 22,
3270 3393 3362 3460 '25,
3394 3402 3450 3448 et
3468 3409 3620 3459 ινιιι,
3655 3395 3784 3466 17):

2203 3499 2382 3538 nonne
2425 3483 2712 3537 similitudo
2744 3484 2862 3537 facti
2909 3485 3059 3549 quasi
3109 3494 3360 3555 utrosque
3396 3487 3697 3556 conjungit,
3733 3498 3788 3544 et

2202 3584 2390 3629 tamen
2405 3591 2499 3630 eos
2522 3592 2695 3630 causa:
2717 3576 3090 3632 dissimilitudo
3107 3578 3397 3633 discernit?
3426 3579 3626 3650 Nempe
3646 3583 3788 3637 Deus

2204 3670 2418 3738 proprio
2446 3669 2579 3723 Filio
2609 3686 2712 3724 non
2765 3671 3036 3739 pepercit,
3093 3672 3186 3725 sed
3217 3688 3312 3741 pro
3343 3673 3498 3727 nobis
3539 3674 3788 3729 omnibus

2203 3761 2419 3814 tradidit
2448 3762 2593 3814 illum
2642 3761 2816 3830 (Rom.
2849 3778 2974 3828 vnt,
3017 3762 3144 3834 52):
3180 3780 3368 3833 nempe
3417 3765 3484 3819 de
3511 3765 3644 3820 Filio
3671 3766 3788 3835 ipso

2202 3853 2411 3913 dicitur,
2447 3852 2546 3917 Qui
2576 3869 2653 3905 me
2681 3854 2874 3917 dilexit,
2907 3865 2952 3906 et
2977 3855 3188 3906 tradidit
3217 3856 3536 3924 smactipaum
3577 3873 3668 3925 pro
3709 3873 3792 3910 me

2205 3944 2396 4016 (Colat.
2435 3959 2498 4008 n,
2543 3944 2634 4014 20)
2668 3964 2678 3997 :
2712 3961 2902 4014 nempe
2929 3954 2986 4000 et
3015 3947 3083 4000 de
3122 3945 3253 4000 Juda
3303 3947 3496 4000 dicitur
3535 3949 3675 4017 quod
3708 3949 3792 4002 in.

2206 4038 2410 4091 tt-oierit
2439 4039 2486 4090 in
2528 4054 2647 4091 eum
2677 4049 2886 4091 satanas
2907 4082 2920 4105 ,
2955 4050 3010 4093 ut
3048 4039 3281 4093 traderet
3307 4039 3571 4094 Christum
3605 4040 3784 4113 (Joan.

2205 4145 2322 4184 xm.
2349 4129 2424 4199 2).
2451 4130 2581 4184 Cum
2611 4147 2738 4200 ergo
2763 4141 2814 4184 ct
2842 4133 2998 4186 Pater
3023 4132 3300 4186 tradiderit
3321 4133 3509 4188 Filium
3535 4150 3709 4195 suum,
3733 4131 3799 4189 et?

2204 4221 2318 4288 ipse
2346 4221 2589 4276 Christus
2613 4239 2804 4291 corpus
2831 4239 3005 4288 suum,
3029 4235 3084 4277 et
3107 4224 3270 4279 ludas
3298 4225 3580 4280 Dominum
3608 4241 3784 4291 suum,

2203 4329 2298 4366 cur
2319 4314 2370 4366 in
2401 4314 2496 4367 hac
2523 4314 2800 4367 traditione
2831 4316 2966 4368 Deus
2993 4326 3076 4370 est
3103 4318 3240 4385 pius,
3265 4318 3498 4370 ethomo
3519 4333 3660 4381 reus,
3687 4319 3789 4372 nisi

2203 4406 2326 4474 quia
2369 4405 2418 4458 in
2451 4422 2826 4476 reunaquam
2862 4409 3098 4460 tecernnt
3121 4449 3133 4468 ,
3166 4422 3323 4461 causa
3355 4424 3460 4461 non
3486 4424 3588 4461 una
3613 4409 3790 4462 θέει-οι)

2204 4512 2359 4565 quam
2406 4497 2679 4552 fecerunt?
2710 4498 3052 4552 Trescruees
3095 4499 3148 4551 in
3193 4499 3308 4552 loco
3353 4515 3458 4552 uno
3497 4508 3682 4562 erant;
3732 4499 3788 4554 in

2204 4603 2328 4653 una,
2369 4588 2502 4640 latro
2531 4587 2866 4653 liberandus;
2897 4589 2950 4642 in
2979 4590 3108 4655 alia,
3161 4589 3296 4643 latro
3338 4589 3699 4652 damnandus;
3732 4589 3789 4644 in

2204 4679 2398 4742 media,
2429 4679 2672 4733 Christus
2701 4679 2923 4734 alterum
2954 4680 3292 4744 liberaturus,
3319 4681 3545 4735 alterum
3566 4680 3791 4734 damna-

2203 4779 2390 4827 turus:
2423 4771 2547 4840 quid
2588 4773 2813 4826 similius
2847 4771 2963 4825 istis
3004 4773 3286 4827 crucibus?
3316 4773 3442 4842 quid
3477 4771 3820 4828 dissimilius.

2204 4861 2320 4916 istis
2369 4862 2757 4931 pendentibus?
2802 4861 3045 4916 Traditus
3075 4871 3156 4917 est
3200 4863 3396 4918 Paulus
3437 4863 3804 4919 includenda-

2204 4964 2257 5009 et
2283 4953 2610 5023 colligandos
2634 4953 2765 5025 (Act.
2791 4969 2906 5018 xxx,
2936 4953 3026 5018 25,
3050 4953 3162 5026 24),
3195 4955 3546 5024 δεόιίιιιοιίιιθῑ
3566 4956 3796 5014 custode

2205 5047 2606 5117 carcerispejor
2625 5056 2707 5100 est
2738 5047 2924 5116 utique,
2938 5055 3180 5112 satanas;
3211 5048 3294 5102 cui
3317 5058 3491 5102 tamen
3513 5049 3629 5118 ipse
3651 5047 3797 5104 Pau-

2207 5139 2290 5194 lus
2322 5139 2536 5194 tradidit
2561 5137 2830 5192 hominem
2861 5138 2914 5191 in
2942 5139 3442 5205 interitumcarnis,
3490 5149 3547 5194 ut
3570 5141 3793 5210 spiritus

2205 5231 2382 5284 salvus
2428 5229 2498 5284 sit
2538 5231 2590 5282 in
2620 5229 2705 5284 die
2749 5231 2958 5306 Domini
3001 5230 3124 5285 Jcsu
3174 5231 3216 5303 (Ι
3245 5231 3360 5286 Cor.
3391 5248 3442 5296 v,
3471 5232 3548 5303 5).
3596 5233 3662 5288 Et
3699 5233 3814 5290 hio-

2204 5321 2328 5388 quid
2355 5319 2620 5374 dicimus?
2648 5319 2784 5375 Ecce
2815 5322 3008 5378 mitiori
3037 5322 3254 5377 tradidit
3279 5321 3512 5378 crudelis
3544 5325 3790 5391 traditor,

2204 5411 2490 5467 crudeliori
2517 5411 2731 5465 tradidit
2755 5413 3056 5467 misericors
3084 5415 3326 5468 traditor.
3359 5414 3652 5480 Discamus,
3683 5415 3792 5468 fra-

2206 5510 2306 5565 ter,
2352 5502 2404 5555 in
2439 5501 2784 5556 similitudine
2824 5519 3043 5572 operum
3087 5503 3394 5560 discernere
3423 5507 3631 5559 animos
3659 5520 3790 5574 ope-

2204 5597 2456 5663 rantium,
2485 5611 2584 5650 nec
2601 5596 2794 5649 clausis
2812 5596 2979 5649 oculis
3001 5595 3404 5663 calumniemur,
3426 5608 3479 5652 et
3500 5597 3791 5654 benevolos

2205 5703 2304 5759 pro
2329 5688 2642 5743 nocentibus
2667 5701 2995 5742 accusemus.
3044 5689 3172 5742 ltem
3210 5705 3330 5743 cum
3356 5691 3427 5744 ait
3468 5690 3606 5746 idem
3636 5691 3788 5759 Apo-

2275 5867 2292 5898 ί
2318 5863 2451 5926 Edd.,
2467 5863 2584 5915 zelo.
2617 5872 2672 5916 At
2697 5871 2803 5915 Ilss.
2834 5866 3085 5916 sexdecim
3099 5866 3302 5930 habent,
3329 5865 3594 5920 dilectione.
