4032 6334
231 397 329 454 325

228 516 389 569 status
416 513 709 571 tradidisse
731 532 791 572 se
811 516 1064 587 quosdam
1087 526 1304 583 satante,
1338 527 1395 572 ut
1420 517 1685 573 discerent
1709 535 1810 574 non

228 607 603 679 blasphemare
636 610 688 681 (1
723 611 854 665 Tim.
889 612 941 680 1,
969 611 1085 683 20),
1119 614 1311 665 malum
1336 628 1437 682 pro
1467 614 1602 666 malo
1636 614 1814 668 reddi-

223 701 317 766 dit,
348 718 413 755 an
443 705 630 773 potius
667 705 832 758 malos
854 706 1011 757 etiam
1047 721 1139 774 per
1162 706 1358 761 malum
1386 704 1689 771 emendare,
1724 706 1815 759 bo-

224 813 341 849 num
368 811 508 864 opus
535 812 657 850 esse
680 796 933 865 judicavit
962 796 1015 848 ’?

292 890 343 941 8.
383 888 438 941 Si
472 904 693 958 semper
719 899 854 943 esset
906 888 1163 943 laudabile
1207 890 1623 957 persecutionem
1668 889 1808 957 pati,

222 978 491 1033 sufﬁceret
522 979 749 1032 Domino
780 980 988 1043 dicere,
1014 977 1160 1032 Beati
1199 980 1284 1049 qui
1311 981 1694 1047 persecutionem
1726 997 1815 1047 pa-

224 1072 452 1132 tiuntur;
473 1085 575 1125 nec
592 1070 831 1135 adderet,
857 1078 1059 1140 prapter
1080 1060 1333 1139 justitiam
1373 1068 1558 1141 (Matth
1606 1086 1638 1124 ν
1660 1110 1675 1135 ,
1702 1070 1809 1139 10).

220 1159 348 1215 item
380 1164 427 1213 si
459 1175 679 1229 semper
709 1168 850 1214 esset
875 1160 1136 1228 culpabile
1168 1160 1587 1228 persecutionem
1617 1159 1810 1224 facere,

223 1268 323 1306 non
377 1252 643 1322 scriptum
697 1261 838 1305 esset
873 1250 924 1303 in
978 1251 1174 1304 sanctis
1212 1249 1386 1305 Libris
1420 1268 1430 1302 :
1462 1250 1813 1303 Detrahentem

221 1345 453 1413 proximo
497 1359 592 1396 suo
628 1343 848 1407 occulte,
885 1342 1013 1395 hunc
1041 1342 1364 1413 persequebar
1413 1341 1433 1415 (
1451 1342 1589 1396 Psal.
1615 1358 1644 1397 c
1678 1385 1691 1409 ,
1722 1342 1809 1414 5).

222 1433 528 1505 Aliquando
562 1449 691 1504 ergo
712 1442 765 1487 ct
791 1435 877 1503 qui
905 1450 1019 1488 eam
1044 1435 1259 1503 patitur,
1286 1435 1513 1503 injustas
1535 1446 1635 1500 est,
1655 1444 1706 1487 ct
1723 1434 1812 1503 qui

219 1542 331 1580 eam
364 1526 520 1589 facit,
552 1527 727 1593 justus
754 1534 852 1580 est.
887 1526 990 1580 Sed
1024 1528 1176 1595 plane
1206 1543 1434 1596 semper,
1464 1536 1519 1581 et
1542 1528 1663 1579 mali
1691 1542 1813 1596 per-

221 1621 385 1673 secuti
416 1628 548 1673 sunt
582 1620 774 1684 bonos,
802 1630 852 1672 et
880 1621 1001 1673 boni
1042 1621 1307 1687 persecuti
1352 1629 1475 1673 sunt
1505 1620 1706 1672 malos:
1738 1617 1813 1672 illi

222 1712 464 1765 nocendo
497 1729 591 1781 per
622 1713 933 1781 injustitiam
960 1755 972 1775 ,
1001 1712 1074 1764 illi
1102 1712 1426 1766 consulendo
1452 1727 1545 1781 per
1574 1710 1810 1779 discipli-

228 1818 381 1865 nam;
412 1802 488 1855 illi
532 1803 865 1865 immaniter,
896 1802 965 1855 illi
995 1811 1385 1870 temperanter;
1420 1801 1492 1855 illi
1520 1802 1811 1855 servientes

222 1894 523 1965 cupiditati,
557 1893 636 1947 illi
668 1895 931 1947 cbaritati.
961 1894 1088 1947 Nam
1123 1894 1208 1963 qui
1244 1894 1505 1955 trucidat,
1552 1908 1653 1946 non
1683 1907 1812 1945 eon-

220 1985 411 2040 siderat
436 1983 887 2055 quemadmodum
922 1985 1115 2047 laniet;
1143 1984 1229 2054 qui
1259 1995 1432 2038 autem
1464 1995 1612 2039 curat
1632 2028 1644 2049 ,
1676 2001 1807 2039 con-

220 2080 414 2133 siderat
451 2076 907 2147 quemadmodum
948 2087 1090 2130 secet
1121 2094 1132 2128 :
1164 2077 1249 2131 ille
1295 2077 1433 2132 enim
1481 2080 1811 2149 persequitur

219 2173 522 2233 sanitatem,
554 2171 644 2223 ille
668 2169 1019 2238 putredinem.
1050 2168 1369 2222 Deciderunt
1396 2169 1539 2238 impii
1571 2170 1809 2239 Prophe<

223 2275 305 2315 tas
336 2305 349 2327 ,
385 2260 694 2316 occiderunt
738 2261 927 2329 impios
963 2270 1014 2313 et
1047 2259 1344 2327 Prophetae.
1392 2259 1809 2330 Flageilavernnt

223 2354 389 2407 Juda'i
419 2352 718 2417 Christum,
752 2351 963 2404 Judzcos
996 2350 1274 2420 ﬁagellavit
1302 2363 1351 2405 et
1380 2350 1642 2406 Christus.
1674 2354 1806 2405 Tra-

222 2445 310 2499 diti
352 2455 477 2498 sunt
511 2443 753 2512 Apostoli
799 2442 866 2495 ab
905 2441 1205 2496 h0minibns
1250 2446 1492 2511 potestati
1542 2444 1803 2502 humanm.

224 2537 555 2590 tradiderunt
578 2544 631 2589 et
670 2534 907 2603 Apostoli
941 2534 1183 2587 homines
1223 2535 1462 2601 potestati
1501 2544 1716 2588 satanze.
1752 2534 1805 2588 in

225 2631 298 2681 his
321 2630 576 2683 onmibns
608 2627 732 2698 quid
752 2626 1062 2693 attenditur,
1088 2627 1185 2679 nisi
1209 2629 1326 2696 quis
1348 2644 1530 2679 eorum
1554 2644 1645 2695 pro
1668 2628 1805 2680 veri-

223 2729 357 2775 tate.
409 2720 532 2789 quis
574 2734 671 2791 pro
717 2718 1009 2787 iniquitate,
1052 2718 1170 2788 quis
1205 2718 1429 2773 nocendi
1473 2735 1650 2783 causa,
1691 2720 1807 2789 quis

224 2810 580 2868 clttendandi?

290 2904 521 2960 (APUT
546 2903 711 2957 ill.-
734 2903 786 2957 9.
810 2902 920 2956 Non
950 2902 1211 2955 invenitur
1238 2904 1537 2970 exemplum
1572 2903 1623 2957 in
1650 2919 1809 2956 evan-

223 3000 395 3066 gelicis
425 3009 479 3051 et
503 2995 811 3063 apostolicis
840 2994 1066 3055 litteris,
1092 2994 1283 3062 aliquid
1311 2997 1525 3061 petitum
1547 3013 1571 3044 a
1599 2997 1807 3064 regibus

223 3102 371 3145 terre
415 3105 515 3159 pro
557 3088 814 3149 Ecclesia,
857 3097 1041 3138 contra
1087 3086 1323 3139 itimieos
1367 3086 1634 3141 Ef'(‘iC>ii1‘.
1681 3088 1807 3152 Quis

223 3194 372 3251 negat
401 3197 507 3233 non
544 3177 808 3232 inveniri?
836 3178 939 3230 Sed
967 3177 1196 3227 nondum
1230 3177 1541 3244 implebatnr
1571 3179 1650 3229 illa
1686 3194 1806 3246 pr0«

224 3274 393 3344 pllctia
418 3291 429 3326 :
458 3272 522 3325 Et
550 3288 703 3332 nunc,
730 3287 887 3337 reges,
918 3269 1197 3338 intelligite,
1223 3270 1488 3321 erutlimini
1509 3269 1810 3339 quijutlica-

221 3367 282 3417 tis
312 3377 494 3417 tenam
516 3378 533 3426 ;
556 3364 733 3414 servile
757 3360 974 3413 Domino
998 3361 1045 3412 in
1076 3364 1268 3412 timore.
1302 3359 1486 3413 Adhuc
1514 3361 1651 3412 enim
1680 3360 1807 3415 illud

223 3456 561 3524 implebatur,
590 3454 727 3523 quod
762 3454 809 3506 in
840 3452 1026 3505 eodem
1055 3451 1255 3517 psalmo
1276 3450 1430 3521 paulo
1458 3452 1700 3521 superius
1726 3451 1808 3504 di-

220 3553 362 3605 citur
393 3568 405 3602 :
440 3549 603 3612 Quare
628 3554 937 3616 fremuerunt
964 3554 1151 3613 gentes,
1184 3554 1229 3597 et
1249 3545 1421 3612 populi
1441 3544 1666 3596 meditati
1692 3553 1808 3597 sunt
1838 3588 1841 3591 .

221 3646 430 3697 inania?
461 3642 735 3693 .‘islilt‘rttttl
762 3654 900 3707 reges
933 3648 1097 3701 terrm,
1124 3645 1168 3688 et
1198 3637 1449 3703 principes
1475 3643 1807 3688 convenerunt

220 3738 267 3789 in
318 3752 509 3799 totum,
557 3735 794 3785 adversus
850 3730 1145 3790 hominum,
1186 3738 1228 3780 et
1274 3728 1508 3779 adversus
1550 3727 1821 3780 Christum

222 3829 322 3897 ejus
384 3826 555 3895 (f’sal.
585 3840 618 3877 ιι
646 3866 654 3883 ,
690 3822 783 3884 l0,
822 3822 873 3872 ll
902 3860 915 3883 ,
947 3820 968 3871 1
1001 3860 1014 3884 ,
1046 3818 1133 3887 2).
1167 3817 1542 3871 Verumtamen
1584 3818 1625 3871 si
1672 3818 1803 3872 facta

220 3919 483 3989 praeterita
515 3917 564 3969 in
594 3913 919 3984 prepheticis
962 3911 1107 3963 libris
1156 3909 1333 3977 ﬁgura:
1365 3911 1572 3962 fur-runt
1601 3909 1804 3963 futuro-

224 4029 333 4066 rum
358 4054 372 4075 ,
409 4012 459 4063 in
494 4024 620 4077 rege
647 4007 738 4059 illo
766 4006 853 4073 qui
890 4002 1253 4071 appellabatur
1278 4001 1761 4055 Nalmchodcnosor
1787 4044 1801 4064 ,

222 4116 505 4171 utrumque
530 4111 740 4166 tenqms
769 4096 1049 4164 ﬁguratum
1073 4102 1173 4155 est,
1203 4100 1253 4145 et
1277 4092 1413 4161 quod
1446 4094 1545 4143 sub
1576 4096 1803 4160 .\postO«

224 4197 284 4248 lis
312 4193 522 4254 habuit,
554 4200 607 4243 ct
649 4187 787 4258 quod
816 4200 956 4240 nunc
986 4185 1141 4238 habet
1173 4182 1424 4236 Ecclesia.
1456 4182 1804 4251 Temporibus

223 4287 397 4354 itaque
444 4281 822 4351 Apostolorum
876 4285 929 4330 et
975 4285 1263 4345 martyrum
1314 4274 1437 4326 illud
1485 4274 1803 4342 implebatur

224 4377 356 4445 quod
407 4376 683 4445 ﬁguratum
728 4381 810 4426 est
837 4413 851 4436 ,
883 4369 1094 4439 quando
1122 4384 1213 4423 rex
1244 4376 1564 4421 memoratus
1608 4370 1719 4435 pios
1748 4377 1801 4422 et

220 4471 387 4537 justus
422 4465 646 4536 Cogebat
671 4462 893 4515 adorare
921 4461 1258 4513 simulacrum
1291 4498 1303 4519 ,
1336 4468 1386 4511 et
1413 4467 1718 4511 recusantes
1751 4461 1799 4513 in

226 4560 486 4613 ﬂammam
528 4556 789 4609 mittebat.
826 4553 977 4607 Nunc
1011 4562 1182 4605 autem
1225 4550 1347 4603 illud
1393 4551 1801 4620 impletnrquod

229 4652 381 4720 paulo
412 4659 529 4718 post
556 4651 607 4701 in
634 4648 823 4702 eodem
860 4660 980 4713 rege
1010 4646 1284 4709 figuratum
1310 4650 1412 4707 est,
1438 4660 1555 4696 cum
1578 4659 1801 4697 conver-

227 4758 314 4795 sus
340 4742 406 4794 ad
443 4738 813 4794 honorandum
848 4736 1008 4788 Deum
1039 4749 1255 4795 verum,
1286 4733 1516 4787 decrevit
1548 4734 1596 4786 in
1641 4748 1803 4803 regno

226 4850 319 4887 suo
346 4844 404 4887 ut
430 4834 751 4902 quicumque
776 4828 1161 4897 blasphemarct
1198 4828 1354 4878 Deum
1388 4826 1589 4891 Sidrae,
1620 4827 1797 4891 illisae,

228 4940 276 4983 et
307 4928 613 4994 Abdenago,
650 4924 819 4993 pcenis
844 4921 1034 4974 debitis
1058 4918 1354 4986 subiaceret
1390 4918 1553 4987 (Dan.
1576 4935 1649 4981 ιιι,
1676 4920 1798 4987 9(3).

230 5020 377 5073 Prius
406 5034 531 5087 ergo
563 5026 774 5083 tempus
803 5014 938 5066 illius
962 5012 1098 5079 regis
1124 5010 1449 5079 significabat
1472 5029 1517 5078 p:
1536 5011 1643 5063 iora
1672 5020 1803 5064 tem-

230 5127 351 5177 pora
380 5124 563 5178 regum
598 5105 910 5165 inﬁdelium,
938 5116 1069 5171 quos
1094 5102 1230 5168 passi
1252 5110 1373 5155 sunt
1396 5101 1674 5153 (Lhristiani
1710 5118 1802 5169 pro

230 5203 401 5269 impiis
427 5217 440 5266 ;
472 5199 737 5270 posterius
766 5211 890 5249 vero
922 5204 1127 5264 tempus
1152 5191 1288 5245 illius
1324 5193 1461 5262 regis
1492 5195 1819 5262 signiﬁcavit

231 5303 464 5362 tempora
498 5291 849 5361 posteriorum
882 5301 1060 5354 regum
1091 5285 1197 5353 jam
1232 5284 1461 5337 ﬁdelium
1489 5326 1502 5349 ,
1541 5300 1672 5354 quos
1714 5302 1804 5354 pa-

232 5386 430 5439 tiuntur
452 5383 593 5451 impii
627 5395 721 5449 pro
750 5377 1080 5431 (Ihrbtianis.

302 5481 389 5533 10.
432 5475 535 5532 Sed
559 5476 715 5546 plane
745 5474 793 5524 in
823 5473 901 5523 eis
927 5471 1011 5536 qui
1044 5468 1143 5521 sub
1169 5469 1380 5522 nomine
1411 5468 1604 5521 Christi
1625 5480 1804 5522 errant

236 5573 434 5626 seducti
460 5587 489 5623 a
520 5566 786 5639 perversis
806 5606 820 5628 ,
855 5581 919 5616 ne
947 5563 1081 5617 forte
1108 5577 1235 5615 oves
1259 5560 1453 5615 Christi
1486 5562 1587 5614 sint
1618 5578 1801 5615 erran-

233 5675 331 5731 tes,
374 5672 429 5719 et
465 5663 529 5716 ad
555 5674 769 5731 gregem
803 5656 977 5709 taliter
1006 5654 1313 5708 revocanda.-
1341 5654 1445 5707 sint
1466 5694 1478 5716 ,
1517 5664 1804 5723 temperata

296 5846 313 5875 ¹
332 5854 433 5895 ιω.
457 5841 567 5894 ead.
587 5848 662 5889 cr.
683 5843 830 5887 eius.
859 5850 960 5900 ει,

1400 398 1880 459 EPISTOLARUM
1917 404 2186 466 CLASSIS
2220 407 2284 467 ll.

3397 425 3497 482 526

1927 522 2184 579 severitas
2212 535 2265 580 et
2308 530 2473 598 magis
2516 532 2863 588 mansuetudo
2904 544 3145 590 servatur
3167 579 3180 603 ,
3211 546 3269 592 ut
3292 542 3492 594 coerci-

1931 612 2070 667 tione
2098 617 2400 673 exsiliornm
2428 629 2585 692 atque
2613 622 2946 688 damnorum,
2971 624 3354 683 admoneamur
3377 645 3477 684 con

1926 704 2159 760 siderare
2186 710 2309 779 quid
2335 722 2382 766 et
2414 730 2574 782 quare
2596 716 2873 785 patiantur,
2895 728 2949 773 et
2970 718 3173 775 discant
3193 738 3497 790 praeponere

1926 802 2225 855 rumoribus
2253 814 2305 857 et
2329 806 2605 864 calumniis
2637 810 2906 865 hominum
2935 812 3233 881 Scripturas
3263 831 3391 884 quas
3419 816 3494 869 le-

1923 902 2069 957 gnnt.
2104 890 2231 958 Quis
2264 896 2404 949 enim
2446 909 2706 967 nostrum,
2750 903 2867 971 quis
2911 912 3141 965 vestrum
3185 921 3289 958 non
3318 904 3497 961 laudat

1923 980 2065 1050 leges
2096 984 2162 1037 ab
2192 986 2595 1055 imperatoribus
2624 991 2773 1049 datas
2812 994 3065 1051 adversus
3093 997 3351 1051 sacriﬁcia
3393 998 3494 1051 Pa-

1920 1085 2176 1140 ganornm
2203 1073 2225 1127 ?
2260 1077 2319 1129 lit
2344 1088 2487 1132 certe
2513 1079 2665 1150 iunge
2692 1082 2760 1135 ibi
2780 1100 2930 1152 pruna
2949 1085 3183 1139 severior
3211 1087 3493 1151 constituta

1922 1172 2035 1229 est;
2067 1165 2202 1219 illius
2233 1169 2424 1238 quippe
2466 1171 2745 1240 impietatis
2774 1177 2997 1244 capitale
3039 1178 3352 1248 Supplicium
3392 1189 3492 1234 est.

1921 1255 1994 1308 De
2038 1258 2187 1313 vobis
2214 1268 2389 1314 autem
2419 1264 2769 1332 corripiendis
2797 1278 2955 1336 atque
2984 1270 3291 1325 coercendis
3321 1270 3493 1324 habita

1922 1350 2056 1402 ratio
2081 1361 2182 1417 est,
2213 1368 2316 1421 quo
2348 1356 2521 1422 potius
2547 1356 2959 1414 admoneremiui
2990 1363 3057 1416 ab
3095 1378 3274 1418 errore
3317 1364 3493 1418 disce-

1920 1438 2064 1502 dere,
2094 1456 2250 1509 quam
2284 1460 2377 1512 pro
2407 1447 2608 1501 scelere
2642 1450 2976 1518 puniremini.
3012 1452 3189 1507 Potest
3213 1454 3352 1507 enim
3381 1454 3488 1508 for—

1921 1538 2061 1585 tasse
2082 1533 2237 1586 etiam
2253 1535 2318 1587 de
2335 1538 2477 1591 vobis
2495 1539 2595 1591 dici
2612 1541 2748 1609 quod
2778 1542 2848 1595 ait
2871 1544 3149 1611 Apostolus
3172 1546 3236 1599 de
3253 1546 3449 1601 indicis
3475 1566 3486 1599 :

1917 1620 2276 1678 Testimonium
2308 1628 2409 1682 illis
2445 1631 2675 1699 per/(ibeo
2702 1634 2817 1702 quia
2852 1635 3013 1687 zelum
3044 1636 3134 1688 Dei
3159 1639 3372 1704 habent,
3407 1642 3494 1693 sed

1918 1731 2014 1767 non
2042 1720 2311 1771 secundum
2337 1722 2617 1777 scientiam.
2655 1722 2949 1795 Ignorantcs
2975 1729 3102 1780 enim
3133 1728 3225 1781 Dei
3240 1731 3492 1798 justitiam

1916 1810 1961 1850 et
1994 1814 2133 1851 suam
2159 1804 2374 1856 volentes
2401 1808 2715 1871 constituere,
2744 1810 2962 1879 justitiar
2980 1809 3077 1864 Dei
3106 1829 3203 1865 non
3236 1825 3350 1865 sunt
3375 1817 3490 1867 sub-

1907 1889 2032 1959 jecti
2082 1891 2270 1963 (Rom.
2298 1911 2355 1961 x,
2384 1895 2436 1959 2,
2464 1894 2550 1970 5).
2584 1900 2717 1963 Quid
2757 1902 2895 1954 enim
2941 1902 3079 1956 aliud
3122 1913 3172 1958 et
3201 1921 3294 1959 vos
3334 1922 3489 1975 quam

1916 1991 2144 2036 vestram
2171 1984 2427 2053 justitiam
2456 1990 2612 2043 vultis
2637 1992 2978 2060 constituere,
3008 1994 3217 2063 quando
3239 2012 3341 2049 non
3365 1998 3495 2050 dici-

1918 2076 1981 2125 tis
2002 2074 2280 2143 justiﬁcari
2306 2079 2404 2131 nisi
2432 2096 2523 2134 cos
2551 2084 2638 2151 qui
2668 2098 2694 2136 a
2723 2085 2873 2138 vobis
2903 2089 3167 2152 potuerint
3197 2088 3445 2156 baptizari
3471 2090 3493 2143 ?

1914 2162 1968 2216 lu
1997 2164 2094 2218 hac
2122 2184 2246 2235 ergo
2266 2172 2555 2237 apostolica
2582 2176 2837 2227 sententia
2866 2190 3021 2243 quam
3050 2176 3115 2229 de
3143 2176 3342 2231 Jndatis
3367 2196 3488 2245 pro-

1918 2258 2065 2321 tulit,
2098 2258 2195 2313 hoc
2224 2261 2428 2317 tlislatis
2456 2279 2484 2316 τι
2515 2264 2709 2318 iudicis
2730 2307 2744 2329 ,
2778 2267 2915 2334 quod
2952 2282 3044 2318 vos
3076 2268 3277 2323 habetis
3306 2272 3492 2322 Sacra-

1922 2360 2096 2403 menta
2123 2352 2405 2407 ehristiana
2428 2397 2443 2421 ,
2473 2356 2662 2424 quibus
2695 2358 2763 2410 illi
2786 2358 2958 2412 adlmc
2996 2372 3195 2413 carent.
3233 2360 3492 2417 Caeterum

1914 2441 1977 2492 ad
2012 2443 2108 2495 hoc
2134 2445 2271 2511 quod
2297 2446 2387 2509 ait,
2425 2444 2719 2515 lgnorantes
2747 2448 2845 2501 Dei
2872 2451 3144 2519 justitiam,
3173 2462 3215 2504 et
3241 2470 3381 2505 suam
3405 2469 3491 2506 vo-

1916 2531 2069 2584 lentes
2104 2536 2400 2588 constituere
2419 2578 2430 2597 ,
2470 2546 2523 2591 et
2550 2538 2689 2607 quod
2711 2540 2875 2591 zelum
2901 2540 2995 2593 Dei
3023 2542 3202 2594 habnt
3228 2585 3240 2603 ,
3277 2544 3363 2595 secl
3396 2561 3494 2597 non

1915 2622 2187 2675 secundum
2209 2626 2485 2691 scientiam,
2513 2642 2664 2695 pares
2691 2628 2817 2681 estis
2848 2632 3086 2696 omnino,
3109 2634 3339 2700 exceptis
3362 2632 3495 2685 dun-

1916 2720 2058 2766 laXul
2088 2714 2212 2778 illis,
2243 2718 2558 2787 quicumque
2583 2718 2635 2771 in
2663 2719 2810 2772 vobis
2838 2729 2960 2773 sunt
2989 2723 3216 2775 scientes
3245 2722 3367 2793 quid
3402 2739 3491 2775 ve-

1918 2817 2033 2855 rum
2060 2804 2162 2867 sit,
2194 2814 2245 2859 et
2284 2822 2377 2875 pro
2406 2809 2740 2863 animositate
2772 2826 2878 2863 suae
2910 2814 3288 2879 perversitatis,
3309 2826 3491 2869 contra

1916 2895 2192 2950 veritatem
2227 2899 2383 2951 etiam
2416 2898 2512 2951 sibi
2543 2901 2867 2953 notissimam
2917 2902 3247 2956 dimicantes.
3289 2904 3487 2957 llorutn

1913 2988 2107 3056 quippe
2130 2989 2393 3057 impietas,
2423 2991 2577 3044 etiam
2603 2991 2949 3049 idololatriam
2966 2992 3182 3046 forsitan
3205 3004 3417 3063 superat
3443 2996 3481 3049 ⁸.

1914 3078 2018 3133 Sed
2048 3081 2166 3147 quia
2193 3098 2294 3133 non
2325 3082 2476 3134 facile
2498 3083 2737 3136 convinci
2769 3094 2986 3151 possunt
3016 3084 3101 3153 (in
3134 3085 3311 3136 anitno
3335 3102 3487 3138 nam-

1913 3186 2017 3239 que
2058 3173 2179 3224 latet
2210 3173 2309 3225 hoc
2338 3173 2555 3240 malum)
2574 3216 2588 3238 ,
2614 3190 2798 3226 onmes
2822 3184 3069 3243 tanquam
3097 3192 3125 3227 a
3146 3176 3294 3229 nobis
3318 3175 3490 3230 minus

1914 3262 2073 3315 alieni
2101 3264 2141 3326 ',
2172 3263 2361 3317 leniori
2392 3266 2673 3319 severitate
2701 3268 3038 3320 eoercemini.
3064 3268 3123 3320 Et
3143 3270 3239 3319 hoc
3256 3267 3485 3335 quidem,

1914 3354 1993 3408 vel
2025 3354 2091 3408 de
2122 3356 2367 3410 omnibus
2396 3356 2678 3421 hzrrcticis,
2697 3358 2785 3426 qui
2811 3357 3112 3410 christianis
3135 3359 3492 3412 Sacramentis

1914 3445 2250 3510 imbuuntur,
2284 3456 2336 3501 et
2361 3464 2387 3498 a
2413 3446 2606 3501 Christi
2638 3450 2859 3502 veritate
2903 3450 3013 3503 sive
3050 3451 3249 3504 unitate
3278 3450 3488 3505 dissen-

1914 3537 2068 3601 tiunt,
2097 3538 2176 3591 vel
2207 3539 2487 3593 Donatistis
2515 3540 2758 3593 omnibus
2784 3541 3026 3593 dixerim.

1987 3630 2073 3681 ll.
2119 3629 2269 3695 Quod
2297 3639 2471 3685 autem
2492 3630 2554 3683 ad
2587 3646 2681 3684 vos
2711 3633 2917 3696 attinet,
2947 3634 3033 3701 qui
3054 3647 3155 3685 nan
3178 3635 3346 3686 solum
3366 3648 3485 3687 cum

1912 3721 2016 3773 illis
2057 3723 2411 3776 communiter
2452 3724 2736 3777 Donatistae
2775 3739 2802 3776 a
2845 3725 3070 3790 Donato,
3114 3741 3291 3778 verum
3330 3727 3485 3778 etiam

1918 3813 2125 3880 proprie
2179 3813 2461 3881 liogatistac
2507 3829 2536 3867 a
2590 3815 2790 3884 Rogato
2838 3818 3210 3884 appellatniti,
3252 3817 3488 3871 mitiores

1913 3903 2128 3971 quidem
2167 3920 2283 3957 esse
2322 3905 2603 3967 videmini,
2650 3907 2771 3975 quia
2820 3921 2940 3959 cum
2990 3908 3487 3964 CirCtmcellionnm

1912 3993 2307 4048 immanissimis
2328 3996 2572 4064 gregibus
2600 4011 2705 4049 non
2745 3997 2941 4050 saevitis
2965 4015 2975 4059 ;
3002 3997 3093 4049 sed
3124 3998 3261 4049 nulla
3294 3999 3484 4066 bestia,

1912 4085 1954 4138 si
1979 4086 2244 4139 neminem
2265 4088 2519 4151 vulneret,
2545 4097 2816 4156 propterea
2845 4100 3113 4139 mansuma
3145 4090 3344 4153 dicitur,
3365 4093 3485 4159 quia

1910 4174 2096 4228 dentes
2127 4186 2179 4228 et
2204 4192 2407 4245 ungues
2433 4191 2536 4230 non
2568 4176 2744 4229 habet.
2776 4177 2975 4230 vail'e
3008 4192 3100 4230 γωδ
3124 4179 3259 4230 noue
3280 4179 3481 4243 dicitis;

1909 4282 2007 4335 ego
2036 4282 2137 4319 non
2170 4284 2325 4337 posse
2350 4270 2599 4322 arbitror.
2630 4269 2699 4323 Ita
2729 4271 2868 4322 enim
2894 4272 3019 4323 estis
3043 4285 3260 4323 numero
3287 4273 3481 4341 exigui,

1913 4365 1968 4411 ut
1990 4372 2204 4411 movere
2226 4373 2320 4411 vos
2345 4368 2528 4411 contra
2559 4359 2888 4415 adversarias
2931 4360 3079 4413 vobis
3121 4363 3495 4418 multitudines

1909 4464 2014 4503 non
2037 4451 2295 4513 audeatis,
2339 4455 2437 4505 etsi
2473 4454 2715 4520 cupiatis.
2747 4452 2851 4506 Sed
2902 4467 3155 4521 penamtzs
3198 4470 3292 4507 vos
3324 4457 3484 4511 etiam
3518 4444 3525 4449 ’

1913 4545 2052 4599 nolle
2095 4546 2234 4613 quod
2281 4559 2383 4598 non
2423 4546 2641 4609 valetis;
2695 4561 2950 4615 immitius
3000 4562 3091 4599 vos
3133 4549 3501 4617 evangelicum-

1912 4638 2225 4690 sententiam
2255 4653 2355 4706 qua
2383 4640 2634 4707 scriptum
2661 4648 2759 4700 est,
2791 4637 2852 4691 Si
2880 4639 2990 4707 quis
3015 4640 3101 4691 tibi
3120 4641 3329 4693 roluerit
3349 4643 3484 4695 timi-

1910 4746 2019 4782 cam
2042 4730 2214 4783 tollere
2247 4740 2289 4782 et
2322 4731 2519 4801 judicio
2550 4742 2708 4782 tecum
2737 4732 3053 4794 contendere,
3092 4730 3283 4784 dimitte
3318 4733 3413 4785 illi
3439 4745 3489 4787 et

1912 4822 2127 4891 pallium
2155 4822 2366 4892 (Matth.
2400 4840 2448 4875 v.
2476 4824 2568 4891 40)
2588 4864 2601 4886 ,
2625 4823 2701 4876 sic
2725 4824 3016 4893 intelligere
3037 4866 3050 4888 ,
3074 4825 3149 4878 sie
3180 4836 3358 4879 tenere
3388 4865 3403 4888 ,
3429 4836 3495 4880 ut

1914 4916 2356 4983 persequentibus
2397 4930 2491 4968 Vos
2523 4930 2625 4967 non
2665 4915 2836 4968 solum
2876 4918 3021 4970 nulla
3059 4918 3266 4985 injuria,
3300 4930 3485 4970 verum

1910 5010 2068 5060 etiam
2105 5008 2244 5059 nullo
2279 5008 2400 5075 jure
2429 5007 2776 5061 resistendum
2811 5009 3028 5077 putetis;
3066 5008 3206 5063 hunc
3229 5008 3481 5062 certoin-

1912 5100 2182 5152 tellectum
2212 5100 2441 5167 liogatns
2471 5108 2653 5153 auctor
2679 5110 2873 5165 vester,
2908 5110 2996 5152 aut
3027 5116 3128 5152 non
3163 5100 3357 5162 habuit,
3394 5109 3483 5153 aut

1916 5208 2017 5245 non
2052 5190 2321 5259 implevit,
2350 5191 2437 5258 qui
2467 5189 2534 5245 de
2573 5192 2751 5245 nescio
2780 5192 2969 5260 quibus
3001 5190 3183 5254 rebus,
3221 5201 3273 5243 ut
3312 5191 3484 5243 dicitis

1916 5282 2125 5346 vestris,
2152 5282 2407 5334 acerrima
2447 5283 2870 5350 perseverantia,
2902 5266 3056 5334 etiam
3088 5280 3279 5333 forensi
3312 5280 3483 5332 disce-
3566 5269 3577 5287 ¹

1916 5375 2147 5444 ptatione
2175 5373 2429 5426 conﬂixit.
2459 5372 2549 5425 Cui
2574 5374 2616 5427 si
2647 5373 2930 5438 diceretur,
2958 5373 3081 5437 Quis
3103 5388 3329 5439 iniquam
3353 5373 3488 5439 Apo-

1916 5471 2169 5525 stolorum
2201 5470 2249 5522 in
2281 5484 2436 5522 causa
2470 5468 2612 5532 ﬁdei,
2648 5482 2734 5522 res
2761 5483 2885 5521 suas
2909 5467 3112 5534 judicio
3153 5465 3359 5533 publico
3394 5465 3485 5516 dc-

1975 5590 2005 5653 1_
2021 5593 2129 5653 uss.
2161 5588 2382 5653 quinque
2399 5583 2512 5653 Gali.
2534 5590 2741 5653 :Contrq
3017 5578 3165 5653 etimit
3180 5578 3499 5653 impietatem

1915 5644 2208 5711 defendunt,
2236 5644 2342 5711 qua;
2365 5644 2685 5714 idololatria!"
2711 5644 2911 5714 forsitan
2935 5650 3144 5714 supcrat.
3171 5644 3323 5714 )‘atic.
3350 5650 3454 5714 tres
3470 5654 3499 5711 :7-

1913 5704 2085 5760 Foittru
2116 5704 2358 5759 veritatem
2381 5708 2520 5758 etiam
2537 5706 2627 5757 sibi
2640 5704 2933 5756 notissimam
2952 5704 3248 5763 dimiwntes,
3269 5704 3491 5767 impietuo'

1914 5780 2008 5837 mn
2030 5771 2309 5835 defendunt.
2330 5782 2509 5821 norum
2537 5768 2725 5832 quippe,
2748 5775 2843 5817 etc.
2875 5825 2917 5837 η
3008 5824 3019 5835 ,
3074 5826 3087 5836 υ
3170 5827 3198 5837 η

1981 5827 2207 5883 ’ωδεω
2234 5827 2783 5894 Mss.:'lanquhmitona
2808 5827 2941 5879 nobis
