  <div class='ocr_page' id='page_1' title='image "/cluster/home/n/w/nwhite01/storage/ocr_20150623/33/hvd.32044015471451/170.png"; bbox 0 0 4090 6356; ppageno 0'>
   <div class='ocr_carea' id='block_1_1' title="bbox 1084 322 1125 333">
    <p class='ocr_par' dir='ltr' id='par_1_1' title="bbox 1084 322 1125 333">
     <span class='ocr_line' id='line_1_1' title="bbox 1084 322 1125 333; baseline 0 -2"><span class='ocrx_word' id='word_1_1' title='bbox 1084 322 1125 333; x_wconf 61' lang='grc' dir='ltr'><strong>,ρ</strong></span> 
     </span>
    </p>
   </div>
   <div class='ocr_carea' id='block_1_2' title="bbox 251 362 354 420">
    <p class='ocr_par' dir='ltr' id='par_1_2' title="bbox 251 362 354 420">
     <span class='ocr_line' id='line_1_2' title="bbox 251 362 354 420; baseline 0.019 -2"><span class='ocrx_word' id='word_1_2' title='bbox 251 362 354 420; x_wconf 67' lang='grc'><strong>899</strong></span> 
     </span>
    </p>
   </div>
   <div class='ocr_carea' id='block_1_3' title="bbox 256 473 1847 542">
    <p class='ocr_par' dir='ltr' id='par_1_3' title="bbox 256 473 1847 542">
     <span class='ocr_line' id='line_1_3' title="bbox 256 473 1847 542; baseline -0.001 -8"><span class='ocrx_word' id='word_1_3' title='bbox 256 483 461 534; x_wconf 85' lang='lat' dir='ltr'><strong>satores</strong></span> <span class='ocrx_word' id='word_1_4' title='bbox 509 473 720 533; x_wconf 85' lang='lat' dir='ltr'><strong>etiamsi</strong></span> <span class='ocrx_word' id='word_1_5' title='bbox 767 481 1046 542; x_wconf 80' lang='lat' dir='ltr'><strong>noverant,</strong></span> <span class='ocrx_word' id='word_1_6' title='bbox 1089 482 1264 529; x_wconf 88' lang='lat' dir='ltr'><strong>tamen</strong></span> <span class='ocrx_word' id='word_1_7' title='bbox 1309 473 1388 530; x_wconf 90' lang='lat' dir='ltr'><strong>eis</strong></span> <span class='ocrx_word' id='word_1_8' title='bbox 1428 474 1710 532; x_wconf 82' lang='lat' dir='ltr'><strong>ostendere</strong></span> <span class='ocrx_word' id='word_1_9' title='bbox 1738 492 1847 532; x_wconf 90' lang='lat' dir='ltr'><strong>non</strong></span> 
     </span>
    </p>
   </div>
   <div class='ocr_carea' id='block_1_4' title="bbox 260 566 1842 639">
    <p class='ocr_par' dir='ltr' id='par_1_4' title="bbox 260 566 1842 639">
     <span class='ocr_line' id='line_1_4' title="bbox 260 566 1842 639; baseline -0.001 -15"><span class='ocrx_word' id='word_1_10' title='bbox 260 569 539 625; x_wconf 84' lang='lat' dir='ltr'><strong>valebant?</strong></span> <span class='ocrx_word' id='word_1_11' title='bbox 570 569 678 624; x_wconf 83' lang='lat' dir='ltr'><strong>llos</strong></span> <span class='ocrx_word' id='word_1_12' title='bbox 717 584 844 639; x_wconf 89' lang='lat' dir='ltr'><strong>ergo</strong></span> <span class='ocrx_word' id='word_1_13' title='bbox 872 568 938 623; x_wconf 90' lang='lat' dir='ltr'><strong>ab</strong></span> <span class='ocrx_word' id='word_1_14' title='bbox 976 568 1079 622; x_wconf 90' lang='lat' dir='ltr'><strong>hoc</strong></span> <span class='ocrx_word' id='word_1_15' title='bbox 1108 566 1330 622; x_wconf 82' lang='lat' dir='ltr'><strong>crimine</strong></span> <span class='ocrx_word' id='word_1_16' title='bbox 1356 566 1669 622; x_wconf 80' lang='lat' dir='ltr'><strong>innocentes</strong></span> <span class='ocrx_word' id='word_1_17' title='bbox 1703 582 1842 635; x_wconf 88' lang='lat' dir='ltr'><strong>esse,</strong></span> 
     </span>
    </p>
   </div>
   <div class='ocr_carea' id='block_1_5' title="bbox 258 658 1846 732">
    <p class='ocr_par' dir='ltr' id='par_1_5' title="bbox 258 658 1846 732">
     <span class='ocr_line' id='line_1_5' title="bbox 258 658 1846 732; baseline -0.001 -17"><span class='ocrx_word' id='word_1_18' title='bbox 258 677 447 732; x_wconf 89' lang='lat' dir='ltr'><strong>nempe</strong></span> <span class='ocrx_word' id='word_1_19' title='bbox 491 661 604 731; x_wconf 91' lang='lat' dir='ltr'><strong>ipsa</strong></span> <span class='ocrx_word' id='word_1_20' title='bbox 645 660 939 732; x_wconf 77' lang='lat' dir='ltr'><strong>ignorantia</strong></span> <span class='ocrx_word' id='word_1_21' title='bbox 982 660 1226 715; x_wconf 78' lang='lat' dir='ltr'><strong>facillime</strong></span> <span class='ocrx_word' id='word_1_22' title='bbox 1273 658 1523 715; x_wconf 85' lang='lat' dir='ltr'><strong>ostendit.</strong></span> <span class='ocrx_word' id='word_1_23' title='bbox 1571 659 1677 714; x_wconf 91' lang='lat' dir='ltr'><strong>Cur</strong></span> <span class='ocrx_word' id='word_1_24' title='bbox 1717 672 1846 729; x_wconf 88' lang='lat' dir='ltr'><strong>ergo</strong></span> 
     </span>
    </p>
   </div>
   <div class='ocr_carea' id='block_1_6' title="bbox 257 751 1844 822">
    <p class='ocr_par' dir='ltr' id='par_1_6' title="bbox 257 751 1844 822">
     <span class='ocr_line' id='line_1_6' title="bbox 257 751 1844 822; baseline 0.001 -15"><span class='ocrx_word' id='word_1_25' title='bbox 257 754 565 809; x_wconf 78' lang='lat' dir='ltr'><strong>innocentes</strong></span> <span class='ocrx_word' id='word_1_26' title='bbox 590 753 735 809; x_wconf 89' lang='lat' dir='ltr'><strong>falsis</strong></span> <span class='ocrx_word' id='word_1_27' title='bbox 764 753 1077 808; x_wconf 86' lang='lat' dir='ltr'><strong>criminibus</strong></span> <span class='ocrx_word' id='word_1_28' title='bbox 1104 762 1440 819; x_wconf 86' lang='lat' dir='ltr'><strong>accusantur,</strong></span> <span class='ocrx_word' id='word_1_29' title='bbox 1468 752 1589 822; x_wconf 87' lang='lat' dir='ltr'><strong>quia</strong></span> <span class='ocrx_word' id='word_1_30' title='bbox 1619 751 1844 808; x_wconf 85' lang='lat' dir='ltr'><strong>crimina</strong></span> 
     </span>
    </p>
   </div>
   <div class='ocr_carea' id='block_1_7' title="bbox 254 842 1845 911">
    <p class='ocr_par' dir='ltr' id='par_1_7' title="bbox 254 842 1845 911">
     <span class='ocr_line' id='line_1_7' title="bbox 254 842 1845 911; baseline 0.001 -15"><span class='ocrx_word' id='word_1_31' title='bbox 254 844 429 899; x_wconf 85' lang='lat' dir='ltr'><strong>aliena</strong></span> <span class='ocrx_word' id='word_1_32' title='bbox 449 860 544 899; x_wconf 90' lang='lat' dir='ltr'><strong>seu</strong></span> <span class='ocrx_word' id='word_1_33' title='bbox 573 842 705 899; x_wconf 89' lang='lat' dir='ltr'><strong>falsa</strong></span> <span class='ocrx_word' id='word_1_34' title='bbox 729 859 824 900; x_wconf 90' lang='lat' dir='ltr'><strong>seu</strong></span> <span class='ocrx_word' id='word_1_35' title='bbox 845 859 969 899; x_wconf 90' lang='lat' dir='ltr'><strong>vera</strong></span> <span class='ocrx_word' id='word_1_36' title='bbox 990 842 1336 899; x_wconf 85' lang='lat' dir='ltr'><strong>nescierunt?</strong></span> <span class='ocrx_word' id='word_1_37' title='bbox 1364 842 1494 911; x_wconf 85' lang='lat' dir='ltr'><strong>Quis</strong></span> <span class='ocrx_word' id='word_1_38' title='bbox 1521 843 1669 898; x_wconf 92' lang='lat' dir='ltr'><strong>locus</strong></span> <span class='ocrx_word' id='word_1_39' title='bbox 1692 843 1845 897; x_wconf 84' lang='lat' dir='ltr'><strong>inno-</strong></span> 
     </span>
    </p>
   </div>
   <div class='ocr_carea' id='block_1_8' title="bbox 254 934 1844 1005">
    <p class='ocr_par' dir='ltr' id='par_1_8' title="bbox 254 934 1844 1005">
     <span class='ocr_line' id='line_1_8' title="bbox 254 934 1844 1005; baseline 0.001 -16"><span class='ocrx_word' id='word_1_40' title='bbox 254 936 441 990; x_wconf 78' lang='lat' dir='ltr'><strong>centiae</strong></span> <span class='ocrx_word' id='word_1_41' title='bbox 484 944 805 1003; x_wconf 73' lang='lat' dir='ltr'><strong>reservatur,</strong></span> <span class='ocrx_word' id='word_1_42' title='bbox 853 936 897 991; x_wconf 91' lang='lat' dir='ltr'><strong>si</strong></span> <span class='ocrx_word' id='word_1_43' title='bbox 927 936 1131 990; x_wconf 89' lang='lat' dir='ltr'><strong>crimen</strong></span> <span class='ocrx_word' id='word_1_44' title='bbox 1174 943 1253 989; x_wconf 91' lang='lat' dir='ltr'><strong>est</strong></span> <span class='ocrx_word' id='word_1_45' title='bbox 1284 934 1589 1005; x_wconf 89' lang='lat' dir='ltr'><strong>proprium,</strong></span> <span class='ocrx_word' id='word_1_46' title='bbox 1636 936 1844 991; x_wconf 88' lang='lat' dir='ltr'><strong>nescire</strong></span> 
     </span>
    </p>
   </div>
   <div class='ocr_carea' id='block_1_9' title="bbox 254 1028 1842 1099">
    <p class='ocr_par' dir='ltr' id='par_1_9' title="bbox 254 1028 1842 1099">
     <span class='ocr_line' id='line_1_9' title="bbox 254 1028 1842 1099; baseline -0.001 -16"><span class='ocrx_word' id='word_1_47' title='bbox 254 1029 462 1084; x_wconf 88' lang='lat' dir='ltr'><strong>crimen</strong></span> <span class='ocrx_word' id='word_1_48' title='bbox 493 1030 763 1084; x_wconf 82' lang='lat' dir='ltr'><strong>alienum?</strong></span> <span class='ocrx_word' id='word_1_49' title='bbox 793 1030 959 1085; x_wconf 87' lang='lat' dir='ltr'><strong>Porro</strong></span> <span class='ocrx_word' id='word_1_50' title='bbox 996 1028 1040 1084; x_wconf 91' lang='lat' dir='ltr'><strong>si</strong></span> <span class='ocrx_word' id='word_1_51' title='bbox 1073 1036 1149 1083; x_wconf 91' lang='lat' dir='ltr'><strong>tot</strong></span> <span class='ocrx_word' id='word_1_52' title='bbox 1190 1029 1425 1099; x_wconf 90' lang='lat' dir='ltr'><strong>gentium</strong></span> <span class='ocrx_word' id='word_1_53' title='bbox 1466 1028 1687 1099; x_wconf 89' lang='lat' dir='ltr'><strong>populos</strong></span> <span class='ocrx_word' id='word_1_54' title='bbox 1728 1028 1842 1097; x_wconf 87' lang='lat' dir='ltr'><strong>ipsa</strong></span> 
     </span>
    </p>
   </div>
   <div class='ocr_carea' id='block_1_10' title="bbox 256 1122 1842 1193">
    <p class='ocr_par' dir='ltr' id='par_1_10' title="bbox 256 1122 1842 1193">
     <span class='ocr_line' id='line_1_10' title="bbox 256 1122 1842 1193; baseline 0.002 -19"><span class='ocrx_word' id='word_1_55' title='bbox 256 1122 575 1193; x_wconf 73' lang='lat' dir='ltr'><strong>ignorantia,</strong></span> <span class='ocrx_word' id='word_1_56' title='bbox 600 1124 737 1178; x_wconf 89' lang='lat' dir='ltr'><strong>sicut</strong></span> <span class='ocrx_word' id='word_1_57' title='bbox 753 1123 951 1179; x_wconf 90' lang='lat' dir='ltr'><strong>dictum</strong></span> <span class='ocrx_word' id='word_1_58' title='bbox 972 1132 1076 1189; x_wconf 89' lang='lat' dir='ltr'><strong>est,</strong></span> <span class='ocrx_word' id='word_1_59' title='bbox 1094 1124 1404 1178; x_wconf 85' lang='lat' dir='ltr'><strong>innocentes</strong></span> <span class='ocrx_word' id='word_1_60' title='bbox 1419 1122 1667 1186; x_wconf 88' lang='lat' dir='ltr'><strong>ostendit,</strong></span> <span class='ocrx_word' id='word_1_61' title='bbox 1682 1136 1842 1192; x_wconf 90' lang='lat' dir='ltr'><strong>quam</strong></span> 
     </span>
    </p>
   </div>
   <div class='ocr_carea' id='block_1_11' title="bbox 254 1213 1844 1283">
    <p class='ocr_par' dir='ltr' id='par_1_11' title="bbox 254 1213 1844 1283">
     <span class='ocr_line' id='line_1_11' title="bbox 254 1213 1844 1283; baseline 0 -16"><span class='ocrx_word' id='word_1_62' title='bbox 254 1228 502 1283; x_wconf 87' lang='lat' dir='ltr'><strong>magnum</strong></span> <span class='ocrx_word' id='word_1_63' title='bbox 531 1213 733 1269; x_wconf 87' lang='lat' dir='ltr'><strong>crimen</strong></span> <span class='ocrx_word' id='word_1_64' title='bbox 761 1223 842 1269; x_wconf 90' lang='lat' dir='ltr'><strong>est</strong></span> <span class='ocrx_word' id='word_1_65' title='bbox 864 1213 933 1267; x_wconf 90' lang='lat' dir='ltr'><strong>ab</strong></span> <span class='ocrx_word' id='word_1_66' title='bbox 960 1213 1187 1269; x_wconf 90' lang='lat' dir='ltr'><strong>istorum</strong></span> <span class='ocrx_word' id='word_1_67' title='bbox 1220 1214 1581 1268; x_wconf 89' lang='lat' dir='ltr'><strong>innocentium</strong></span> <span class='ocrx_word' id='word_1_68' title='bbox 1609 1228 1844 1268; x_wconf 84' lang='lat' dir='ltr'><strong>commu-</strong></span> 
     </span>
    </p>
   </div>
   <div class='ocr_carea' id='block_1_12' title="bbox 254 1304 1841 1375">
    <p class='ocr_par' dir='ltr' id='par_1_12' title="bbox 254 1304 1841 1375">
     <span class='ocr_line' id='line_1_12' title="bbox 254 1304 1841 1375; baseline -0.001 -18"><span class='ocrx_word' id='word_1_69' title='bbox 254 1304 410 1359; x_wconf 88' lang='lat' dir='ltr'><strong>nione</strong></span> <span class='ocrx_word' id='word_1_70' title='bbox 437 1304 712 1375; x_wconf 77' lang='lat' dir='ltr'><strong>separari?</strong></span> <span class='ocrx_word' id='word_1_71' title='bbox 760 1304 889 1359; x_wconf 88' lang='lat' dir='ltr'><strong>Nam</strong></span> <span class='ocrx_word' id='word_1_72' title='bbox 921 1314 975 1360; x_wconf 91' lang='lat' dir='ltr'><strong>et</strong></span> <span class='ocrx_word' id='word_1_73' title='bbox 1021 1304 1157 1360; x_wconf 88' lang='lat' dir='ltr'><strong>facta</strong></span> <span class='ocrx_word' id='word_1_74' title='bbox 1184 1305 1492 1359; x_wconf 90' lang='lat' dir='ltr'><strong>nocentium</strong></span> <span class='ocrx_word' id='word_1_75' title='bbox 1522 1320 1639 1375; x_wconf 69' lang='lat' dir='ltr'><strong>qua:</strong></span> <span class='ocrx_word' id='word_1_76' title='bbox 1684 1305 1841 1357; x_wconf 86' lang='lat' dir='ltr'><strong>inno-</strong></span> 
     </span>
    </p>
   </div>
   <div class='ocr_carea' id='block_1_13' title="bbox 254 1395 1842 1463">
    <p class='ocr_par' dir='ltr' id='par_1_13' title="bbox 254 1395 1842 1463">
     <span class='ocr_line' id='line_1_13' title="bbox 254 1395 1842 1463; baseline 0.001 -14"><span class='ocrx_word' id='word_1_77' title='bbox 254 1395 498 1451; x_wconf 87' lang='lat' dir='ltr'><strong>centibus</strong></span> <span class='ocrx_word' id='word_1_78' title='bbox 524 1395 899 1463; x_wconf 88' lang='lat' dir='ltr'><strong>demonstrari,</strong></span> <span class='ocrx_word' id='word_1_79' title='bbox 927 1397 1009 1451; x_wconf 91' lang='lat' dir='ltr'><strong>vel</strong></span> <span class='ocrx_word' id='word_1_80' title='bbox 1040 1396 1109 1451; x_wconf 90' lang='lat' dir='ltr'><strong>ab</strong></span> <span class='ocrx_word' id='word_1_81' title='bbox 1147 1396 1521 1451; x_wconf 88' lang='lat' dir='ltr'><strong>innocentibus</strong></span> <span class='ocrx_word' id='word_1_82' title='bbox 1550 1395 1695 1451; x_wconf 90' lang='lat' dir='ltr'><strong>credi</strong></span> <span class='ocrx_word' id='word_1_83' title='bbox 1734 1409 1842 1451; x_wconf 89' lang='lat' dir='ltr'><strong>non</strong></span> 
     </span>
    </p>
   </div>
   <div class='ocr_carea' id='block_1_14' title="bbox 256 1488 1843 1561">
    <p class='ocr_par' dir='ltr' id='par_1_14' title="bbox 256 1488 1843 1561">
     <span class='ocr_line' id='line_1_14' title="bbox 256 1488 1843 1561; baseline 0 -17"><span class='ocrx_word' id='word_1_84' title='bbox 256 1498 499 1561; x_wconf 86' lang='lat' dir='ltr'><strong>possunt,</strong></span> <span class='ocrx_word' id='word_1_85' title='bbox 530 1506 637 1544; x_wconf 91' lang='lat' dir='ltr'><strong>non</strong></span> <span class='ocrx_word' id='word_1_86' title='bbox 666 1489 945 1560; x_wconf 90' lang='lat' dir='ltr'><strong>inquinant</strong></span> <span class='ocrx_word' id='word_1_87' title='bbox 969 1504 1287 1561; x_wconf 89' lang='lat' dir='ltr'><strong>quemquam</strong></span> <span class='ocrx_word' id='word_1_88' title='bbox 1308 1530 1323 1555; x_wconf 94' lang='lat'><strong>,</strong></span> <span class='ocrx_word' id='word_1_89' title='bbox 1361 1490 1405 1544; x_wconf 91' lang='lat' dir='ltr'><strong>si</strong></span> <span class='ocrx_word' id='word_1_90' title='bbox 1444 1497 1659 1559; x_wconf 87' lang='lat' dir='ltr'><strong>propter</strong></span> <span class='ocrx_word' id='word_1_91' title='bbox 1688 1488 1843 1544; x_wconf 89' lang='lat' dir='ltr'><strong>inno-</strong></span> 
     </span>
    </p>
   </div>
   <div class='ocr_carea' id='block_1_15' title="bbox 255 1579 1843 1651">
    <p class='ocr_par' dir='ltr' id='par_1_15' title="bbox 255 1579 1843 1651">
     <span class='ocr_line' id='line_1_15' title="bbox 255 1579 1843 1651; baseline 0.001 -16"><span class='ocrx_word' id='word_1_92' title='bbox 255 1581 488 1635; x_wconf 81' lang='lat' dir='ltr'><strong>centium</strong></span> <span class='ocrx_word' id='word_1_93' title='bbox 531 1581 859 1637; x_wconf 89' lang='lat' dir='ltr'><strong>consortium</strong></span> <span class='ocrx_word' id='word_1_94' title='bbox 898 1580 1057 1636; x_wconf 88' lang='lat' dir='ltr'><strong>etiam</strong></span> <span class='ocrx_word' id='word_1_95' title='bbox 1098 1581 1307 1651; x_wconf 87' lang='lat' dir='ltr'><strong>cognita</strong></span> <span class='ocrx_word' id='word_1_96' title='bbox 1335 1580 1686 1636; x_wconf 85' lang='lat' dir='ltr'><strong>sustinentur.</strong></span> <span class='ocrx_word' id='word_1_97' title='bbox 1724 1579 1843 1637; x_wconf 87' lang='lat' dir='ltr'><strong>Non</strong></span> 
     </span>
    </p>
   </div>
   <div class='ocr_carea' id='block_1_16' title="bbox 255 1671 1845 1743">
    <p class='ocr_par' dir='ltr' id='par_1_16' title="bbox 255 1671 1845 1743">
     <span class='ocr_line' id='line_1_16' title="bbox 255 1671 1845 1743; baseline 0 -15"><span class='ocrx_word' id='word_1_98' title='bbox 255 1672 395 1728; x_wconf 92' lang='lat' dir='ltr'><strong>enim</strong></span> <span class='ocrx_word' id='word_1_99' title='bbox 426 1681 643 1743; x_wconf 84' lang='lat' dir='ltr'><strong>propter</strong></span> <span class='ocrx_word' id='word_1_100' title='bbox 676 1674 847 1729; x_wconf 85' lang='lat' dir='ltr'><strong>malos</strong></span> <span class='ocrx_word' id='word_1_101' title='bbox 884 1672 1010 1728; x_wconf 91' lang='lat' dir='ltr'><strong>boni</strong></span> <span class='ocrx_word' id='word_1_102' title='bbox 1041 1671 1348 1740; x_wconf 89' lang='lat' dir='ltr'><strong>deserendi,</strong></span> <span class='ocrx_word' id='word_1_103' title='bbox 1378 1672 1473 1727; x_wconf 92' lang='lat' dir='ltr'><strong>sed</strong></span> <span class='ocrx_word' id='word_1_104' title='bbox 1504 1682 1721 1742; x_wconf 82' lang='lat' dir='ltr'><strong>propter</strong></span> <span class='ocrx_word' id='word_1_105' title='bbox 1748 1673 1845 1728; x_wconf 83' lang='lat' dir='ltr'><strong>bo-</strong></span> 
     </span>
    </p>
   </div>
   <div class='ocr_carea' id='block_1_17' title="bbox 255 1766 1837 1835">
    <p class='ocr_par' dir='ltr' id='par_1_17' title="bbox 255 1766 1837 1835">
     <span class='ocr_line' id='line_1_17' title="bbox 255 1766 1837 1835; baseline 0.001 -16"><span class='ocrx_word' id='word_1_106' title='bbox 255 1782 348 1820; x_wconf 89' lang='lat' dir='ltr'><strong>nos</strong></span> <span class='ocrx_word' id='word_1_107' title='bbox 378 1766 507 1821; x_wconf 89' lang='lat' dir='ltr'><strong>mali</strong></span> <span class='ocrx_word' id='word_1_108' title='bbox 544 1767 803 1822; x_wconf 87' lang='lat' dir='ltr'><strong>tolerandi</strong></span> <span class='ocrx_word' id='word_1_109' title='bbox 846 1777 968 1820; x_wconf 89' lang='lat' dir='ltr'><strong>sunt</strong></span> <span class='ocrx_word' id='word_1_110' title='bbox 999 1783 1011 1817; x_wconf 91' lang='lat'><strong>:</strong></span> <span class='ocrx_word' id='word_1_111' title='bbox 1042 1768 1181 1821; x_wconf 86' lang='lat' dir='ltr'><strong>sicut</strong></span> <span class='ocrx_word' id='word_1_112' title='bbox 1210 1766 1573 1821; x_wconf 88' lang='lat' dir='ltr'><strong>toleraverunt</strong></span> <span class='ocrx_word' id='word_1_113' title='bbox 1601 1766 1837 1835; x_wconf 89' lang='lat' dir='ltr'><strong>Prophe-</strong></span> 
     </span>
    </p>
   </div>
   <div class='ocr_carea' id='block_1_18' title="bbox 257 1858 1842 1929">
    <p class='ocr_par' dir='ltr' id='par_1_18' title="bbox 257 1858 1842 1929">
     <span class='ocr_line' id='line_1_18' title="bbox 257 1858 1842 1929; baseline 0.002 -18"><span class='ocrx_word' id='word_1_114' title='bbox 257 1865 343 1924; x_wconf 66' lang='grc' dir='ltr'><strong>ιω,</strong></span> <span class='ocrx_word' id='word_1_115' title='bbox 386 1867 571 1912; x_wconf 86' lang='lat' dir='ltr'><strong>contra</strong></span> <span class='ocrx_word' id='word_1_116' title='bbox 613 1875 746 1929; x_wconf 94' lang='lat' dir='ltr'><strong>quos</strong></span> <span class='ocrx_word' id='word_1_117' title='bbox 788 1868 931 1913; x_wconf 88' lang='lat' dir='ltr'><strong>tanta</strong></span> <span class='ocrx_word' id='word_1_118' title='bbox 962 1858 1226 1925; x_wconf 86' lang='lat' dir='ltr'><strong>dicebant,</strong></span> <span class='ocrx_word' id='word_1_119' title='bbox 1273 1875 1373 1915; x_wconf 92' lang='lat' dir='ltr'><strong>nec</strong></span> <span class='ocrx_word' id='word_1_120' title='bbox 1413 1859 1842 1915; x_wconf 90' lang='lat' dir='ltr'><strong>communionem</strong></span> 
     </span>
    </p>
   </div>
   <div class='ocr_carea' id='block_1_19' title="bbox 255 1951 1844 2023">
    <p class='ocr_par' dir='ltr' id='par_1_19' title="bbox 255 1951 1844 2023">
     <span class='ocr_line' id='line_1_19' title="bbox 255 1951 1844 2023; baseline 0.003 -20"><span class='ocrx_word' id='word_1_121' title='bbox 255 1962 710 2005; x_wconf 83' lang='lat' dir='ltr'><strong>sacramentorum</strong></span> <span class='ocrx_word' id='word_1_122' title='bbox 742 1951 882 2005; x_wconf 90' lang='lat' dir='ltr'><strong>illius</strong></span> <span class='ocrx_word' id='word_1_123' title='bbox 911 1951 1091 2021; x_wconf 80' lang='lat' dir='ltr'><strong>populi</strong></span> <span class='ocrx_word' id='word_1_124' title='bbox 1124 1952 1534 2023; x_wconf 88' lang='lat' dir='ltr'><strong>relinquebant;</strong></span> <span class='ocrx_word' id='word_1_125' title='bbox 1563 1954 1700 2008; x_wconf 89' lang='lat' dir='ltr'><strong>sicut</strong></span> <span class='ocrx_word' id='word_1_126' title='bbox 1730 1953 1844 2022; x_wconf 83' lang='lat' dir='ltr'><strong>ipse</strong></span> 
     </span>
    </p>
   </div>
   <div class='ocr_carea' id='block_1_20' title="bbox 254 2040 1844 2114">
    <p class='ocr_par' dir='ltr' id='par_1_20' title="bbox 254 2040 1844 2114">
     <span class='ocr_line' id='line_1_20' title="bbox 254 2040 1844 2114; baseline 0.003 -21"><span class='ocrx_word' id='word_1_127' title='bbox 254 2040 512 2096; x_wconf 87' lang='lat' dir='ltr'><strong>Dominus</strong></span> <span class='ocrx_word' id='word_1_128' title='bbox 540 2054 824 2096; x_wconf 84' lang='lat' dir='ltr'><strong>nocentem</strong></span> <span class='ocrx_word' id='word_1_129' title='bbox 860 2043 1049 2098; x_wconf 76' lang='lat' dir='ltr'><strong>ludam</strong></span> <span class='ocrx_word' id='word_1_130' title='bbox 1080 2058 1249 2113; x_wconf 88' lang='lat' dir='ltr'><strong>usque</strong></span> <span class='ocrx_word' id='word_1_131' title='bbox 1278 2043 1343 2098; x_wconf 92' lang='lat' dir='ltr'><strong>ad</strong></span> <span class='ocrx_word' id='word_1_132' title='bbox 1381 2044 1701 2114; x_wconf 90' lang='lat' dir='ltr'><strong>condignum</strong></span> <span class='ocrx_word' id='word_1_133' title='bbox 1728 2044 1844 2113; x_wconf 85' lang='lat' dir='ltr'><strong>ejus</strong></span> 
     </span>
    </p>
   </div>
   <div class='ocr_carea' id='block_1_21' title="bbox 251 2132 1843 2199">
    <p class='ocr_par' dir='ltr' id='par_1_21' title="bbox 251 2132 1843 2199">
     <span class='ocr_line' id='line_1_21' title="bbox 251 2132 1843 2199; baseline 0.003 -16"><span class='ocrx_word' id='word_1_134' title='bbox 251 2132 448 2184; x_wconf 82' lang='lat' dir='ltr'><strong>exitum</strong></span> <span class='ocrx_word' id='word_1_135' title='bbox 477 2132 746 2199; x_wconf 82' lang='lat' dir='ltr'><strong>toleravit,</strong></span> <span class='ocrx_word' id='word_1_136' title='bbox 778 2141 833 2188; x_wconf 89' lang='lat' dir='ltr'><strong>et</strong></span> <span class='ocrx_word' id='word_1_137' title='bbox 870 2149 993 2188; x_wconf 88' lang='lat' dir='ltr'><strong>eum</strong></span> <span class='ocrx_word' id='word_1_138' title='bbox 1040 2150 1248 2189; x_wconf 85' lang='lat' dir='ltr'><strong>sacram</strong></span> <span class='ocrx_word' id='word_1_139' title='bbox 1294 2149 1501 2191; x_wconf 62' lang='lat' dir='ltr'><strong>canam</strong></span> <span class='ocrx_word' id='word_1_140' title='bbox 1531 2150 1651 2189; x_wconf 92' lang='lat' dir='ltr'><strong>cum</strong></span> <span class='ocrx_word' id='word_1_141' title='bbox 1687 2135 1843 2188; x_wconf 81' lang='lat' dir='ltr'><strong>inno-</strong></span> 
     </span>
    </p>
   </div>
   <div class='ocr_carea' id='block_1_22' title="bbox 257 2221 1849 2296">
    <p class='ocr_par' dir='ltr' id='par_1_22' title="bbox 257 2221 1849 2296">
     <span class='ocr_line' id='line_1_22' title="bbox 257 2221 1849 2296; baseline 0.005 -24"><span class='ocrx_word' id='word_1_142' title='bbox 257 2221 504 2277; x_wconf 87' lang='lat' dir='ltr'><strong>centihus</strong></span> <span class='ocrx_word' id='word_1_143' title='bbox 520 2225 916 2280; x_wconf 85' lang='lat' dir='ltr'><strong>eommnnicare</strong></span> <span class='ocrx_word' id='word_1_144' title='bbox 939 2227 1179 2295; x_wconf 88' lang='lat' dir='ltr'><strong>permisit</strong></span> <span class='ocrx_word' id='word_1_145' title='bbox 1198 2242 1212 2290; x_wconf 88' lang='lat'><strong>;</strong></span> <span class='ocrx_word' id='word_1_146' title='bbox 1230 2227 1366 2280; x_wconf 88' lang='lat' dir='ltr'><strong>sicut</strong></span> <span class='ocrx_word' id='word_1_147' title='bbox 1391 2226 1685 2281; x_wconf 86' lang='lat' dir='ltr'><strong>tolerarunt</strong></span> <span class='ocrx_word' id='word_1_148' title='bbox 1704 2227 1849 2296; x_wconf 86' lang='lat' dir='ltr'><strong>Apo-</strong></span> 
     </span>
    </p>
   </div>
   <div class='ocr_carea' id='block_1_23' title="bbox 253 2314 1845 2388">
    <p class='ocr_par' dir='ltr' id='par_1_23' title="bbox 253 2314 1845 2388">
     <span class='ocr_line' id='line_1_23' title="bbox 253 2314 1845 2388; baseline 0.004 -21"><span class='ocrx_word' id='word_1_149' title='bbox 253 2314 377 2368; x_wconf 88' lang='lat' dir='ltr'><strong>stoli</strong></span> <span class='ocrx_word' id='word_1_150' title='bbox 403 2330 500 2370; x_wconf 91' lang='lat' dir='ltr'><strong>cos</strong></span> <span class='ocrx_word' id='word_1_151' title='bbox 534 2317 624 2386; x_wconf 87' lang='lat' dir='ltr'><strong>qui</strong></span> <span class='ocrx_word' id='word_1_152' title='bbox 656 2332 751 2386; x_wconf 90' lang='lat' dir='ltr'><strong>per</strong></span> <span class='ocrx_word' id='word_1_153' title='bbox 778 2318 1051 2385; x_wconf 82' lang='lat' dir='ltr'><strong>invidiam,</strong></span> <span class='ocrx_word' id='word_1_154' title='bbox 1079 2318 1219 2388; x_wconf 90' lang='lat' dir='ltr'><strong>quod</strong></span> <span class='ocrx_word' id='word_1_155' title='bbox 1248 2318 1410 2388; x_wconf 78' lang='lat' dir='ltr'><strong>ipsius</strong></span> <span class='ocrx_word' id='word_1_156' title='bbox 1435 2317 1633 2373; x_wconf 89' lang='lat' dir='ltr'><strong>diaboli</strong></span> <span class='ocrx_word' id='word_1_157' title='bbox 1660 2319 1845 2373; x_wconf 84' lang='lat' dir='ltr'><strong>vitium</strong></span> 
     </span>
    </p>
   </div>
   <div class='ocr_carea' id='block_1_24' title="bbox 254 2406 1849 2483">
    <p class='ocr_par' dir='ltr' id='par_1_24' title="bbox 254 2406 1849 2483">
     <span class='ocr_line' id='line_1_24' title="bbox 254 2406 1849 2483; baseline 0.004 -23"><span class='ocrx_word' id='word_1_158' title='bbox 254 2416 354 2473; x_wconf 89' lang='lat' dir='ltr'><strong>est,</strong></span> <span class='ocrx_word' id='word_1_159' title='bbox 380 2406 658 2464; x_wconf 86' lang='lat' dir='ltr'><strong>Christum</strong></span> <span class='ocrx_word' id='word_1_160' title='bbox 684 2411 1071 2464; x_wconf 89' lang='lat' dir='ltr'><strong>annuntiabant</strong></span> <span class='ocrx_word' id='word_1_161' title='bbox 1095 2409 1352 2483; x_wconf 80' lang='lat' dir='ltr'><strong>(Philipp.</strong></span> <span class='ocrx_word' id='word_1_162' title='bbox 1385 2425 1423 2476; x_wconf 82' lang='grc' dir='ltr'><strong>ι,</strong></span> <span class='ocrx_word' id='word_1_163' title='bbox 1445 2409 1668 2479; x_wconf 75' lang='grc' dir='ltr'><strong>15ο18);</strong></span> <span class='ocrx_word' id='word_1_164' title='bbox 1710 2411 1849 2466; x_wconf 84' lang='lat' dir='ltr'><strong>sicut</strong></span> 
     </span>
    </p>
   </div>
   <div class='ocr_carea' id='block_1_25' title="bbox 258 2496 1847 2573">
    <p class='ocr_par' dir='ltr' id='par_1_25' title="bbox 258 2496 1847 2573">
     <span class='ocr_line' id='line_1_25' title="bbox 258 2496 1847 2573; baseline 0.004 -23"><span class='ocrx_word' id='word_1_165' title='bbox 258 2499 507 2553; x_wconf 79' lang='lat' dir='ltr'><strong>toleravit</strong></span> <span class='ocrx_word' id='word_1_166' title='bbox 535 2496 838 2570; x_wconf 81' lang='lat' dir='ltr'><strong>Cyprianus</strong></span> <span class='ocrx_word' id='word_1_167' title='bbox 863 2501 1186 2571; x_wconf 78' lang='lat' dir='ltr'><strong>collegarum</strong></span> <span class='ocrx_word' id='word_1_168' title='bbox 1229 2502 1504 2556; x_wconf 87' lang='lat' dir='ltr'><strong>avaritiam</strong></span> <span class='ocrx_word' id='word_1_169' title='bbox 1526 2543 1539 2567; x_wconf 92' lang='lat'><strong>,</strong></span> <span class='ocrx_word' id='word_1_170' title='bbox 1570 2517 1727 2573; x_wconf 91' lang='lat' dir='ltr'><strong>quam</strong></span> <span class='ocrx_word' id='word_1_171' title='bbox 1759 2517 1847 2557; x_wconf 85' lang='lat' dir='ltr'><strong>se-</strong></span> 
     </span>
    </p>
   </div>
   <div class='ocr_carea' id='block_1_26' title="bbox 254 2589 1846 2665">
    <p class='ocr_par' dir='ltr' id='par_1_26' title="bbox 254 2589 1846 2665">
     <span class='ocr_line' id='line_1_26' title="bbox 254 2589 1846 2665; baseline 0.004 -23"><span class='ocrx_word' id='word_1_172' title='bbox 254 2589 490 2645; x_wconf 87' lang='lat' dir='ltr'><strong>cundum</strong></span> <span class='ocrx_word' id='word_1_173' title='bbox 517 2590 832 2661; x_wconf 88' lang='lat' dir='ltr'><strong>Apostolum</strong></span> <span class='ocrx_word' id='word_1_174' title='bbox 875 2593 1112 2663; x_wconf 87' lang='lat' dir='ltr'><strong>appellat</strong></span> <span class='ocrx_word' id='word_1_175' title='bbox 1138 2593 1493 2648; x_wconf 90' lang='lat' dir='ltr'><strong>idololatriam</strong></span> <span class='ocrx_word' id='word_1_176' title='bbox 1518 2592 1735 2665; x_wconf 79' lang='lat' dir='ltr'><strong>(Coloss.</strong></span> <span class='ocrx_word' id='word_1_177' title='bbox 1765 2609 1846 2662; x_wconf 84' lang='grc' dir='ltr'><strong>ιιι,</strong></span> 
     </span>
    </p>
   </div>
   <div class='ocr_carea' id='block_1_27' title="bbox 256 2682 1850 2759">
    <p class='ocr_par' dir='ltr' id='par_1_27' title="bbox 256 2682 1850 2759">
     <span class='ocr_line' id='line_1_27' title="bbox 256 2682 1850 2759; baseline 0.005 -23"><span class='ocrx_word' id='word_1_178' title='bbox 256 2682 333 2754; x_wconf 88' lang='grc'><strong>5.)</strong></span> <span class='ocrx_word' id='word_1_179' title='bbox 368 2682 650 2739; x_wconf 86' lang='lat' dir='ltr'><strong>Postremo</strong></span> <span class='ocrx_word' id='word_1_180' title='bbox 673 2686 925 2757; x_wconf 89' lang='lat' dir='ltr'><strong>quidquid</strong></span> <span class='ocrx_word' id='word_1_181' title='bbox 967 2697 1093 2742; x_wconf 92' lang='lat' dir='ltr'><strong>tunc</strong></span> <span class='ocrx_word' id='word_1_182' title='bbox 1116 2688 1255 2742; x_wconf 89' lang='lat' dir='ltr'><strong>inter</strong></span> <span class='ocrx_word' id='word_1_183' title='bbox 1292 2688 1415 2743; x_wconf 90' lang='lat' dir='ltr'><strong>illos</strong></span> <span class='ocrx_word' id='word_1_184' title='bbox 1439 2689 1718 2758; x_wconf 89' lang='lat' dir='ltr'><strong>episcopos</strong></span> <span class='ocrx_word' id='word_1_185' title='bbox 1752 2703 1850 2759; x_wconf 84' lang='lat' dir='ltr'><strong>ge-</strong></span> 
     </span>
    </p>
   </div>
   <div class='ocr_carea' id='block_1_28' title="bbox 255 2780 1849 2853">
    <p class='ocr_par' dir='ltr' id='par_1_28' title="bbox 255 2780 1849 2853">
     <span class='ocr_line' id='line_1_28' title="bbox 255 2780 1849 2853; baseline 0.006 -23"><span class='ocrx_word' id='word_1_186' title='bbox 255 2784 397 2831; x_wconf 88' lang='lat' dir='ltr'><strong>stum</strong></span> <span class='ocrx_word' id='word_1_187' title='bbox 426 2787 531 2845; x_wconf 88' lang='lat' dir='ltr'><strong>est,</strong></span> <span class='ocrx_word' id='word_1_188' title='bbox 561 2780 771 2835; x_wconf 88' lang='lat' dir='ltr'><strong>etiamsi</strong></span> <span class='ocrx_word' id='word_1_189' title='bbox 801 2782 937 2835; x_wconf 90' lang='lat' dir='ltr'><strong>forte</strong></span> <span class='ocrx_word' id='word_1_190' title='bbox 966 2781 1034 2835; x_wconf 92' lang='lat' dir='ltr'><strong>ab</strong></span> <span class='ocrx_word' id='word_1_191' title='bbox 1055 2783 1319 2853; x_wconf 89' lang='lat' dir='ltr'><strong>aliquibus</strong></span> <span class='ocrx_word' id='word_1_192' title='bbox 1346 2799 1532 2838; x_wconf 86' lang='lat' dir='ltr'><strong>eorum</strong></span> <span class='ocrx_word' id='word_1_193' title='bbox 1562 2783 1849 2850; x_wconf 88' lang='lat' dir='ltr'><strong>sciebatur,</strong></span> 
     </span>
    </p>
   </div>
   <div class='ocr_carea' id='block_1_29' title="bbox 256 2866 1853 2944">
    <p class='ocr_par' dir='ltr' id='par_1_29' title="bbox 256 2866 1853 2944">
     <span class='ocr_line' id='line_1_29' title="bbox 256 2866 1853 2944; baseline 0.007 -23"><span class='ocrx_word' id='word_1_194' title='bbox 256 2866 305 2922; x_wconf 91' lang='lat' dir='ltr'><strong>si</strong></span> <span class='ocrx_word' id='word_1_195' title='bbox 347 2884 456 2923; x_wconf 90' lang='lat' dir='ltr'><strong>non</strong></span> <span class='ocrx_word' id='word_1_196' title='bbox 508 2872 579 2925; x_wconf 91' lang='lat' dir='ltr'><strong>sit</strong></span> <span class='ocrx_word' id='word_1_197' title='bbox 623 2875 865 2943; x_wconf 86' lang='lat' dir='ltr'><strong>acceptio</strong></span> <span class='ocrx_word' id='word_1_198' title='bbox 912 2890 1260 2944; x_wconf 89' lang='lat' dir='ltr'><strong>personarum</strong></span> <span class='ocrx_word' id='word_1_199' title='bbox 1314 2892 1453 2931; x_wconf 90' lang='lat' dir='ltr'><strong>nunc</strong></span> <span class='ocrx_word' id='word_1_200' title='bbox 1493 2876 1560 2931; x_wconf 91' lang='lat' dir='ltr'><strong>ab</strong></span> <span class='ocrx_word' id='word_1_201' title='bbox 1603 2877 1853 2932; x_wconf 89' lang='lat' dir='ltr'><strong>omnibus</strong></span> 
     </span>
    </p>
   </div>
   <div class='ocr_carea' id='block_1_30' title="bbox 261 2959 1853 3039">
    <p class='ocr_par' dir='ltr' id='par_1_30' title="bbox 261 2959 1853 3039">
     <span class='ocr_line' id='line_1_30' title="bbox 261 2959 1853 3039; baseline 0.008 -28"><span class='ocrx_word' id='word_1_202' title='bbox 261 2959 561 3030; x_wconf 73' lang='lat' dir='ltr'><strong>ignoratur.</strong></span> <span class='ocrx_word' id='word_1_203' title='bbox 598 2964 705 3019; x_wconf 94' lang='lat' dir='ltr'><strong>Cur</strong></span> <span class='ocrx_word' id='word_1_204' title='bbox 721 2980 849 3035; x_wconf 88' lang='lat' dir='ltr'><strong>ergo</strong></span> <span class='ocrx_word' id='word_1_205' title='bbox 879 2982 985 3020; x_wconf 92' lang='lat' dir='ltr'><strong>non</strong></span> <span class='ocrx_word' id='word_1_206' title='bbox 1032 2968 1048 2999; x_wconf 81' lang='grc'>¹</span> <span class='ocrx_word' id='word_1_207' title='bbox 1093 2968 1160 3023; x_wconf 90' lang='lat' dir='ltr'><strong>ab</strong></span> <span class='ocrx_word' id='word_1_208' title='bbox 1185 2968 1435 3023; x_wconf 88' lang='lat' dir='ltr'><strong>omnibus</strong></span> <span class='ocrx_word' id='word_1_209' title='bbox 1472 2983 1573 3039; x_wconf 85' lang='lat' dir='ltr'><strong>pax</strong></span> <span class='ocrx_word' id='word_1_210' title='bbox 1601 2969 1853 3024; x_wconf 79' lang='lat' dir='ltr'><strong>amatur?</strong></span> 
     </span>
    </p>
   </div>
   <div class='ocr_carea' id='block_1_31' title="bbox 259 3047 1853 3128">
    <p class='ocr_par' dir='ltr' id='par_1_31' title="bbox 259 3047 1853 3128">
     <span class='ocr_line' id='line_1_31' title="bbox 259 3047 1853 3128; baseline 0.01 -26"><span class='ocrx_word' id='word_1_211' title='bbox 259 3047 389 3105; x_wconf 77' lang='lat' dir='ltr'><strong>Haec</strong></span> <span class='ocrx_word' id='word_1_212' title='bbox 432 3052 685 3110; x_wconf 79' lang='lat' dir='ltr'><strong>facillime</strong></span> <span class='ocrx_word' id='word_1_213' title='bbox 720 3056 957 3126; x_wconf 88' lang='lat' dir='ltr'><strong>cogitare</strong></span> <span class='ocrx_word' id='word_1_214' title='bbox 1007 3060 1257 3128; x_wconf 87' lang='lat' dir='ltr'><strong>possetis,</strong></span> <span class='ocrx_word' id='word_1_215' title='bbox 1298 3072 1389 3115; x_wconf 88' lang='lat' dir='ltr'><strong>aut</strong></span> <span class='ocrx_word' id='word_1_216' title='bbox 1430 3060 1656 3116; x_wconf 79' lang='lat' dir='ltr'><strong>fortasse</strong></span> <span class='ocrx_word' id='word_1_217' title='bbox 1692 3064 1853 3117; x_wconf 88' lang='lat' dir='ltr'><strong>etiam</strong></span> 
     </span>
    </p>
   </div>
   <div class='ocr_carea' id='block_1_32' title="bbox 262 3144 1856 3223">
    <p class='ocr_par' dir='ltr' id='par_1_32' title="bbox 262 3144 1856 3223">
     <span class='ocr_line' id='line_1_32' title="bbox 262 3144 1856 3223; baseline 0.009 -26"><span class='ocrx_word' id='word_1_218' title='bbox 262 3144 533 3215; x_wconf 74' lang='lat' dir='ltr'><strong>cogitatis.</strong></span> <span class='ocrx_word' id='word_1_219' title='bbox 565 3145 670 3202; x_wconf 89' lang='lat' dir='ltr'><strong>Sed</strong></span> <span class='ocrx_word' id='word_1_220' title='bbox 712 3149 904 3204; x_wconf 87' lang='lat' dir='ltr'><strong>melius</strong></span> <span class='ocrx_word' id='word_1_221' title='bbox 949 3158 1067 3205; x_wconf 91' lang='lat' dir='ltr'><strong>erat</strong></span> <span class='ocrx_word' id='word_1_222' title='bbox 1107 3159 1163 3206; x_wconf 92' lang='lat' dir='ltr'><strong>ut</strong></span> <span class='ocrx_word' id='word_1_223' title='bbox 1198 3154 1450 3207; x_wconf 88' lang='lat' dir='ltr'><strong>amaretis</strong></span> <span class='ocrx_word' id='word_1_224' title='bbox 1490 3155 1856 3223; x_wconf 85' lang='lat' dir='ltr'><strong>possessiones</strong></span> 
     </span>
    </p>
   </div>
   <div class='ocr_carea' id='block_1_33' title="bbox 264 3240 1856 3313">
    <p class='ocr_par' dir='ltr' id='par_1_33' title="bbox 264 3240 1856 3313">
     <span class='ocr_line' id='line_1_33' title="bbox 264 3240 1856 3313; baseline 0.007 -23"><span class='ocrx_word' id='word_1_225' title='bbox 264 3243 533 3304; x_wconf 88' lang='lat' dir='ltr'><strong>terrenas,</strong></span> <span class='ocrx_word' id='word_1_226' title='bbox 562 3254 693 3309; x_wconf 86' lang='lat' dir='ltr'><strong>quas</strong></span> <span class='ocrx_word' id='word_1_227' title='bbox 718 3240 953 3296; x_wconf 89' lang='lat' dir='ltr'><strong>timendo</strong></span> <span class='ocrx_word' id='word_1_228' title='bbox 985 3242 1208 3312; x_wconf 87' lang='lat' dir='ltr'><strong>perdere</strong></span> <span class='ocrx_word' id='word_1_229' title='bbox 1231 3244 1457 3313; x_wconf 70' lang='lat' dir='ltr'><strong>cognitae</strong></span> <span class='ocrx_word' id='word_1_230' title='bbox 1484 3245 1691 3301; x_wconf 90' lang='lat' dir='ltr'><strong>veritati</strong></span> <span class='ocrx_word' id='word_1_231' title='bbox 1723 3262 1856 3301; x_wconf 90' lang='lat' dir='ltr'><strong>con-</strong></span> 
     </span>
    </p>
   </div>
   <div class='ocr_carea' id='block_1_34' title="bbox 260 3329 1857 3402">
    <p class='ocr_par' dir='ltr' id='par_1_34' title="bbox 260 3329 1857 3402">
     <span class='ocr_line' id='line_1_34' title="bbox 260 3329 1857 3402; baseline 0.008 -20"><span class='ocrx_word' id='word_1_232' title='bbox 260 3329 560 3398; x_wconf 86' lang='lat' dir='ltr'><strong>sentiretis,</strong></span> <span class='ocrx_word' id='word_1_233' title='bbox 604 3346 760 3402; x_wconf 89' lang='lat' dir='ltr'><strong>quam</strong></span> <span class='ocrx_word' id='word_1_234' title='bbox 802 3342 860 3388; x_wconf 92' lang='lat' dir='ltr'><strong>ut</strong></span> <span class='ocrx_word' id='word_1_235' title='bbox 901 3336 1154 3390; x_wconf 88' lang='lat' dir='ltr'><strong>amaretis</strong></span> <span class='ocrx_word' id='word_1_236' title='bbox 1195 3336 1535 3392; x_wconf 87' lang='lat' dir='ltr'><strong>vanissimam</strong></span> <span class='ocrx_word' id='word_1_237' title='bbox 1580 3336 1857 3394; x_wconf 85' lang='lat' dir='ltr'><strong>hominum</strong></span> 
     </span>
    </p>
   </div>
   <div class='ocr_carea' id='block_1_35' title="bbox 263 3421 1860 3501">
    <p class='ocr_par' dir='ltr' id='par_1_35' title="bbox 263 3421 1860 3501">
     <span class='ocr_line' id='line_1_35' title="bbox 263 3421 1860 3501; baseline 0.008 -27"><span class='ocrx_word' id='word_1_238' title='bbox 263 3421 513 3491; x_wconf 87' lang='lat' dir='ltr'><strong>gloriam,</strong></span> <span class='ocrx_word' id='word_1_239' title='bbox 542 3439 702 3494; x_wconf 91' lang='lat' dir='ltr'><strong>quam</strong></span> <span class='ocrx_word' id='word_1_240' title='bbox 724 3440 820 3480; x_wconf 91' lang='lat' dir='ltr'><strong>vos</strong></span> <span class='ocrx_word' id='word_1_241' title='bbox 844 3427 1042 3497; x_wconf 86' lang='lat' dir='ltr'><strong>putatis</strong></span> <span class='ocrx_word' id='word_1_242' title='bbox 1073 3428 1296 3499; x_wconf 86' lang='lat' dir='ltr'><strong>perdere</strong></span> <span class='ocrx_word' id='word_1_243' title='bbox 1319 3469 1336 3497; x_wconf 94' lang='lat'><strong>,</strong></span> <span class='ocrx_word' id='word_1_244' title='bbox 1370 3429 1416 3484; x_wconf 88' lang='lat' dir='ltr'><strong>si</strong></span> <span class='ocrx_word' id='word_1_245' title='bbox 1458 3429 1684 3501; x_wconf 74' lang='lat' dir='ltr'><strong>cognita:</strong></span> <span class='ocrx_word' id='word_1_246' title='bbox 1719 3433 1860 3486; x_wconf 86' lang='lat' dir='ltr'><strong>veri-</strong></span> 
     </span>
    </p>
   </div>
   <div class='ocr_carea' id='block_1_36' title="bbox 266 3513 795 3573">
    <p class='ocr_par' dir='ltr' id='par_1_36' title="bbox 266 3513 795 3573">
     <span class='ocr_line' id='line_1_36' title="bbox 266 3513 795 3573; baseline 0.013 -7"><span class='ocrx_word' id='word_1_247' title='bbox 266 3513 360 3567; x_wconf 77' lang='lat' dir='ltr'><strong>tati</strong></span> <span class='ocrx_word' id='word_1_248' title='bbox 390 3517 795 3573; x_wconf 85' lang='lat' dir='ltr'><strong>consenseritis.</strong></span> 
     </span>
    </p>
   </div>
   <div class='ocr_carea' id='block_1_37' title="bbox 333 3605 1856 3686">
    <p class='ocr_par' dir='ltr' id='par_1_37' title="bbox 333 3605 1856 3686">
     <span class='ocr_line' id='line_1_37' title="bbox 333 3605 1856 3686; baseline 0.006 -25"><span class='ocrx_word' id='word_1_249' title='bbox 333 3605 565 3663; x_wconf 80' lang='lat' dir='ltr'><strong>CAPUT</strong></span> <span class='ocrx_word' id='word_1_250' title='bbox 609 3608 670 3664; x_wconf 73' lang='grc' dir='ltr'><strong>γ.</strong></span> <span class='ocrx_word' id='word_1_251' title='bbox 711 3639 784 3651; x_wconf 92' lang='grc'><strong>-</strong></span> <span class='ocrx_word' id='word_1_252' title='bbox 821 3611 909 3666; x_wconf 84' lang='grc'><strong>16.</strong></span> <span class='ocrx_word' id='word_1_253' title='bbox 941 3611 1104 3667; x_wconf 83' lang='lat' dir='ltr'><strong>Vides</strong></span> <span class='ocrx_word' id='word_1_254' title='bbox 1133 3612 1311 3683; x_wconf 88' lang='lat' dir='ltr'><strong>itaque</strong></span> <span class='ocrx_word' id='word_1_255' title='bbox 1348 3612 1493 3683; x_wconf 91' lang='lat' dir='ltr'><strong>jam,</strong></span> <span class='ocrx_word' id='word_1_256' title='bbox 1536 3621 1596 3669; x_wconf 92' lang='lat' dir='ltr'><strong>ut</strong></span> <span class='ocrx_word' id='word_1_257' title='bbox 1631 3614 1856 3686; x_wconf 91' lang='lat' dir='ltr'><strong>opinor,</strong></span> 
     </span>
    </p>
   </div>
   <div class='ocr_carea' id='block_1_38' title="bbox 263 3703 1860 3778">
    <p class='ocr_par' dir='ltr' id='par_1_38' title="bbox 263 3703 1860 3778">
     <span class='ocr_line' id='line_1_38' title="bbox 263 3703 1860 3778; baseline 0.006 -24"><span class='ocrx_word' id='word_1_258' title='bbox 263 3714 370 3755; x_wconf 90' lang='lat' dir='ltr'><strong>non</strong></span> <span class='ocrx_word' id='word_1_259' title='bbox 410 3715 535 3757; x_wconf 86' lang='lat' dir='ltr'><strong>esse</strong></span> <span class='ocrx_word' id='word_1_260' title='bbox 573 3703 1018 3760; x_wconf 82' lang='lat' dir='ltr'><strong>considerandum</strong></span> <span class='ocrx_word' id='word_1_261' title='bbox 1055 3706 1199 3776; x_wconf 90' lang='lat' dir='ltr'><strong>quod</strong></span> <span class='ocrx_word' id='word_1_262' title='bbox 1233 3707 1457 3777; x_wconf 89' lang='lat' dir='ltr'><strong>quisque</strong></span> <span class='ocrx_word' id='word_1_263' title='bbox 1498 3708 1726 3778; x_wconf 86' lang='lat' dir='ltr'><strong>cogitur,</strong></span> <span class='ocrx_word' id='word_1_264' title='bbox 1765 3707 1860 3764; x_wconf 90' lang='lat' dir='ltr'><strong>sed</strong></span> 
     </span>
    </p>
   </div>
   <div class='ocr_carea' id='block_1_39' title="bbox 262 3792 1856 3868">
    <p class='ocr_par' dir='ltr' id='par_1_39' title="bbox 262 3792 1856 3868">
     <span class='ocr_line' id='line_1_39' title="bbox 262 3792 1856 3868; baseline 0.006 -23"><span class='ocrx_word' id='word_1_265' title='bbox 262 3792 426 3861; x_wconf 84' lang='lat' dir='ltr'><strong>quale</strong></span> <span class='ocrx_word' id='word_1_266' title='bbox 446 3793 521 3848; x_wconf 91' lang='lat' dir='ltr'><strong>sit</strong></span> <span class='ocrx_word' id='word_1_267' title='bbox 542 3793 670 3848; x_wconf 91' lang='lat' dir='ltr'><strong>illud</strong></span> <span class='ocrx_word' id='word_1_268' title='bbox 699 3810 806 3865; x_wconf 90' lang='lat' dir='ltr'><strong>quo</strong></span> <span class='ocrx_word' id='word_1_269' title='bbox 840 3797 1069 3868; x_wconf 82' lang='lat' dir='ltr'><strong>cogitur,</strong></span> <span class='ocrx_word' id='word_1_270' title='bbox 1100 3808 1275 3853; x_wconf 90' lang='lat' dir='ltr'><strong>utrum</strong></span> <span class='ocrx_word' id='word_1_271' title='bbox 1304 3798 1502 3855; x_wconf 91' lang='lat' dir='ltr'><strong>bonum</strong></span> <span class='ocrx_word' id='word_1_272' title='bbox 1525 3815 1591 3854; x_wconf 90' lang='lat' dir='ltr'><strong>an</strong></span> <span class='ocrx_word' id='word_1_273' title='bbox 1620 3800 1816 3855; x_wconf 89' lang='lat' dir='ltr'><strong>malum</strong></span> <span class='ocrx_word' id='word_1_274' title='bbox 1842 3816 1856 3854; x_wconf 88' lang='lat'><strong>:</strong></span> 
     </span>
    </p>
   </div>
   <div class='ocr_carea' id='block_1_40' title="bbox 264 3886 1860 3960">
    <p class='ocr_par' dir='ltr' id='par_1_40' title="bbox 264 3886 1860 3960">
     <span class='ocr_line' id='line_1_40' title="bbox 264 3886 1860 3960; baseline 0.006 -23"><span class='ocrx_word' id='word_1_275' title='bbox 264 3899 371 3938; x_wconf 91' lang='lat' dir='ltr'><strong>non</strong></span> <span class='ocrx_word' id='word_1_276' title='bbox 399 3900 511 3955; x_wconf 91' lang='lat' dir='ltr'><strong>quo</strong></span> <span class='ocrx_word' id='word_1_277' title='bbox 529 3886 754 3957; x_wconf 88' lang='lat' dir='ltr'><strong>quisque</strong></span> <span class='ocrx_word' id='word_1_278' title='bbox 767 3887 937 3945; x_wconf 89' lang='lat' dir='ltr'><strong>bonus</strong></span> <span class='ocrx_word' id='word_1_279' title='bbox 950 3890 1116 3960; x_wconf 89' lang='lat' dir='ltr'><strong>possit</strong></span> <span class='ocrx_word' id='word_1_280' title='bbox 1131 3904 1250 3946; x_wconf 88' lang='lat' dir='ltr'><strong>esse</strong></span> <span class='ocrx_word' id='word_1_281' title='bbox 1266 3889 1483 3957; x_wconf 89' lang='lat' dir='ltr'><strong>invitus;</strong></span> <span class='ocrx_word' id='word_1_282' title='bbox 1502 3889 1597 3947; x_wconf 89' lang='lat' dir='ltr'><strong>sed</strong></span> <span class='ocrx_word' id='word_1_283' title='bbox 1626 3892 1860 3947; x_wconf 89' lang='lat' dir='ltr'><strong>timendo</strong></span> 
     </span>
    </p>
   </div>
   <div class='ocr_carea' id='block_1_41' title="bbox 264 3977 1862 4055">
    <p class='ocr_par' dir='ltr' id='par_1_41' title="bbox 264 3977 1862 4055">
     <span class='ocr_line' id='line_1_41' title="bbox 264 3977 1862 4055; baseline 0.005 -23"><span class='ocrx_word' id='word_1_284' title='bbox 264 3977 411 4048; x_wconf 87' lang='lat' dir='ltr'><strong>quod</strong></span> <span class='ocrx_word' id='word_1_285' title='bbox 423 3994 531 4035; x_wconf 91' lang='lat' dir='ltr'><strong>non</strong></span> <span class='ocrx_word' id='word_1_286' title='bbox 542 3980 658 4035; x_wconf 90' lang='lat' dir='ltr'><strong>vult</strong></span> <span class='ocrx_word' id='word_1_287' title='bbox 670 3982 796 4050; x_wconf 86' lang='lat' dir='ltr'><strong>pati,</strong></span> <span class='ocrx_word' id='word_1_288' title='bbox 809 3983 892 4037; x_wconf 86' lang='lat' dir='ltr'><strong>vel</strong></span> <span class='ocrx_word' id='word_1_289' title='bbox 907 3983 1157 4053; x_wconf 90' lang='lat' dir='ltr'><strong>relinquit</strong></span> <span class='ocrx_word' id='word_1_290' title='bbox 1172 3984 1545 4055; x_wconf 89' lang='lat' dir='ltr'><strong>impedientem</strong></span> <span class='ocrx_word' id='word_1_291' title='bbox 1561 3985 1862 4040; x_wconf 84' lang='lat' dir='ltr'><strong>animosita-</strong></span> 
     </span>
    </p>
   </div>
   <div class='ocr_carea' id='block_1_42' title="bbox 269 4071 1857 4149">
    <p class='ocr_par' dir='ltr' id='par_1_42' title="bbox 269 4071 1857 4149">
     <span class='ocr_line' id='line_1_42' title="bbox 269 4071 1857 4149; baseline 0.007 -25"><span class='ocrx_word' id='word_1_292' title='bbox 269 4078 399 4135; x_wconf 90' lang='lat' dir='ltr'><strong>tem,</strong></span> <span class='ocrx_word' id='word_1_293' title='bbox 430 4071 518 4127; x_wconf 86' lang='lat' dir='ltr'><strong>vel</strong></span> <span class='ocrx_word' id='word_1_294' title='bbox 542 4072 837 4143; x_wconf 88' lang='lat' dir='ltr'><strong>ignoratam</strong></span> <span class='ocrx_word' id='word_1_295' title='bbox 871 4076 1207 4145; x_wconf 85' lang='lat' dir='ltr'><strong>compellitur</strong></span> <span class='ocrx_word' id='word_1_296' title='bbox 1220 4093 1542 4149; x_wconf 88' lang='lat' dir='ltr'><strong>cognoscere</strong></span> <span class='ocrx_word' id='word_1_297' title='bbox 1558 4081 1857 4148; x_wconf 87' lang='lat' dir='ltr'><strong>veritatem,</strong></span> 
     </span>
    </p>
   </div>
   <div class='ocr_carea' id='block_1_43' title="bbox 265 4162 1861 4239">
    <p class='ocr_par' dir='ltr' id='par_1_43' title="bbox 265 4162 1861 4239">
     <span class='ocr_line' id='line_1_43' title="bbox 265 4162 1861 4239; baseline 0.008 -26"><span class='ocrx_word' id='word_1_298' title='bbox 265 4168 324 4213; x_wconf 90' lang='lat' dir='ltr'><strong>ut</strong></span> <span class='ocrx_word' id='word_1_299' title='bbox 343 4162 546 4218; x_wconf 87' lang='lat' dir='ltr'><strong>timens</strong></span> <span class='ocrx_word' id='word_1_300' title='bbox 575 4164 660 4219; x_wconf 88' lang='lat' dir='ltr'><strong>vel</strong></span> <span class='ocrx_word' id='word_1_301' title='bbox 686 4176 902 4235; x_wconf 85' lang='lat' dir='ltr'><strong>respuat</strong></span> <span class='ocrx_word' id='word_1_302' title='bbox 924 4165 1115 4222; x_wconf 90' lang='lat' dir='ltr'><strong>falsum</strong></span> <span class='ocrx_word' id='word_1_303' title='bbox 1146 4168 1214 4222; x_wconf 90' lang='lat' dir='ltr'><strong>de</strong></span> <span class='ocrx_word' id='word_1_304' title='bbox 1237 4182 1342 4238; x_wconf 92' lang='lat' dir='ltr'><strong>quo</strong></span> <span class='ocrx_word' id='word_1_305' title='bbox 1362 4169 1745 4239; x_wconf 87' lang='lat' dir='ltr'><strong>contendebat,</strong></span> <span class='ocrx_word' id='word_1_306' title='bbox 1778 4171 1861 4226; x_wconf 91' lang='lat' dir='ltr'><strong>vel</strong></span> 
     </span>
    </p>
   </div>
   <div class='ocr_carea' id='block_1_44' title="bbox 264 4256 1860 4332">
    <p class='ocr_par' dir='ltr' id='par_1_44' title="bbox 264 4256 1860 4332">
     <span class='ocr_line' id='line_1_44' title="bbox 264 4256 1860 4332; baseline 0.007 -26"><span class='ocrx_word' id='word_1_307' title='bbox 264 4262 475 4323; x_wconf 71' lang='lat' dir='ltr'><strong>quaerat</strong></span> <span class='ocrx_word' id='word_1_308' title='bbox 503 4270 690 4311; x_wconf 86' lang='lat' dir='ltr'><strong>verum</strong></span> <span class='ocrx_word' id='word_1_309' title='bbox 730 4256 872 4327; x_wconf 88' lang='lat' dir='ltr'><strong>quod</strong></span> <span class='ocrx_word' id='word_1_310' title='bbox 914 4259 1207 4326; x_wconf 85' lang='lat' dir='ltr'><strong>nesciebat,</strong></span> <span class='ocrx_word' id='word_1_311' title='bbox 1242 4268 1295 4314; x_wconf 90' lang='lat' dir='ltr'><strong>et</strong></span> <span class='ocrx_word' id='word_1_312' title='bbox 1336 4261 1521 4316; x_wconf 90' lang='lat' dir='ltr'><strong>volens</strong></span> <span class='ocrx_word' id='word_1_313' title='bbox 1550 4270 1725 4317; x_wconf 89' lang='lat' dir='ltr'><strong>teneat</strong></span> <span class='ocrx_word' id='word_1_314' title='bbox 1749 4262 1860 4332; x_wconf 87' lang='lat' dir='ltr'><strong>jam</strong></span> 
     </span>
    </p>
   </div>
   <div class='ocr_carea' id='block_1_45' title="bbox 264 4347 1865 4426">
    <p class='ocr_par' dir='ltr' id='par_1_45' title="bbox 264 4347 1865 4426">
     <span class='ocr_line' id='line_1_45' title="bbox 264 4347 1865 4426; baseline 0.007 -27"><span class='ocrx_word' id='word_1_315' title='bbox 264 4347 413 4416; x_wconf 90' lang='lat' dir='ltr'><strong>quod</strong></span> <span class='ocrx_word' id='word_1_316' title='bbox 458 4348 695 4405; x_wconf 87' lang='lat' dir='ltr'><strong>nolebat.</strong></span> <span class='ocrx_word' id='word_1_317' title='bbox 740 4349 1023 4422; x_wconf 82' lang='lat' dir='ltr'><strong>Superﬂuo</strong></span> <span class='ocrx_word' id='word_1_318' title='bbox 1058 4351 1163 4407; x_wconf 86' lang='lat' dir='ltr'><strong>hoc</strong></span> <span class='ocrx_word' id='word_1_319' title='bbox 1193 4353 1419 4409; x_wconf 85' lang='lat' dir='ltr'><strong>fortasse</strong></span> <span class='ocrx_word' id='word_1_320' title='bbox 1451 4354 1718 4410; x_wconf 88' lang='lat' dir='ltr'><strong>diceretur</strong></span> <span class='ocrx_word' id='word_1_321' title='bbox 1745 4356 1865 4426; x_wconf 87' lang='lat' dir='ltr'><strong>qui-</strong></span> 
     </span>
    </p>
   </div>
   <div class='ocr_carea' id='block_1_46' title="bbox 264 4437 1861 4508">
    <p class='ocr_par' dir='ltr' id='par_1_46' title="bbox 264 4437 1861 4508">
     <span class='ocr_line' id='line_1_46' title="bbox 264 4437 1861 4508; baseline 0.008 -16"><span class='ocrx_word' id='word_1_322' title='bbox 264 4437 505 4496; x_wconf 87' lang='lat' dir='ltr'><strong>buslibet</strong></span> <span class='ocrx_word' id='word_1_323' title='bbox 531 4442 730 4508; x_wconf 88' lang='lat' dir='ltr'><strong>verbis,</strong></span> <span class='ocrx_word' id='word_1_324' title='bbox 752 4444 799 4498; x_wconf 92' lang='lat' dir='ltr'><strong>si</strong></span> <span class='ocrx_word' id='word_1_325' title='bbox 818 4459 925 4500; x_wconf 96' lang='lat' dir='ltr'><strong>non</strong></span> <span class='ocrx_word' id='word_1_326' title='bbox 948 4452 1057 4499; x_wconf 91' lang='lat' dir='ltr'><strong>tam</strong></span> <span class='ocrx_word' id='word_1_327' title='bbox 1084 4445 1264 4501; x_wconf 91' lang='lat' dir='ltr'><strong>multis</strong></span> <span class='ocrx_word' id='word_1_328' title='bbox 1290 4447 1662 4503; x_wconf 90' lang='lat' dir='ltr'><strong>ostenderetur</strong></span> <span class='ocrx_word' id='word_1_329' title='bbox 1681 4462 1861 4503; x_wconf 85' lang='lat' dir='ltr'><strong>exem-</strong></span> 
     </span>
    </p>
   </div>
   <div class='ocr_carea' id='block_1_47' title="bbox 263 4531 1860 4605">
    <p class='ocr_par' dir='ltr' id='par_1_47' title="bbox 263 4531 1860 4605">
     <span class='ocr_line' id='line_1_47' title="bbox 263 4531 1860 4605; baseline 0.009 -22"><span class='ocrx_word' id='word_1_330' title='bbox 263 4532 385 4600; x_wconf 90' lang='lat' dir='ltr'><strong>plis.</strong></span> <span class='ocrx_word' id='word_1_331' title='bbox 419 4531 536 4587; x_wconf 86' lang='lat' dir='ltr'><strong>Non</strong></span> <span class='ocrx_word' id='word_1_332' title='bbox 563 4534 685 4591; x_wconf 91' lang='lat' dir='ltr'><strong>illos</strong></span> <span class='ocrx_word' id='word_1_333' title='bbox 709 4544 800 4590; x_wconf 84' lang='lat' dir='ltr'><strong>aut</strong></span> <span class='ocrx_word' id='word_1_334' title='bbox 821 4536 940 4593; x_wconf 89' lang='lat' dir='ltr'><strong>illos</strong></span> <span class='ocrx_word' id='word_1_335' title='bbox 970 4538 1237 4605; x_wconf 89' lang='lat' dir='ltr'><strong>homines,</strong></span> <span class='ocrx_word' id='word_1_336' title='bbox 1269 4539 1361 4595; x_wconf 87' lang='lat' dir='ltr'><strong>sed</strong></span> <span class='ocrx_word' id='word_1_337' title='bbox 1395 4540 1591 4596; x_wconf 90' lang='lat' dir='ltr'><strong>multas</strong></span> <span class='ocrx_word' id='word_1_338' title='bbox 1617 4542 1860 4598; x_wconf 89' lang='lat' dir='ltr'><strong>civitates</strong></span> 
     </span>
    </p>
   </div>
   <div class='ocr_carea' id='block_1_48' title="bbox 267 4624 1859 4701">
    <p class='ocr_par' dir='ltr' id='par_1_48' title="bbox 267 4624 1859 4701">
     <span class='ocr_line' id='line_1_48' title="bbox 267 4624 1859 4701; baseline 0.008 -24"><span class='ocrx_word' id='word_1_339' title='bbox 267 4624 516 4680; x_wconf 85' lang='lat' dir='ltr'><strong>videmus</strong></span> <span class='ocrx_word' id='word_1_340' title='bbox 547 4626 711 4683; x_wconf 89' lang='lat' dir='ltr'><strong>fuisse</strong></span> <span class='ocrx_word' id='word_1_341' title='bbox 748 4628 1065 4699; x_wconf 87' lang='lat' dir='ltr'><strong>donatistas,</strong></span> <span class='ocrx_word' id='word_1_342' title='bbox 1102 4646 1245 4687; x_wconf 90' lang='lat' dir='ltr'><strong>nunc</strong></span> <span class='ocrx_word' id='word_1_343' title='bbox 1273 4648 1394 4689; x_wconf 89' lang='lat' dir='ltr'><strong>esse</strong></span> <span class='ocrx_word' id='word_1_344' title='bbox 1431 4634 1735 4701; x_wconf 89' lang='lat' dir='ltr'><strong>catholicas,</strong></span> <span class='ocrx_word' id='word_1_345' title='bbox 1763 4634 1859 4689; x_wconf 81' lang='lat' dir='ltr'><strong>de-</strong></span> 
     </span>
    </p>
   </div>
   <div class='ocr_carea' id='block_1_49' title="bbox 270 4719 1859 4798">
    <p class='ocr_par' dir='ltr' id='par_1_49' title="bbox 270 4719 1859 4798">
     <span class='ocr_line' id='line_1_49' title="bbox 270 4719 1859 4798; baseline 0.008 -27"><span class='ocrx_word' id='word_1_346' title='bbox 270 4719 456 4773; x_wconf 89' lang='lat' dir='ltr'><strong>testari</strong></span> <span class='ocrx_word' id='word_1_347' title='bbox 486 4720 838 4778; x_wconf 87' lang='lat' dir='ltr'><strong>vehementer</strong></span> <span class='ocrx_word' id='word_1_348' title='bbox 858 4723 1173 4780; x_wconf 89' lang='lat' dir='ltr'><strong>diabolicam</strong></span> <span class='ocrx_word' id='word_1_349' title='bbox 1195 4727 1611 4797; x_wconf 90' lang='lat' dir='ltr'><strong>separationem,</strong></span> <span class='ocrx_word' id='word_1_350' title='bbox 1641 4727 1859 4798; x_wconf 85' lang='lat' dir='ltr'><strong>diligere</strong></span> 
     </span>
    </p>
   </div>
   <div class='ocr_carea' id='block_1_50' title="bbox 268 4810 1860 4891">
    <p class='ocr_par' dir='ltr' id='par_1_50' title="bbox 268 4810 1860 4891">
     <span class='ocr_line' id='line_1_50' title="bbox 268 4810 1860 4891; baseline 0.008 -28"><span class='ocrx_word' id='word_1_351' title='bbox 268 4810 524 4868; x_wconf 86' lang='lat' dir='ltr'><strong>ardenter</strong></span> <span class='ocrx_word' id='word_1_352' title='bbox 546 4814 801 4872; x_wconf 61' lang='lat' dir='ltr'><strong>unitatem</strong></span> <span class='ocrx_word' id='word_1_353' title='bbox 827 4833 842 4871; x_wconf 91' lang='lat'><strong>:</strong></span> <span class='ocrx_word' id='word_1_354' title='bbox 870 4833 989 4887; x_wconf 72' lang='lat' dir='ltr'><strong>quae</strong></span> <span class='ocrx_word' id='word_1_355' title='bbox 1023 4826 1200 4873; x_wconf 90' lang='lat' dir='ltr'><strong>tamen</strong></span> <span class='ocrx_word' id='word_1_356' title='bbox 1231 4818 1437 4873; x_wconf 89' lang='lat' dir='ltr'><strong>timoris</strong></span> <span class='ocrx_word' id='word_1_357' title='bbox 1472 4819 1628 4889; x_wconf 91' lang='lat' dir='ltr'><strong>hujus</strong></span> <span class='ocrx_word' id='word_1_358' title='bbox 1652 4821 1738 4891; x_wconf 91' lang='lat' dir='ltr'><strong>qui</strong></span> <span class='ocrx_word' id='word_1_359' title='bbox 1767 4820 1860 4877; x_wconf 90' lang='lat' dir='ltr'><strong>tibi</strong></span> 
     </span>
    </p>
   </div>
   <div class='ocr_carea' id='block_1_51' title="bbox 270 4900 1860 4987">
    <p class='ocr_par' dir='ltr' id='par_1_51' title="bbox 270 4900 1860 4987">
     <span class='ocr_line' id='line_1_51' title="bbox 270 4900 1860 4987; baseline 0.011 -32"><span class='ocrx_word' id='word_1_360' title='bbox 270 4900 518 4974; x_wconf 86' lang='lat' dir='ltr'><strong>displicet</strong></span> <span class='ocrx_word' id='word_1_361' title='bbox 536 4907 927 4975; x_wconf 86' lang='lat' dir='ltr'><strong>occasionibus,</strong></span> <span class='ocrx_word' id='word_1_362' title='bbox 957 4909 1235 4965; x_wconf 79' lang='lat' dir='ltr'><strong>catholicae</strong></span> <span class='ocrx_word' id='word_1_363' title='bbox 1262 4910 1414 4966; x_wconf 76' lang='lat' dir='ltr'><strong>facta:</strong></span> <span class='ocrx_word' id='word_1_364' title='bbox 1451 4922 1574 4966; x_wconf 89' lang='lat' dir='ltr'><strong>sunt</strong></span> <span class='ocrx_word' id='word_1_365' title='bbox 1600 4929 1693 4982; x_wconf 90' lang='lat' dir='ltr'><strong>per</strong></span> <span class='ocrx_word' id='word_1_366' title='bbox 1716 4914 1860 4987; x_wconf 90' lang='lat' dir='ltr'><strong>leges</strong></span> 
     </span>
    </p>
   </div>
   <div class='ocr_carea' id='block_1_52' title="bbox 270 4992 1860 5073">
    <p class='ocr_par' dir='ltr' id='par_1_52' title="bbox 270 4992 1860 5073">
     <span class='ocr_line' id='line_1_52' title="bbox 270 4992 1860 5073; baseline 0.009 -26"><span class='ocrx_word' id='word_1_367' title='bbox 270 4992 656 5064; x_wconf 83' lang='lat' dir='ltr'><strong>imperatorum</strong></span> <span class='ocrx_word' id='word_1_368' title='bbox 678 5039 694 5066; x_wconf 91' lang='lat'><strong>,</strong></span> <span class='ocrx_word' id='word_1_369' title='bbox 721 5014 754 5054; x_wconf 89' lang='lat' dir='ltr'><strong>a</strong></span> <span class='ocrx_word' id='word_1_370' title='bbox 778 4998 1128 5055; x_wconf 87' lang='lat' dir='ltr'><strong>Constantino</strong></span> <span class='ocrx_word' id='word_1_371' title='bbox 1152 5001 1290 5071; x_wconf 90' lang='lat' dir='ltr'><strong>apud</strong></span> <span class='ocrx_word' id='word_1_372' title='bbox 1322 5018 1478 5072; x_wconf 87' lang='lat' dir='ltr'><strong>quem</strong></span> <span class='ocrx_word' id='word_1_373' title='bbox 1508 5005 1734 5073; x_wconf 89' lang='lat' dir='ltr'><strong>primum</strong></span> <span class='ocrx_word' id='word_1_374' title='bbox 1766 5022 1860 5062; x_wconf 84' lang='lat' dir='ltr'><strong>ve-</strong></span> 
     </span>
    </p>
   </div>
   <div class='ocr_carea' id='block_1_53' title="bbox 268 5088 1861 5170">
    <p class='ocr_par' dir='ltr' id='par_1_53' title="bbox 268 5088 1861 5170">
     <span class='ocr_line' id='line_1_53' title="bbox 268 5088 1861 5170; baseline 0.011 -30"><span class='ocrx_word' id='word_1_375' title='bbox 268 5088 363 5142; x_wconf 88' lang='lat' dir='ltr'><strong>stri</strong></span> <span class='ocrx_word' id='word_1_376' title='bbox 387 5090 531 5146; x_wconf 90' lang='lat' dir='ltr'><strong>ultro</strong></span> <span class='ocrx_word' id='word_1_377' title='bbox 544 5090 884 5150; x_wconf 68' lang='lat' dir='ltr'><strong>Caecilianum</strong></span> <span class='ocrx_word' id='word_1_378' title='bbox 906 5108 1314 5165; x_wconf 88' lang='lat' dir='ltr'><strong>accusaverunt,</strong></span> <span class='ocrx_word' id='word_1_379' title='bbox 1345 5114 1511 5170; x_wconf 90' lang='lat' dir='ltr'><strong>usque</strong></span> <span class='ocrx_word' id='word_1_380' title='bbox 1539 5101 1603 5155; x_wconf 91' lang='lat' dir='ltr'><strong>ad</strong></span> <span class='ocrx_word' id='word_1_381' title='bbox 1625 5116 1861 5170; x_wconf 61' lang='lat' dir='ltr'><strong>praesen-</strong></span> 
     </span>
    </p>
   </div>
   <div class='ocr_carea' id='block_1_54' title="bbox 273 5183 1860 5261">
    <p class='ocr_par' dir='ltr' id='par_1_54' title="bbox 273 5183 1860 5261">
     <span class='ocr_line' id='line_1_54' title="bbox 273 5183 1860 5261; baseline 0.011 -28"><span class='ocrx_word' id='word_1_382' title='bbox 273 5188 356 5235; x_wconf 81' lang='lat' dir='ltr'><strong>tes</strong></span> <span class='ocrx_word' id='word_1_383' title='bbox 384 5183 760 5253; x_wconf 83' lang='lat' dir='ltr'><strong>imperatores,</strong></span> <span class='ocrx_word' id='word_1_384' title='bbox 786 5188 875 5258; x_wconf 91' lang='lat' dir='ltr'><strong>qui</strong></span> <span class='ocrx_word' id='word_1_385' title='bbox 900 5188 1156 5257; x_wconf 89' lang='lat' dir='ltr'><strong>judicium</strong></span> <span class='ocrx_word' id='word_1_386' title='bbox 1188 5189 1332 5244; x_wconf 91' lang='lat' dir='ltr'><strong>illius</strong></span> <span class='ocrx_word' id='word_1_387' title='bbox 1356 5207 1514 5261; x_wconf 91' lang='lat' dir='ltr'><strong>quem</strong></span> <span class='ocrx_word' id='word_1_388' title='bbox 1544 5193 1706 5248; x_wconf 88' lang='lat' dir='ltr'><strong>vestri</strong></span> <span class='ocrx_word' id='word_1_389' title='bbox 1748 5194 1860 5249; x_wconf 86' lang='lat' dir='ltr'><strong>ele-</strong></span> 
     </span>
    </p>
   </div>
   <div class='ocr_carea' id='block_1_55' title="bbox 270 5278 1861 5357">
    <p class='ocr_par' dir='ltr' id='par_1_55' title="bbox 270 5278 1861 5357">
     <span class='ocr_line' id='line_1_55' title="bbox 270 5278 1861 5357; baseline 0.011 -31"><span class='ocrx_word' id='word_1_390' title='bbox 270 5283 485 5341; x_wconf 83' lang='lat' dir='ltr'><strong>gerunt,</strong></span> <span class='ocrx_word' id='word_1_391' title='bbox 515 5290 675 5345; x_wconf 90' lang='lat' dir='ltr'><strong>quem</strong></span> <span class='ocrx_word' id='word_1_392' title='bbox 698 5278 967 5349; x_wconf 87' lang='lat' dir='ltr'><strong>judicibus</strong></span> <span class='ocrx_word' id='word_1_393' title='bbox 995 5282 1265 5353; x_wconf 90' lang='lat' dir='ltr'><strong>episcopis</strong></span> <span class='ocrx_word' id='word_1_394' title='bbox 1291 5285 1655 5354; x_wconf 86' lang='lat' dir='ltr'><strong>praetulerunt,</strong></span> <span class='ocrx_word' id='word_1_395' title='bbox 1673 5286 1861 5357; x_wconf 81' lang='lat' dir='ltr'><strong>justis-</strong></span> 
     </span>
    </p>
   </div>
   <div class='ocr_carea' id='block_1_56' title="bbox 269 5364 1659 5435">
    <p class='ocr_par' dir='ltr' id='par_1_56' title="bbox 269 5364 1659 5435">
     <span class='ocr_line' id='line_1_56' title="bbox 269 5364 1659 5435; baseline 0.012 -18"><span class='ocrx_word' id='word_1_396' title='bbox 269 5364 405 5421; x_wconf 87' lang='lat' dir='ltr'><strong>sime</strong></span> <span class='ocrx_word' id='word_1_397' title='bbox 437 5378 627 5426; x_wconf 88' lang='lat' dir='ltr'><strong>contra</strong></span> <span class='ocrx_word' id='word_1_398' title='bbox 655 5386 754 5428; x_wconf 88' lang='lat' dir='ltr'><strong>vos</strong></span> <span class='ocrx_word' id='word_1_399' title='bbox 775 5375 1183 5432; x_wconf 90' lang='lat' dir='ltr'><strong>custodiendum</strong></span> <span class='ocrx_word' id='word_1_400' title='bbox 1203 5392 1324 5434; x_wconf 88' lang='lat' dir='ltr'><strong>esse</strong></span> <span class='ocrx_word' id='word_1_401' title='bbox 1349 5378 1659 5435; x_wconf 89' lang='lat' dir='ltr'><strong>decernunt.</strong></span> 
     </span>
    </p>
   </div>
   <div class='ocr_carea' id='block_1_57' title="bbox 341 5458 1861 5544">
    <p class='ocr_par' dir='ltr' id='par_1_57' title="bbox 341 5458 1861 5544">
     <span class='ocr_line' id='line_1_57' title="bbox 341 5458 1861 5544; baseline 0.012 -33"><span class='ocrx_word' id='word_1_402' title='bbox 341 5458 433 5512; x_wconf 80' lang='lat' dir='ltr'><strong>l7.</strong></span> <span class='ocrx_word' id='word_1_403' title='bbox 467 5459 562 5517; x_wconf 85' lang='lat' dir='ltr'><strong>llis</strong></span> <span class='ocrx_word' id='word_1_404' title='bbox 581 5477 712 5534; x_wconf 89' lang='lat' dir='ltr'><strong>ergo</strong></span> <span class='ocrx_word' id='word_1_405' title='bbox 734 5467 995 5537; x_wconf 79' lang='lat' dir='ltr'><strong>exemplis</strong></span> <span class='ocrx_word' id='word_1_406' title='bbox 1015 5482 1047 5522; x_wconf 89' lang='lat' dir='ltr'><strong>a</strong></span> <span class='ocrx_word' id='word_1_407' title='bbox 1091 5468 1312 5540; x_wconf 89' lang='lat' dir='ltr'><strong>collegis</strong></span> <span class='ocrx_word' id='word_1_408' title='bbox 1346 5471 1481 5525; x_wconf 89' lang='lat' dir='ltr'><strong>meis</strong></span> <span class='ocrx_word' id='word_1_409' title='bbox 1508 5470 1633 5524; x_wconf 87' lang='lat' dir='ltr'><strong>mihi</strong></span> <span class='ocrx_word' id='word_1_410' title='bbox 1664 5485 1861 5544; x_wconf 89' lang='lat' dir='ltr'><strong>propo-</strong></span> 
     </span>
    </p>
   </div>
   <div class='ocr_carea' id='block_1_58' title="bbox 271 5548 1863 5630">
    <p class='ocr_par' dir='ltr' id='par_1_58' title="bbox 271 5548 1863 5630">
     <span class='ocr_line' id='line_1_58' title="bbox 271 5548 1863 5630; baseline 0.013 -30"><span class='ocrx_word' id='word_1_411' title='bbox 271 5548 388 5605; x_wconf 81' lang='lat' dir='ltr'><strong>sitis</strong></span> <span class='ocrx_word' id='word_1_412' title='bbox 416 5554 577 5609; x_wconf 82' lang='lat' dir='ltr'><strong>cessi.</strong></span> <span class='ocrx_word' id='word_1_413' title='bbox 608 5555 739 5612; x_wconf 83' lang='lat' dir='ltr'><strong>Nam</strong></span> <span class='ocrx_word' id='word_1_414' title='bbox 770 5574 886 5615; x_wconf 86' lang='lat' dir='ltr'><strong>mea</strong></span> <span class='ocrx_word' id='word_1_415' title='bbox 917 5561 1163 5630; x_wconf 87' lang='lat' dir='ltr'><strong>primitus</strong></span> <span class='ocrx_word' id='word_1_416' title='bbox 1182 5562 1449 5618; x_wconf 88' lang='lat' dir='ltr'><strong>sententia</strong></span> <span class='ocrx_word' id='word_1_417' title='bbox 1472 5576 1577 5617; x_wconf 92' lang='lat' dir='ltr'><strong>non</strong></span> <span class='ocrx_word' id='word_1_418' title='bbox 1603 5572 1738 5630; x_wconf 86' lang='lat' dir='ltr'><strong>erat,</strong></span> <span class='ocrx_word' id='word_1_419' title='bbox 1758 5563 1863 5620; x_wconf 84' lang='lat' dir='ltr'><strong>nisi</strong></span> 
     </span>
    </p>
   </div>
   <div class='ocr_carea' id='block_1_59' title="bbox 274 5643 1864 5725">
    <p class='ocr_par' dir='ltr' id='par_1_59' title="bbox 274 5643 1864 5725">
     <span class='ocr_line' id='line_1_59' title="bbox 274 5643 1864 5725; baseline 0.013 -32"><span class='ocrx_word' id='word_1_420' title='bbox 274 5643 545 5700; x_wconf 86' lang='lat' dir='ltr'><strong>neminem</strong></span> <span class='ocrx_word' id='word_1_421' title='bbox 571 5647 638 5702; x_wconf 85' lang='lat' dir='ltr'><strong>ad</strong></span> <span class='ocrx_word' id='word_1_422' title='bbox 662 5650 915 5707; x_wconf 85' lang='lat' dir='ltr'><strong>unitatem</strong></span> <span class='ocrx_word' id='word_1_423' title='bbox 946 5653 1148 5710; x_wconf 89' lang='lat' dir='ltr'><strong>Christi</strong></span> <span class='ocrx_word' id='word_1_424' title='bbox 1188 5670 1309 5711; x_wconf 87' lang='lat' dir='ltr'><strong>esse</strong></span> <span class='ocrx_word' id='word_1_425' title='bbox 1344 5655 1672 5725; x_wconf 87' lang='lat' dir='ltr'><strong>cogendum;</strong></span> <span class='ocrx_word' id='word_1_426' title='bbox 1699 5656 1864 5713; x_wconf 87' lang='lat' dir='ltr'><strong>verbo</strong></span> 
     </span>
    </p>
   </div>
   <div class='ocr_carea' id='block_1_60' title="bbox 273 5737 1863 5819">
    <p class='ocr_par' dir='ltr' id='par_1_60' title="bbox 273 5737 1863 5819">
     <span class='ocr_line' id='line_1_60' title="bbox 273 5737 1863 5819; baseline 0.014 -34"><span class='ocrx_word' id='word_1_427' title='bbox 273 5742 396 5788; x_wconf 84' lang='lat' dir='ltr'><strong>esse</strong></span> <span class='ocrx_word' id='word_1_428' title='bbox 420 5737 711 5808; x_wconf 87' lang='lat' dir='ltr'><strong>agendum,</strong></span> <span class='ocrx_word' id='word_1_429' title='bbox 740 5741 1099 5814; x_wconf 89' lang='lat' dir='ltr'><strong>disputatione</strong></span> <span class='ocrx_word' id='word_1_430' title='bbox 1122 5748 1481 5819; x_wconf 87' lang='lat' dir='ltr'><strong>pugnandum,</strong></span> <span class='ocrx_word' id='word_1_431' title='bbox 1509 5749 1716 5806; x_wconf 91' lang='lat' dir='ltr'><strong>ratione</strong></span> <span class='ocrx_word' id='word_1_432' title='bbox 1740 5750 1863 5806; x_wconf 87' lang='lat' dir='ltr'><strong>vin-</strong></span> 
     </span>
    </p>
   </div>
   <div class='ocr_carea' id='block_1_61' title="bbox 338 5894 1571 5970">
    <p class='ocr_par' dir='ltr' id='par_1_61' title="bbox 338 5894 1571 5970">
     <span class='ocr_line' id='line_1_61' title="bbox 338 5894 1571 5970; baseline 0.015 -30"><span class='ocrx_word' id='word_1_433' title='bbox 338 5894 359 5923; x_wconf 74' lang='grc' dir='ltr'>ι</span> <span class='ocrx_word' id='word_1_434' title='bbox 379 5898 456 5943; x_wconf 72' lang='lat' dir='ltr'><strong>sic</strong></span> <span class='ocrx_word' id='word_1_435' title='bbox 474 5899 584 5946; x_wconf 66' lang='lat' dir='ltr'><strong>Im.</strong></span> <span class='ocrx_word' id='word_1_436' title='bbox 602 5902 657 5946; x_wconf 83' lang='lat' dir='ltr'><strong>et</strong></span> <span class='ocrx_word' id='word_1_437' title='bbox 676 5897 791 5949; x_wconf 77' lang='lat' dir='ltr'><strong>Edd.</strong></span> <span class='ocrx_word' id='word_1_438' title='bbox 808 5909 992 5963; x_wconf 68' lang='lat' dir='ltr'><strong>prater</strong></span> <span class='ocrx_word' id='word_1_439' title='bbox 1004 5910 1116 5953; x_wconf 71' lang='grc' dir='ltr'><strong>ιον.</strong></span> <span class='ocrx_word' id='word_1_440' title='bbox 1139 5904 1405 5970; x_wconf 85' lang='lat' dir='ltr'><strong>quihabet,</strong></span> <span class='ocrx_word' id='word_1_441' title='bbox 1427 5918 1571 5958; x_wconf 84' lang='lat' dir='ltr'><strong>nunc.</strong></span> 
     </span>
    </p>
   </div>
   <div class='ocr_carea' id='block_1_62' title="bbox 560 5979 1242 6078">
    <p class='ocr_par' dir='ltr' id='par_1_62' title="bbox 560 5979 1242 6078">
     <span class='ocr_line' id='line_1_62' title="bbox 560 5979 1242 6078; baseline 0.015 -37"><span class='ocrx_word' id='word_1_442' title='bbox 560 5979 790 6055; x_wconf 74' lang='lat' dir='ltr'><strong>Smcr.</strong></span> <span class='ocrx_word' id='word_1_443' title='bbox 844 5987 1126 6078; x_wconf 50' lang='lat' dir='ltr'><strong>Agey’sfr.</strong></span> <span class='ocrx_word' id='word_1_444' title='bbox 1163 5989 1242 6051; x_wconf 89' lang='grc' dir='ltr'><strong>ΙΙ.</strong></span> 
     </span>
    </p>
   </div>
   <div class='ocr_carea' id='block_1_63' title="bbox 1481 346 2366 415">
    <p class='ocr_par' dir='ltr' id='par_1_63' title="bbox 1481 346 2366 415">
     <span class='ocr_line' id='line_1_63' title="bbox 1481 346 2366 415; baseline 0 -2"><span class='ocrx_word' id='word_1_445' title='bbox 1481 346 1958 415; x_wconf 75' lang='lat' dir='ltr'><strong>EPISTOLARUM</strong></span> <span class='ocrx_word' id='word_1_446' title='bbox 1994 352 2266 413; x_wconf 82' lang='lat' dir='ltr'><strong>CLASSIS</strong></span> <span class='ocrx_word' id='word_1_447' title='bbox 2301 353 2366 413; x_wconf 85' lang='lat' dir='ltr'><strong>ll.</strong></span> 
     </span>
    </p>
   </div>
   <div class='ocr_carea' id='block_1_64' title="bbox 1956 466 3537 547">
    <p class='ocr_par' dir='ltr' id='par_1_64' title="bbox 1956 466 3537 547">
     <span class='ocr_line' id='line_1_64' title="bbox 1956 466 3537 547; baseline 0 -23"><span class='ocrx_word' id='word_1_448' title='bbox 1956 470 2205 539; x_wconf 90' lang='lat' dir='ltr'><strong>cendum,</strong></span> <span class='ocrx_word' id='word_1_449' title='bbox 2228 487 2295 526; x_wconf 90' lang='lat' dir='ltr'><strong>ne</strong></span> <span class='ocrx_word' id='word_1_450' title='bbox 2317 472 2467 526; x_wconf 84' lang='lat' dir='ltr'><strong>fictos</strong></span> <span class='ocrx_word' id='word_1_451' title='bbox 2495 466 2787 529; x_wconf 89' lang='lat' dir='ltr'><strong>catholicos</strong></span> <span class='ocrx_word' id='word_1_452' title='bbox 2821 466 3175 545; x_wconf 84' lang='lat' dir='ltr'><strong>haberemus,</strong></span> <span class='ocrx_word' id='word_1_453' title='bbox 3214 489 3349 547; x_wconf 89' lang='lat' dir='ltr'><strong>quos</strong></span> <span class='ocrx_word' id='word_1_454' title='bbox 3377 490 3537 547; x_wconf 87' lang='lat' dir='ltr'><strong>aper.</strong></span> 
     </span>
    </p>
   </div>
   <div class='ocr_carea' id='block_1_65' title="bbox 1958 559 3540 637">
    <p class='ocr_par' dir='ltr' id='par_1_65' title="bbox 1958 559 3540 637">
     <span class='ocr_line' id='line_1_65' title="bbox 1958 559 3540 637; baseline 0.008 -24"><span class='ocrx_word' id='word_1_455' title='bbox 1958 567 2038 615; x_wconf 92' lang='lat' dir='ltr'><strong>tos</strong></span> <span class='ocrx_word' id='word_1_456' title='bbox 2067 559 2348 619; x_wconf 76' lang='lat' dir='ltr'><strong>haereticos</strong></span> <span class='ocrx_word' id='word_1_457' title='bbox 2389 579 2727 619; x_wconf 83' lang='lat' dir='ltr'><strong>noveramus.</strong></span> <span class='ocrx_word' id='word_1_458' title='bbox 2761 564 2868 621; x_wconf 92' lang='lat' dir='ltr'><strong>Sed</strong></span> <span class='ocrx_word' id='word_1_459' title='bbox 2897 565 3011 621; x_wconf 64' lang='lat' dir='ltr'><strong>haec</strong></span> <span class='ocrx_word' id='word_1_460' title='bbox 3035 566 3213 637; x_wconf 90' lang='lat' dir='ltr'><strong>opinio</strong></span> <span class='ocrx_word' id='word_1_461' title='bbox 3253 584 3401 635; x_wconf 86' lang='lat' dir='ltr'><strong>mra,</strong></span> <span class='ocrx_word' id='word_1_462' title='bbox 3430 583 3540 626; x_wconf 84' lang='lat' dir='ltr'><strong>non</strong></span> 
     </span>
    </p>
   </div>
   <div class='ocr_carea' id='block_1_66' title="bbox 1958 655 3540 731">
    <p class='ocr_par' dir='ltr' id='par_1_66' title="bbox 1958 655 3540 731">
     <span class='ocr_line' id='line_1_66' title="bbox 1958 655 3540 731; baseline 0.006 -23"><span class='ocrx_word' id='word_1_463' title='bbox 1958 655 2435 712; x_wconf 89' lang='lat' dir='ltr'><strong>contradicentium</strong></span> <span class='ocrx_word' id='word_1_464' title='bbox 2468 659 2668 724; x_wconf 88' lang='lat' dir='ltr'><strong>verbis,</strong></span> <span class='ocrx_word' id='word_1_465' title='bbox 2704 658 2796 715; x_wconf 88' lang='lat' dir='ltr'><strong>sed</strong></span> <span class='ocrx_word' id='word_1_466' title='bbox 2825 659 3300 716; x_wconf 89' lang='lat' dir='ltr'><strong>demonstrantium</strong></span> <span class='ocrx_word' id='word_1_467' title='bbox 3322 676 3540 731; x_wconf 82' lang='lat' dir='ltr'><strong>supera-</strong></span> 
     </span>
    </p>
   </div>
   <div class='ocr_carea' id='block_1_67' title="bbox 1952 743 3541 822">
    <p class='ocr_par' dir='ltr' id='par_1_67' title="bbox 1952 743 3541 822">
     <span class='ocr_line' id='line_1_67' title="bbox 1952 743 3541 822; baseline 0.006 -23"><span class='ocrx_word' id='word_1_468' title='bbox 1952 743 2108 800; x_wconf 88' lang='lat' dir='ltr'><strong>batur</strong></span> <span class='ocrx_word' id='word_1_469' title='bbox 2132 747 2410 818; x_wconf 80' lang='lat' dir='ltr'><strong>exemplis.</strong></span> <span class='ocrx_word' id='word_1_470' title='bbox 2443 748 2577 803; x_wconf 89' lang='lat' dir='ltr'><strong>Nam</strong></span> <span class='ocrx_word' id='word_1_471' title='bbox 2609 750 2780 820; x_wconf 90' lang='lat' dir='ltr'><strong>primo</strong></span> <span class='ocrx_word' id='word_1_472' title='bbox 2806 752 2936 806; x_wconf 87' lang='lat' dir='ltr'><strong>mihi</strong></span> <span class='ocrx_word' id='word_1_473' title='bbox 2960 752 3327 822; x_wconf 85' lang='lat' dir='ltr'><strong>opponebatur</strong></span> <span class='ocrx_word' id='word_1_474' title='bbox 3349 755 3541 809; x_wconf 83' lang='lat' dir='ltr'><strong>civitas</strong></span> 
     </span>
    </p>
   </div>
   <div class='ocr_carea' id='block_1_68' title="bbox 1951 840 3543 913">
    <p class='ocr_par' dir='ltr' id='par_1_68' title="bbox 1951 840 3543 913">
     <span class='ocr_line' id='line_1_68' title="bbox 1951 840 3543 913; baseline 0.006 -22"><span class='ocrx_word' id='word_1_475' title='bbox 1951 852 2091 905; x_wconf 89' lang='lat' dir='ltr'><strong>mea,</strong></span> <span class='ocrx_word' id='word_1_476' title='bbox 2114 854 2233 909; x_wconf 67' lang='lat' dir='ltr'><strong>qua:</strong></span> <span class='ocrx_word' id='word_1_477' title='bbox 2259 855 2379 896; x_wconf 92' lang='lat' dir='ltr'><strong>cum</strong></span> <span class='ocrx_word' id='word_1_478' title='bbox 2401 849 2509 896; x_wconf 90' lang='lat' dir='ltr'><strong>tota</strong></span> <span class='ocrx_word' id='word_1_479' title='bbox 2537 850 2680 897; x_wconf 89' lang='lat' dir='ltr'><strong>esset</strong></span> <span class='ocrx_word' id='word_1_480' title='bbox 2703 843 2754 897; x_wconf 91' lang='lat' dir='ltr'><strong>in</strong></span> <span class='ocrx_word' id='word_1_481' title='bbox 2788 854 2936 913; x_wconf 87' lang='lat' dir='ltr'><strong>parte</strong></span> <span class='ocrx_word' id='word_1_482' title='bbox 2957 845 3165 911; x_wconf 87' lang='lat' dir='ltr'><strong>Donati,</strong></span> <span class='ocrx_word' id='word_1_483' title='bbox 3192 845 3259 898; x_wconf 91' lang='lat' dir='ltr'><strong>ad</strong></span> <span class='ocrx_word' id='word_1_484' title='bbox 3286 840 3543 900; x_wconf 79' lang='lat' dir='ltr'><strong>unitatem</strong></span> 
     </span>
    </p>
   </div>
   <div class='ocr_carea' id='block_1_69' title="bbox 1951 930 3540 1007">
    <p class='ocr_par' dir='ltr' id='par_1_69' title="bbox 1951 930 3540 1007">
     <span class='ocr_line' id='line_1_69' title="bbox 1951 930 3540 1007; baseline 0.005 -23"><span class='ocrx_word' id='word_1_485' title='bbox 1951 930 2264 987; x_wconf 89' lang='lat' dir='ltr'><strong>catholicam</strong></span> <span class='ocrx_word' id='word_1_486' title='bbox 2291 935 2481 990; x_wconf 91' lang='lat' dir='ltr'><strong>timore</strong></span> <span class='ocrx_word' id='word_1_487' title='bbox 2523 936 2698 1006; x_wconf 85' lang='lat' dir='ltr'><strong>legum</strong></span> <span class='ocrx_word' id='word_1_488' title='bbox 2732 937 3084 1007; x_wconf 87' lang='lat' dir='ltr'><strong>imperialium</strong></span> <span class='ocrx_word' id='word_1_489' title='bbox 3111 954 3373 994; x_wconf 88' lang='lat' dir='ltr'><strong>conversa</strong></span> <span class='ocrx_word' id='word_1_490' title='bbox 3416 951 3540 1005; x_wconf 88' lang='lat' dir='ltr'><strong>est;</strong></span> 
     </span>
    </p>
   </div>
   <div class='ocr_carea' id='block_1_70' title="bbox 1950 1026 3542 1099">
    <p class='ocr_par' dir='ltr' id='par_1_70' title="bbox 1950 1026 3542 1099">
     <span class='ocr_line' id='line_1_70' title="bbox 1950 1026 3542 1099; baseline 0.006 -23"><span class='ocrx_word' id='word_1_491' title='bbox 1950 1037 2106 1092; x_wconf 92' lang='lat' dir='ltr'><strong>quam</strong></span> <span class='ocrx_word' id='word_1_492' title='bbox 2151 1040 2291 1079; x_wconf 92' lang='lat' dir='ltr'><strong>nunc</strong></span> <span class='ocrx_word' id='word_1_493' title='bbox 2338 1026 2579 1083; x_wconf 90' lang='lat' dir='ltr'><strong>videmus</strong></span> <span class='ocrx_word' id='word_1_494' title='bbox 2623 1027 2697 1082; x_wconf 88' lang='lat' dir='ltr'><strong>ita</strong></span> <span class='ocrx_word' id='word_1_495' title='bbox 2745 1028 2901 1099; x_wconf 89' lang='lat' dir='ltr'><strong>hujus</strong></span> <span class='ocrx_word' id='word_1_496' title='bbox 2944 1041 3138 1086; x_wconf 75' lang='lat' dir='ltr'><strong>vestrm</strong></span> <span class='ocrx_word' id='word_1_497' title='bbox 3186 1032 3542 1086; x_wconf 83' lang='lat' dir='ltr'><strong>animositatis</strong></span> 
     </span>
    </p>
   </div>
   <div class='ocr_carea' id='block_1_71' title="bbox 1950 1114 3546 1191">
    <p class='ocr_par' dir='ltr' id='par_1_71' title="bbox 1950 1114 3546 1191">
     <span class='ocr_line' id='line_1_71' title="bbox 1950 1114 3546 1191; baseline 0.007 -24"><span class='ocrx_word' id='word_1_498' title='bbox 1950 1114 2243 1183; x_wconf 89' lang='lat' dir='ltr'><strong>perniciem</strong></span> <span class='ocrx_word' id='word_1_499' title='bbox 2274 1116 2547 1184; x_wconf 90' lang='lat' dir='ltr'><strong>detestari,</strong></span> <span class='ocrx_word' id='word_1_500' title='bbox 2585 1128 2642 1173; x_wconf 92' lang='lat' dir='ltr'><strong>ut</strong></span> <span class='ocrx_word' id='word_1_501' title='bbox 2670 1120 2722 1173; x_wconf 93' lang='lat' dir='ltr'><strong>in</strong></span> <span class='ocrx_word' id='word_1_502' title='bbox 2762 1135 2825 1175; x_wconf 89' lang='lat' dir='ltr'><strong>ea</strong></span> <span class='ocrx_word' id='word_1_503' title='bbox 2864 1138 3129 1191; x_wconf 88' lang='lat' dir='ltr'><strong>nunquam</strong></span> <span class='ocrx_word' id='word_1_504' title='bbox 3157 1121 3321 1178; x_wconf 85' lang='lat' dir='ltr'><strong>fuisse</strong></span> <span class='ocrx_word' id='word_1_505' title='bbox 3358 1124 3546 1179; x_wconf 77' lang='lat' dir='ltr'><strong>creda-</strong></span> 
     </span>
    </p>
   </div>
   <div class='ocr_carea' id='block_1_72' title="bbox 1948 1208 3545 1282">
    <p class='ocr_par' dir='ltr' id='par_1_72' title="bbox 1948 1208 3545 1282">
     <span class='ocr_line' id='line_1_72' title="bbox 1948 1208 3545 1282; baseline 0.006 -23"><span class='ocrx_word' id='word_1_506' title='bbox 1948 1214 2053 1260; x_wconf 89' lang='lat' dir='ltr'><strong>tur.</strong></span> <span class='ocrx_word' id='word_1_507' title='bbox 2082 1208 2155 1262; x_wconf 89' lang='lat' dir='ltr'><strong>lta</strong></span> <span class='ocrx_word' id='word_1_508' title='bbox 2184 1209 2303 1263; x_wconf 68' lang='lat' dir='ltr'><strong>aliae</strong></span> <span class='ocrx_word' id='word_1_509' title='bbox 2329 1211 2529 1279; x_wconf 67' lang='lat' dir='ltr'><strong>multa),</strong></span> <span class='ocrx_word' id='word_1_510' title='bbox 2562 1228 2681 1282; x_wconf 89' lang='lat' dir='ltr'><strong>quae</strong></span> <span class='ocrx_word' id='word_1_511' title='bbox 2709 1212 2840 1267; x_wconf 89' lang='lat' dir='ltr'><strong>mihi</strong></span> <span class='ocrx_word' id='word_1_512' title='bbox 2873 1216 3181 1269; x_wconf 88' lang='lat' dir='ltr'><strong>nominatim</strong></span> <span class='ocrx_word' id='word_1_513' title='bbox 3213 1232 3545 1273; x_wconf 86' lang='lat' dir='ltr'><strong>commemo-</strong></span> 
     </span>
    </p>
   </div>
   <div class='ocr_carea' id='block_1_73' title="bbox 1946 1300 3610 1399">
    <p class='ocr_par' dir='ltr' id='par_1_73' title="bbox 1946 1300 3610 1399">
     <span class='ocr_line' id='line_1_73' title="bbox 1946 1300 3610 1399; baseline 0.007 -45"><span class='ocrx_word' id='word_1_514' title='bbox 1946 1300 2221 1369; x_wconf 87' lang='lat' dir='ltr'><strong>rabantur,</strong></span> <span class='ocrx_word' id='word_1_515' title='bbox 2270 1313 2328 1359; x_wconf 91' lang='lat' dir='ltr'><strong>ut</strong></span> <span class='ocrx_word' id='word_1_516' title='bbox 2372 1305 2501 1374; x_wconf 88' lang='lat' dir='ltr'><strong>ipsis</strong></span> <span class='ocrx_word' id='word_1_517' title='bbox 2541 1305 2702 1361; x_wconf 91' lang='lat' dir='ltr'><strong>rebus</strong></span> <span class='ocrx_word' id='word_1_518' title='bbox 2748 1322 3090 1377; x_wconf 86' lang='lat' dir='ltr'><strong>agnoscerem</strong></span> <span class='ocrx_word' id='word_1_519' title='bbox 3138 1310 3297 1363; x_wconf 90' lang='lat' dir='ltr'><strong>etiam</strong></span> <span class='ocrx_word' id='word_1_520' title='bbox 3346 1310 3398 1365; x_wconf 90' lang='lat' dir='ltr'><strong>in</strong></span> <span class='ocrx_word' id='word_1_521' title='bbox 3445 1310 3546 1365; x_wconf 84' lang='lat' dir='ltr'><strong>hac</strong></span> <span class='ocrx_word' id='word_1_522' title='bbox 3588 1379 3610 1399; x_wconf 54' lang='lat'><em>.</em></span> 
     </span>
    </p>
   </div>
   <div class='ocr_carea' id='block_1_74' title="bbox 1954 1396 3547 1469">
    <p class='ocr_par' dir='ltr' id='par_1_74' title="bbox 1954 1396 3547 1469">
     <span class='ocr_line' id='line_1_74' title="bbox 1954 1396 3547 1469; baseline 0.005 -22"><span class='ocrx_word' id='word_1_523' title='bbox 1954 1407 2111 1448; x_wconf 89' lang='lat' dir='ltr'><strong>causa</strong></span> <span class='ocrx_word' id='word_1_524' title='bbox 2135 1402 2279 1451; x_wconf 83' lang='lat' dir='ltr'><strong>recte</strong></span> <span class='ocrx_word' id='word_1_525' title='bbox 2309 1396 2529 1467; x_wconf 88' lang='lat' dir='ltr'><strong>intelligi</strong></span> <span class='ocrx_word' id='word_1_526' title='bbox 2561 1411 2719 1468; x_wconf 89' lang='lat' dir='ltr'><strong>posse</strong></span> <span class='ocrx_word' id='word_1_527' title='bbox 2748 1398 2889 1467; x_wconf 88' lang='lat' dir='ltr'><strong>quod</strong></span> <span class='ocrx_word' id='word_1_528' title='bbox 2918 1401 3169 1469; x_wconf 87' lang='lat' dir='ltr'><strong>scriptum</strong></span> <span class='ocrx_word' id='word_1_529' title='bbox 3202 1409 3283 1454; x_wconf 89' lang='lat' dir='ltr'><strong>est</strong></span> <span class='ocrx_word' id='word_1_530' title='bbox 3307 1418 3321 1454; x_wconf 90' lang='lat'><strong>:</strong></span> <span class='ocrx_word' id='word_1_531' title='bbox 3348 1399 3432 1455; x_wconf 88' lang='lat' dir='ltr'><strong>Da</strong></span> <span class='ocrx_word' id='word_1_532' title='bbox 3456 1416 3547 1455; x_wconf 73' lang='lat' dir='ltr'><strong>sa~</strong></span> 
     </span>
    </p>
   </div>
   <div class='ocr_carea' id='block_1_75' title="bbox 1948 1486 3544 1565">
    <p class='ocr_par' dir='ltr' id='par_1_75' title="bbox 1948 1486 3544 1565">
     <span class='ocr_line' id='line_1_75' title="bbox 1948 1486 3544 1565; baseline 0.008 -28"><span class='ocrx_word' id='word_1_533' title='bbox 1948 1486 2106 1557; x_wconf 84' lang='lat' dir='ltr'><strong>pienti</strong></span> <span class='ocrx_word' id='word_1_534' title='bbox 2160 1489 2492 1554; x_wconf 84' lang='lat' dir='ltr'><strong>occasionem,</strong></span> <span class='ocrx_word' id='word_1_535' title='bbox 2537 1498 2586 1544; x_wconf 88' lang='lat' dir='ltr'><strong>et</strong></span> <span class='ocrx_word' id='word_1_536' title='bbox 2626 1491 2905 1560; x_wconf 77' lang='lat' dir='ltr'><strong>sapientior</strong></span> <span class='ocrx_word' id='word_1_537' title='bbox 2958 1492 3051 1545; x_wconf 84' lang='lat' dir='ltr'><strong>erit</strong></span> <span class='ocrx_word' id='word_1_538' title='bbox 3098 1490 3278 1565; x_wconf 85' lang='lat' dir='ltr'><strong>(Prov.</strong></span> <span class='ocrx_word' id='word_1_539' title='bbox 3329 1510 3409 1558; x_wconf 73' lang='grc' dir='ltr'><strong>ιχ,</strong></span> <span class='ocrx_word' id='word_1_540' title='bbox 3460 1494 3544 1564; x_wconf 89' lang='lat'><strong>9).</strong></span> 
     </span>
    </p>
   </div>
   <div class='ocr_carea' id='block_1_76' title="bbox 1948 1580 3546 1654">
    <p class='ocr_par' dir='ltr' id='par_1_76' title="bbox 1948 1580 3546 1654">
     <span class='ocr_line' id='line_1_76' title="bbox 1948 1580 3546 1654; baseline 0.004 -19"><span class='ocrx_word' id='word_1_541' title='bbox 1948 1580 2115 1648; x_wconf 84' lang='lat' dir='ltr'><strong>Quam</strong></span> <span class='ocrx_word' id='word_1_542' title='bbox 2147 1582 2296 1636; x_wconf 91' lang='lat' dir='ltr'><strong>multi</strong></span> <span class='ocrx_word' id='word_1_543' title='bbox 2331 1582 2503 1648; x_wconf 90' lang='lat' dir='ltr'><strong>enim,</strong></span> <span class='ocrx_word' id='word_1_544' title='bbox 2525 1582 2666 1653; x_wconf 90' lang='lat' dir='ltr'><strong>quod</strong></span> <span class='ocrx_word' id='word_1_545' title='bbox 2697 1591 2845 1637; x_wconf 92' lang='lat' dir='ltr'><strong>certo</strong></span> <span class='ocrx_word' id='word_1_546' title='bbox 2887 1583 3114 1648; x_wconf 90' lang='lat' dir='ltr'><strong>scimus,</strong></span> <span class='ocrx_word' id='word_1_547' title='bbox 3142 1585 3252 1654; x_wconf 90' lang='lat' dir='ltr'><strong>jam</strong></span> <span class='ocrx_word' id='word_1_548' title='bbox 3288 1586 3546 1642; x_wconf 88' lang='lat' dir='ltr'><strong>volebant</strong></span> 
     </span>
    </p>
   </div>
   <div class='ocr_carea' id='block_1_77' title="bbox 1947 1672 3547 1741">
    <p class='ocr_par' dir='ltr' id='par_1_77' title="bbox 1947 1672 3547 1741">
     <span class='ocr_line' id='line_1_77' title="bbox 1947 1672 3547 1741; baseline 0.002 -13"><span class='ocrx_word' id='word_1_549' title='bbox 1947 1688 2067 1728; x_wconf 90' lang='lat' dir='ltr'><strong>esse</strong></span> <span class='ocrx_word' id='word_1_550' title='bbox 2114 1672 2385 1739; x_wconf 91' lang='lat' dir='ltr'><strong>catholici,</strong></span> <span class='ocrx_word' id='word_1_551' title='bbox 2427 1672 2859 1729; x_wconf 89' lang='lat' dir='ltr'><strong>manifestissima</strong></span> <span class='ocrx_word' id='word_1_552' title='bbox 2906 1674 3129 1729; x_wconf 88' lang='lat' dir='ltr'><strong>veritate</strong></span> <span class='ocrx_word' id='word_1_553' title='bbox 3166 1676 3455 1741; x_wconf 89' lang='lat' dir='ltr'><strong>commoti,</strong></span> <span class='ocrx_word' id='word_1_554' title='bbox 3490 1684 3547 1731; x_wconf 90' lang='lat' dir='ltr'><strong>et</strong></span> 
     </span>
    </p>
   </div>
   <div class='ocr_carea' id='block_1_78' title="bbox 1948 1764 3542 1835">
    <p class='ocr_par' dir='ltr' id='par_1_78' title="bbox 1948 1764 3542 1835">
     <span class='ocr_line' id='line_1_78' title="bbox 1948 1764 3542 1835; baseline 0.001 -16"><span class='ocrx_word' id='word_1_555' title='bbox 1948 1764 2296 1819; x_wconf 68' lang='lat' dir='ltr'><strong>offensionem</strong></span> <span class='ocrx_word' id='word_1_556' title='bbox 2320 1780 2539 1820; x_wconf 85' lang='lat' dir='ltr'><strong>suorum</strong></span> <span class='ocrx_word' id='word_1_557' title='bbox 2578 1766 2895 1834; x_wconf 90' lang='lat' dir='ltr'><strong>reverendo,</strong></span> <span class='ocrx_word' id='word_1_558' title='bbox 2919 1765 3157 1835; x_wconf 90' lang='lat' dir='ltr'><strong>quotidie</strong></span> <span class='ocrx_word' id='word_1_559' title='bbox 3191 1766 3542 1823; x_wconf 78' lang='lat' dir='ltr'><strong>differebant!</strong></span> 
     </span>
    </p>
   </div>
   <div class='ocr_carea' id='block_1_79' title="bbox 1948 1855 3550 1929">
    <p class='ocr_par' dir='ltr' id='par_1_79' title="bbox 1948 1855 3550 1929">
     <span class='ocr_line' id='line_1_79' title="bbox 1948 1855 3550 1929; baseline 0.002 -19"><span class='ocrx_word' id='word_1_560' title='bbox 1948 1855 2115 1922; x_wconf 79' lang='lat' dir='ltr'><strong>Quam</strong></span> <span class='ocrx_word' id='word_1_561' title='bbox 2146 1857 2343 1911; x_wconf 91' lang='lat' dir='ltr'><strong>multos</strong></span> <span class='ocrx_word' id='word_1_562' title='bbox 2367 1872 2473 1911; x_wconf 91' lang='lat' dir='ltr'><strong>non</strong></span> <span class='ocrx_word' id='word_1_563' title='bbox 2496 1857 2713 1925; x_wconf 84' lang='lat' dir='ltr'><strong>veritas,</strong></span> <span class='ocrx_word' id='word_1_564' title='bbox 2746 1857 2799 1911; x_wconf 94' lang='lat' dir='ltr'><strong>in</strong></span> <span class='ocrx_word' id='word_1_565' title='bbox 2842 1872 2946 1927; x_wconf 90' lang='lat' dir='ltr'><strong>qua</strong></span> <span class='ocrx_word' id='word_1_566' title='bbox 2974 1873 3243 1928; x_wconf 88' lang='lat' dir='ltr'><strong>nunquam</strong></span> <span class='ocrx_word' id='word_1_567' title='bbox 3288 1874 3550 1929; x_wconf 85' lang='lat' dir='ltr'><strong>praesum-</strong></span> 
     </span>
    </p>
   </div>
   <div class='ocr_carea' id='block_1_80' title="bbox 1949 1946 3540 2019">
    <p class='ocr_par' dir='ltr' id='par_1_80' title="bbox 1949 1946 3540 2019">
     <span class='ocr_line' id='line_1_80' title="bbox 1949 1946 3540 2019; baseline 0.003 -19"><span class='ocrx_word' id='word_1_568' title='bbox 1949 1947 2149 2016; x_wconf 82' lang='lat' dir='ltr'><strong>psistis,</strong></span> <span class='ocrx_word' id='word_1_569' title='bbox 2185 1947 2280 2002; x_wconf 89' lang='lat' dir='ltr'><strong>sed</strong></span> <span class='ocrx_word' id='word_1_570' title='bbox 2316 1946 2589 2002; x_wconf 78' lang='lat' dir='ltr'><strong>obduratae</strong></span> <span class='ocrx_word' id='word_1_571' title='bbox 2626 1947 3026 2003; x_wconf 90' lang='lat' dir='ltr'><strong>consuetudinis</strong></span> <span class='ocrx_word' id='word_1_572' title='bbox 3068 1965 3229 2019; x_wconf 88' lang='lat' dir='ltr'><strong>grave</strong></span> <span class='ocrx_word' id='word_1_573' title='bbox 3267 1951 3540 2005; x_wconf 89' lang='lat' dir='ltr'><strong>vinculum</strong></span> 
     </span>
    </p>
   </div>
   <div class='ocr_carea' id='block_1_81' title="bbox 1948 2038 3544 2110">
    <p class='ocr_par' dir='ltr' id='par_1_81' title="bbox 1948 2038 3544 2110">
     <span class='ocr_line' id='line_1_81' title="bbox 1948 2038 3544 2110; baseline 0.003 -18"><span class='ocrx_word' id='word_1_574' title='bbox 1948 2038 2245 2108; x_wconf 89' lang='lat' dir='ltr'><strong>colligabat,</strong></span> <span class='ocrx_word' id='word_1_575' title='bbox 2272 2047 2329 2093; x_wconf 91' lang='lat' dir='ltr'><strong>ut</strong></span> <span class='ocrx_word' id='word_1_576' title='bbox 2349 2039 2400 2093; x_wconf 91' lang='lat' dir='ltr'><strong>in</strong></span> <span class='ocrx_word' id='word_1_577' title='bbox 2422 2039 2501 2097; x_wconf 90' lang='lat' dir='ltr'><strong>eis</strong></span> <span class='ocrx_word' id='word_1_578' title='bbox 2531 2041 2888 2110; x_wconf 90' lang='lat' dir='ltr'><strong>compleretur</strong></span> <span class='ocrx_word' id='word_1_579' title='bbox 2916 2041 3097 2096; x_wconf 89' lang='lat' dir='ltr'><strong>divina</strong></span> <span class='ocrx_word' id='word_1_580' title='bbox 3128 2042 3218 2096; x_wconf 91' lang='lat' dir='ltr'><strong>illa</strong></span> <span class='ocrx_word' id='word_1_581' title='bbox 3238 2046 3502 2098; x_wconf 87' lang='lat' dir='ltr'><strong>sententia</strong></span> <span class='ocrx_word' id='word_1_582' title='bbox 3528 2058 3544 2097; x_wconf 91' lang='lat'><strong>:</strong></span> 
     </span>
    </p>
   </div>
   <div class='ocr_carea' id='block_1_82' title="bbox 1960 2130 3547 2197">
    <p class='ocr_par' dir='ltr' id='par_1_82' title="bbox 1960 2130 3547 2197">
     <span class='ocr_line' id='line_1_82' title="bbox 1960 2130 3547 2197; baseline 0.003 -11"><span class='ocrx_word' id='word_1_583' title='bbox 1960 2130 2132 2186; x_wconf 79' lang='lat' dir='ltr'><strong>Verbis</strong></span> <span class='ocrx_word' id='word_1_584' title='bbox 2152 2149 2252 2187; x_wconf 82' lang='lat' dir='ltr'><strong>non</strong></span> <span class='ocrx_word' id='word_1_585' title='bbox 2281 2133 2628 2187; x_wconf 77' lang='lat' dir='ltr'><strong>emendabitur</strong></span> <span class='ocrx_word' id='word_1_586' title='bbox 2649 2150 2820 2189; x_wconf 82' lang='lat' dir='ltr'><strong>servus</strong></span> <span class='ocrx_word' id='word_1_587' title='bbox 2842 2135 3037 2197; x_wconf 84' lang='lat' dir='ltr'><strong>durus;</strong></span> <span class='ocrx_word' id='word_1_588' title='bbox 3074 2135 3118 2189; x_wconf 82' lang='lat' dir='ltr'><strong>si</strong></span> <span class='ocrx_word' id='word_1_589' title='bbox 3145 2136 3276 2189; x_wconf 79' lang='lat' dir='ltr'><strong>enim</strong></span> <span class='ocrx_word' id='word_1_590' title='bbox 3315 2145 3362 2189; x_wconf 85' lang='lat' dir='ltr'><strong>et</strong></span> <span class='ocrx_word' id='word_1_591' title='bbox 3394 2137 3547 2190; x_wconf 76' lang='lat' dir='ltr'><strong>intel-</strong></span> 
     </span>
    </p>
   </div>
   <div class='ocr_carea' id='block_1_83' title="bbox 1952 2221 3550 2297">
    <p class='ocr_par' dir='ltr' id='par_1_83' title="bbox 1952 2221 3550 2297">
     <span class='ocr_line' id='line_1_83' title="bbox 1952 2221 3550 2297; baseline 0.003 -20"><span class='ocrx_word' id='word_1_592' title='bbox 1952 2221 2147 2289; x_wconf 77' lang='lat' dir='ltr'><strong>lexerit,</strong></span> <span class='ocrx_word' id='word_1_593' title='bbox 2170 2240 2271 2278; x_wconf 87' lang='lat' dir='ltr'><strong>non</strong></span> <span class='ocrx_word' id='word_1_594' title='bbox 2297 2222 2489 2279; x_wconf 84' lang='lat' dir='ltr'><strong>obediet</strong></span> <span class='ocrx_word' id='word_1_595' title='bbox 2516 2222 2625 2295; x_wconf 86' lang='lat' dir='ltr'><strong>(Id.</strong></span> <span class='ocrx_word' id='word_1_596' title='bbox 2664 2240 2824 2291; x_wconf 69' lang='lat' dir='ltr'><strong>xxxx,</strong></span> <span class='ocrx_word' id='word_1_597' title='bbox 2866 2224 2992 2297; x_wconf 68' lang='lat' dir='ltr'><strong>l9)!</strong></span> <span class='ocrx_word' id='word_1_598' title='bbox 3032 2225 3199 2293; x_wconf 85' lang='lat' dir='ltr'><strong>Quam</strong></span> <span class='ocrx_word' id='word_1_599' title='bbox 3241 2227 3391 2281; x_wconf 88' lang='lat' dir='ltr'><strong>multi</strong></span> <span class='ocrx_word' id='word_1_600' title='bbox 3420 2243 3550 2297; x_wconf 83' lang='lat' dir='ltr'><strong>pro-</strong></span> 
     </span>
    </p>
   </div>
   <div class='ocr_carea' id='block_1_84' title="bbox 1953 2316 3547 2390">
    <p class='ocr_par' dir='ltr' id='par_1_84' title="bbox 1953 2316 3547 2390">
     <span class='ocr_line' id='line_1_84' title="bbox 1953 2316 3547 2390; baseline 0.004 -21"><span class='ocrx_word' id='word_1_601' title='bbox 1953 2325 2132 2386; x_wconf 91' lang='lat' dir='ltr'><strong>pterea</strong></span> <span class='ocrx_word' id='word_1_602' title='bbox 2154 2316 2412 2387; x_wconf 90' lang='lat' dir='ltr'><strong>putabant</strong></span> <span class='ocrx_word' id='word_1_603' title='bbox 2438 2332 2621 2373; x_wconf 87' lang='lat' dir='ltr'><strong>veram</strong></span> <span class='ocrx_word' id='word_1_604' title='bbox 2644 2318 2939 2373; x_wconf 88' lang='lat' dir='ltr'><strong>Ecclesiam</strong></span> <span class='ocrx_word' id='word_1_605' title='bbox 2967 2334 3087 2374; x_wconf 87' lang='lat' dir='ltr'><strong>csse</strong></span> <span class='ocrx_word' id='word_1_606' title='bbox 3111 2328 3315 2390; x_wconf 87' lang='lat' dir='ltr'><strong>partem</strong></span> <span class='ocrx_word' id='word_1_607' title='bbox 3338 2321 3547 2389; x_wconf 88' lang='lat' dir='ltr'><strong>Donati,</strong></span> 
     </span>
    </p>
   </div>
   <div class='ocr_carea' id='block_1_85' title="bbox 1950 2411 3554 2482">
    <p class='ocr_par' dir='ltr' id='par_1_85' title="bbox 1950 2411 3554 2482">
     <span class='ocr_line' id='line_1_85' title="bbox 1950 2411 3554 2482; baseline 0.002 -17"><span class='ocrx_word' id='word_1_608' title='bbox 1950 2412 2073 2482; x_wconf 80' lang='lat' dir='ltr'><strong>qtia</strong></span> <span class='ocrx_word' id='word_1_609' title='bbox 2104 2426 2198 2466; x_wconf 89' lang='lat' dir='ltr'><strong>eos</strong></span> <span class='ocrx_word' id='word_1_610' title='bbox 2225 2411 2291 2466; x_wconf 88' lang='lat' dir='ltr'><strong>ad</strong></span> <span class='ocrx_word' id='word_1_611' title='bbox 2337 2412 2764 2482; x_wconf 85' lang='lat' dir='ltr'><strong>cognoscendam</strong></span> <span class='ocrx_word' id='word_1_612' title='bbox 2799 2413 3116 2467; x_wconf 88' lang='lat' dir='ltr'><strong>catholicam</strong></span> <span class='ocrx_word' id='word_1_613' title='bbox 3148 2415 3425 2469; x_wconf 88' lang='lat' dir='ltr'><strong>veritatem</strong></span> <span class='ocrx_word' id='word_1_614' title='bbox 3464 2430 3554 2469; x_wconf 87' lang='lat' dir='ltr'><strong>se-</strong></span> 
     </span>
    </p>
   </div>
   <div class='ocr_carea' id='block_1_86' title="bbox 1951 2496 3553 2568">
    <p class='ocr_par' dir='ltr' id='par_1_86' title="bbox 1951 2496 3553 2568">
     <span class='ocr_line' id='line_1_86' title="bbox 1951 2496 3553 2568; baseline 0.002 -17"><span class='ocrx_word' id='word_1_615' title='bbox 1951 2497 2151 2552; x_wconf 90' lang='lat' dir='ltr'><strong>curitas</strong></span> <span class='ocrx_word' id='word_1_616' title='bbox 2171 2496 2427 2566; x_wconf 89' lang='lat' dir='ltr'><strong>torpidos,</strong></span> <span class='ocrx_word' id='word_1_617' title='bbox 2454 2497 2782 2564; x_wconf 86' lang='lat' dir='ltr'><strong>fastidiosos,</strong></span> <span class='ocrx_word' id='word_1_618' title='bbox 2803 2498 3086 2568; x_wconf 89' lang='lat' dir='ltr'><strong>pigrosque</strong></span> <span class='ocrx_word' id='word_1_619' title='bbox 3108 2498 3328 2553; x_wconf 86' lang='lat' dir='ltr'><strong>faciebat</strong></span> <span class='ocrx_word' id='word_1_620' title='bbox 3348 2500 3361 2554; x_wconf 85' lang='lat'><strong>!</strong></span> <span class='ocrx_word' id='word_1_621' title='bbox 3381 2499 3553 2566; x_wconf 62' lang='lat' dir='ltr'><strong>Quam</strong></span> 
     </span>
    </p>
   </div>
   <div class='ocr_carea' id='block_1_87' title="bbox 1954 2587 3554 2643">
    <p class='ocr_par' dir='ltr' id='par_1_87' title="bbox 1954 2587 3554 2643">
     <span class='ocr_line' id='line_1_87' title="bbox 1954 2587 3554 2643; baseline -0.001 -1"><span class='ocrx_word' id='word_1_622' title='bbox 1954 2588 2134 2642; x_wconf 89' lang='lat' dir='ltr'><strong>multis</strong></span> <span class='ocrx_word' id='word_1_623' title='bbox 2160 2588 2359 2643; x_wconf 88' lang='lat' dir='ltr'><strong>aditum</strong></span> <span class='ocrx_word' id='word_1_624' title='bbox 2392 2588 2623 2643; x_wconf 87' lang='lat' dir='ltr'><strong>intrandi</strong></span> <span class='ocrx_word' id='word_1_625' title='bbox 2650 2587 2970 2642; x_wconf 90' lang='lat' dir='ltr'><strong>obserabant</strong></span> <span class='ocrx_word' id='word_1_626' title='bbox 2990 2603 3235 2643; x_wconf 90' lang='lat' dir='ltr'><strong>rumores</strong></span> <span class='ocrx_word' id='word_1_627' title='bbox 3263 2588 3554 2642; x_wconf 85' lang='lat' dir='ltr'><strong>maledico-</strong></span> 
     </span>
    </p>
   </div>
   <div class='ocr_carea' id='block_1_88' title="bbox 1955 2678 3554 2753">
    <p class='ocr_par' dir='ltr' id='par_1_88' title="bbox 1955 2678 3554 2753">
     <span class='ocr_line' id='line_1_88' title="bbox 1955 2678 3554 2753; baseline 0 -19"><span class='ocrx_word' id='word_1_628' title='bbox 1955 2695 2108 2745; x_wconf 91' lang='lat' dir='ltr'><strong>rum,</strong></span> <span class='ocrx_word' id='word_1_629' title='bbox 2159 2679 2248 2749; x_wconf 87' lang='lat' dir='ltr'><strong>qui</strong></span> <span class='ocrx_word' id='word_1_630' title='bbox 2296 2679 2476 2735; x_wconf 89' lang='lat' dir='ltr'><strong>nescio</strong></span> <span class='ocrx_word' id='word_1_631' title='bbox 2535 2678 2660 2749; x_wconf 92' lang='lat' dir='ltr'><strong>quid</strong></span> <span class='ocrx_word' id='word_1_632' title='bbox 2698 2678 2837 2733; x_wconf 89' lang='lat' dir='ltr'><strong>aliud</strong></span> <span class='ocrx_word' id='word_1_633' title='bbox 2878 2693 2976 2753; x_wconf 89' lang='lat' dir='ltr'><strong>nos</strong></span> <span class='ocrx_word' id='word_1_634' title='bbox 3022 2678 3074 2733; x_wconf 87' lang='lat' dir='ltr'><strong>in</strong></span> <span class='ocrx_word' id='word_1_635' title='bbox 3115 2680 3281 2733; x_wconf 79' lang='lat' dir='ltr'><strong>altare</strong></span> <span class='ocrx_word' id='word_1_636' title='bbox 3323 2679 3417 2733; x_wconf 89' lang='lat' dir='ltr'><strong>Dei</strong></span> <span class='ocrx_word' id='word_1_637' title='bbox 3456 2694 3554 2749; x_wconf 87' lang='lat' dir='ltr'><strong>po—</strong></span> 
     </span>
    </p>
   </div>
   <div class='ocr_carea' id='block_1_89' title="bbox 1955 2767 3550 2839">
    <p class='ocr_par' dir='ltr' id='par_1_89' title="bbox 1955 2767 3550 2839">
     <span class='ocr_line' id='line_1_89' title="bbox 1955 2767 3550 2839; baseline -0.001 -14"><span class='ocrx_word' id='word_1_638' title='bbox 1955 2785 2083 2825; x_wconf 90' lang='lat' dir='ltr'><strong>nere</strong></span> <span class='ocrx_word' id='word_1_639' title='bbox 2125 2768 2465 2839; x_wconf 88' lang='lat' dir='ltr'><strong>jactitabantl</strong></span> <span class='ocrx_word' id='word_1_640' title='bbox 2513 2768 2681 2838; x_wconf 87' lang='lat' dir='ltr'><strong>Quam</strong></span> <span class='ocrx_word' id='word_1_641' title='bbox 2738 2769 2889 2823; x_wconf 90' lang='lat' dir='ltr'><strong>multi</strong></span> <span class='ocrx_word' id='word_1_642' title='bbox 2930 2767 3063 2823; x_wconf 92' lang='lat' dir='ltr'><strong>nihil</strong></span> <span class='ocrx_word' id='word_1_643' title='bbox 3108 2768 3369 2824; x_wconf 88' lang='lat' dir='ltr'><strong>interesse</strong></span> <span class='ocrx_word' id='word_1_644' title='bbox 3427 2784 3550 2825; x_wconf 88' lang='lat' dir='ltr'><strong>cre-</strong></span> 
     </span>
    </p>
   </div>
   <div class='ocr_carea' id='block_1_90' title="bbox 1956 2858 3550 2931">
    <p class='ocr_par' dir='ltr' id='par_1_90' title="bbox 1956 2858 3550 2931">
     <span class='ocr_line' id='line_1_90' title="bbox 1956 2858 3550 2931; baseline 0 -16"><span class='ocrx_word' id='word_1_645' title='bbox 1956 2860 2143 2916; x_wconf 86' lang='lat' dir='ltr'><strong>dentes</strong></span> <span class='ocrx_word' id='word_1_646' title='bbox 2189 2860 2240 2915; x_wconf 96' lang='lat' dir='ltr'><strong>in</strong></span> <span class='ocrx_word' id='word_1_647' title='bbox 2290 2875 2392 2931; x_wconf 89' lang='lat' dir='ltr'><strong>qua</strong></span> <span class='ocrx_word' id='word_1_648' title='bbox 2437 2860 2664 2931; x_wconf 87' lang='lat' dir='ltr'><strong>quisque</strong></span> <span class='ocrx_word' id='word_1_649' title='bbox 2716 2867 2864 2929; x_wconf 88' lang='lat' dir='ltr'><strong>parte</strong></span> <span class='ocrx_word' id='word_1_650' title='bbox 2900 2858 3222 2915; x_wconf 90' lang='lat' dir='ltr'><strong>christianus</strong></span> <span class='ocrx_word' id='word_1_651' title='bbox 3263 2861 3367 2926; x_wconf 90' lang='lat' dir='ltr'><strong>sit,</strong></span> <span class='ocrx_word' id='word_1_652' title='bbox 3426 2860 3550 2915; x_wconf 87' lang='lat' dir='ltr'><strong>ideo</strong></span> 
     </span>
    </p>
   </div>
   <div class='ocr_carea' id='block_1_91' title="bbox 1960 2952 3552 3026">
    <p class='ocr_par' dir='ltr' id='par_1_91' title="bbox 1960 2952 3552 3026">
     <span class='ocr_line' id='line_1_91' title="bbox 1960 2952 3552 3026; baseline 0 -17"><span class='ocrx_word' id='word_1_653' title='bbox 1960 2955 2346 3026; x_wconf 89' lang='lat' dir='ltr'><strong>permanebant</strong></span> <span class='ocrx_word' id='word_1_654' title='bbox 2373 2954 2426 3009; x_wconf 85' lang='lat' dir='ltr'><strong>in</strong></span> <span class='ocrx_word' id='word_1_655' title='bbox 2456 2961 2604 3025; x_wconf 87' lang='lat' dir='ltr'><strong>parte</strong></span> <span class='ocrx_word' id='word_1_656' title='bbox 2630 2953 2840 3019; x_wconf 90' lang='lat' dir='ltr'><strong>Donati,</strong></span> <span class='ocrx_word' id='word_1_657' title='bbox 2868 2953 2991 3023; x_wconf 88' lang='lat' dir='ltr'><strong>quia</strong></span> <span class='ocrx_word' id='word_1_658' title='bbox 3022 2952 3095 3006; x_wconf 91' lang='lat' dir='ltr'><strong>ibi</strong></span> <span class='ocrx_word' id='word_1_659' title='bbox 3123 2952 3233 3007; x_wconf 86' lang='lat' dir='ltr'><strong>nati</strong></span> <span class='ocrx_word' id='word_1_660' title='bbox 3261 2961 3413 3007; x_wconf 88' lang='lat' dir='ltr'><strong>erant</strong></span> <span class='ocrx_word' id='word_1_661' title='bbox 3431 2994 3447 3019; x_wconf 91' lang='lat'><strong>,</strong></span> <span class='ocrx_word' id='word_1_662' title='bbox 3493 2959 3552 3009; x_wconf 89' lang='lat' dir='ltr'><strong>et</strong></span> 
     </span>
    </p>
   </div>
   <div class='ocr_carea' id='block_1_92' title="bbox 1958 3042 3551 3116">
    <p class='ocr_par' dir='ltr' id='par_1_92' title="bbox 1958 3042 3551 3116">
     <span class='ocr_line' id='line_1_92' title="bbox 1958 3042 3551 3116; baseline -0.001 -14"><span class='ocrx_word' id='word_1_663' title='bbox 1958 3062 2054 3103; x_wconf 92' lang='lat' dir='ltr'><strong>eos</strong></span> <span class='ocrx_word' id='word_1_664' title='bbox 2071 3046 2193 3103; x_wconf 89' lang='lat' dir='ltr'><strong>inde</strong></span> <span class='ocrx_word' id='word_1_665' title='bbox 2216 3045 2494 3102; x_wconf 89' lang='lat' dir='ltr'><strong>discedere</strong></span> <span class='ocrx_word' id='word_1_666' title='bbox 2514 3052 2673 3116; x_wconf 90' lang='lat' dir='ltr'><strong>atque</strong></span> <span class='ocrx_word' id='word_1_667' title='bbox 2696 3043 2765 3099; x_wconf 87' lang='lat' dir='ltr'><strong>ad</strong></span> <span class='ocrx_word' id='word_1_668' title='bbox 2792 3042 3118 3099; x_wconf 89' lang='lat' dir='ltr'><strong>Catholicam</strong></span> <span class='ocrx_word' id='word_1_669' title='bbox 3141 3059 3301 3101; x_wconf 91' lang='lat' dir='ltr'><strong>nemo</strong></span> <span class='ocrx_word' id='word_1_670' title='bbox 3324 3044 3551 3101; x_wconf 74' lang='lat' dir='ltr'><strong>transire</strong></span> 
     </span>
    </p>
   </div>
   <div class='ocr_carea' id='block_1_93' title="bbox 1959 3139 2212 3211">
    <p class='ocr_par' dir='ltr' id='par_1_93' title="bbox 1959 3139 2212 3211">
     <span class='ocr_line' id='line_1_93' title="bbox 1959 3139 2212 3211; baseline -0.012 -16"><span class='ocrx_word' id='word_1_671' title='bbox 1959 3139 2212 3211; x_wconf 83' lang='lat' dir='ltr'><strong>cogebat!</strong></span> 
     </span>
    </p>
   </div>
   <div class='ocr_carea' id='block_1_94' title="bbox 2034 3229 3551 3303">
    <p class='ocr_par' dir='ltr' id='par_1_94' title="bbox 2034 3229 3551 3303">
     <span class='ocr_line' id='line_1_94' title="bbox 2034 3229 3551 3303; baseline 0 -15"><span class='ocrx_word' id='word_1_672' title='bbox 2034 3233 2121 3289; x_wconf 81' lang='grc'><strong>18.</strong></span> <span class='ocrx_word' id='word_1_673' title='bbox 2149 3232 2243 3288; x_wconf 86' lang='lat' dir='ltr'><strong>His</strong></span> <span class='ocrx_word' id='word_1_674' title='bbox 2268 3230 2514 3286; x_wconf 90' lang='lat' dir='ltr'><strong>omnibus</strong></span> <span class='ocrx_word' id='word_1_675' title='bbox 2549 3230 2740 3286; x_wconf 89' lang='lat' dir='ltr'><strong>harum</strong></span> <span class='ocrx_word' id='word_1_676' title='bbox 2764 3229 2942 3301; x_wconf 90' lang='lat' dir='ltr'><strong>legum</strong></span> <span class='ocrx_word' id='word_1_677' title='bbox 2977 3237 3171 3296; x_wconf 90' lang='lat' dir='ltr'><strong>terror,</strong></span> <span class='ocrx_word' id='word_1_678' title='bbox 3201 3229 3391 3301; x_wconf 66' lang='lat' dir='ltr'><strong>qubus</strong></span> <span class='ocrx_word' id='word_1_679' title='bbox 3420 3245 3551 3303; x_wconf 88' lang='lat' dir='ltr'><strong>pro-</strong></span> 
     </span>
    </p>
   </div>
   <div class='ocr_carea' id='block_1_95' title="bbox 1963 3322 3553 3396">
    <p class='ocr_par' dir='ltr' id='par_1_95' title="bbox 1963 3322 3553 3396">
     <span class='ocr_line' id='line_1_95' title="bbox 1963 3322 3553 3396; baseline 0 -16"><span class='ocrx_word' id='word_1_680' title='bbox 1963 3326 2262 3396; x_wconf 78' lang='lat' dir='ltr'><strong>mulgandis</strong></span> <span class='ocrx_word' id='word_1_681' title='bbox 2282 3339 2435 3396; x_wconf 87' lang='lat' dir='ltr'><strong>reges</strong></span> <span class='ocrx_word' id='word_1_682' title='bbox 2456 3324 2694 3380; x_wconf 87' lang='lat' dir='ltr'><strong>serviunt</strong></span> <span class='ocrx_word' id='word_1_683' title='bbox 2724 3322 2951 3379; x_wconf 92' lang='lat' dir='ltr'><strong>Domino</strong></span> <span class='ocrx_word' id='word_1_684' title='bbox 2983 3322 3039 3377; x_wconf 89' lang='lat' dir='ltr'><strong>in</strong></span> <span class='ocrx_word' id='word_1_685' title='bbox 3066 3323 3274 3391; x_wconf 91' lang='lat' dir='ltr'><strong>timore,</strong></span> <span class='ocrx_word' id='word_1_686' title='bbox 3321 3323 3394 3379; x_wconf 89' lang='lat' dir='ltr'><strong>ita</strong></span> <span class='ocrx_word' id='word_1_687' title='bbox 3425 3338 3553 3395; x_wconf 85' lang='lat' dir='ltr'><strong>pro-</strong></span> 
     </span>
    </p>
   </div>
   <div class='ocr_carea' id='block_1_96' title="bbox 1965 3415 3555 3487">
    <p class='ocr_par' dir='ltr' id='par_1_96' title="bbox 1965 3415 3555 3487">
     <span class='ocr_line' id='line_1_96' title="bbox 1965 3415 3555 3487; baseline 0 -13"><span class='ocrx_word' id='word_1_688' title='bbox 1965 3419 2080 3487; x_wconf 88' lang='lat' dir='ltr'><strong>fuit,</strong></span> <span class='ocrx_word' id='word_1_689' title='bbox 2109 3427 2166 3475; x_wconf 93' lang='lat' dir='ltr'><strong>ut</strong></span> <span class='ocrx_word' id='word_1_690' title='bbox 2202 3434 2342 3475; x_wconf 92' lang='lat' dir='ltr'><strong>nunc</strong></span> <span class='ocrx_word' id='word_1_691' title='bbox 2368 3419 2459 3473; x_wconf 90' lang='lat' dir='ltr'><strong>alii</strong></span> <span class='ocrx_word' id='word_1_692' title='bbox 2497 3419 2676 3473; x_wconf 91' lang='lat' dir='ltr'><strong>dicant</strong></span> <span class='ocrx_word' id='word_1_693' title='bbox 2717 3435 2731 3472; x_wconf 89' lang='lat'><strong>:</strong></span> <span class='ocrx_word' id='word_1_694' title='bbox 2770 3416 2889 3472; x_wconf 84' lang='lat' dir='ltr'><strong>Jam</strong></span> <span class='ocrx_word' id='word_1_695' title='bbox 2922 3416 3028 3473; x_wconf 85' lang='lat' dir='ltr'><strong>hoc</strong></span> <span class='ocrx_word' id='word_1_696' title='bbox 3063 3415 3414 3483; x_wconf 88' lang='lat' dir='ltr'><strong>volebamus;</strong></span> <span class='ocrx_word' id='word_1_697' title='bbox 3455 3416 3555 3474; x_wconf 82' lang='lat' dir='ltr'><strong>sed</strong></span> 
     </span>
    </p>
   </div>
   <div class='ocr_carea' id='block_1_97' title="bbox 1965 3507 3557 3581">
    <p class='ocr_par' dir='ltr' id='par_1_97' title="bbox 1965 3507 3557 3581">
     <span class='ocr_line' id='line_1_97' title="bbox 1965 3507 3557 3581; baseline -0.001 -15"><span class='ocrx_word' id='word_1_698' title='bbox 1965 3512 2079 3575; x_wconf 79' lang='lat' dir='ltr'><strong>Deo</strong></span> <span class='ocrx_word' id='word_1_699' title='bbox 2101 3511 2318 3581; x_wconf 89' lang='lat' dir='ltr'><strong>gratias,</strong></span> <span class='ocrx_word' id='word_1_700' title='bbox 2350 3511 2441 3581; x_wconf 91' lang='lat' dir='ltr'><strong>qui</strong></span> <span class='ocrx_word' id='word_1_701' title='bbox 2482 3509 2635 3564; x_wconf 89' lang='lat' dir='ltr'><strong>nobis</strong></span> <span class='ocrx_word' id='word_1_702' title='bbox 2661 3509 2997 3565; x_wconf 88' lang='lat' dir='ltr'><strong>occasionem</strong></span> <span class='ocrx_word' id='word_1_703' title='bbox 3041 3508 3269 3578; x_wconf 81' lang='lat' dir='ltr'><strong>praebuit</strong></span> <span class='ocrx_word' id='word_1_704' title='bbox 3305 3507 3557 3579; x_wconf 86' lang='lat' dir='ltr'><strong>jamjam-</strong></span> 
     </span>
    </p>
   </div>
   <div class='ocr_carea' id='block_1_98' title="bbox 1964 3599 3554 3675">
    <p class='ocr_par' dir='ltr' id='par_1_98' title="bbox 1964 3599 3554 3675">
     <span class='ocr_line' id='line_1_98' title="bbox 1964 3599 3554 3675; baseline 0 -17"><span class='ocrx_word' id='word_1_705' title='bbox 1964 3619 2068 3675; x_wconf 93' lang='lat' dir='ltr'><strong>que</strong></span> <span class='ocrx_word' id='word_1_706' title='bbox 2107 3602 2354 3670; x_wconf 85' lang='lat' dir='ltr'><strong>faciendi,</strong></span> <span class='ocrx_word' id='word_1_707' title='bbox 2383 3611 2438 3657; x_wconf 91' lang='lat' dir='ltr'><strong>et</strong></span> <span class='ocrx_word' id='word_1_708' title='bbox 2476 3601 2788 3657; x_wconf 89' lang='lat' dir='ltr'><strong>dilationum</strong></span> <span class='ocrx_word' id='word_1_709' title='bbox 2827 3599 3064 3657; x_wconf 86' lang='lat' dir='ltr'><strong>morulas</strong></span> <span class='ocrx_word' id='word_1_710' title='bbox 3099 3600 3412 3671; x_wconf 88' lang='lat' dir='ltr'><strong>amputavit.</strong></span> <span class='ocrx_word' id='word_1_711' title='bbox 3444 3599 3554 3658; x_wconf 82' lang='lat' dir='ltr'><strong>Alii</strong></span> 
     </span>
    </p>
   </div>
   <div class='ocr_carea' id='block_1_99' title="bbox 1965 3693 3555 3764">
    <p class='ocr_par' dir='ltr' id='par_1_99' title="bbox 1965 3693 3555 3764">
     <span class='ocr_line' id='line_1_99' title="bbox 1965 3693 3555 3764; baseline -0.002 -11"><span class='ocrx_word' id='word_1_712' title='bbox 1965 3697 2145 3753; x_wconf 87' lang='lat' dir='ltr'><strong>dicant</strong></span> <span class='ocrx_word' id='word_1_713' title='bbox 2173 3713 2186 3749; x_wconf 85' lang='lat'><strong>:</strong></span> <span class='ocrx_word' id='word_1_714' title='bbox 2214 3695 2328 3751; x_wconf 80' lang='lat' dir='ltr'><strong>Hoc</strong></span> <span class='ocrx_word' id='word_1_715' title='bbox 2357 3709 2475 3750; x_wconf 89' lang='lat' dir='ltr'><strong>esse</strong></span> <span class='ocrx_word' id='word_1_716' title='bbox 2511 3710 2696 3749; x_wconf 90' lang='lat' dir='ltr'><strong>verum</strong></span> <span class='ocrx_word' id='word_1_717' title='bbox 2722 3693 2833 3764; x_wconf 87' lang='lat' dir='ltr'><strong>jam</strong></span> <span class='ocrx_word' id='word_1_718' title='bbox 2874 3694 3208 3760; x_wconf 88' lang='lat' dir='ltr'><strong>sciebamus;</strong></span> <span class='ocrx_word' id='word_1_719' title='bbox 3236 3693 3332 3749; x_wconf 89' lang='lat' dir='ltr'><strong>sed</strong></span> <span class='ocrx_word' id='word_1_720' title='bbox 3371 3694 3555 3751; x_wconf 90' lang='lat' dir='ltr'><strong>nescio</strong></span> 
     </span>
    </p>
   </div>
   <div class='ocr_carea' id='block_1_100' title="bbox 1965 3785 3556 3861">
    <p class='ocr_par' dir='ltr' id='par_1_100' title="bbox 1965 3785 3556 3861">
     <span class='ocr_line' id='line_1_100' title="bbox 1965 3785 3556 3861; baseline -0.001 -16"><span class='ocrx_word' id='word_1_721' title='bbox 1965 3805 2070 3861; x_wconf 87' lang='lat' dir='ltr'><strong>qua</strong></span> <span class='ocrx_word' id='word_1_722' title='bbox 2109 3787 2494 3845; x_wconf 90' lang='lat' dir='ltr'><strong>consuetudine</strong></span> <span class='ocrx_word' id='word_1_723' title='bbox 2536 3786 2850 3842; x_wconf 90' lang='lat' dir='ltr'><strong>tenebamur</strong></span> <span class='ocrx_word' id='word_1_724' title='bbox 2882 3803 2895 3841; x_wconf 90' lang='lat'><strong>:</strong></span> <span class='ocrx_word' id='word_1_725' title='bbox 2927 3787 3126 3857; x_wconf 85' lang='lat' dir='ltr'><strong>gratias</strong></span> <span class='ocrx_word' id='word_1_726' title='bbox 3172 3785 3418 3855; x_wconf 89' lang='lat' dir='ltr'><strong>Domino,</strong></span> <span class='ocrx_word' id='word_1_727' title='bbox 3462 3786 3556 3859; x_wconf 90' lang='lat' dir='ltr'><strong>qui</strong></span> 
     </span>
    </p>
   </div>
   <div class='ocr_carea' id='block_1_101' title="bbox 1966 3880 3556 3952">
    <p class='ocr_par' dir='ltr' id='par_1_101' title="bbox 1966 3880 3556 3952">
     <span class='ocr_line' id='line_1_101' title="bbox 1966 3880 3556 3952; baseline 0.001 -13"><span class='ocrx_word' id='word_1_728' title='bbox 1966 3884 2176 3939; x_wconf 88' lang='lat' dir='ltr'><strong>vincula</strong></span> <span class='ocrx_word' id='word_1_729' title='bbox 2221 3892 2403 3938; x_wconf 90' lang='lat' dir='ltr'><strong>nostra</strong></span> <span class='ocrx_word' id='word_1_730' title='bbox 2447 3880 2696 3951; x_wconf 91' lang='lat' dir='ltr'><strong>disrupit,</strong></span> <span class='ocrx_word' id='word_1_731' title='bbox 2743 3889 2797 3936; x_wconf 90' lang='lat' dir='ltr'><strong>et</strong></span> <span class='ocrx_word' id='word_1_732' title='bbox 2840 3895 2938 3936; x_wconf 93' lang='lat' dir='ltr'><strong>nos</strong></span> <span class='ocrx_word' id='word_1_733' title='bbox 2980 3880 3050 3935; x_wconf 89' lang='lat' dir='ltr'><strong>ad</strong></span> <span class='ocrx_word' id='word_1_734' title='bbox 3094 3882 3239 3952; x_wconf 82' lang='lat' dir='ltr'><strong>pacis</strong></span> <span class='ocrx_word' id='word_1_735' title='bbox 3283 3882 3556 3941; x_wconf 86' lang='lat' dir='ltr'><strong>vinculum</strong></span> 
     </span>
    </p>
   </div>
   <div class='ocr_carea' id='block_1_102' title="bbox 1965 3970 3559 4030">
    <p class='ocr_par' dir='ltr' id='par_1_102' title="bbox 1965 3970 3559 4030">
     <span class='ocr_line' id='line_1_102' title="bbox 1965 3970 3559 4030; baseline 0 0"><span class='ocrx_word' id='word_1_736' title='bbox 1965 3974 2256 4030; x_wconf 89' lang='lat' dir='ltr'><strong>transtulit.</strong></span> <span class='ocrx_word' id='word_1_737' title='bbox 2289 3972 2393 4028; x_wconf 83' lang='lat' dir='ltr'><strong>Alii</strong></span> <span class='ocrx_word' id='word_1_738' title='bbox 2434 3970 2648 4028; x_wconf 88' lang='lat' dir='ltr'><strong>dicant:</strong></span> <span class='ocrx_word' id='word_1_739' title='bbox 2678 3970 3061 4028; x_wconf 85' lang='lat' dir='ltr'><strong>Nesciebamus</strong></span> <span class='ocrx_word' id='word_1_740' title='bbox 3089 3972 3175 4028; x_wconf 89' lang='lat' dir='ltr'><strong>hic</strong></span> <span class='ocrx_word' id='word_1_741' title='bbox 3212 3987 3331 4029; x_wconf 88' lang='lat' dir='ltr'><strong>esse</strong></span> <span class='ocrx_word' id='word_1_742' title='bbox 3358 3974 3559 4030; x_wconf 88' lang='lat' dir='ltr'><strong>verita-</strong></span> 
     </span>
    </p>
   </div>
   <div class='ocr_carea' id='block_1_103' title="bbox 1967 4063 3558 4130">
    <p class='ocr_par' dir='ltr' id='par_1_103' title="bbox 1967 4063 3558 4130">
     <span class='ocr_line' id='line_1_103' title="bbox 1967 4063 3558 4130; baseline 0.002 -8"><span class='ocrx_word' id='word_1_743' title='bbox 1967 4074 2095 4129; x_wconf 90' lang='lat' dir='ltr'><strong>tem,</strong></span> <span class='ocrx_word' id='word_1_744' title='bbox 2130 4080 2228 4120; x_wconf 90' lang='lat' dir='ltr'><strong>nec</strong></span> <span class='ocrx_word' id='word_1_745' title='bbox 2251 4080 2368 4121; x_wconf 91' lang='lat' dir='ltr'><strong>eam</strong></span> <span class='ocrx_word' id='word_1_746' title='bbox 2390 4063 2597 4119; x_wconf 90' lang='lat' dir='ltr'><strong>discere</strong></span> <span class='ocrx_word' id='word_1_747' title='bbox 2623 4064 2969 4130; x_wconf 87' lang='lat' dir='ltr'><strong>volebamus;</strong></span> <span class='ocrx_word' id='word_1_748' title='bbox 2994 4063 3090 4120; x_wconf 90' lang='lat' dir='ltr'><strong>sed</strong></span> <span class='ocrx_word' id='word_1_749' title='bbox 3116 4079 3215 4120; x_wconf 93' lang='lat' dir='ltr'><strong>nos</strong></span> <span class='ocrx_word' id='word_1_750' title='bbox 3243 4065 3310 4119; x_wconf 90' lang='lat' dir='ltr'><strong>ad</strong></span> <span class='ocrx_word' id='word_1_751' title='bbox 3330 4080 3449 4122; x_wconf 88' lang='lat' dir='ltr'><strong>eam</strong></span> <span class='ocrx_word' id='word_1_752' title='bbox 3471 4081 3558 4125; x_wconf 86' lang='lat' dir='ltr'><strong>co-</strong></span> 
     </span>
    </p>
   </div>
   <div class='ocr_carea' id='block_1_104' title="bbox 1964 4154 3558 4226">
    <p class='ocr_par' dir='ltr' id='par_1_104' title="bbox 1964 4154 3558 4226">
     <span class='ocr_line' id='line_1_104' title="bbox 1964 4154 3558 4226; baseline 0.004 -17"><span class='ocrx_word' id='word_1_753' title='bbox 1964 4154 2325 4226; x_wconf 76' lang='lat' dir='ltr'><strong>gnoscendam</strong></span> <span class='ocrx_word' id='word_1_754' title='bbox 2366 4164 2539 4209; x_wconf 90' lang='lat' dir='ltr'><strong>metus</strong></span> <span class='ocrx_word' id='word_1_755' title='bbox 2583 4154 2707 4209; x_wconf 85' lang='lat' dir='ltr'><strong>fecit</strong></span> <span class='ocrx_word' id='word_1_756' title='bbox 2748 4155 3001 4221; x_wconf 87' lang='lat' dir='ltr'><strong>intentos,</strong></span> <span class='ocrx_word' id='word_1_757' title='bbox 3042 4170 3148 4225; x_wconf 92' lang='lat' dir='ltr'><strong>quo</strong></span> <span class='ocrx_word' id='word_1_758' title='bbox 3188 4156 3457 4212; x_wconf 88' lang='lat' dir='ltr'><strong>timuimus</strong></span> <span class='ocrx_word' id='word_1_759' title='bbox 3484 4173 3558 4215; x_wconf 85' lang='lat' dir='ltr'><strong>ne</strong></span> 
     </span>
    </p>
   </div>
   <div class='ocr_carea' id='block_1_105' title="bbox 1966 4246 3558 4307">
    <p class='ocr_par' dir='ltr' id='par_1_105' title="bbox 1966 4246 3558 4307">
     <span class='ocr_line' id='line_1_105' title="bbox 1966 4246 3558 4307; baseline 0.003 -4"><span class='ocrx_word' id='word_1_760' title='bbox 1966 4247 2105 4303; x_wconf 85' lang='lat' dir='ltr'><strong>forte</strong></span> <span class='ocrx_word' id='word_1_761' title='bbox 2134 4247 2249 4303; x_wconf 91' lang='lat' dir='ltr'><strong>sine</strong></span> <span class='ocrx_word' id='word_1_762' title='bbox 2276 4248 2394 4301; x_wconf 92' lang='lat' dir='ltr'><strong>ullis</strong></span> <span class='ocrx_word' id='word_1_763' title='bbox 2418 4262 2594 4301; x_wconf 85' lang='lat' dir='ltr'><strong>rerum</strong></span> <span class='ocrx_word' id='word_1_764' title='bbox 2624 4255 2943 4302; x_wconf 72' lang='lat' dir='ltr'><strong>teternarum</strong></span> <span class='ocrx_word' id='word_1_765' title='bbox 2964 4246 3129 4304; x_wconf 90' lang='lat' dir='ltr'><strong>lucris</strong></span> <span class='ocrx_word' id='word_1_766' title='bbox 3153 4249 3346 4305; x_wconf 89' lang='lat' dir='ltr'><strong>damno</strong></span> <span class='ocrx_word' id='word_1_767' title='bbox 3375 4266 3558 4307; x_wconf 84' lang='lat' dir='ltr'><strong>rerum</strong></span> 
     </span>
    </p>
   </div>
   <div class='ocr_carea' id='block_1_106' title="bbox 1967 4338 3558 4418">
    <p class='ocr_par' dir='ltr' id='par_1_106' title="bbox 1967 4338 3558 4418">
     <span class='ocr_line' id='line_1_106' title="bbox 1967 4338 3558 4418; baseline 0.003 -21"><span class='ocrx_word' id='word_1_768' title='bbox 1967 4340 2338 4410; x_wconf 90' lang='lat' dir='ltr'><strong>temporalium</strong></span> <span class='ocrx_word' id='word_1_769' title='bbox 2379 4338 2663 4396; x_wconf 89' lang='lat' dir='ltr'><strong>feriremur</strong></span> <span class='ocrx_word' id='word_1_770' title='bbox 2688 4359 2699 4394; x_wconf 93' lang='lat'><strong>:</strong></span> <span class='ocrx_word' id='word_1_771' title='bbox 2728 4342 2927 4410; x_wconf 85' lang='lat' dir='ltr'><strong>gratias</strong></span> <span class='ocrx_word' id='word_1_772' title='bbox 2964 4342 3212 4410; x_wconf 90' lang='lat' dir='ltr'><strong>Domino,</strong></span> <span class='ocrx_word' id='word_1_773' title='bbox 3254 4345 3344 4415; x_wconf 92' lang='lat' dir='ltr'><strong>qui</strong></span> <span class='ocrx_word' id='word_1_774' title='bbox 3389 4346 3558 4418; x_wconf 88' lang='lat' dir='ltr'><strong>negli-</strong></span> 
     </span>
    </p>
   </div>
   <div class='ocr_carea' id='block_1_107' title="bbox 1964 4431 3556 4503">
    <p class='ocr_par' dir='ltr' id='par_1_107' title="bbox 1964 4431 3556 4503">
     <span class='ocr_line' id='line_1_107' title="bbox 1964 4431 3556 4503; baseline 0.007 -18"><span class='ocrx_word' id='word_1_775' title='bbox 1964 4431 2197 4503; x_wconf 87' lang='lat' dir='ltr'><strong>gentiam</strong></span> <span class='ocrx_word' id='word_1_776' title='bbox 2228 4438 2465 4485; x_wconf 89' lang='lat' dir='ltr'><strong>nostram</strong></span> <span class='ocrx_word' id='word_1_777' title='bbox 2495 4431 2711 4486; x_wconf 92' lang='lat' dir='ltr'><strong>stimulo</strong></span> <span class='ocrx_word' id='word_1_778' title='bbox 2741 4434 2965 4489; x_wconf 90' lang='lat' dir='ltr'><strong>terroris</strong></span> <span class='ocrx_word' id='word_1_779' title='bbox 2994 4436 3246 4502; x_wconf 88' lang='lat' dir='ltr'><strong>excussit,</strong></span> <span class='ocrx_word' id='word_1_780' title='bbox 3283 4445 3342 4491; x_wconf 91' lang='lat' dir='ltr'><strong>ut</strong></span> <span class='ocrx_word' id='word_1_781' title='bbox 3364 4439 3556 4496; x_wconf 89' lang='lat' dir='ltr'><strong>saltem</strong></span> 
     </span>
    </p>
   </div>
   <div class='ocr_carea' id='block_1_108' title="bbox 1966 4522 3557 4597">
    <p class='ocr_par' dir='ltr' id='par_1_108' title="bbox 1966 4522 3557 4597">
     <span class='ocr_line' id='line_1_108' title="bbox 1966 4522 3557 4597; baseline 0.005 -19"><span class='ocrx_word' id='word_1_782' title='bbox 1966 4522 2177 4578; x_wconf 88' lang='lat' dir='ltr'><strong>solliciti</strong></span> <span class='ocrx_word' id='word_1_783' title='bbox 2200 4537 2566 4593; x_wconf 64' lang='lat' dir='ltr'><strong>quaereremus</strong></span> <span class='ocrx_word' id='word_1_784' title='bbox 2593 4522 2735 4594; x_wconf 90' lang='lat' dir='ltr'><strong>quod</strong></span> <span class='ocrx_word' id='word_1_785' title='bbox 2779 4525 2953 4579; x_wconf 88' lang='lat' dir='ltr'><strong>securi</strong></span> <span class='ocrx_word' id='word_1_786' title='bbox 2983 4541 3250 4597; x_wconf 91' lang='lat' dir='ltr'><strong>nunquam</strong></span> <span class='ocrx_word' id='word_1_787' title='bbox 3284 4544 3442 4585; x_wconf 91' lang='lat' dir='ltr'><strong>nosse</strong></span> <span class='ocrx_word' id='word_1_788' title='bbox 3465 4545 3557 4587; x_wconf 77' lang='lat' dir='ltr'><strong>cu-</strong></span> 
     </span>
    </p>
   </div>
   <div class='ocr_carea' id='block_1_109' title="bbox 1966 4614 3561 4681">
    <p class='ocr_par' dir='ltr' id='par_1_109' title="bbox 1966 4614 3561 4681">
     <span class='ocr_line' id='line_1_109' title="bbox 1966 4614 3561 4681; baseline 0.006 -11"><span class='ocrx_word' id='word_1_789' title='bbox 1966 4616 2220 4670; x_wconf 87' lang='lat' dir='ltr'><strong>ravimus.</strong></span> <span class='ocrx_word' id='word_1_790' title='bbox 2254 4614 2357 4670; x_wconf 83' lang='lat' dir='ltr'><strong>Alii</strong></span> <span class='ocrx_word' id='word_1_791' title='bbox 2403 4616 2582 4670; x_wconf 89' lang='lat' dir='ltr'><strong>dicant</strong></span> <span class='ocrx_word' id='word_1_792' title='bbox 2614 4633 2627 4668; x_wconf 90' lang='lat'><strong>:</strong></span> <span class='ocrx_word' id='word_1_793' title='bbox 2659 4615 2767 4671; x_wconf 85' lang='lat' dir='ltr'><strong>Nos</strong></span> <span class='ocrx_word' id='word_1_794' title='bbox 2802 4615 2951 4672; x_wconf 87' lang='lat' dir='ltr'><strong>falsis</strong></span> <span class='ocrx_word' id='word_1_795' title='bbox 2993 4621 3297 4677; x_wconf 86' lang='lat' dir='ltr'><strong>rumoribus</strong></span> <span class='ocrx_word' id='word_1_796' title='bbox 3323 4624 3561 4681; x_wconf 85' lang='lat' dir='ltr'><strong>terreba-</strong></span> 
     </span>
    </p>
   </div>
   <div class='ocr_carea' id='block_1_110' title="bbox 1964 4706 3559 4779">
    <p class='ocr_par' dir='ltr' id='par_1_110' title="bbox 1964 4706 3559 4779">
     <span class='ocr_line' id='line_1_110' title="bbox 1964 4706 3559 4779; baseline 0.004 -16"><span class='ocrx_word' id='word_1_797' title='bbox 1964 4723 2087 4763; x_wconf 89' lang='lat' dir='ltr'><strong>mur</strong></span> <span class='ocrx_word' id='word_1_798' title='bbox 2112 4706 2334 4773; x_wconf 90' lang='lat' dir='ltr'><strong>intrare,</strong></span> <span class='ocrx_word' id='word_1_799' title='bbox 2361 4722 2496 4778; x_wconf 89' lang='lat' dir='ltr'><strong>quos</strong></span> <span class='ocrx_word' id='word_1_800' title='bbox 2532 4706 2694 4764; x_wconf 90' lang='lat' dir='ltr'><strong>falsos</strong></span> <span class='ocrx_word' id='word_1_801' title='bbox 2723 4723 2841 4763; x_wconf 91' lang='lat' dir='ltr'><strong>esse</strong></span> <span class='ocrx_word' id='word_1_802' title='bbox 2878 4709 3229 4779; x_wconf 90' lang='lat' dir='ltr'><strong>nesciremus,</strong></span> <span class='ocrx_word' id='word_1_803' title='bbox 3265 4713 3310 4767; x_wconf 90' lang='lat' dir='ltr'><strong>si</strong></span> <span class='ocrx_word' id='word_1_804' title='bbox 3337 4729 3441 4769; x_wconf 91' lang='lat' dir='ltr'><strong>non</strong></span> <span class='ocrx_word' id='word_1_805' title='bbox 3470 4714 3559 4769; x_wconf 87' lang='lat' dir='ltr'><strong>in-</strong></span> 
     </span>
    </p>
   </div>
   <div class='ocr_carea' id='block_1_111' title="bbox 1965 4800 3558 4876">
    <p class='ocr_par' dir='ltr' id='par_1_111' title="bbox 1965 4800 3558 4876">
     <span class='ocr_line' id='line_1_111' title="bbox 1965 4800 3558 4876; baseline 0.004 -21"><span class='ocrx_word' id='word_1_806' title='bbox 1965 4806 2229 4855; x_wconf 89' lang='lat' dir='ltr'><strong>traremus</strong></span> <span class='ocrx_word' id='word_1_807' title='bbox 2263 4816 2278 4865; x_wconf 94' lang='lat'><strong>;</strong></span> <span class='ocrx_word' id='word_1_808' title='bbox 2311 4814 2410 4855; x_wconf 92' lang='lat' dir='ltr'><strong>nec</strong></span> <span class='ocrx_word' id='word_1_809' title='bbox 2448 4800 2791 4866; x_wconf 87' lang='lat' dir='ltr'><strong>intraremus,</strong></span> <span class='ocrx_word' id='word_1_810' title='bbox 2838 4800 2942 4856; x_wconf 90' lang='lat' dir='ltr'><strong>nisi</strong></span> <span class='ocrx_word' id='word_1_811' title='bbox 2978 4816 3328 4873; x_wconf 86' lang='lat' dir='ltr'><strong>cogeremur:</strong></span> <span class='ocrx_word' id='word_1_812' title='bbox 3360 4807 3558 4876; x_wconf 81' lang='lat' dir='ltr'><strong>gratias</strong></span> 
     </span>
    </p>
   </div>
   <div class='ocr_carea' id='block_1_112' title="bbox 1966 4890 3552 4964">
    <p class='ocr_par' dir='ltr' id='par_1_112' title="bbox 1966 4890 3552 4964">
     <span class='ocr_line' id='line_1_112' title="bbox 1966 4890 3552 4964; baseline 0.003 -18"><span class='ocrx_word' id='word_1_813' title='bbox 1966 4891 2212 4957; x_wconf 91' lang='lat' dir='ltr'><strong>Domino,</strong></span> <span class='ocrx_word' id='word_1_814' title='bbox 2242 4890 2331 4961; x_wconf 90' lang='lat' dir='ltr'><strong>qui</strong></span> <span class='ocrx_word' id='word_1_815' title='bbox 2358 4890 2760 4961; x_wconf 88' lang='lat' dir='ltr'><strong>trepidationem</strong></span> <span class='ocrx_word' id='word_1_816' title='bbox 2797 4901 3033 4946; x_wconf 89' lang='lat' dir='ltr'><strong>nostram</strong></span> <span class='ocrx_word' id='word_1_817' title='bbox 3073 4891 3282 4964; x_wconf 84' lang='lat' dir='ltr'><strong>ﬂagello</strong></span> <span class='ocrx_word' id='word_1_818' title='bbox 3317 4896 3552 4964; x_wconf 88' lang='lat' dir='ltr'><strong>abstulit,</strong></span> 
     </span>
    </p>
   </div>
   <div class='ocr_carea' id='block_1_113' title="bbox 1964 4980 3557 5054">
    <p class='ocr_par' dir='ltr' id='par_1_113' title="bbox 1964 4980 3557 5054">
     <span class='ocr_line' id='line_1_113' title="bbox 1964 4980 3557 5054; baseline 0.003 -16"><span class='ocrx_word' id='word_1_819' title='bbox 1964 4991 2217 5054; x_wconf 90' lang='lat' dir='ltr'><strong>expertos</strong></span> <span class='ocrx_word' id='word_1_820' title='bbox 2242 4980 2426 5037; x_wconf 91' lang='lat' dir='ltr'><strong>docuit</strong></span> <span class='ocrx_word' id='word_1_821' title='bbox 2448 4998 2606 5052; x_wconf 86' lang='lat' dir='ltr'><strong>quam</strong></span> <span class='ocrx_word' id='word_1_822' title='bbox 2635 4998 2768 5037; x_wconf 90' lang='lat' dir='ltr'><strong>vana</strong></span> <span class='ocrx_word' id='word_1_823' title='bbox 2805 4992 2859 5039; x_wconf 92' lang='lat' dir='ltr'><strong>et</strong></span> <span class='ocrx_word' id='word_1_824' title='bbox 2884 4983 3059 5039; x_wconf 90' lang='lat' dir='ltr'><strong>inania</strong></span> <span class='ocrx_word' id='word_1_825' title='bbox 3086 4985 3153 5040; x_wconf 91' lang='lat' dir='ltr'><strong>de</strong></span> <span class='ocrx_word' id='word_1_826' title='bbox 3196 4987 3429 5041; x_wconf 76' lang='lat' dir='ltr'><strong>Ecclesia</strong></span> <span class='ocrx_word' id='word_1_827' title='bbox 3457 5002 3557 5043; x_wconf 87' lang='lat' dir='ltr'><strong>sua</strong></span> 
     </span>
    </p>
   </div>
   <div class='ocr_carea' id='block_1_114' title="bbox 1965 5072 3558 5147">
    <p class='ocr_par' dir='ltr' id='par_1_114' title="bbox 1965 5072 3558 5147">
     <span class='ocr_line' id='line_1_114' title="bbox 1965 5072 3558 5147; baseline 0.003 -17"><span class='ocrx_word' id='word_1_828' title='bbox 1965 5074 2195 5131; x_wconf 89' lang='lat' dir='ltr'><strong>mendax</strong></span> <span class='ocrx_word' id='word_1_829' title='bbox 2240 5072 2382 5129; x_wconf 87' lang='lat' dir='ltr'><strong>fama</strong></span> <span class='ocrx_word' id='word_1_830' title='bbox 2420 5074 2736 5145; x_wconf 87' lang='lat' dir='ltr'><strong>jactaverit;</strong></span> <span class='ocrx_word' id='word_1_831' title='bbox 2778 5074 2902 5130; x_wconf 90' lang='lat' dir='ltr'><strong>hinc</strong></span> <span class='ocrx_word' id='word_1_832' title='bbox 2939 5076 3051 5147; x_wconf 90' lang='lat' dir='ltr'><strong>jam</strong></span> <span class='ocrx_word' id='word_1_833' title='bbox 3088 5078 3357 5133; x_wconf 90' lang='lat' dir='ltr'><strong>credimus</strong></span> <span class='ocrx_word' id='word_1_834' title='bbox 3385 5088 3438 5133; x_wconf 89' lang='lat' dir='ltr'><strong>et</strong></span> <span class='ocrx_word' id='word_1_835' title='bbox 3465 5080 3558 5135; x_wconf 89' lang='lat' dir='ltr'><strong>illa</strong></span> 
     </span>
    </p>
   </div>
   <div class='ocr_carea' id='block_1_115' title="bbox 1965 5167 3559 5238">
    <p class='ocr_par' dir='ltr' id='par_1_115' title="bbox 1965 5167 3559 5238">
     <span class='ocr_line' id='line_1_115' title="bbox 1965 5167 3559 5238; baseline 0.001 -15"><span class='ocrx_word' id='word_1_836' title='bbox 1965 5167 2098 5223; x_wconf 88' lang='lat' dir='ltr'><strong>falsa</strong></span> <span class='ocrx_word' id='word_1_837' title='bbox 2143 5181 2265 5223; x_wconf 85' lang='lat' dir='ltr'><strong>esse</strong></span> <span class='ocrx_word' id='word_1_838' title='bbox 2290 5208 2306 5234; x_wconf 92' lang='lat'><strong>,</strong></span> <span class='ocrx_word' id='word_1_839' title='bbox 2356 5181 2475 5238; x_wconf 78' lang='lat' dir='ltr'><strong>quae</strong></span> <span class='ocrx_word' id='word_1_840' title='bbox 2516 5175 2762 5223; x_wconf 87' lang='lat' dir='ltr'><strong>auctores</strong></span> <span class='ocrx_word' id='word_1_841' title='bbox 2804 5167 2962 5238; x_wconf 85' lang='lat' dir='ltr'><strong>hujus</strong></span> <span class='ocrx_word' id='word_1_842' title='bbox 3023 5169 3244 5225; x_wconf 86' lang='lat' dir='ltr'><strong>haeresis</strong></span> <span class='ocrx_word' id='word_1_843' title='bbox 3292 5170 3559 5225; x_wconf 89' lang='lat' dir='ltr'><strong>criminati</strong></span> 
     </span>
    </p>
   </div>
   <div class='ocr_carea' id='block_1_116' title="bbox 1968 5258 3557 5333">
    <p class='ocr_par' dir='ltr' id='par_1_116' title="bbox 1968 5258 3557 5333">
     <span class='ocr_line' id='line_1_116' title="bbox 1968 5258 3557 5333; baseline 0.002 -18"><span class='ocrx_word' id='word_1_844' title='bbox 1968 5268 2114 5328; x_wconf 83' lang='lat' dir='ltr'><strong>sunt,</strong></span> <span class='ocrx_word' id='word_1_845' title='bbox 2142 5258 2356 5330; x_wconf 91' lang='lat' dir='ltr'><strong>quando</strong></span> <span class='ocrx_word' id='word_1_846' title='bbox 2381 5259 2585 5328; x_wconf 91' lang='lat' dir='ltr'><strong>posteri</strong></span> <span class='ocrx_word' id='word_1_847' title='bbox 2610 5275 2794 5315; x_wconf 90' lang='lat' dir='ltr'><strong>eorum</strong></span> <span class='ocrx_word' id='word_1_848' title='bbox 2820 5268 2927 5314; x_wconf 90' lang='lat' dir='ltr'><strong>tam</strong></span> <span class='ocrx_word' id='word_1_849' title='bbox 2955 5259 3085 5315; x_wconf 89' lang='lat' dir='ltr'><strong>falsa</strong></span> <span class='ocrx_word' id='word_1_850' title='bbox 3107 5272 3163 5317; x_wconf 93' lang='lat' dir='ltr'><strong>et</strong></span> <span class='ocrx_word' id='word_1_851' title='bbox 3182 5262 3361 5333; x_wconf 89' lang='lat' dir='ltr'><strong>pejora</strong></span> <span class='ocrx_word' id='word_1_852' title='bbox 3384 5264 3557 5320; x_wconf 77' lang='lat' dir='ltr'><strong>finxe-</strong></span> 
     </span>
    </p>
   </div>
   <div class='ocr_carea' id='block_1_117' title="bbox 1966 5351 3560 5423">
    <p class='ocr_par' dir='ltr' id='par_1_117' title="bbox 1966 5351 3560 5423">
     <span class='ocr_line' id='line_1_117' title="bbox 1966 5351 3560 5423; baseline 0.004 -16"><span class='ocrx_word' id='word_1_853' title='bbox 1966 5361 2113 5407; x_wconf 90' lang='lat' dir='ltr'><strong>runt.</strong></span> <span class='ocrx_word' id='word_1_854' title='bbox 2144 5351 2253 5407; x_wconf 84' lang='lat' dir='ltr'><strong>Alii</strong></span> <span class='ocrx_word' id='word_1_855' title='bbox 2272 5351 2458 5407; x_wconf 88' lang='lat' dir='ltr'><strong>dicant</strong></span> <span class='ocrx_word' id='word_1_856' title='bbox 2485 5369 2498 5406; x_wconf 93' lang='lat'>:</span> <span class='ocrx_word' id='word_1_857' title='bbox 2533 5351 2858 5407; x_wconf 85' lang='lat' dir='ltr'><strong>Putabamns</strong></span> <span class='ocrx_word' id='word_1_858' title='bbox 2886 5352 3101 5423; x_wconf 89' lang='lat' dir='ltr'><strong>quidem</strong></span> <span class='ocrx_word' id='word_1_859' title='bbox 3142 5353 3273 5408; x_wconf 89' lang='lat' dir='ltr'><strong>nihil</strong></span> <span class='ocrx_word' id='word_1_860' title='bbox 3299 5354 3560 5413; x_wconf 88' lang='lat' dir='ltr'><strong>interesse</strong></span> 
     </span>
    </p>
   </div>
   <div class='ocr_carea' id='block_1_118' title="bbox 1966 5444 3560 5519">
    <p class='ocr_par' dir='ltr' id='par_1_118' title="bbox 1966 5444 3560 5519">
     <span class='ocr_line' id='line_1_118' title="bbox 1966 5444 3560 5519; baseline 0.005 -20"><span class='ocrx_word' id='word_1_861' title='bbox 1966 5444 2059 5500; x_wconf 90' lang='lat' dir='ltr'><strong>ubi</strong></span> <span class='ocrx_word' id='word_1_862' title='bbox 2088 5445 2248 5501; x_wconf 81' lang='lat' dir='ltr'><strong>fidem</strong></span> <span class='ocrx_word' id='word_1_863' title='bbox 2274 5444 2473 5502; x_wconf 88' lang='lat' dir='ltr'><strong>Christi</strong></span> <span class='ocrx_word' id='word_1_864' title='bbox 2500 5454 2836 5514; x_wconf 87' lang='lat' dir='ltr'><strong>teneremus;</strong></span> <span class='ocrx_word' id='word_1_865' title='bbox 2862 5446 2956 5503; x_wconf 91' lang='lat' dir='ltr'><strong>sed</strong></span> <span class='ocrx_word' id='word_1_866' title='bbox 2979 5447 3178 5518; x_wconf 88' lang='lat' dir='ltr'><strong>gratias</strong></span> <span class='ocrx_word' id='word_1_867' title='bbox 3197 5447 3445 5515; x_wconf 91' lang='lat' dir='ltr'><strong>Domino,</strong></span> <span class='ocrx_word' id='word_1_868' title='bbox 3467 5452 3560 5519; x_wconf 71' lang='lat' dir='ltr'><strong>qui</strong></span> 
     </span>
    </p>
   </div>
   <div class='ocr_carea' id='block_1_119' title="bbox 1967 5535 3556 5610">
    <p class='ocr_par' dir='ltr' id='par_1_119' title="bbox 1967 5535 3556 5610">
     <span class='ocr_line' id='line_1_119' title="bbox 1967 5535 3556 5610; baseline 0.003 -18"><span class='ocrx_word' id='word_1_869' title='bbox 1967 5551 2068 5592; x_wconf 88' lang='lat' dir='ltr'><strong>nos</strong></span> <span class='ocrx_word' id='word_1_870' title='bbox 2092 5551 2123 5591; x_wconf 89' lang='lat' dir='ltr'><strong>a</strong></span> <span class='ocrx_word' id='word_1_871' title='bbox 2146 5535 2410 5593; x_wconf 89' lang='lat' dir='ltr'><strong>divisione</strong></span> <span class='ocrx_word' id='word_1_872' title='bbox 2439 5537 2694 5610; x_wconf 90' lang='lat' dir='ltr'><strong>collegit,</strong></span> <span class='ocrx_word' id='word_1_873' title='bbox 2740 5546 2795 5594; x_wconf 90' lang='lat' dir='ltr'><strong>et</strong></span> <span class='ocrx_word' id='word_1_874' title='bbox 2836 5537 2939 5594; x_wconf 89' lang='lat' dir='ltr'><strong>hoc</strong></span> <span class='ocrx_word' id='word_1_875' title='bbox 2982 5538 3075 5594; x_wconf 92' lang='lat' dir='ltr'><strong>uni</strong></span> <span class='ocrx_word' id='word_1_876' title='bbox 3103 5538 3215 5593; x_wconf 92' lang='lat' dir='ltr'><strong>Deo</strong></span> <span class='ocrx_word' id='word_1_877' title='bbox 3239 5552 3556 5610; x_wconf 86' lang='lat' dir='ltr'><strong>congruere,</strong></span> 
     </span>
    </p>
   </div>
   <div class='ocr_carea' id='block_1_120' title="bbox 1968 5629 2878 5696">
    <p class='ocr_par' dir='ltr' id='par_1_120' title="bbox 1968 5629 2878 5696">
     <span class='ocr_line' id='line_1_120' title="bbox 1968 5629 2878 5696; baseline 0 -12"><span class='ocrx_word' id='word_1_878' title='bbox 1968 5635 2029 5684; x_wconf 92' lang='lat' dir='ltr'><strong>ut</strong></span> <span class='ocrx_word' id='word_1_879' title='bbox 2052 5629 2107 5683; x_wconf 91' lang='lat' dir='ltr'><strong>in</strong></span> <span class='ocrx_word' id='word_1_880' title='bbox 2132 5629 2333 5684; x_wconf 89' lang='lat' dir='ltr'><strong>unitate</strong></span> <span class='ocrx_word' id='word_1_881' title='bbox 2373 5630 2599 5696; x_wconf 89' lang='lat' dir='ltr'><strong>colatur,</strong></span> <span class='ocrx_word' id='word_1_882' title='bbox 2628 5630 2878 5688; x_wconf 86' lang='lat' dir='ltr'><strong>ostendit.</strong></span> 
     </span>
    </p>
   </div>
   <div class='ocr_carea' id='block_1_121' title="bbox 2046 5719 3558 5794">
    <p class='ocr_par' dir='ltr' id='par_1_121' title="bbox 2046 5719 3558 5794">
     <span class='ocr_line' id='line_1_121' title="bbox 2046 5719 3558 5794; baseline 0.005 -19"><span class='ocrx_word' id='word_1_883' title='bbox 2046 5719 2133 5776; x_wconf 77' lang='lat' dir='ltr'><strong>l9.</strong></span> <span class='ocrx_word' id='word_1_884' title='bbox 2162 5719 2254 5776; x_wconf 87' lang='lat' dir='ltr'><strong>His</strong></span> <span class='ocrx_word' id='word_1_885' title='bbox 2278 5736 2407 5793; x_wconf 88' lang='lat' dir='ltr'><strong>ergo</strong></span> <span class='ocrx_word' id='word_1_886' title='bbox 2432 5723 2717 5779; x_wconf 90' lang='lat' dir='ltr'><strong>dominicis</strong></span> <span class='ocrx_word' id='word_1_887' title='bbox 2738 5722 2900 5779; x_wconf 91' lang='lat' dir='ltr'><strong>lucris</strong></span> <span class='ocrx_word' id='word_1_888' title='bbox 2934 5722 3306 5794; x_wconf 87' lang='lat' dir='ltr'><strong>impediendis,</strong></span> <span class='ocrx_word' id='word_1_889' title='bbox 3334 5724 3401 5781; x_wconf 91' lang='lat' dir='ltr'><strong>ad</strong></span> <span class='ocrx_word' id='word_1_890' title='bbox 3427 5741 3558 5781; x_wconf 92' lang='lat' dir='ltr'><strong>con-</strong></span> 
     </span>
    </p>
   </div>
   <div class='ocr_carea' id='block_1_122' title="bbox 1968 5811 3560 5887">
    <p class='ocr_par' dir='ltr' id='par_1_122' title="bbox 1968 5811 3560 5887">
     <span class='ocr_line' id='line_1_122' title="bbox 1968 5811 3560 5887; baseline 0.002 -18"><span class='ocrx_word' id='word_1_891' title='bbox 1968 5811 2342 5869; x_wconf 88' lang='lat' dir='ltr'><strong>tradicendum</strong></span> <span class='ocrx_word' id='word_1_892' title='bbox 2371 5830 2458 5869; x_wconf 90' lang='lat' dir='ltr'><strong>me</strong></span> <span class='ocrx_word' id='word_1_893' title='bbox 2479 5829 2805 5885; x_wconf 81' lang='lat' dir='ltr'><strong>Oppouerem</strong></span> <span class='ocrx_word' id='word_1_894' title='bbox 2831 5815 3050 5887; x_wconf 88' lang='lat' dir='ltr'><strong>collegis</strong></span> <span class='ocrx_word' id='word_1_895' title='bbox 3074 5818 3231 5886; x_wconf 91' lang='lat' dir='ltr'><strong>meis,</strong></span> <span class='ocrx_word' id='word_1_896' title='bbox 3253 5832 3322 5873; x_wconf 92' lang='lat' dir='ltr'><strong>ne</strong></span> <span class='ocrx_word' id='word_1_897' title='bbox 3343 5818 3393 5872; x_wconf 90' lang='lat' dir='ltr'><strong>in</strong></span> <span class='ocrx_word' id='word_1_898' title='bbox 3414 5834 3560 5872; x_wconf 86' lang='lat' dir='ltr'><strong>mon-</strong></span> 
     </span>
    </p>
   </div>
   <div class='ocr_carea' id='block_1_123' title="bbox 1978 5903 3558 5980">
    <p class='ocr_par' dir='ltr' id='par_1_123' title="bbox 1978 5903 3558 5980">
     <span class='ocr_line' id='line_1_123' title="bbox 1978 5903 3558 5980; baseline 0.001 -18"><span class='ocrx_word' id='word_1_899' title='bbox 1978 5903 2123 5962; x_wconf 90' lang='lat' dir='ltr'><strong>tibus</strong></span> <span class='ocrx_word' id='word_1_900' title='bbox 2139 5912 2195 5961; x_wconf 87' lang='lat' dir='ltr'><strong>et</strong></span> <span class='ocrx_word' id='word_1_901' title='bbox 2214 5903 2441 5962; x_wconf 82' lang='lat' dir='ltr'><strong>collibus</strong></span> <span class='ocrx_word' id='word_1_902' title='bbox 2469 5906 2680 5975; x_wconf 88' lang='lat' dir='ltr'><strong>vestris,</strong></span> <span class='ocrx_word' id='word_1_903' title='bbox 2713 5907 2874 5964; x_wconf 88' lang='lat' dir='ltr'><strong>id&#39;est</strong></span> <span class='ocrx_word' id='word_1_904' title='bbox 2898 5908 2949 5963; x_wconf 94' lang='lat' dir='ltr'><strong>in</strong></span> <span class='ocrx_word' id='word_1_905' title='bbox 2981 5909 3275 5967; x_wconf 89' lang='lat' dir='ltr'><strong>tumoribus</strong></span> <span class='ocrx_word' id='word_1_906' title='bbox 3294 5908 3558 5980; x_wconf 75' lang='lat' dir='ltr'><strong>superbiae</strong></span> 
     </span>
    </p>
   </div>
   <div class='ocr_carea' id='block_1_124' title="bbox 2925 6000 3193 6072">
    <p class='ocr_par' dir='ltr' id='par_1_124' title="bbox 2925 6000 3193 6072">
     <span class='ocr_line' id='line_1_124' title="bbox 2925 6000 3193 6072; baseline -0.015 -6"><span class='ocrx_word' id='word_1_907' title='bbox 2925 6000 3193 6072; x_wconf 60' lang='lat' dir='ltr'><strong>{Ott/re.)</strong></span> 
     </span>
    </p>
   </div>
  </div>
