4032 6334
530 470 633 531 851

541 598 752 652 vestrm,
783 576 981 638 Christi
1019 589 1151 632 oves
1185 576 1428 630 errantes
1457 566 1511 622 in
1545 563 1691 634 pacis
1727 560 1866 616 ovile
1901 557 2118 622 collige-

535 643 751 743 rentur,
772 674 858 730 ubi
880 681 960 727 est
978 683 1113 724 unus
1133 681 1262 738 grex
1274 671 1477 718 etunus
1495 666 1675 728 pastor
1696 653 1875 725 (Joan.
1899 667 1954 714 ιι,
1992 643 2119 716 16)ἲ’

537 772 613 828 Ita
659 783 785 825 sane
814 766 935 820 huic
963 758 1248 833 provisioni
1289 751 1654 810 contradicere
1699 746 1880 811 debui,
1929 759 1995 798 ne
2035 754 2121 796 res
2173 817 2175 819 ι

536 880 670 936 quas
716 859 890 915 dicitis
931 859 1134 910 vestras
1181 845 1490 921 perderctis,
1541 851 1595 898 et
1640 838 1812 896 securi
1850 835 2118 892 Christum

535 926 984 1030 proscriberetis:
1017 953 1073 1000 ut
1096 945 1215 1015 jure
1244 941 1484 996 Romano
1507 942 1821 991 testamenta
1860 926 2123 984 condere-

535 1025 627 1114 iis,
660 1058 713 1102 et
735 1046 856 1116 jure
889 1041 1068 1096 divino
1110 1035 1348 1107 patribus
1395 1025 1664 1085 conditum
1697 1025 2117 1082 Testamentum,

534 1144 625 1200 ubi
656 1138 915 1209 seriptum
955 1141 1056 1198 est,
1105 1128 1173 1184 In
1204 1126 1390 1182 semine
1432 1131 1518 1176 tuo
1557 1117 1908 1174 benedicentur
1953 1127 2122 1166 omnes

535 1247 708 1311 gentes
756 1232 910 1307 (Gen.
958 1244 1115 1294 xxvi,
1165 1223 1243 1298 4),
1284 1215 1629 1277 calumniosis
1664 1208 2124 1269 criminationibus

535 1301 858 1401 rumperetis
883 1344 897 1382 :
930 1333 989 1379 ut
1015 1325 1068 1378 in
1097 1315 1454 1390 emptionibus
1484 1321 1535 1368 et
1560 1305 1952 1366 venditionibus
1986 1301 2122 1357 libe-

454 1439 472 1458 '
536 1439 630 1481 ros
664 1391 980 1477 contractus
1027 1409 1331 1470 haberetis.
1382 1414 1437 1462 et
1487 1403 1636 1458 vobis
1691 1398 1932 1455 dividere
1983 1391 2124 1465 quod

536 1514 783 1572 Christus
825 1509 956 1567 emit
983 1505 1228 1562 venditus
1269 1497 1538 1555 auderetis
1573 1513 1586 1548 :
1619 1501 1680 1548 ut
1717 1489 1856 1562 quod
1902 1487 2125 1557 quisque

537 1615 778 1662 vestrum
808 1603 1053 1671 cuiquam
1085 1597 1356 1660 donasset,
1385 1589 1622 1651 valeret,
1653 1592 1706 1640 ct
1735 1581 1876 1653 quod
1909 1576 2126 1634 donavit

540 1699 688 1756 Deus
727 1669 972 1756 deorum,
1009 1707 1044 1746 a
1080 1688 1207 1743 solis
1228 1694 1348 1740 ortu
1369 1696 1537 1751 usque
1557 1678 1622 1732 ad
1649 1690 1894 1732 occasum
1925 1669 2127 1726 vocatis

539 1790 714 1864 (Psal.
734 1803 889 1850 uix,
936 1784 991 1854 1)
1024 1781 1141 1834 ﬁliis
1175 1793 1282 1832 non
1309 1775 1508 1829 valeret
1533 1789 1544 1825 :
1574 1779 1634 1824 ut
1660 1769 1728 1823 de
1769 1777 1906 1864 terra
1937 1776 2128 1831 corpo-

533 1854 613 1941 ris
640 1878 802 1936 vestri
833 1878 885 1931 in
929 1873 1172 1929 ear-ilium
1212 1883 1320 1923 non
1363 1859 1706 1920 mitteremini
1729 1899 1743 1923 ,
1775 1865 1830 1911 et
1868 1854 1933 1908 de
1963 1865 2128 1922 regno

534 1971 813 2043 sanguinis
851 1967 952 2031 sui,
977 1981 1004 2018 a
1047 1961 1178 2018 mari
1217 1973 1385 2028 usque
1423 1955 1491 2010 ad
1533 1967 1700 2015 mare,
1742 1956 1797 2005 et
1835 1963 1866 2002 a
1913 1943 2128 1999 lluInine

533 2033 706 2135 usque
745 2059 810 2114 ad
839 2057 1097 2113 terminos
1137 2052 1282 2106 orbis
1311 2058 1467 2104 terra:
1493 2042 1666 2113 (Psal.
1699 2055 1842 2102 Lm,
1877 2036 1935 2107 8)
1972 2033 2128 2090 Chri-

536 2127 682 2213 stum
722 2151 961 2208 exsulem
990 2145 1167 2199 facere
1197 2136 1566 2196 conaremiui?
1598 2135 1704 2188 imo
1738 2145 1868 2186 vero
1896 2127 2130 2183 serviant

533 2264 693 2320 reges
719 2257 877 2302 terrae
892 2241 1132 2322 Christo,
1156 2237 1315 2291 etiam
1349 2234 1493 2302 leges
1523 2228 1743 2284 ferendo
1770 2239 1866 2296 pro
1892 2221 2125 2277 Christo.

537 2314 769 2408 Ilajores
799 2331 961 2389 vestri
990 2314 1332 2386 Caecilianum
1364 2333 1418 2377 et
1446 2321 1620 2376 socios
1645 2319 1758 2387 ejus
1786 2314 2000 2385 regibus
2022 2323 2130 2366 ter-

537 2447 616 2490 ra:
655 2425 954 2501 puniendos
1011 2422 1154 2476 falsis
1183 2416 1495 2473 criminibus
1525 2413 1872 2480 objeccrunt;
1903 2419 2128 2460 conver-

539 2498 722 2581 tantur
747 2521 932 2575 leones
971 2517 1035 2570 ad
1066 2507 1472 2567 comminuenda
1502 2520 1620 2558 ossa
1658 2498 2130 2560 calumniantium,

538 2630 645 2672 nec
673 2610 862 2666 Daniel
892 2609 1004 2677 ipse
1031 2599 1344 2664 intercedat,
1376 2598 1630 2651 innocens
1651 2590 2048 2659 comprobatus,
2080 2593 2133 2639 et

544 2707 613 2763 de
642 2706 759 2758 lacu
786 2715 891 2771 quo
911 2676 995 2753 illi
1027 2701 1250 2766 pereunt
1277 2691 1534 2744 liberatus
1559 2684 1716 2754 (Dan.
1754 2696 1867 2746 xw,
1899 2676 2091 2745 59-42)
2118 2694 2129 2730 :

544 2799 638 2871 qui
670 2797 810 2852 enim
843 2798 994 2864 parat
1025 2787 1266 2859 proximo
1304 2797 1401 2838 suo
1428 2782 1657 2843 foveam,
1687 2776 1799 2845 ipse
1820 2772 2014 2844 justius
2041 2786 2132 2826 ca-

547 2891 642 2949 det
668 2889 720 2943 in
747 2902 864 2941 eam
893 2884 1077 2955 (Prov.
1096 2895 1243 2944 xxvi,
1275 2877 1391 2942 27).

617 2980 844 3040 CAPUT
867 2977 1122 3035 ιιι-ει).
1146 2974 1302 3044 Eripe
1325 2981 1400 3039 te,
1423 2969 1605 3033 frater,
1629 2966 1751 3020 dum
1781 2965 1832 3018 in
1863 2964 1958 3016 hac
1979 2972 2137 3014 carne

541 3081 698 3144 vivis,
732 3076 800 3130 ab
828 3076 904 3129 ira
925 3087 1044 3144 qua:
1066 3077 1286 3126 ventura
1309 3074 1390 3120 est
1418 3061 1774 3134 pertinacibus
1805 3054 2136 3124 etsupcrbis.

541 3170 744 3227 Terror
785 3163 1154 3234 temporalium
1199 3167 1518 3228 potestatum
1545 3197 1559 3220 ,
1609 3150 1820 3221 quando
1859 3148 2138 3202 veritatem

546 3268 851 3330 oppugnat,
875 3255 1034 3326 justis
1058 3251 1284 3307 fortibus
1313 3247 1546 3319 gloriosa
1577 3243 1818 3313 probatio
1842 3250 1922 3294 est
1945 3283 1958 3306 ,
1990 3239 2138 3291 inﬁr-

549 3353 653 3411 tnis
677 3349 972 3419 periculosa
996 3343 1216 3399 tcutatio
1243 3359 1256 3397 :
1278 3338 1490 3410 quando
1512 3347 1686 3390 autem
1710 3334 1982 3389 veritatem
2006 3345 2142 3400 prte-

550 3444 729 3506 dicat,
776 3437 1075 3494 errantibus
1107 3436 1122 3464 ¹
1154 3431 1388 3486 cordatis
1417 3428 1559 3482 utilis
1605 3425 1896 3481 admonitio
1927 3433 2007 3476 est
2034 3465 2047 3487 ,
2091 3431 2144 3475 ct

554 3529 841 3587 insensatis
882 3525 1082 3580 inutilis
1126 3521 1360 3576 afﬂictio.
1416 3519 1536 3572 Non
1583 3527 1654 3571 cst
1705 3528 1878 3570 tamen
1926 3523 2144 3584 potestas

556 3622 656 3675 nisi
683 3637 712 3672 a
738 3617 847 3672 Deo
864 3634 882 3683 ;
912 3616 996 3685 qui
1025 3623 1192 3667 autem
1218 3613 1400 3665 resistit
1428 3611 1678 3681 potestati,
1709 3606 1802 3660 Dei
1832 3605 2139 3659 ordinationi

553 3713 744 3770 resistit
779 3726 797 3765 :
824 3710 1076 3781 principes
1106 3707 1239 3760 enim
1264 3722 1361 3757 non
1387 3712 1502 3756 sunt
1528 3702 1693 3754 timori
1723 3701 1848 3753 bono
1877 3699 2034 3767 aperi,
2057 3696 2144 3750 sed

556 3805 716 3860 malo.
754 3801 843 3856 Vis
877 3810 1044 3853 autem
1085 3815 1187 3851 non
1226 3797 1397 3849 timere
1433 3793 1763 3865 potestatem?
1805 3789 2002 3843 Bonum
2041 3792 2139 3856 fac,

562 3907 613 3952 et
639 3893 842 3950 habebis
872 3892 1071 3946 laudem
1096 3907 1156 3945 ea:
1180 3889 1269 3943 illa
1303 3888 1475 3958 (Rom.
1511 3902 1629 3951 xm,
1657 3886 1681 3938 l
1705 3884 1826 3953 -5).
1857 3883 1979 3937 Sive
2003 3882 2144 3935 enim

551 3995 797 4062 potestas
827 3983 1037 4041 veritati
1062 3983 1244 4036 favens
1269 3981 1496 4049 aliquem
1523 3977 1784 4047 corrigat,
1820 3975 2028 4030 Iaudem
2048 3974 2145 4026 ba—

553 4079 651 4138 bet
675 4096 739 4135 ex
772 4078 861 4134 illa
887 4076 973 4148 qui
997 4075 1155 4129 fuerit
1180 4071 1524 4136 emendatus;
1565 4070 1676 4125 sive
1707 4069 1915 4123 inimica
1938 4067 2146 4123 veritati

555 4173 614 4232 in
655 4173 885 4244 aliquem
923 4169 1138 4233 smviat,
1182 4167 1391 4223 laudem
1432 4166 1590 4220 habet
1628 4181 1692 4220 ex
1725 4165 1810 4218 illa
1849 4163 1934 4233 qui
1980 4163 2149 4216 victor

556 4263 720 4321 fuerit
738 4271 1041 4318 coronatus.
1066 4260 1145 4314 Tu
1164 4267 1340 4316 autem
1356 4274 1459 4313 non
1483 4258 1678 4312 bonum
1707 4256 1854 4323 facis,
1881 4264 1939 4310 ut
1961 4255 2149 4310 timere

560 4370 674 4411 non
702 4355 897 4410 debeas
928 4360 1242 4423 potestatem
1276 4370 1291 4408 :
1321 4351 1423 4406 nisi
1450 4350 1585 4405 forte
1607 4351 1801 4404 bonum
1829 4358 1910 4404 est
1936 4349 2143 4413 sedere,

563 4453 623 4502 et
665 4460 771 4499 non
803 4444 1059 4499 adversus
1083 4442 1298 4497 fratrem
1339 4441 1623 4496 detrahere
1652 4440 1819 4510 (Psal.
1848 4457 2001 4508 mx,
2032 4441 2145 4511 20),

561 4535 661 4595 sed
688 4534 940 4589 adversus
966 4534 1152 4588 fratres
1179 4546 1365 4588 omnes
1397 4531 1450 4586 in
1474 4531 1719 4585 omnibus
1749 4532 1994 4602 gentibus
2024 4548 2152 4585 con-

563 4630 816 4696 stitutos,
864 4628 1056 4699 quibus
1100 4626 1468 4683 testimonium
1517 4625 1799 4696 perhibent
1849 4625 2146 4694 Prophetas,

563 4721 844 4790 Christus,
872 4720 1112 4791 Apostoli
1135 4761 1149 4786 ,
1179 4734 1298 4775 cum
1323 4719 1553 4790 legitur,
1585 4716 1649 4773 In
1677 4708 1863 4772 semine
1890 4729 1974 4773 tuo
1999 4719 2148 4775 benc-

564 4816 796 4873 dicentur
836 4831 1008 4869 omnes
1049 4821 1216 4886 gentes
1241 4811 1393 4886 (Gen.
1430 4828 1567 4868 xxvr
1591 4855 1606 4880 ,
1637 4813 1727 4885 4);
1775 4829 1894 4868 cum
1935 4815 2148 4886 legitur,

563 4908 645 4966 Ab
687 4916 799 4963 ortu
837 4907 957 4962 solis
1000 4923 1155 4978 usque
1195 4905 1263 4960 ad
1296 4921 1528 4961 occasum
1568 4907 1874 4973 sacri/icium
1910 4909 2151 4964 mundum

569 4998 787 5068 offertur
815 4998 1004 5053 nomini
1030 5013 1171 5063 meo;
1217 4997 1454 5068 quoniam
1492 4996 1832 5069 glori/Scotum
1869 5009 1938 5054 est
1974 5017 2152 5055 nomen

568 5109 737 5149 meum
759 5091 812 5146 in
833 5090 1081 5163 gentibus,
1109 5089 1230 5143 dicit
1252 5087 1500 5144 Dominus
1524 5088 1602 5162 (Μ
1609 5091 1773 5144 alae/1.
1799 5107 1836 5157 ι,
1860 5092 1980 5163 ll);
2007 5092 2148 5159 audi,

567 5187 692 5242 dicit
719 5186 993 5250 Dominus;
1025 5198 1130 5239 non
1152 5226 1165 5248 ,
1197 5184 1326 5239 dicit
1355 5185 1620 5251 Donatus,
1651 5196 1741 5240 aut
1766 5186 2000 5257 Rogatus
2019 5228 2031 5250 ,
2065 5195 2154 5242 aut

569 5275 886 5335 Vincentius
908 5315 923 5343 ,
957 5283 1048 5330 aut
1071 5275 1303 5331 Hilarius
1322 5317 1336 5343 ,
1364 5284 1455 5331 aut
1477 5276 1787 5332 Ambrosius
1807 5319 1822 5341 ,
1854 5287 1944 5332 aut
1972 5280 2152 5349 Augu-

569 5369 778 5436 stinus;
804 5367 920 5436 sed,
945 5367 1068 5422 dicit
1090 5366 1340 5423 Dominus
1371 5383 1390 5422 :
1414 5383 1533 5424 cum
1560 5370 1771 5440 legitur,
1791 5371 1858 5424 Et
1873 5369 2154 5426 benedicen-

572 5468 659 5513 tur
683 5459 740 5514 in
760 5475 820 5514 eo
847 5475 1020 5515 omnes
1045 5459 1202 5515 tribus
1233 5469 1382 5516 teme
1400 5500 1415 5527 ,
1447 5477 1616 5515 omnes
1644 5471 1811 5532 gentes
1853 5464 2153 5534 magniﬁca-

571 5549 698 5605 bunt
719 5567 856 5609 eum.
904 5550 1205 5609 Benedictus
1232 5553 1482 5608 Dominus
1507 5552 1643 5607 Deus
1675 5553 1869 5622 Israel,
1908 5556 1992 5625 qui
2035 5557 2155 5627 facit

575 5642 826 5699 mirabilia
866 5645 1043 5712 solus;
1087 5656 1132 5701 et
1183 5646 1493 5700 benedictum
1534 5662 1712 5700 nomen
1749 5648 1926 5717 glorise
1956 5650 2067 5720 ejus
2099 5651 2156 5721 in

572 5747 836 5806 attritum,
860 5751 906 5794 et
928 5741 982 5794 in
1001 5741 1235 5797 saeculum
1263 5741 1434 5796 saeculi
1462 5756 1480 5794 :
1503 5750 1556 5796 et
1580 5739 1849 5811 replebitur
1868 5743 2027 5814 gloria
2046 5744 2157 5812 ejus

639 5910 663 5950 ⁸
683 5912 794 5967 ω.
809 5921 917 5965 Am.
943 5922 997 5970 et
1014 5916 1440 5978 Er..crrantibuset
1453 5915 1847 5973 discordantibus.

1767 441 1823 501 S.
1866 427 2232 499 AUGUSTINI
2270 429 2574 490 EPISCOH

3719 409 3827 478 33%

2231 536 2391 605 Omnis
2417 559 2586 614 terra;
2614 546 2720 615 ﬁat,
2751 539 2841 615 ﬁat
2874 533 3044 615 (Psal.
3076 554 3231 606 LXXI,
3263 535 3475 610 I749).
3499 536 3578 594 Et.
3593 546 3650 592 tu
3665 537 3826 594 sedes

2206 640 2528 718 Cartennis,
2554 649 2755 694 etcum
2786 638 2974 692 decem
3011 633 3323 706 Rogatistis,
3359 632 3449 704 qui
3465 631 3822 700 remansistis,

2226 731 2361 788 dicis
2394 751 2406 786 :
2436 731 2547 787 Non
2577 732 2688 797 liat,
2713 746 2817 785 non
2847 729 2956 783 ﬁat.

2308 825 2399 880 21.
2452 823 2617 879 Audis
2671 823 2816 894 loqui
2873 820 3260 892 Evangelium:
3298 818 3568 888 Oportebat
3620 816 3827 888 impleri

2228 919 2402 974 omnia
2430 934 2544 989 quis
2564 917 2752 988 scripta
2780 924 2896 970 sunt
2924 916 2976 969 in
3008 912 3158 984 Lege,
3185 921 3232 966 et
3262 909 3556 982 Propltetis,
3588 919 3634 963 et
3665 907 3825 964 Psal—

2229 1014 2325 1069 mis
2345 1013 2407 1067 de
2431 1029 2529 1068 me.
2572 1011 2614 1066 Τ
2616 1027 2713 1064 unc
2743 1009 2938 1080 aperuit
2963 1007 3066 1061 illis
3104 1021 3306 1060 sensum
3326 1045 3342 1070 ,
3390 1013 3443 1058 ut
3483 1002 3827 1072 intelligerent

2231 1109 2554 1179 Scripturas,
2589 1115 2634 1161 et
2661 1105 2889 1159 dixit'eis
2922 1118 2940 1157 ε
2967 1102 3221 1170 Quoniam
3245 1099 3316 1154 sic
3341 1099 3583 1169 scriptum
3622 1106 3695 1151 est
3721 1138 3736 1160 ,
3780 1105 3828 1148 et

2233 1203 2306 1257 sic
2332 1201 2590 1272 oportebat
2618 1199 2723 1271 pati
2749 1197 3003 1253 Christum
3025 1238 3041 1261 ,
3070 1205 3116 1248 ct
3142 1207 3400 1264 resurgere
3427 1207 3458 1243 a
3482 1190 3692 1243 mortuis
3721 1198 3827 1242 ter-

2233 1295 2307 1348 tia
2332 1295 2446 1362 die,
2477 1302 2524 1347 et
2552 1291 2820 1364 prwdicari
2848 1291 2901 1344 in
2929 1287 3129 1342 nomine
3157 1287 3268 1358 ejus
3297 1283 3636 1355 pernitentiam
3673 1291 3720 1334 et
3750 1296 3831 1333 re-

2231 1386 2517 1440 missionem
2552 1391 2873 1454 peccatorum
2908 1396 3000 1450 per
3041 1393 3214 1432 omnes
3241 1385 3408 1447 gentes
3427 1415 3443 1439 ,
3474 1371 3829 1443 incipientibus

2168 1481 2174 1491 ‘
2231 1478 2293 1532 ab
2327 1476 2614 1530 Jerusalem
2642 1473 2790 1546 (Luc.
2823 1486 2984 1537 xxiv,
3015 1470 3106 1537 44,
3135 1469 3250 1538 47).
3297 1467 3452 1538 Legis
3475 1467 3634 1521 etiam
3662 1466 3832 1520 Actus

2231 1569 2630 1638 Apostolorum,
2653 1561 3098 1637 quemadmodum
3121 1561 3222 1615 hoc
3248 1558 3590 1628 Evangelium
3605 1555 3834 1625 eruperit

2231 1662 2298 1717 ab
2318 1660 2612 1716 Jerusalem
2636 1701 2650 1725 ,
2687 1657 2778 1713 ubi
2810 1658 2982 1727 primo
3007 1654 3130 1712 illos
3152 1661 3370 1706 centum
3393 1649 3574 1720 viginti
3601 1648 3833 1718 Spiritus

2231 1761 2449 1807 sanctus
2472 1751 2735 1821 implevit,
2760 1759 2923 1819 atque
2955 1746 3075 1801 inde
3105 1745 3156 1798 in
3185 1743 3422 1798 Iudaeam
3455 1751 3613 1810 atque
3639 1739 3828 1795 Sama-

2231 1845 2405 1909 riam,
2451 1852 2504 1897 et
2542 1843 2593 1896 in
2638 1856 2826 1897 omnes
2870 1848 3056 1910 gentes
3084 1837 3308 1901 exierit,
3352 1834 3487 1889 sicut
3519 1833 3597 1886 eis
3625 1831 3834 1886 dixerat

2233 1951 2552 1993 ascensurus
2587 1936 2637 1989 in
2667 1935 2865 1990 coelum
2887 1975 2901 1998 ,
2933 1931 3091 1986 Erilis
3119 1930 3242 1982 mihi
3268 1937 3412 1983 testes
3435 1927 3488 1980 in
3515 1924 3828 1987 Jerusalem,

2233 2039 2279 2084 et
2308 2031 2359 2082 in
2390 2038 2496 2082 tota
2514 2026 2699 2080 Judwa
2721 2035 2766 2079 et
2789 2024 3050 2090 Samaria,
3076 2031 3120 2076 et
3141 2036 3297 2092 usque
3314 2022 3367 2073 in
3387 2020 3512 2089 ﬁnes
3532 2029 3679 2072 terrae
3695 2016 3829 2089 (Act.

2233 2138 2280 2189 ι,
2312 2123 2399 2187 15,
2431 2122 2464 2176 8
2485 2163 2498 2186 ,
2525 2129 2574 2176 et
2602 2121 2661 2190 ιι)
2694 2137 2706 2172 :
2735 2119 2857 2190 quia
2889 2117 2941 2172 in
2982 2130 3194 2171 onmem
3237 2122 3428 2168 terram
3465 2111 3626 2166 exivit
3671 2124 3835 2165 sonus

2235 2231 2418 2272 eorum
2442 2256 2457 2281 ,
2489 2223 2542 2269 et
2571 2215 2622 2268 in
2665 2212 2797 2267 ﬁnes
2835 2209 2984 2266 orbis
3023 2217 3179 2263 terra:
3219 2206 3380 2282 verba
3422 2218 3605 2260 eorum
3655 2201 3829 2274 (Psal.

2236 2322 2372 2361 xvm
2396 2350 2410 2373 ,
2440 2307 2516 2378 5).
2568 2306 2632 2359 Et
2661 2314 2712 2358 tu
2747 2300 3068 2358 contradicis
3101 2298 3296 2354 divinis
3332 2296 3650 2352 testimoniis
3679 2303 3826 2349 tanta

2236 2403 2483 2456 ﬁrmitate
2506 2400 2790 2464 roboratis,
2813 2407 2956 2452 tanta
2980 2398 3094 2452 luce
3115 2393 3487 2460 nianifestatis,
3509 2401 3568 2447 et
3583 2389 3652 2444 ad
3676 2389 3831 2443 istam

2236 2496 2677 2566 proscriptionem
2697 2493 2887 2548 Christi
2907 2490 3267 2546 haereditatem
3291 2487 3583 2558 perducere
3597 2485 3834 2550 conaris,

2239 2597 2298 2642 ut
2324 2604 2443 2642 eum
2474 2589 2522 2640 in
2551 2587 2667 2656 ejus
2699 2586 2936 2650 nomine,
2968 2583 3105 2640 sicut
3127 2581 3284 2644 dixit,
3319 2579 3636 2650 praedicetur
3665 2576 3835 2646 pinni-

2240 2681 2403 2735 tentia
2438 2679 2490 2732 in
2521 2677 2767 2732 omnibus
2801 2675 3080 2746 gentibus,
3123 2670 3362 2742 quisquis
3396 2673 3496 2725 hac
3521 2669 3677 2724 fuerit
3703 2683 3836 2738 pras-

2245 2773 2512 2828 dicationc
2541 2777 2859 2832 commotus,
2889 2769 2942 2824 in
2961 2765 3198 2838 qualibet
3217 2774 3367 2836 parte
3386 2764 3532 2820 orbis
3552 2772 3834 2827 terrarum,

2241 2868 2341 2920 nisi
2391 2865 2660 2936 qumsierit
2702 2873 2754 2916 et
2809 2861 3074 2917 invenerit
3117 2860 3376 2915 latentem
3424 2859 3478 2913 in
3519 2855 3830 2911 Mauritania

2241 2958 2559 3017 Caesariensi
2603 2958 3021 3012 Cartennensem
3065 2952 3435 3018 Vincentium,
3480 2959 3574 3006 aut
3608 2949 3835 3018 aliquem

2243 3069 2311 3109 ex
2337 3052 2453 3122 ejus
2485 3065 2674 3104 novem
2698 3056 2788 3102 aut
2826 3047 3011 3102 decem
3034 3043 3392 3108 consortibus,
3424 3040 3616 3098 dimitti
3642 3039 3689 3094 ei
3711 3055 3836 3110 pec-

2244 3157 2358 3203 cata
2393 3161 2496 3200 non
2531 3143 2754 3214 possint.
2786 3141 2921 3208 Quid
2958 3155 3064 3194 non
3094 3138 3285 3193 audeat
3307 3135 3504 3209 typhus
3530 3133 3832 3190 morticinae

2244 3239 2550 3311 pelliculae?
2589 3253 2694 3308 quo
2723 3250 2829 3290 non
2867 3250 2924 3289 se
2968 3233 3262 3303 praecipitet
3290 3229 3638 3300 presumptio
3661 3228 3835 3281 carnis

2246 3345 2300 3390 et
2325 3331 2626 3402 sanguinis?
2665 3329 2894 3388 lloccine
2926 3336 3008 3384 est
3035 3327 3233 3382 bonum
3257 3339 3394 3394 opus
3419 3332 3565 3378 tuum
3587 3365 3601 3388 ,
3621 3331 3839 3393 propter

2247 3425 2389 3496 quod
2435 3440 2542 3479 non
2604 3423 2793 3478 timeas
2849 3418 3206 3493 potestatem?
3262 3419 3490 3474 Tantum
3533 3416 3837 3472 scandalum

2248 3520 2402 3588 ponis
2448 3517 2704 3571 adversus
2745 3515 2905 3568 lilium
2953 3512 3142 3567 matris
3186 3519 3288 3566 tua:
3332 3507 3504 3580 (Psal.
3533 3525 3692 3576 m1,
3723 3508 3835 3574 20),

2249 3609 2528 3680 parvulum
2559 3608 2762 3663 scilicet
2783 3614 2836 3662 et
2861 3604 3151 3671 intimum,
3184 3610 3399 3674 propter
3421 3617 3578 3673 quem
3598 3601 3839 3657 Christus

2250 3711 2332 3756 est
2363 3710 2603 3755 mortuus
2650 3697 2693 3771 (ῐ
2721 3696 2839 3754 Cor.
2871 3712 3001 3764 vui,
3029 3695 3154 3768 Η),
3195 3694 3431 3750 nondum
3468 3693 3587 3749 cibo
3619 3701 3842 3764 paterno

2251 3795 2501 3850 idoneum
2524 3835 2538 3858 ,
2572 3793 2665 3848 scd
2706 3792 2878 3847 adhuc
2908 3799 3150 3846 materno
3196 3788 3335 3843 lacte
3359 3785 3699 3842 nutriendum
3729 3783 3837 3856 (td.

2250 3902 2346 3953 ιιι,
2391 3887 2480 3954 Et);
2531 3894 2584 3939 et
2624 3883 2805 3937 llilarii
2854 3883 3019 3936 libros
3065 3879 3196 3936 mihi
3239 3878 3505 3950 opponis,
3554 3878 3626 3934 uti
3680 3891 3841 3947 neges

2251 3977 2546 4034 Ecclesiam
2577 3982 2906 4032 crescentem
2941 3973 2995 4028 in
3025 3971 3269 4029 ominibus
3307 3970 3552 4041 gentibus
3586 3983 3754 4041 mque
3789 3970 3841 4024 in

2253 4070 2412 4126 ﬁnem
2461 4069 2642 4124 εαξοωί
2666 4111 2681 4136 ,
2725 4084 2883 4137 quam
2912 4067 3052 4122 Deus
3077 4073 3259 4121 contra
3300 4063 3722 4120 incredulitatem
3747 4079 3841 4119 ve-

2252 4174 2417 4219 Stram
2449 4178 2568 4218 cum
2594 4160 2863 4232 juratione
2885 4156 3165 4228 promisit!
3203 4155 3274 4211 Et
3299 4171 3420 4211 cum
3449 4156 3644 4212 essetis
3667 4154 3839 4210 infeli-

2253 4256 2476 4322 cissimi,
2496 4257 2538 4308 si
2559 4265 2683 4310 tunc
2700 4252 2912 4324 quando
2929 4249 3336 4321 promittebatur
3347 4250 3687 4317 resistentis,
3703 4263 3842 4304 nunc

2253 4350 2412 4404 etiam
2442 4363 2560 4401 cum
2590 4345 2826 4400 redditur
2849 4341 3228 4398 contradicitis.

2327 4435 2553 4492 CAPUT
2589 4434 2701 4488 VII.
2733 4464 2801 4474 ——
2829 4433 2917 4486 2‘2.
2947 4432 3052 4486 Sed
3076 4431 3360 4486 historicus
3383 4429 3570 4486 doctus
3595 4445 3840 4501 magnum

2254 4528 2454 4600 aliquid
2479 4526 2745 4591 invenisti,
2769 4524 2908 4595 quod
2925 4532 3105 4579 contra
3129 4523 3222 4578 Dei
3243 4521 3541 4578 testimonia
3563 4520 3842 4591 proferen-

2254 4621 2379 4676 dum
2422 4627 2654 4689 putares.
2701 4616 2842 4672 Dicis
2883 4615 3058 4680 enim,
3108 4613 3365 4679 Quantum
3395 4613 3462 4666 ad
3487 4613 3642 4667 totius
3669 4613 3844 4667 mundi

2257 4712 2468 4784 pertinet
2497 4717 2663 4779 partes
2681 4748 2696 4774 ,
2720 4707 2916 4760 modica
2946 4721 3064 4776 pars
3092 4715 3162 4760 est
3187 4705 3239 4759 in
3263 4705 3670 4775 compensatione
3693 4706 3845 4759 totius

2256 4801 2469 4869 mundi,
2510 4800 2564 4854 in
2590 4816 2688 4874 qua
2715 4798 2842 4870 ﬁdes
2869 4797 3146 4852 christiana
3172 4797 3458 4851 nominatur
3489 4811 3506 4850 :
3533 4811 3636 4852 nec
3661 4797 3740 4850 vis
3768 4805 3847 4850 at-

2260 4898 2498 4961 tendere,
2528 4903 2620 4950 aut
2647 4902 2699 4950 te
2725 4905 2881 4947 nosse
2905 4889 3226 4955 dissimulas,
3262 4889 3315 4946 in
3339 4904 3497 4959 quam
3523 4890 3718 4944 multas
3734 4889 3846 4960 jam

2256 4989 2508 5045 barbaras
2545 4987 2787 5042 nationes
2830 4993 2938 5040 tam
2967 4998 3132 5053 parvo
3172 4993 3411 5051 tempore
3437 4982 3643 5037 venerit
3672 4984 3848 5039 Evan-

2256 5082 2454 5152 gelium
2477 5121 2489 5143 ,
2533 5087 2593 5133 ut
2623 5093 2721 5132 nec
2752 5076 2950 5132 inimici
2990 5073 3188 5131 Christi
3227 5073 3470 5129 dubitare
3495 5075 3605 5143 jam
3639 5076 3850 5146 possint

2259 5173 2405 5229 brevi
2435 5179 2676 5241 tempore
2713 5169 2975 5232 futurum,
3009 5165 3150 5238 quod
3176 5166 3453 5236 Discipulis
3478 5167 3757 5237 respondit
3783 5166 3850 5223 de

2259 5264 2438 5321 smculi
2470 5263 2573 5317 line
2601 5261 2958 5330 quaarentibus
2977 5301 2992 5327 ,
3026 5257 3092 5313 Et
3120 5259 3473 5329 medicabitur
3499 5258 3595 5314 hoc
3617 5259 3853 5332 Ευωιθεο

2261 5357 2384 5412 lium
2412 5357 2463 5409 in
2491 5355 2718 5408 universo
2745 5351 2882 5418 orbe,
2908 5353 2962 5406 in
2984 5352 3320 5408 testimonium
3339 5351 3569 5408 euntibus
3585 5354 3855 5425 gentibus;

2261 5456 2308 5502 et
2331 5456 2447 5502 tunc
2471 5446 2628 5501 veniet
2655 5445 2770 5515 ﬁnis
2797 5443 3010 5515 (Matth.
3037 5458 3175 5500 XXIV
3193 5484 3207 5508 ,
3238 5443 3352 5515 ιι).
3395 5443 3452 5498 In
3472 5443 3575 5501 hoc
3602 5452 3657 5500 et
3680 5445 3852 5500 clama

2260 5546 2316 5594 et
2347 5537 2610 5596 contende
2629 5579 2642 5601 ,
2681 5544 2932 5606 quantum
2964 5541 3138 5605 potes,
3182 5535 3388 5592 etiamsi
3413 5536 3554 5605 apud
3576 5536 3772 5592 Persas
3801 5546 3857 5592 et

2261 5629 2421 5692 Indos
2447 5629 2788 5699 Evangelium
2837 5625 3186 5697 praedicetur,
3237 5627 3327 5683 ubi
3367 5626 3579 5698 quidem
3621 5629 3733 5699 jam
3763 5629 3856 5684 diu

2265 5721 2616 5794 praedicatur,
2670 5721 2770 5774 nisi
2823 5717 3060 5790 quisquis
3107 5717 3208 5774 hoc
3245 5719 3512 5786 audierit,
3556 5720 3861 5776 Cartennas

2263 5813 2507 5878 venerit,
2557 5811 2641 5865 vel
2689 5812 2740 5864 in
2791 5811 3039 5866 viciniam
3086 5810 3559 5880 Cartennensium,
3608 5813 3863 5870 mundari

2267 5907 2486 5966 omnino
2511 5921 2542 5962 a
2567 5905 2779 5963 delictis
2807 5909 2918 5962 suis
2945 5919 3050 5962 non
3096 5906 3310 5977 poterit.
3357 5905 3503 5962 itane
3543 5905 3590 5962 si
3616 5908 3870 5970 carueris
