4090 6356
262 390 372 450 533

265 508 367 564 ista
399 516 565 572 voce,
607 501 771 562 rideri
811 511 865 562 te
894 501 1119 575 metuis;
1158 513 1215 564 et
1259 520 1381 563 cum
1409 518 1472 562 ea
1512 523 1615 563 non
1643 523 1846 575 careas,

263 600 383 656 ﬂeri
414 609 465 655 te
490 614 595 653 non
623 598 747 654 vis?

339 692 431 748 23.
460 693 690 748 Acutum
717 699 891 747 autem
915 691 1115 764 aliquid
1142 690 1233 747 tibi
1264 690 1457 747 videris
1486 691 1697 757 dicere,
1727 705 1846 746 cum

263 784 565 839 Catholicae
608 798 801 839 nomen
843 796 949 839 non
990 797 1055 839 ex
1101 783 1258 839 totius
1295 783 1438 838 orbis
1476 784 1848 838 communione

265 879 679 949 interpretaris,
757 877 855 933 sed
902 892 968 933 ex
1021 877 1390 933 observatione
1461 884 1845 946 praeceptorum

258 970 511 1026 omnium
540 970 861 1039 divinorum,
890 980 1047 1041 atque
1075 970 1312 1025 omnium
1334 969 1797 1025 Sacramentorum
1827 985 1848 1023 :-

261 1062 421 1132 quasi
453 1075 581 1129 nos,
621 1062 829 1118 etiamsi
855 1060 991 1118 forte
1027 1059 1151 1117 hinc
1176 1062 1245 1117 sit
1272 1062 1528 1132 appellata
1553 1059 1841 1127 Catholica,

257 1154 405 1224 quod
435 1161 603 1210 totum
630 1153 893 1210 veraciter
919 1162 1113 1221 teneat,
1137 1154 1291 1223 cujus
1320 1151 1553 1207 veritatis
1580 1152 1847 1206 nonnulla

257 1246 541 1315 particulae
583 1246 742 1301 etiam
789 1245 841 1299 in
881 1244 1103 1300 diversis
1148 1244 1489 1298 inveniuntur
1531 1242 1840 1309 hatresibus,

258 1337 427 1408 hujus
448 1339 677 1394 nominis
699 1338 1004 1394 testimonio
1028 1338 1261 1392 nitamur
1282 1337 1353 1391 ad
1373 1336 1845 1391 demonsuandum

256 1429 561 1486 Ecclesium
585 1432 638 1485 in
665 1431 912 1485 omnibus
937 1431 1203 1500 gentibus,
1232 1440 1286 1485 ct
1313 1446 1419 1485 non
1441 1429 1719 1500 promissis
1750 1428 1845 1484 Dei

255 1530 315 1576 et
346 1531 453 1576 tam
480 1523 662 1577 multis
689 1529 901 1591 tamque
928 1519 1223 1575 manifestis
1250 1520 1479 1575 oraculis
1508 1520 1675 1589 ipsius
1701 1519 1842 1573 veri-

256 1615 403 1670 tatis.
435 1613 542 1670 Sed
582 1628 771 1683 nempe
811 1612 912 1668 hoc
942 1623 1022 1668 est
1065 1622 1231 1668 totum
1269 1612 1411 1683 quod
1446 1612 1599 1667 nobis
1626 1624 1843 1682 persna-

254 1705 389 1761 dere
417 1706 649 1774 conaris,
679 1706 823 1761 solos
843 1706 1163 1761 remansisse
1190 1706 1509 1776 Rogatistas,
1538 1710 1627 1775 qui
1655 1706 1838 1761 catho-

253 1799 347 1855 lici
379 1810 529 1856 recte
555 1799 857 1871 appellandi
889 1800 1027 1863 sint,
1060 1814 1122 1853 ex
1154 1799 1522 1854 observatione
1547 1806 1839 1868 praecepto-

253 1908 375 1948 rum
408 1893 649 1949 omnium
682 1892 979 1948 divinorum
1010 1899 1169 1961 atque
1202 1889 1436 1945 omnimn
1467 1889 1838 1944 Sacramento-

252 2001 406 2051 rum;
437 1993 490 2042 et
514 1999 608 2039 vos
637 1998 758 2042 esse
782 1984 946 2050 solos,
974 1982 1028 2037 in
1060 1983 1251 2053 quibus
1284 1982 1516 2036 inveniat
1544 1980 1701 2035 ﬁdem
1721 1996 1840 2035 cum

251 2079 465 2135 venerit
510 2078 674 2134 Filius
712 2077 943 2133 hominis
988 2074 1139 2149 (Luc.
1170 2092 1337 2142 xvm,
1378 2075 1457 2147 8).
1510 2076 1583 2130 Da
1609 2074 1837 2139 veniam,

250 2188 360 2228 non
380 2173 668 2229 credimus.
688 2172 836 2228 Licet
855 2170 995 2227 enim
1009 2181 1061 2227 et
1079 2171 1179 2226 hoc
1194 2170 1388 2225 audeas
1406 2168 1624 2225 forsitan
1642 2168 1837 2233 dicere,

250 2266 387 2319 utin
421 2264 576 2319 vobis
603 2264 771 2334 possit
798 2263 1022 2319 inveniri
1051 2262 1199 2327 fides,
1222 2276 1381 2332 quam
1408 2276 1466 2315 se
1490 2261 1541 2314 in
1569 2270 1707 2315 terra
1735 2273 1840 2312 non

252 2355 594 2411 invenustum
627 2354 885 2409 Dominus
913 2352 1081 2417 dixit,
1111 2367 1217 2406 non
1246 2366 1339 2406 vos
1372 2352 1422 2404 in
1452 2358 1587 2405 terra
1610 2392 1626 2416 ,
1665 2348 1759 2403 sed
1787 2348 1839 2403 in

254 2448 397 2502 ccelo
426 2461 548 2501 esse
572 2445 903 2515 deputandos
933 2461 946 2499 :
976 2459 1071 2499 nos
1100 2451 1274 2498 tamen
1306 2443 1591 2512 Apostolus
1616 2442 1686 2495 ita
1715 2454 1844 2496 cau-

250 2546 337 2594 tos
362 2536 635 2604 reddidit,
677 2546 735 2592 ut
771 2537 933 2592 etiam
964 2536 1225 2607 Angelum
1266 2534 1332 2589 de
1361 2534 1498 2590 coelo
1531 2533 1683 2588 nobis
1702 2532 1842 2589 aliud

252 2630 745 2699 evangelizantem,
799 2636 1149 2698 pmterquam
1178 2625 1320 2696 quod
1345 2625 1666 2695 accepimus,
1713 2636 1842 2678 ana-

250 2718 435 2776 thema
460 2718 660 2776 debere
698 2734 817 2775 esse
850 2718 1163 2789 praeceperit
1206 2715 1345 2789 (Gal.
1374 2731 1422 2783 r,
1450 2715 1525 2787 8).
1568 2714 1841 2783 Quomodo

252 2822 435 2868 autem
476 2811 798 2869 confidimus
836 2826 903 2866 ex
947 2810 1141 2865 divinis
1185 2808 1399 2863 Litteris
1436 2807 1707 2876 accepisse
1744 2821 1843 2861 nas

252 2904 530 2961 Christum
549 2905 911 2968 manifestum,
938 2905 980 2957 si
1007 2918 1113 2957 non
1135 2902 1256 2956 inde
1277 2901 1577 2970 accepimus
1591 2910 1643 2955 et
1658 2900 1844 2956 Eccle-

251 3000 386 3054 siarn
434 2997 813 3054 manifestam?
857 2997 1130 3066 Quaslibet
1170 2996 1392 3066 quisque
1421 3002 1655 3049 ansaset
1679 3007 1842 3048 uncos

249 3091 512 3146 adversus
566 3090 954 3159 simplicitatem
1002 3087 1240 3141 veritatis
1284 3086 1519 3151 intexet,
1566 3084 1833 3154 quaslibet

250 3183 479 3238 nebulas
522 3181 728 3236 callidm
774 3179 1019 3234 falsitatis
1049 3178 1324 3243 ofundat,
1374 3176 1512 3231 sicut
1559 3175 1837 3230 attathcma

250 3276 355 3331 erit
378 3317 393 3340 ,
430 3274 520 3344 qui
548 3272 938 3328 annuntiaverit
965 3270 1233 3327 Christum
1264 3283 1435 3338 neque
1458 3281 1671 3339 passam
1698 3281 1837 3333 esse,

253 3382 430 3438 neque
476 3366 632 3421 tertia
674 3365 760 3420 die
800 3364 1185 3429 resurrexisse;
1233 3362 1481 3432 quoniam
1523 3361 1581 3415 in
1618 3360 1842 3414 veritate

252 3458 562 3529 evangelica
612 3458 946 3526 accepimus,
997 3455 1272 3526 Oportebat
1315 3452 1571 3508 Christum
1614 3452 1718 3523 pati
1741 3492 1755 3517 ,
1795 3461 1843 3507 et

250 3566 514 3623 resurgere
542 3567 573 3603 a
598 3550 809 3604 mortuis
838 3551 982 3603 tertia
1014 3549 1095 3603 die
1126 3546 1274 3622 (Luc.
1302 3562 1445 3614 μιν,
1470 3544 1560 3618 46)
1593 3562 1607 3600 ς
1637 3546 1715 3600 sic
1740 3545 1843 3601 erit

252 3642 539 3697 anathema
581 3642 823 3713 quisquis
872 3640 1263 3695 annuntiaverit
1312 3640 1605 3693 Eeelesiam
1650 3647 1844 3709 prater

253 3737 689 3791 communionem
714 3735 951 3790 omnium
974 3734 1242 3805 gentium;
1263 3734 1385 3802 quia
1410 3732 1595 3787 eadem
1622 3732 1843 3787 veritate

253 3838 649 3898 consequenter
682 3827 1017 3897 accepimus,
1057 3834 1101 3881 et
1131 3825 1400 3896 pradicari
1431 3825 1484 3878 in
1510 3824 1709 3878 notitiae
1731 3824 1842 3895 ejus

254 3921 601 3991 paenitentiam
618 3927 663 3974 et
678 3920 1016 3974 remissionem
1034 3928 1347 3988 peccatorum
1365 3934 1452 3987 per
1463 3932 1633 3969 omnes
1649 3924 1838 3986 gentes,

254 4013 607 4085 incipientibus
633 4012 693 4067 ab
718 4010 1022 4075 Jerusalem,
1051 4017 1105 4065 et
1133 4010 1450 4064 inconcusse
1476 4016 1657 4062 tenere
1681 4006 1841 4061 debe-

254 4122 370 4163 mus
396 4106 625 4179 quisquis
662 4106 798 4160 vobis
825 4103 1193 4159 annuntiaverit
1230 4110 1561 4173 praeterquam
1586 4100 1719 4171 quod
1748 4114 1838 4155 ac-

253 4202 484 4271 cepistis,
515 4215 617 4252 ana
643 4198 808 4251 thema
837 4198 899 4251 sit
925 4195 1108 4268 (Ibid.,
1131 4193 1245 4265 47).

322 4290 553 4346 CAPUT
584 4288 718 4344 Vlll.
748 4318 820 4329 —
844 4288 933 4343 24.
962 4287 1018 4344 Si
1044 4295 1218 4342 autem
1247 4286 1521 4340 universos
1541 4284 1841 4341 Donatistas

254 4397 359 4438 non
406 4382 656 4437 audimus
683 4396 743 4436 se
771 4397 865 4451 pro
907 4380 1143 4435 Ecclesia
1182 4378 1377 4432 Christi
1412 4385 1768 4446 supponentcs
1796 4378 1839 4444 ¹,

256 4475 373 4545 quia
426 4473 635 4529 nullum
683 4489 779 4542 pro
818 4487 877 4527 se
925 4469 1289 4526 testimonium
1326 4468 1393 4523 de
1438 4468 1630 4523 divinis
1670 4468 1842 4524 Libris

256 4569 540 4639 proferunt
592 4583 699 4636 quo
739 4565 791 4620 id
831 4564 1091 4629 doceant,
1135 4572 1333 4634 quanto
1374 4562 1578 4629 minus,
1608 4577 1736 4631 rogo
1767 4573 1837 4630 te,

259 4660 564 4733 llogatistas
591 4661 776 4716 audire
817 4659 1074 4715 debemus
1096 4702 1111 4725 ,
1159 4660 1247 4729 qui
1277 4674 1372 4713 nec
1403 4658 1527 4712 illud
1556 4672 1653 4726 pro
1678 4674 1735 4711 se
1764 4659 1843 4713 in-

257 4753 541 4823 terpretari
572 4752 906 4807 conabuntur
930 4750 1070 4820 quod
1089 4751 1341 4820 scriptum
1368 4758 1448 4803 est
1480 4768 1494 4805 :
1530 4749 1626 4801 Ubi
1652 4750 1838 4821 pascis,

254 4845 334 4897 ubi
363 4843 522 4899 cubas
573 4844 625 4897 in
656 4844 864 4896 meridie
904 4843 1073 4911 (Cant.
1101 4854 1153 4908 ι,
1186 4840 1281 4909 6)?
1322 4839 1375 4893 Si
1408 4839 1550 4892 enim
1593 4838 1694 4894 hoc
1724 4840 1841 4895 loco

254 4937 650 5008 Scripturarum
678 4934 929 4991 meridies
953 4932 1128 4988 Africa
1151 4931 1487 5001 intelligenda
1509 4939 1592 4985 est
1621 4932 1669 4985 in
1692 4941 1843 5003 parte

258 5026 483 5095 Donati,
515 5027 661 5098 quod
695 5026 794 5081 sub
817 5024 939 5081 caeli
969 5022 1273 5079 ferventiori
1315 5022 1465 5091 plaga
1489 5030 1607 5089 est,
1654 5036 1842 5077 omnes

253 5132 347 5176 Vos
392 5120 798 5177 Maximianistze
841 5118 1182 5188 superabunt,
1238 5132 1464 5186 quorum
1514 5117 1741 5171 sebisma
1785 5115 1839 5171 in

260 5211 514 5285 Byzantio
553 5220 611 5268 et
663 5212 717 5266 in
762 5210 997 5281 Tripolin
1030 5207 1248 5263 exarsit.
1277 5207 1381 5263 Sed
1412 5206 1696 5278 conﬂigant
1719 5222 1839 5262 cum

255 5304 334 5359 eis
352 5304 612 5374 Arzugee,
640 5311 696 5358 et
720 5300 823 5357 hoe
845 5301 1014 5372 magis
1027 5300 1094 5354 ad
1114 5314 1175 5355 se
1196 5300 1466 5370 pertinere
1484 5299 1837 5355 eorrtendant:

255 5392 571 5450 Mauritania
602 5403 781 5449 tamen
799 5391 1165 5458 Cmsariensis,
1195 5390 1512 5447 occidentali
1538 5406 1693 5461 quam
1722 5405 1839 5447 me-

253 5488 479 5543 ridianae
507 5488 645 5558 parti
671 5486 928 5551 vicinior,
978 5484 1190 5556 quando
1224 5499 1325 5539 nee
1357 5482 1591 5539 Africam
1633 5499 1693 5539 se
1727 5485 1841 5542 vult

254 5578 383 5647 diei,
413 5578 685 5650 quomodo
700 5578 769 5634 de
787 5575 1012 5635 meridie
1026 5576 1356 5647 gloriabitur,
1386 5588 1491 5631 non
1516 5575 1635 5630 dico
1653 5574 1840 5632 adver-

253 5683 350 5727 sus
395 5671 581 5727 orbem
629 5679 891 5725 terrarum
914 5700 940 5738 ,τ
981 5668 1077 5724 sed
1121 5667 1375 5723 adversus
1418 5665 1587 5736 ipsam
1636 5674 1839 5735 partem

250 5760 445 5819 Donati
470 5803 485 5827 ,
516 5759 653 5815 unde
699 5776 822 5834 pars
856 5758 1075 5832 Rogati,
1115 5758 1483 5815 brevissimum
1521 5756 1743 5813 frustum
1771 5756 1839 5814 de

316 5874 896 5940 tutamentum.

1466 384 1939 451 EPISTOLARUM
1967 388 2236 449 CLASSlS
2272 392 2333 450 ll.

3433 411 3537 472 336

1960 507 2129 561 frusto
2156 510 2356 579 majore
2400 511 2683 581 prmcisum
2712 509 2828 569 est?
2865 511 2994 583 Quis
3022 524 3199 577 autem
3229 536 3334 579 non
3362 523 3535 595 impu-

1959 598 2273 655 dentissime
2299 600 2495 657 nitatur
2519 604 2725 676 aliquid
2747 607 2800 664 in
2826 608 3075 680 allegoria
3099 612 3326 683 positum
3358 630 3452 685 pro
3474 632 3539 674 se-

1961 688 2339 760 interpretari,
2393 695 2492 749 nisi
2548 696 2745 754 habeat
2785 710 2839 755 et
2883 700 3160 759 manifesta
3207 705 3530 778 test'nnonia,

1955 794 2181 849 quorum
2214 783 2412 839 lumine
2441 786 2774 844 illustrentur
2794 792 3057 847 obscura?

2028 870 2117 927 95.
2147 871 2303 940 Quod
2320 884 2497 931 autem
2510 880 2754 936 omnibus
2778 881 3069 941 Donatistis
3083 885 3263 942 dicere
3274 888 3528 953 solemus,

1953 971 2152 1030 quanto
2181 966 2329 1022 vobis
2358 966 2549 1025 fortius
2577 970 2802 1029 dicimus
2831 993 2846 1030 :
2878 975 2939 1032 Si
2961 986 3215 1047 possunt,
3246 981 3393 1052 quod
3415 978 3536 1038 ﬁeri

1952 1069 2059 1109 non
2087 1066 2294 1126 potest,
2329 1060 2488 1131 aliqui
2518 1062 2716 1121 habere
2740 1082 2952 1123 causam
2984 1070 3211 1140 justam,
3250 1087 3352 1143 qua
3376 1084 3535 1130 eoru—~

1955 1148 2261 1205 nnmionem
2290 1164 2438 1205 suam
2468 1164 2717 1224 separent
2744 1171 2775 1211 a
2794 1162 3166 1218 communione
3190 1164 3339 1219 urbis
3362 1172 3529 1221 terra-

1950 1250 2066 1327 rum
2093 1280 2106 1305 ,
2147 1256 2373 1311 eamque
2394 1246 2661 1314 appellent
2689 1248 2984 1307 Ecclesium
3022 1251 3254 1320 Christi,
3302 1258 3441 1327 quod
3468 1272 3535 1313 se

1942 1326 2088 1401 juste
2116 1333 2185 1387 ab
2209 1336 2445 1390 omnium
2470 1338 2709 1407 gentium
2734 1344 3109 1400 communione
3135 1326 3490 1415 separaveriut
3505 1365 3525 1416 ς»

1948 1422 2089 1479 unde
2117 1425 2266 1480 scitis
2292 1426 2344 1479 in
2366 1426 2659 1483 christiana
2685 1431 2971 1500 societate,
3004 1442 3110 1488 tam
3137 1436 3291 1507 longe
3316 1437 3527 1508 lateque

1948 1510 2135 1567 diffusa
2163 1557 2176 1581 ,
2224 1531 2290 1571 ne
2316 1516 2454 1574 forte
2488 1530 2771 1592 antequam
2810 1538 2907 1579 vos
2941 1528 3286 1596 separaretis,
3322 1529 3431 1599 jam
3464 1543 3527 1586 se

1946 1604 2108 1674 aliqui
2134 1607 2271 1675 jusla
2298 1622 2456 1664 eausa
2476 1616 2921 1682 separaverantin
2948 1616 3397 1688 longinquissimis
3417 1629 3524 1675 ter-

1946 1698 2058 1761 ris,
2089 1700 2229 1755 unde
2256 1702 2325 1755 ad
2370 1717 2465 1757 vos
2502 1720 2685 1760 eorum
2711 1706 2932 1777 justitiee
2965 1708 3103 1764 fama
3144 1725 3251 1765 non
3291 1712 3531 1781 potuerit
3598 1702 3635 1719 ”

1946 1792 2258 1859 pervenire?
2300 1794 2585 1860 Quomodo
2617 1798 2670 1852 in
2706 1800 2853 1855 vobis
2892 1809 3069 1869 potest
3107 1815 3226 1857 esse
3263 1802 3523 1869 Ecclesia,

1945 1882 2120 1949 potius
2144 1898 2301 1953 quam
2324 1885 2377 1940 in
2400 1886 2507 1941 illis
2530 1888 2625 1957 qui
2644 1904 2703 1944 se
2722 1890 2929 1958 priores
2949 1890 3084 1947 forte
3109 1892 3529 1964 separaverunt!

1946 1971 2019 2025 lla
2047 1974 2103 2027 [it
2126 1980 2182 2028 ut
2206 1991 2325 2030 cum
2354 1977 2454 2032 hoc
2476 1980 2713 2047 nescitis,
2743 1980 2931 2036 incerti
2949 1982 3342 2054 vobismetipsis
3368 1984 3521 2038 sitis:

1945 2064 2085 2133 quod
2135 2081 2355 2124 necesse
2398 2079 2479 2125 est
2525 2072 2796 2142 contingat
2849 2072 3100 2129 canibus
3141 2075 3231 2145 qui
3277 2089 3375 2145 pro
3427 2088 3526 2143 sua

1945 2158 2201 2213 societate
2238 2168 2457 2217 utantur
2502 2164 2807 2218 testimonio
2853 2178 2960 2219 non
2999 2165 3180 2220 divino
3204 2208 3219 2233 ,
3260 2167 3361 2223 sed
3401 2181 3524 2224 suo.

1943 2247 2126 2319 Neque
2154 2252 2295 2305 enim
2327 2255 2549 2322 potestis
2573 2255 2752 2311 dicere
2775 2298 2790 2323 ,
2838 2256 2895 2312 Si
2926 2257 3027 2312 hoc
3060 2257 3395 2328 contigisset,
3426 2273 3527 2316 nos

1946 2338 2119 2395 latere
2142 2358 2246 2396 non
2275 2353 2477 2414 posset,
2507 2360 2628 2401 cum
2655 2346 2713 2401 in
2732 2346 2911 2403 Africa
2937 2348 3080 2418 ipsa,
3112 2359 3240 2419 quot
3262 2348 3377 2419 jam
3399 2365 3526 2420 par-

1946 2437 2026 2486 tes
2050 2430 2202 2488 factae
2229 2435 2337 2490 sint
2377 2450 2443 2491 ex
2470 2444 2619 2507 parte
2646 2438 2865 2505 Donati,
2896 2439 2941 2493 si
2970 2439 3385 2510 interrogemini,
3419 2456 3525 2497 non

1944 2522 2133 2579 dicatis
2162 2543 2175 2583 :
2207 2529 2503 2597 praesertim
2555 2532 2676 2600 quia
2705 2538 2853 2585 tanto
2886 2532 2986 2587 sibi
3024 2532 3271 2595 videntur
3296 2535 3387 2604 qui
3425 2535 3533 2593 hoc

1947 2615 2148 2671 faciunt
2174 2617 2446 2688 iustiores,
2474 2631 2673 2691 quanto
2712 2620 2911 2683 fuerint
2938 2624 3239 2692 pauciores;
3269 2632 3325 2685 et
3344 2625 3535 2696 utique

1948 2698 2092 2764 tanto
2136 2720 2259 2766 sunt
2298 2713 2627 2769 latentiores.
2667 2715 2745 2769 Ac
2788 2729 2882 2784 per
2907 2715 3013 2771 hoc
3041 2715 3229 2772 incerti
3262 2718 3426 2782 estis,
3457 2732 3535 2774 ne

1946 2798 2081 2855 forte
2107 2801 2267 2871 aliqui
2300 2805 2453 2872 pauci
2476 2804 2641 2874 justi,
2677 2816 2732 2860 et
2757 2806 2877 2860 ideo
2904 2806 3125 2863 minium
3148 2808 3259 2863 noti
3280 2848 3294 2872 ,
3333 2809 3535 2869 alicubi

1946 2890 2100 2963 longe
2129 2902 2315 2948 contra
2340 2894 2533 2951 Africa:
2564 2897 2859 2965 meridiem,
2886 2909 3171 2969 antequam
3191 2914 3312 2971 pars
3337 2900 3535 2957 Donati

1940 2981 2203 3051 justitiam
2246 3000 2398 3039 suam
2428 3001 2458 3039 a
2486 2996 2802 3043 mererum
2831 2989 3105 3044 hominum
3133 2990 3411 3061 iniquitate
3437 3006 3531 3048 se:

1945 3083 2207 3138 cerneret,
2236 3091 2294 3131 se
2314 3076 2560 3147 primitus
2582 3093 2742 3133 causa
2766 3079 3067 3150 aequissima
3090 3083 3454 3151 separavesint
3473 3083 3533 3141 in

1944 3164 2111 3221 latere
2147 3167 2441 3238 aquilonis,
2473 3179 2529 3225 et
2561 3171 2672 3242 ipsa
2702 3172 2776 3227 sit
2806 3174 2981 3242 potius
3022 3173 3257 3230 Ecclesia
3284 3176 3385 3232 Dei
3404 3184 3532 3232 ωε

1945 3281 2102 3335 quam
2144 3268 2271 3321 Sion
2298 3268 2609 3338 spiritualis,
2639 3283 2758 3339 qua:
2786 3285 2883 3326 vos
2916 3285 3104 3327 omnes
3126 3272 3267 3342 justa
3307 3287 3533 3344 ωριτε-ν

1947 3361 2088 3415 tione
2117 3362 2403 3430 praevenit,
2447 3364 2720 3434 multoque
2760 3364 3131 3435 praesumptius
3154 3379 3253 3436 pro
3274 3380 3335 3422 se
3360 3368 3533 3422 interc

1948 3460 2203 3522 pretetur,
2232 3453 2371 3523 quod
2395 3456 2651 3524 scriptum
2680 3464 2792 3523 est,
2822 3455 2975 3511 Mons
3006 3456 3135 3513 Sion
3153 3499 3168 3525 ,
3197 3459 3359 3517 latera
3379 3458 3533 3529 oeuli-

1945 3546 2075 3599 lom‘s
2100 3587 2112 3609 ,
2143 3546 2316 3600 civitas
2344 3547 2474 3617 regis
2503 3548 2673 3619 magni
2716 3546 2883 3619 (Psal.
2915 3562 3092 3616 xum,
3124 3547 3210 3621 ὅ),
3240 3563 3399 3620 quam
3427 3564 3533 3621 pro

1946 3650 2003 3690 se
2047 3637 2425 3705 interpretatur
2461 3654 2584 3708 pars
2612 3640 2835 3707 Donati,
2886 3639 2987 3697 Ubi
3014 3643 3211 3713 pascis,
3256 3642 3343 3698 ubi
3377 3644 3532 3699 cubas

1944 3727 1997 3781 in
2027 3730 2233 3783 meridie
2264 3730 2432 3802 (Cant.
2458 3747 2496 3799 ι,
2519 3732 2595 3803 6).

2014 3820 2103 3877 26.
2136 3822 2203 3876 Ει
2234 3831 2406 3878 tamen
2438 3825 2641 3880 vereris
2668 3840 2756 3893 ne,
2787 3842 2907 3881 eum
2939 3827 3300 3897 imperialibus
3324 3828 3530 3899 legibus

1944 3912 2009 3967 ad
2035 3915 2292 3970 unitatem
2319 3916 2583 3986 oogimini,
2616 3932 2813 3973 nomen
2838 3919 2932 3974 Dei
2960 3934 2990 3972 a
3012 3918 3208 3973 ,ιιιάίιεὶε
3233 3932 3285 3975 et
3306 3920 3531 3991 Paganis

1944 4003 2144 4059 diutius
2172 4004 2567 4075 blasphematur
2596 4024 2609 4061 :
2638 4009 2791 4078 quasi
2818 4009 3054 4064 nesciant
3080 4007 3247 4064 Judaei
3278 4011 3529 4079 quemad-

1944 4096 2159 4152 modum
2185 4098 2387 4167 primus
2416 4100 2640 4168 populus
2669 4101 2829 4156 lsrael
2857 4100 3016 4155 etiam
3046 4102 3183 4157 bello
3222 4103 3401 4158 delere
3429 4118 3526 4157 vo-

1943 4190 2099 4247 luerit
2126 4192 2259 4246 duas
2287 4191 2404 4246 illas
2433 4194 2599 4247 tribus
2626 4203 2681 4248 et
2709 4194 3001 4263 dimidiam,
3031 4211 3149 4266 quae
3174 4196 3309 4251 ultra
3333 4196 3526 4252 Iorda-

1943 4299 2065 4340 nem
2094 4293 2262 4339 terras
2290 4294 2606 4355 acceperant
2625 4326 2640 4352 ,
2667 4286 2876 4357 quando
2912 4301 3005 4342 eas
3032 4297 3345 4357 putaverunt
3372 4304 3433 4344 se
3457 4289 3527 4344 ab

1945 4378 2146 4433 unitate
2179 4378 2260 4433 sui
2301 4378 2479 4448 populi
2517 4393 2791 4450 separasse
2831 4378 3010 4453 (Iosue
3037 4397 3181 4450 nu,
3208 4380 3388 4453 9-12).
3422 4383 3527 4438 Pa-

1944 4471 2063 4541 gani
2103 4486 2230 4526 vero
2260 4471 2426 4542 magis
2454 4486 2552 4526 nos
2582 4471 2951 4541 blasphemare
2979 4485 3199 4542 possunt
3228 4475 3296 4530 de
3323 4475 3526 4546 legibus
3627 4528 3633 4535 .

1945 4578 2076 4633 quas
2103 4572 2285 4621 contra
2315 4564 2577 4620 idolorum
2606 4565 2837 4620 cultores
2864 4565 3136 4621 christiani
3178 4568 3526 4639 imperatores

1947 4656 2211 4721 tulerunt;
2242 4666 2296 4710 et
2325 4664 2501 4713 tamen
2531 4672 2595 4712 ex
2623 4656 2699 4712 eis
2722 4657 2872 4711 multi
2891 4660 3115 4713 correcti
3135 4701 3149 4725 ,
3172 4670 3225 4714 et
3261 4660 3329 4714 ad
3359 4661 3527 4716 Deum

1944 4748 2121 4803 vivum
2150 4764 2438 4819 verumque
2463 4754 2705 4804 conversi
2739 4758 2895 4816 sunt,
2936 4757 2992 4806 et
3026 4752 3261 4820 quotidie
3297 4768 3524 4810 conver-

1946 4848 2144 4897 tuntur.
2188 4840 2293 4898 Sed
2322 4843 2476 4912 plane
2503 4852 2557 4898 et
2582 4842 2752 4898 Judaei
2781 4851 2837 4898 et
2861 4843 3055 4915 Pagani
3075 4886 3090 4912 ,
3122 4845 3169 4900 si
3194 4854 3301 4900 tam
3326 4860 3527 4916 paucas

1946 4943 2190 5005 putarent
2216 4949 2335 4989 esse
2358 4934 2720 5004 Christianos,
2749 4952 2907 5007 quam
2934 4939 3089 5009 pauci
3118 4954 3213 4995 vos
3241 4941 3371 4995 estis
3389 4982 3402 5005 ,
3435 4944 3525 5011 qui

1945 5027 2088 5082 solos
2123 5041 2219 5082 vos
2246 5027 2575 5083 Christianos
2613 5043 2734 5084 esse
2770 5029 3085 5099 perhibetis,
3133 5048 3233 5089 nee
3272 5033 3524 5104 blasphe~

1944 5134 2092 5175 mare
2118 5133 2217 5174 nos
2240 5116 2598 5190 dignarentur,
2623 5122 2714 5176 sed
2742 5134 3011 5194 nunquam
3031 5125 3205 5181 ridere
3230 5137 3521 5182 cessarent.

1944 5210 2059 5267 Non
2108 5210 2306 5267 timetis
2349 5226 2418 5266 ne
2460 5211 2613 5266 vobis
2651 5212 2828 5267 dicant
2870 5214 3037 5271 Judaei
3070 5231 3085 5273 :-
3116 5216 3215 5272 Ubi
3257 5226 3339 5272 est
3381 5218 3523 5286 quod

1945 5302 2138 5359 Paulus
2155 5311 2334 5359 vester
2354 5302 2646 5360 Ecclesium
2672 5315 2901 5359 vestram
2927 5305 3186 5379 intelligit,
3216 5307 3305 5362 ubi
3326 5308 3523 5365 dictum

1943 5406 2045 5464 est,
2074 5394 2273 5453 Ltetare
2294 5394 2502 5464 sterilis,
2529 5413 2641 5469 qua
2666 5414 2768 5453 non
2794 5400 2951 5469 paris,
2982 5414 3185 5471 mmps
3206 5412 3254 5456 et
3275 5402 3522 5473 Mam,

1941 5506 2057 5564 qua:
2097 5506 2199 5545 non
2240 5490 2499 5561 pararis;
2525 5491 2763 5563 quamam
2794 5491 2943 5547 multi
2975 5494 3071 5563 ﬁlii
3096 5476 3303 5551 deserta
3319 5538 3333 5561 ,
3363 5498 3523 5569 magis

1942 5600 2092 5656 quam
2135 5584 2245 5656 ejus
2291 5598 2404 5654 qua:
2449 5584 2594 5638 habet
2637 5584 2799 5639 uirum
2855 5583 2997 5657 (Gal.
3029 5601 3110 5652 iv,
3138 5584 3268 5657 27),
3314 5603 3523 5659 praspo-

1944 5694 2077 5733 nens
2103 5677 2494 5733 multitudinem
2520 5678 2942 5733 Christianorum
2969 5680 3288 5737 multitudini
3309 5682 3523 5739 Judaeu-

1942 5783 2095 5834 rum,
2127 5767 2173 5825 si
2199 5769 2393 5825 Christi
2419 5767 2659 5824 Ecclesia
2687 5779 2767 5824 est
2795 5770 3030 5838 paucitas
3059 5774 3265 5828 vestra?
3296 5774 3525 5830 lloecine

1944 5860 2049 5917 illis
2070 5858 2261 5917 dicturi
2291 5862 2418 5917 estis
2438 5903 2453 5929 ,
2482 5860 2603 5917 ideo
2632 5863 2798 5933 magis
2821 5862 2948 5931 jltsli
2976 5878 3188 5932 sumus,
3221 5865 3340 5935 quia
3375 5870 3521 5939 pauci
