4090 6356
549 409 656 474 δειδ

551 549 769 598 sumus;
818 547 920 588 nec
963 529 1238 589 attenditis
1283 542 1378 603 eos
1417 541 1800 599 responsuros,
1833 521 2148 593 Quotlibet‘

558 641 646 683 vos
675 642 794 683 esse
823 626 1042 690 dicatis,
1078 641 1182 680 non
1223 633 1404 680 tamen
1447 622 1576 678 estis
1618 621 1695 676 illi
1737 620 1804 676 de
1845 619 2034 691 quibus
2063 618 2147 672 di-

560 730 694 780 tium
728 731 842 785 est,
879 719 1032 774 Multi
1059 718 1157 790 ﬁlii
1186 719 1424 784 deserta,
1463 715 1510 770 si
1557 725 1664 770 tam
1706 713 1880 788 exigui
1925 727 2148 768 numero

557 811 882 870 .‘emansistis
897 811 922 866 ἳ

626 905 716 961 27.
759 906 856 961 llic
887 915 941 959 tu
969 903 1312 975 oppositurus
1348 916 1407 957 es
1439 900 1743 971 exemplum
1769 899 1897 970 justi
1927 898 2066 953 illius
2095 897 2147 953 in

555 998 790 1064 diluvio,
837 997 929 1069 qui
967 1012 1088 1053 cum
1118 997 1281 1052 domo
1308 1010 1402 1049 sua
1431 994 1578 1050 solus
1606 993 1818 1049 liberari
1847 991 2034 1062 dignus
2063 991 2146 1045 in-

551 1101 740 1146 ventus
765 1101 866 1145 est.
902 1088 1060 1144 Vides
1087 1103 1216 1158 ergo
1243 1102 1402 1158 quam
1438 1087 1594 1156 longe
1630 1085 1706 1140 sis
1734 1083 1908 1138 adhuc
1937 1087 1968 1138 a
1991 1083 2147 1152 justi-

547 1183 661 1240 tia?
708 1183 934 1238 Prorsus
973 1181 1144 1236 donec
1180 1180 1247 1234 ad
1277 1188 1480 1250 septem
1509 1192 1816 1240 remaneas,
1861 1175 2054 1246 quibus
2092 1184 2148 1228 ιιι

547 1275 626 1331 sis
665 1284 920 1338 octavus,
958 1273 1161 1343 justum
1208 1279 1263 1327 te
1305 1285 1573 1335 essenon
1603 1269 1861 1333 dicimus;
1893 1267 1938 1320 si
1969 1274 2148 1320 tamen

548 1381 658 1421 non
688 1353 840 1419 istam
867 1364 1157 1435 justitiam,
1187 1364 1324 1418 sicut
1350 1360 1624 1422 dicebam,
1657 1359 1932 1430 praeripuit
1959 1357 2148 1428 aliquis

547 1470 672 1514 ante
701 1471 907 1530 partem
940 1458 1125 1513 Donati
1145 1498 1160 1520 ,
1193 1467 1247 1512 et
1275 1472 1398 1510 cum
1429 1455 1541 1509 suis
1569 1463 1774 1524 septem
1801 1452 1945 1522 justa
1974 1451 2148 1522 aliqua

547 1567 710 1608 causa
736 1561 1056 1616 conunotus,
1087 1566 1145 1604 se
1171 1551 1326 1620 longe
1353 1547 1478 1602 alibi
1506 1545 1790 1615 separavit,
1821 1551 1874 1598 et
1903 1558 1934 1597 a
1963 1541 2148 1596 mundi

551 1644 713 1715 hujus
737 1645 937 1700 diluvio
960 1643 1222 1699 liberavit.
1251 1640 1402 1708 Quod
1429 1655 1547 1694 cum
1577 1635 1829 1708 ignoretis
1856 1651 1922 1690 an
1951 1634 2146 1690 factum

549 1737 652 1804 sit,
684 1748 842 1806 atque
873 1737 943 1790 ita
974 1736 1124 1790 vobis
1154 1733 1481 1798 inauditum,
1532 1730 1671 1785 sicut
1715 1728 1896 1783 multis
1940 1727 2148 1797 populis

546 1828 970 1884 Christianorum
1008 1826 1060 1879 in
1096 1823 1396 1894 longinquis
1425 1824 1584 1876 terris
1611 1819 2022 1876 constitutorum
2053 1833 2152 1873 no-

545 1937 671 1978 men
702 1921 890 1976 Donati
924 1916 1215 1972 inauditum
1242 1925 1344 1980 est,
1375 1913 1561 1972 incerti
1591 1913 1721 1967 estis
1746 1911 1836 1966 tibi
1863 1911 1933 1964 sit
1958 1909 2149 1965 Eccle-

544 2015 644 2072 sia.
689 2011 768 2068 lbi
797 2013 942 2068 enim
974 2011 1111 2078 erit,
1165 2010 1251 2064 ubi
1296 2009 1525 2079 primum
1567 2007 1788 2062 forsitan
1830 2006 2026 2060 factum
2067 2014 2150 2060 est

545 2107 687 2180 quod
730 2116 912 2177 postea
955 2119 1054 2160 vos
1092 2102 1324 2166 fecistis,
1375 2101 1421 2156 si
1468 2101 1638 2170 potuit
1683 2115 1804 2154 esse
1849 2098 1959 2152 ulla
2003 2097 2147 2168 justa

545 2215 743 2266 causa,
774 2213 877 2269 qna
907 2211 1001 2250 vos
1031 2210 1062 2250 a
1086 2194 1466 2250 communione
1500 2191 1740 2247 omnium
1779 2190 2016 2262 gentium
2057 2204 2146 2244 se-

547 2307 738 2364 parare
766 2288 1014 2360 possetis.

619 2380 845 2438 CAPUT
889 2377 1188 2434 lX.—28.
1230 2375 1338 2432 Nos
1378 2383 1556 2431 autem
1602 2373 1722 2430 ideo
1763 2373 1894 2429 certi
1937 2389 2144 2438 sumus,

548 2474 820 2530 neminem
867 2486 928 2527 se
971 2486 1003 2525 a
1043 2468 1424 2525 communione
1463 2466 1704 2523 omnium
1743 2464 1980 2535 gentium
2006 2465 2148 2534 juste

546 2581 799 2639 separare
824 2567 1081 2638 potuisse,
1110 2565 1232 2634 quia
1265 2578 1371 2616 non
1396 2561 1620 2632 quisque
1649 2569 1888 2614 nostrum
1915 2559 1967 2612 in
1994 2558 2149 2627 justi-

547 2661 621 2715 tia
649 2675 776 2726 sua,
822 2659 917 2714 sed
965 2658 1017 2711 in
1058 2654 1347 2727 Scripturis
1385 2653 1579 2706 divinis
1607 2651 1799 2720 quaerit
1827 2649 2144 2714 Euclesiam,

550 2759 606 2808 et
629 2761 684 2807 ut
713 2750 974 2822 promissa
1004 2757 1118 2816 est,
1162 2745 1312 2802 reddi
1346 2745 1625 2815 conspicit.
1660 2743 1774 2813 Ipsa
1806 2751 1886 2797 est
1913 2741 2052 2796 enim
2079 2741 2148 2798 de

547 2857 654 2914 qua
683 2841 906 2907 dicitur,
955 2839 1100 2894 Sicut
1135 2838 1297 2892 lilium
1327 2837 1380 2890 in
1408 2835 1572 2888 medio
1600 2835 1866 2905 spinarum
1887 2873 1900 2897 ,
1931 2832 2002 2885 ita
2029 2849 2150 2903 pro-

545 2937 688 2991 xima
727 2951 839 2990 mea
879 2936 933 2988 in
977 2932 1142 2986 medio
1185 2931 1410 3000 ﬁliarum
1460 2927 1632 3001 (Cant.
1662 2943 1731 2994 ιι,
1762 2925 1819 2998 2)
1855 2946 1868 2982 :
1901 2943 2019 2997 quze
2049 2942 2148 2982 nec

547 3029 717 3100 spina:
762 3027 867 3084 dici
918 3034 1174 3097 possunt,
1230 3024 1331 3078 nisi
1383 3023 1713 3093 malignitate
1757 3036 2001 3088 morum;
2049 3037 2148 3077 nec

548 3120 691 3185 illim,
715 3121 821 3177 nisi
841 3118 1218 3175 communione
1241 3116 1730 3172 Sacramentorum.
1760 3114 1874 3184 Ipsa
1900 3123 1980 3168 est
2002 3113 2145 3168 enim

546 3227 668 3284 qua:
697 3213 824 3270 dicit
859 3230 873 3268 :
905 3213 945 3266 Α
977 3211 1163 3281 ﬁnibus
1191 3218 1340 3263 terre
1366 3207 1434 3262 ad
1463 3216 1511 3262 te
1537 3207 1752 3262 clamavi
1771 3247 1786 3272 ,
1823 3223 1937 3260 cunt
1966 3207 2146 3260 anxia-

546 3314 687 3359 retur
712 3321 801 3359 cor
834 3319 1000 3358 meum
1048 3299 1216 3374 (Psul.
1249 3315 1352 3368 ιι,
1387 3298 1466 3372 5).
1513 3300 1643 3366 Qua:
1687 3298 1739 3352 in
1791 3297 1896 3352 alio
1941 3299 2146 3367 psalmo

548 3395 707 3464 dicit,
738 3393 971 3450 Tedium
1001 3392 1216 3448 detinuit
1245 3408 1323 3446 me
1350 3407 1388 3458 tt
1411 3389 1754 3463 peccatoribus
1798 3389 2146 3460 derelinquen-

549 3486 682 3540 tibus
727 3486 884 3557 legem
923 3495 1098 3547 tuam;
1135 3493 1221 3549 et,
1265 3481 1383 3536 Vidi
1424 3483 1733 3548 insensatos,
1764 3491 1808 3535 et
1838 3481 2146 3536 tabescebam

550 3577 720 3650 (Psal.
746 3592 928 3644 cxvut,
951 3577 1042 3642 5'5,
1069 3576 1210 3646 158).
1242 3575 1358 3644 ipsa
1384 3583 1470 3630 est
1495 3590 1613 3644 quae
1637 3574 1766 3629 dicit
1791 3591 1988 3644 sponso
2013 3592 2141 3632 suo:

553 3668 653 3724 Ubi
687 3669 886 3740 pascis,
934 3667 1017 3722 ubi
1059 3668 1216 3721 cubas
1248 3667 1302 3720 in
1331 3666 1568 3730 meridie;
1607 3682 1670 3720 ne
1702 3670 1833 3738 forte
1865 3668 1988 3736 ﬁant
2015 3669 2146 3725 sicut

549 3767 726 3831 aperta
762 3775 915 3830 super
952 3775 1128 3830 greges
1165 3756 1418 3811 sodalium
1447 3766 1650 3811 tuorum
1693 3755 1864 3827 (Cant.
1892 3774 1944 3825 ι,
1975 3759 2055 3831 6).
2090 3761 2144 3816 Id

548 3865 632 3910 est
656 3855 798 3925 quod
826 3853 951 3908 alibi
978 3852 1193 3918 dicitur,
1226 3851 1498 3906 Dexteram
1523 3861 1663 3905 tuam
1687 3863 1858 3908 notam
1885 3858 1970 3926 fac
1996 3855 2140 3920 mihi,

549 3957 596 4004 et
627 3947 849 4002 eruditos
877 3945 1027 4001 corde
1058 3946 1114 4001 in
1150 3945 1400 4017 sapientia
1443 3943 1614 4016 (Psal.
1643 3961 1878 4014 LXXXIX,
1921 3947 2010 4020 12)
2043 3965 2056 4001 :
2091 3949 2142 4004 in

550 4039 741 4110 quibus
769 4039 887 4093 luce
917 4036 1240 4108 fulgentibus
1272 4045 1330 4092 et
1353 4035 1611 4092 cbaritate
1640 4035 1965 4095 ferventibus
1993 4041 2144 4111 quasi

551 4132 604 4187 in
648 4131 872 4187 meridie
914 4131 1237 4202 requiescis;
1271 4145 1341 4186 ne
1370 4129 1507 4185 forte
1537 4131 1682 4186 velut
1717 4141 1936 4200 operta,
1982 4133 2034 4188 id
2061 4142 2146 4189 est

549 4227 756 4283 occulta
788 4235 843 4281 et
871 4225 1048 4296 ignota
1067 4266 1083 4290 ,
1115 4225 1313 4279 irruam
1344 4237 1449 4278 non
1481 4222 1534 4277 in
1565 4238 1779 4294 gregem
1821 4233 1968 4279 tuum
1991 4267 2006 4293 ,
2047 4225 2145 4282 sed

551 4321 602 4375 in
629 4335 821 4391 greges
843 4318 1104 4374 sodalium
1131 4327 1368 4383 tuorum,
1396 4315 1449 4372 id
1472 4325 1557 4372 est
1581 4316 1973 4374 haereticorum.
2001 4319 2146 4388 Quos

551 4413 623 4467 ita
650 4412 861 4466 sodales
885 4411 1033 4476 dicit,
1062 4411 1200 4465 sicut
1222 4411 1403 4480 Spinas
1429 4411 1546 4465 illas
1571 4411 1728 4479 tilias,
1757 4423 1975 4484 propter
1998 4430 2147 4470 com-

553 4506 860 4561 munionem
891 4504 1379 4560 Sacramentorum.
1425 4503 1501 4558 De
1540 4505 1731 4574 quibus
1769 4506 1894 4562 alibi
1929 4508 2142 4576 dicitur,

554 4597 636 4654 Tu
681 4615 796 4653 vero
824 4597 1078 4652 unanimis
1108 4613 1276 4664 meus,
1313 4605 1360 4651 et
1388 4597 1494 4651 dux
1519 4614 1688 4664 meus,
1731 4609 1777 4653 et
1806 4611 1954 4654 notus
1983 4619 2142 4668 meus,

553 4691 640 4761 qui
664 4690 816 4744 simul
841 4706 1036 4744 mecum
1061 4688 1232 4742 dulces
1251 4688 1482 4760 cupiebas
1503 4689 1670 4757 cibos;
1689 4691 1741 4744 in
1768 4692 1916 4746 donto
1938 4691 2146 4749 Domini

555 4780 922 4836 umbuluvimus
948 4797 1065 4834 cum
1088 4795 1351 4834 consensu.
1378 4778 1566 4836 .Veniat
1595 4798 1730 4836 mors
1754 4799 1907 4853 super
1931 4785 2067 4850 illos,
2099 4795 2147 4840 et

555 4874 876 4930 descendant.
901 4873 955 4927 in
997 4872 1255 4945 infernum
1295 4872 1510 4927 viventes
1557 4871 1725 4945 (Psal.
1761 4891 1882 4942 Liv,
1915 4877 2142 4948 14-16),

553 4967 692 5024 sicut
716 4965 921 5020 Datban
951 4973 1006 5020 et
1030 4964 1227 5019 Abiron
1249 5006 1264 5031 ,
1297 4963 1472 5034 impiae
1498 4967 1848 5035 separationis
1876 4977 2143 5026 auctores.

627 5058 719 5115 29.
751 5056 870 5127 ipsa
897 5066 978 5112 est
1003 5055 1089 5112 cui
1113 5055 1366 5110 continuo
1391 5056 1746 5126 respondetur
1773 5074 1785 5110 :
1819 5057 1938 5112 Nisi
1960 5058 2148 5131 cogno-

553 5153 684 5209 veris
729 5151 1074 5222 temetipsum,
1121 5165 1152 5203 o
1179 5148 1397 5221 pulchra
1422 5149 1552 5204 inter
1579 5148 1848 5217 mulieres,
1891 5151 1974 5206 exi
2006 5163 2058 5206 tu
2092 5155 2148 5208 in

552 5245 770 5318 vestigiis
811 5259 1018 5317 gregum
1037 5283 1054 5310 ,
1098 5251 1145 5297 et
1186 5258 1334 5313 pasce
1377 5241 1549 5297 htedos
1577 5251 1690 5298 tuos
1720 5243 1775 5297 in
1814 5245 2147 5301 tabernaculis

553 5349 816 5415 pastorum
849 5337 1018 5413 (Cant.
1047 5353 1093 5405 ι,
1126 5337 1204 5409 7).
1231 5337 1278 5392 Ο
1303 5338 1581 5408 responsio
1607 5337 1900 5394 dulcissimi
1926 5341 2142 5412 sponsi!

554 5433 676 5488 Nisi
704 5431 995 5505 cognoveris
1024 5431 1368 5501 temetipsum,
1402 5431 1573 5501 inquit
1608 5449 1621 5485 :
1657 5432 1778 5502 quia
1824 5433 2003 5502 utique
2039 5451 2146 5490 non

555 5534 734 5598 potest
788 5525 974 5580 civitas
1030 5523 1285 5580 abscondi
1341 5539 1503 5597 supra
1561 5533 1797 5580 montem
1859 5529 2144 5584 constituta

556 5616 774 5688 (Matth.
802 5633 852 5681 v,
883 5616 1011 5688 11);
1039 5624 1094 5671 et
1118 5614 1240 5670 ideo
1269 5631 1374 5669 not.
1404 5626 1460 5674 α’
1485 5621 1708 5694 aperta,
1738 5624 1798 5671 ut
1824 5617 2066 5675 incurras
2092 5621 2145 5676 in

553 5723 744 5779 greges
767 5707 1029 5762 sodalium
1069 5721 1312 5762 meorum
1335 5707 1377 5758 ³.
1409 5705 1521 5776 Ego
1547 5706 1689 5762 enim
1720 5723 1839 5764 sum
1867 5726 2018 5767 mons
2049 5729 2145 5784 pa-

616 5804 634 5836 ⁸
657 5809 856 5880 sic
875 5809 1022 5860 vatic.
1045 5814 1269 5861 Attamen
1287 5809 1340 5859 in
1359 5821 1459 5859 uno
1479 5821 1653 5860 eorum
1673 5808 1876 5876 legitur,
1899 5815 2142 5878 quoslibet.

553 5867 848 5935 [cumba].
1726 5867 1755 5876 ’

616 5933 639 5964 ³
658 5932 795 5996 me,
815 5937 1023 5985 tuorum.
1043 5938 1102 5984 At
1119 5939 1225 5984 us.
1253 5934 1311 5984 17
1333 5933 1535 5997 habent,
1555 5946 1786 5989 meorum.

1793 411 1851 468 s.
1888 403 2258 486 sucusrtm
2297 405 2602 466 EPISCOPI

3740 412 3844 472 836

2253 529 2401 578 ratus
2428 524 2481 578 in
2509 523 2784 580 cacumine
2812 525 3110 596 montium,
3153 525 3222 581 ad
3263 540 3421 598 quem
3465 525 3681 583 venient
3719 531 3843 581 nni-

2255 631 2422 671 vcrsa:
2448 625 2632 688 gentes
2661 615 2814 689 (lsai.
2844 634 2900 685 ιι,
2928 617 2984 690 9.)
3017 635 3030 671 :
3064 616 3182 671 Nisi
3205 633 3330 689 ergo
3358 619 3646 688 cognoveris
3671 627 3848 672 temet-

2253 709 2438 780 ipsam,
2469 725 2572 766 non
2603 710 2654 765 in
2683 711 2856 766 verbis
2887 711 3368 778 calumniosorum,
3400 713 3494 768 sed
3526 714 3576 767 in
3608 713 3848 768 testimo-

2253 801 2355 856 niis
2381 802 2664 858 Librorum
2712 818 2972 858 meorum.
3023 801 3140 856 Nisi
3178 805 3467 875 cognoveris
3505 807 3844 876 temetipsum,

2252 897 2375 965 quia
2412 896 2480 951 de
2521 905 2572 951 te
2601 896 2799 952 dictum
2828 906 2910 952 est
2942 915 2954 950 :
2992 895 3205 969 Porrige
3245 898 3444 971 longius
3481 901 3766 972 funiculos,
3799 913 3848 955 et

2253 993 2399 1064 palos
2425 993 2618 1046 validos
2647 993 2894 1062 conﬁrma
2921 1008 2939 1047 :
2963 994 3113 1048 etiam
3140 1003 3290 1064 atque
3317 994 3465 1048 etiam
3504 996 3555 1048 in
3586 996 3846 1049 den-teram

2251 1094 2402 1153 atque
2429 1084 2684 1138 sinistram
2724 1085 2952 1139 extende.
2995 1084 3180 1140 Semen
3206 1086 3338 1139 enim
3363 1095 3502 1140 tuum
3530 1087 3847 1140 hwrcditabit

2251 1186 2421 1248 gentes
2441 1219 2455 1244 ,
2482 1186 2529 1231 et
2555 1177 2777 1232 civitates
2803 1193 2915 1249 qua:
2943 1177 3153 1232 deserta:
3177 1187 3340 1242 erant,
3369 1177 3688 1231 inhabitalu's.
3721 1176 3844 1231 Non

2252 1280 2326 1326 est
2353 1271 2487 1340 quod
2514 1280 2706 1324 metuas
2726 1311 2741 1335 ,
2774 1270 3067 1341 prtevalebis
3103 1270 3270 1336 enim;
3305 1286 3395 1323 nec
3425 1270 3681 1324 erubescas
3709 1271 3848 1340 quod

2253 1362 2557 1417 detestabilis
2612 1362 2789 1432 fueris.
2844 1362 3202 1435 Confusionent
3257 1363 3390 1416 enim
3440 1364 3492 1416 in
3548 1374 3846 1435 ptrpetuum

2252 1453 2554 1508 Oblivisceris
2571 1469 2592 1519 ;
2632 1453 2924 1524 ignominia
2969 1453 3223 1506 viduitatis
3254 1463 3352 1507 tuae
3377 1470 3477 1507 non
3505 1455 3600 1507 eris
3631 1471 3842 1510 memor.

2251 1545 2366 1618 Ego
2395 1547 2525 1600 enim
2554 1563 2668 1600 sum
2697 1544 2946 1598 Dominus
2975 1545 3061 1616 qui
3089 1546 3222 1618 facio
3266 1555 3313 1599 te
3333 1587 3346 1611 ,
3380 1544 3622 1600 Dominus
3662 1564 3847 1601 nomen

2252 1638 2317 1692 ei.
2346 1636 2415 1690 Et
2437 1637 2523 1708 qui
2553 1638 2682 1691 eruit
2709 1646 2788 1702 te,
2817 1637 2926 1704 ipse
2949 1634 3086 1690 Deus
3117 1634 3277 1689 Israel
3300 1636 3544 1691 universa:
3571 1646 3716 1690 terra:
3753 1653 3846 1692 voc

2251 1731 2449 1784 cabitur
2479 1729 2588 1801 (Id.
2616 1746 2731 1794 uv,
2759 1728 2904 1801 2-5).
2957 1728 3075 1783 Nisi
3115 1730 3403 1800 cognoveris
3441 1733 3750 1800 temetipsum
3770 1773 3786 1798 ,
3813 1746 3846 1785 σ

2251 1824 2467 1895 pulchra
2513 1825 2644 1878 inter
2689 1824 2960 1890 mulieres;
2991 1823 3110 1892 quia
3142 1822 3209 1877 de
3252 1831 3302 1878 te
3331 1823 3530 1878 dictum
3565 1835 3678 1890 est,
3710 1824 3848 1879 Con-

2251 1916 2438 1986 cupivit
2471 1931 2561 1970 rex
2591 1916 2806 1986 speciem
2835 1925 2975 1968 tuam
2992 1930 3012 1978 ;
3042 1915 3163 1983 quia
3190 1914 3257 1968 de
3285 1923 3336 1969 te
3363 1914 3562 1968 dictum
3591 1924 3672 1970 est
3690 1957 3704 1980 ,
3735 1914 3846 1970 Pro

2253 2009 2482 2077 patribus
2512 2009 2610 2062 tuis
2639 2008 2745 2061 nati
2771 2017 2886 2060 sunt
2919 2006 3006 2059 tibi
3033 2005 3165 2075 ﬁlii;
3190 2006 3456 2059 constitues
3481 2022 3565 2059 eos
3593 2007 3848 2076 principes

2251 2117 2404 2170 super
2425 2116 2620 2154 omnem
2641 2109 2824 2154 terram
2849 2099 3017 2172 (Psal.
3042 2115 3185 2163 xuv,
3210 2097 3296 2164 12,
3323 2099 3431 2170 17).
3461 2098 3578 2154 Nisi
3603 2115 3728 2170 ergo
3753 2116 3846 2154 cos-

2250 2191 2482 2262 gnoveris
2500 2193 2835 2262 temetipsum,
2854 2191 2935 2244 exi
2953 2201 3006 2244 ιιι
3023 2189 3194 2261 (Cant.
3215 2187 3336 2262 1,7);
3362 2207 3463 2244 non
3482 2205 3580 2260 ego
3597 2199 3649 2246 te
3665 2190 3846 2260 cjicio,

2251 2285 2346 2340 sed
2369 2286 2448 2340 exi
2468 2294 2543 2350 tu,
2573 2295 2627 2339 ιιι
2646 2285 2852 2340 dicatur
2866 2285 2934 2340 de
2961 2293 3041 2339 te:
3068 2283 3152 2338 Ea:
3177 2283 3317 2336 nobis
3345 2286 3572 2337 exierunt
3592 2299 3611 2348 ;
3631 2284 3717 2339 sed
3743 2301 3848 2339 non

2252 2386 2397 2432 erant
2425 2393 2489 2432 ea:
2516 2377 2656 2432 nobis
2687 2378 2739 2445 (I
2765 2376 2924 2431 Joan.
2949 2393 3017 2441 ιι,
3047 2375 3156 2450 19).
3189 2376 3292 2430 Exi
3319 2388 3371 2430 tu
3403 2377 3454 2430 in
3489 2378 3702 2448 vestigiis
3730 2395 3851 2449 gre-

2251 2485 2402 2540 gum,
2437 2483 2539 2522 l10|l
2569 2469 2622 2523 in
2650 2467 2888 2539 vestigiis
2917 2469 3076 2532 meis,
3122 2468 3214 2522 sed
3249 2469 3298 2522 in
3326 2469 3562 2538 vestigiis
3585 2485 3802 2539 gregum
3829 2487 3846 2537 ;

2252 2575 2352 2616 nec
2378 2559 2535 2615 unius
2558 2561 2756 2631 gregis,
2779 2559 2872 2615 sed
2896 2576 3114 2632 gregum
3141 2559 3427 2615 divisorum
3455 2569 3509 2614 et
3529 2563 3846 2616 errantium.

2252 2652 2320 2707 Et
2358 2670 2506 2726 pasce
2547 2653 2719 2708 hazdos
2753 2663 2864 2707 tuos
2907 2669 2925 2707 :
2964 2670 3071 2708 non
3104 2654 3240 2708 sicut
3265 2653 3489 2718 Petrus,
3517 2655 3601 2708 cui
3626 2653 3846 2721 dicitur,

2255 2747 2417 2802 Pasce
2439 2763 2553 2802 oves
2575 2763 2710 2801 meas
2737 2745 2915 2816 (Joan.
2943 2763 3056 2808 ut,
3086 2746 3172 2819 17)
3195 2763 3210 2812 ;
3241 2745 3335 2802 sed
3361 2764 3511 2819 pasce
3534 2748 3703 2802 htedos
3729 2757 3850 2802 tuos

2251 2841 2304 2895 in
2331 2841 2666 2896 tabernaculis
2698 2850 2976 2910 pastorum,
3006 2856 3112 2895 non
3145 2841 3196 2894 in
3223 2841 3565 2895 tabernaculo
3595 2841 3846 2910 pastoris,

2253 2934 2342 2990 ubi
2369 2944 2452 2990 est
2477 2950 2612 2988 unus
2641 2949 2773 3004 grex
2799 2943 2853 2989 et
2881 2949 3018 2988 unus
3048 2943 3228 3004 pastor
3257 2931 3368 3003 (Id.
3394 2949 3456 2995 ι,
3489 2931 3596 3004 16).
3626 2932 3848 3004 Cogno-

2251 3029 2351 3084 scit
2379 3028 2522 3083 enim
2552 3028 2893 3097 semetipsam
2913 3069 2928 3092 ,
2961 3043 3028 3080 ne
3055 3025 3157 3080 hoc
3182 3026 3230 3080 ei
3259 3026 3558 3100 contingat,
3587 3026 3710 3096 quia
3740 3025 3848 3080 hoc

2251 3122 2471 3191 contigit
2497 3121 2575 3177 eis
2603 3120 2692 3192 qui
2722 3136 2781 3175 se
2811 3120 2864 3174 in
2890 3119 2978 3174 illa
3007 3133 3113 3173 non
3138 3128 3521 3189 cognoverunt.

2321 3215 2409 3271 50.
2449 3212 2568 3284 Ipsa
2607 3221 2688 3268 est
2710 3211 2778 3267 de
2802 3211 2954 3282 cujus
2977 3212 3240 3283 paucitate
3265 3211 3458 3266 dicitur
3483 3211 3534 3265 in
3560 3225 3845 3282 compara-

2254 3308 2398 3364 tione
2427 3307 2776 3378 plurimorum
2805 3307 3064 3360 malorum
3085 3347 3100 3373 ,
3129 3305 3250 3376 quia
3284 3315 3498 3376 angusta
3523 3314 3571 3358 et
3597 3313 3737 3357 arcta
3762 3305 3848 3358 vis

2248 3408 2323 3454 est
2347 3414 2462 3472 qua:
2485 3398 2622 3452 ducit
2650 3397 2718 3450 ad
2743 3397 2928 3463 vitam,
2959 3406 3004 3450 et
3047 3396 3197 3466 pauci
3236 3405 3350 3449 sunt
3383 3395 3469 3465 qui
3503 3394 3762 3448 ambulant
3787 3394 3845 3447 in

2250 3510 2308 3546 ea
2336 3491 2549 3562 (Matth.
2578 3505 2672 3556 vn,
2705 3488 2819 3562 14).
2848 3489 2916 3543 Et
2941 3502 3126 3543 rursus
3156 3487 3375 3557 ipsa'est
3397 3486 3465 3542 de
3489 3486 3640 3556 cujus
3665 3485 3844 3538 multi.

2251 3583 2433 3638 tudine
2458 3583 2652 3638 dicitur
2683 3598 2696 3633 :
2727 3580 2817 3636 Sic
2844 3580 2937 3634 erit
2965 3595 3132 3633 semen
3163 3588 3335 3644 tuum,
3365 3579 3493 3632 sicut
3520 3577 3679 3631 stellis
3705 3575 3841 3641 ca’li,

2250 3687 2296 3732 et
2317 3677 2442 3731 sicut
2463 3693 2620 3730 arena
2644 3675 2799 3730 maris
2823 3672 2974 3748 (Cen.
2998 3689 3128 3739 xxu,
3152 3671 3267 3745 17).
3300 3672 3460 3728 Iidem
3486 3671 3682 3743 quippe
3708 3670 3846 3725 lide-

2249 3770 2328 3826 les
2353 3768 2524 3825 sancti
2549 3776 2605 3823 et
2631 3767 2790 3832 boni,
2823 3775 2877 3822 et
2906 3766 2957 3819 in
2985 3767 3383 3835 comparatione
3411 3765 3640 3835 plurium
3671 3762 3846 3817 malo-

2249 3879 2370 3919 rum
2401 3863 2553 3934 pauci
2579 3871 2724 3929 sunt,
2754 3870 2810 3915 et
2835 3876 2929 3931 per
2955 3875 3014 3916 se
3046 3859 3146 3930 ipsi
3175 3858 3327 3913 multi
3354 3867 3477 3912 sunt
3509 3875 3522 3912 :
3553 3857 3672 3926 quia
3699 3854 3847 3911 multi

2249 3957 2345 4026 ﬁlii
2390 3956 2628 4021 desertae,
2677 3954 2838 4025 magis
2880 3969 3034 4025 quant
3077 3952 3189 4023 ejus
3229 3966 3344 4022 gnte
3384 3949 3530 4004 habet
3563 3951 3762 4013 virum;
3791 3954 3847 4003 e8

2251 4047 2395 4102 multi
2423 4047 2484 4101 ab
2514 4048 2700 4101 oriente
2737 4056 2781 4101 et
2808 4044 3063 4113 occidente
3091 4043 3285 4098 venient
3304 4083 3318 4106 ,
3351 4053 3399 4096 et
3424 4041 3704 4096 recumbent
3729 4056 3848 4094 cum

2253 4142 2542 4207 Abraham,
2589 4139 2742 4195 Isaac
2786 4150 2832 4194 et
2875 4137 3034 4192 Jacob
3078 4139 3129 4191 in
3167 4152 3322 4208 regno
3350 4137 3591 4190 caelorum
3629 4133 3843 4205 (Matth.

2253 4249 2368 4299 vui,
2401 4235 2524 4306 11);
2557 4244 2610 4288 et
2638 4232 2760 4303 quia
2799 4230 3014 4287 exhibet
3053 4229 3154 4284 sibi
3198 4229 3338 4283 Deus
3383 4228 3633 4298 p0pulum
3673 4226 3846 4279 abuno

2250 4326 2463 4382 dantem
2487 4367 2501 4390 ,
2532 4326 2895 4380 tumulatorem
2928 4321 3191 4376 bonorum
3221 4335 3439 4389 operum
3471 4318 3596 4392 (Tit.
3625 4333 3684 4384 ιι,
3720 4317 3843 4388 ll);

2253 4429 2308 4474 et
2334 4419 2496 4473 multa
2528 4417 2691 4471 millia
2721 4431 2840 4486 quae
2870 4429 3150 4468 numerare
3179 4425 3337 4467 nctno
3365 4418 3567 4481 potest,
3599 4409 3846 4464 videntur

2253 4511 2305 4566 in
2335 4510 2672 4581 Apocalypsi,
2704 4524 2771 4563 ex
2797 4506 2939 4562 omni
2970 4505 3108 4560 tribu
3135 4513 3190 4561 et
3213 4505 3418 4575 lingua,
3450 4503 3501 4556 in
3531 4502 3682 4557 stolis
3709 4502 3847 4554 albis

2254 4601 2547 4672 palmisque
2588 4598 2890 4654 victricibus
2935 4598 3121 4669 (Apoc.
3165 4613 3270 4664 vn,
3313 4595 3391 4666 9).
3438 4595 3555 4664 Ipsa
3599 4601 3682 4648 est
3724 4607 3846 4661 qur

2253 4693 2537 4764 aliquando
2559 4693 2906 4758 obscuratur,
2937 4701 2992 4746 et
3019 4700 3266 4761 tanquam
3293 4688 3632 4743 obnubilatur
3660 4688 3847 4740 ιιιιιιιι-

2254 4787 2435 4842 tudine
2485 4785 2890 4851 scandalorum,
2945 4783 3158 4854 quando
3207 4790 3513 4853 peccatores
3564 4781 3849 4834 intendunt

2253 4895 2471 4945 arcum,
2521 4887 2578 4933 ut
2623 4878 2878 4948 sagittent
2922 4877 2976 4930 in
3023 4876 3249 4930 obscura
3295 4875 3419 4929 luna
3463 4884 3640 4929 rectos
3682 4872 3850 4927 θυι-δα

2255 4971 2426 5043 (Psal.
2455 4989 2514 5040 χ,
2544 4970 2620 5046 5).
2651 4971 2755 5027 Sed
2785 4971 2944 5026 etiam
2975 4977 3098 5024 tunc
3129 4969 3180 5023 in
3210 4967 3321 5023 suis
3360 4966 3679 5021 firmissimis
3707 4965 3844 5020 etni-

2255 5074 2365 5120 net.
2397 5066 2461 5119 Et
2488 5063 2534 5120 si
2557 5063 2730 5134 aliqua
2765 5061 2820 5117 in
2861 5062 2943 5117 his
2980 5061 3157 5117 verbis
3189 5061 3382 5117 divinis
3421 5059 3726 5114 distributio
3761 5057 3846 5112 fa-

2255 5157 2441 5214 cienda
2467 5167 2547 5212 est
2564 5198 2580 5222 ,
2610 5155 2837 5212 fortasse
2866 5171 2972 5211 non
3003 5155 3197 5212 frustra
3223 5155 3422 5210 dictum
3449 5154 3521 5210 sit
3546 5153 3613 5210 de
3639 5154 3849 5209 semine

2244 5249 2488 5304 Abrahae
2506 5290 2521 5314 ,
2551 5247 2696 5303 Sicut
2733 5248 2894 5303 stellte
2919 5246 3056 5312 caeli,
3089 5258 3138 5303 et
3165 5247 3293 5302 sicut
3321 5264 3504 5314 arena,
3537 5263 3650 5319 qut:
3678 5259 3751 5302 cst
3779 5247 3849 5301 ad

2255 5357 2400 5396 oram
2425 5340 2582 5394 muris
2608 5354 2628 5394 :
2656 5348 2716 5394 ut
2744 5339 2795 5394 in
2833 5340 3005 5395 stellis
3041 5339 3165 5395 οωιί
3210 5341 3515 5408 pauciores,
3557 5339 3847 5407 firmiores,

2254 5435 2614 5504 clarioresque
2641 5433 3038 5504 intelligantur;
3085 5433 3140 5488 in
3175 5448 3336 5488 arena
3376 5444 3556 5488 autem
3592 5434 3852 5489 maritimi

2255 5529 2449 5585 littoris
2473 5544 2663 5600 magna
2687 5529 2971 5584 multitudo
2993 5528 3323 5584 infirmorum
3347 5539 3506 5599 atque
3528 5530 3849 5597 carnalium,

2255 5637 2375 5693 quae
2404 5623 2688 5693 aliquando
2713 5623 3092 5693 tranquillitate
3117 5625 3371 5695 temporis
3395 5624 3574 5695 quieta
3604 5632 3659 5680 et
3679 5625 3851 5682 libera

2255 5724 2509 5786 apparet,
2554 5715 2838 5786 aliquando
2872 5727 3052 5770 autem
3083 5715 3479 5771 tribulationum
3508 5725 3564 5772 et
3593 5716 3848 5782 tentatio-

2256 5825 2381 5864 num
2409 5809 2657 5864 ﬂuctibus
2685 5809 2921 5880 operitur
2947 5817 3104 5881 atque
3132 5812 3391 5865 turbatur.

2327 5904 2414 5960 31.
2458 5903 2586 5960 Tale
2616 5913 2744 5961 tunc
2778 5914 2894 5962 erat
2933 5915 3142 5978 tempus
3182 5905 3252 5964 de
3291 5922 3398 5978 quo
3437 5906 3654 5978 scripsit
3695 5905 3853 5966 Hilln
