4090 6356
256 446 370 506 357

259 575 375 630 rius
403 569 513 644 (a),
546 566 688 624 unde
721 562 916 634 putasti
955 555 1312 617 insidiandum
1342 561 1528 612 contra
1553 546 1853 606 testimonia

259 677 340 723 tot
364 665 576 732 divina,
609 671 857 732 tanquam
892 654 1111 729 perierit
1138 650 1375 709 Ecclesia
1414 649 1483 705 de
1520 646 1649 701 orbe
1687 653 1856 699 terra-

257 776 400 817 rum.
431 758 588 812 Potes
614 754 716 809 hoc
741 750 901 807 modo
921 748 1100 804 dicere
1123 759 1224 802 nec
1246 751 1324 798 tot
1347 739 1610 796 Ecclesias
1632 735 1854 792 Galatiae

259 865 387 910 tunc
431 851 618 916 fuisse,
658 845 870 918 quando
907 841 1117 897 dicebat
1144 835 1432 910 Apostolus
1461 850 1474 887 :
1506 829 1551 886 0
1578 829 1716 885 stulti
1745 826 1852 883 Ca-

257 948 407 1012 latar,
455 942 566 1014 quis
608 956 694 995 vos
739 934 1033 1010 fascinavit,
1076 941 1130 985 ut
1171 946 1286 985 cum
1334 927 1517 998 spiritu
1567 920 1848 993 coeperitis,

259 1053 399 1093 nunc
428 1050 580 1090 carne
607 1026 1023 1086 consummemini
1047 1021 1190 1098 (Gal.
1218 1037 1295 1087 ιιι,
1325 1018 1415 1091 l)?
1453 1017 1544 1072 Sic
1577 1016 1718 1071 enim
1761 1028 1853 1067 ca-

254 1131 538 1189 lumniaris
563 1128 722 1183 docto
746 1124 888 1188 viro,
925 1121 1016 1193 qui
1047 1115 1372 1174 tardicordes
1399 1121 1454 1168 et
1481 1109 1695 1167 timidos
1730 1123 1853 1178 gra-

253 1227 395 1280 viter
440 1221 780 1292 increpabat,
830 1232 965 1289 quos
1021 1214 1211 1269 iterum
1270 1207 1629 1280 parturicbat,
1679 1203 1851 1258 donec

254 1319 506 1376 Christus
533 1313 853 1371 formaretur
891 1310 944 1364 in
983 1307 1061 1362 eis
1105 1303 1220 1376 (Id.
1260 1318 1343 1369 tv,
1377 1299 1489 1370 l9).
1531 1296 1663 1365 Quis
1705 1295 1846 1350 enim

252 1411 428 1469 nescit
455 1409 547 1464 illo
575 1417 814 1476 tempore
843 1400 1085 1458 obscuris
1115 1394 1293 1453 verbis
1323 1392 1518 1448 multos
1554 1387 1701 1460 parvi
1726 1401 1850 1441 sen-

253 1520 346 1561 sus
393 1503 560 1558 fuisse
594 1499 840 1563 delusos,
869 1502 927 1550 ut
953 1498 1198 1565 putarent
1225 1488 1328 1544 hoc
1353 1484 1496 1541 credi
1522 1483 1591 1538 ab
1613 1479 1844 1544 Arianis,

253 1595 395 1669 quod
434 1594 595 1650 etiam
628 1590 729 1661 ipsi
754 1585 1044 1644 credebant
1071 1601 1084 1637 :
1112 1582 1245 1637 alios
1285 1587 1460 1633 autem
1504 1576 1694 1631 timore
1731 1567 1850 1627 ces-é

251 1666 390 1746 sisse
416 1696 469 1743 et
493 1685 736 1741 simulate
760 1679 1100 1736 consensisse
1119 1715 1135 1740 ,
1167 1688 1275 1729 non
1313 1679 1458 1726 recte
1493 1666 1848 1739 ingredientes

252 1781 322 1836 ad
359 1778 638 1834 veritatem
671 1771 975 1844 Evangelii,
1008 1768 1203 1838 quibus
1245 1774 1301 1818 tu
1345 1772 1526 1834 postea
1566 1756 1843 1823 correctis,

249 1876 330 1931 sic
389 1866 839 1944 quemadmodum
905 1863 1140 1933 ignotum
1201 1868 1316 1923 est,
1377 1852 1548 1909 nolles
1607 1846 1847 1944 ignosci?

248 1938 478 2020 Prorsus
510 1975 616 2016 non
650 1957 790 2012 nosti
826 1954 1053 2009 Litteras
1080 1949 1194 2005 Dei.
1241 1948 1380 2016 Lege
1423 1943 1566 1999 enim
1611 1939 1738 2011 quid
1778 1938 1846 1994 de

249 2057 408 2112 Petro
435 2049 961 2122 scripseritPaulus,
999 2055 1054 2100 et
1090 2041 1215 2113 quid
1259 2039 1381 2094 inde
1420 2037 1579 2093 etiam
1617 2033 1846 2090 senserit

246 2149 580 2220 Cyprianus;
611 2153 665 2199 et
705 2159 808 2196 non
850 2141 940 2195 tibi
981 2137 1257 2206 displiceat
1299 2131 1552 2188 Ecclesia:
1590 2143 1842 2184 mansue-

247 2241 396 2306 tudo,
427 2255 549 2309 qua:
579 2235 814 2292 membra
844 2232 1038 2289 Christi
1073 2231 1314 2301 dispersa
1343 2225 1558 2296 colligit,
1602 2238 1709 2277 non
1734 2222 1843 2276 col-

245 2331 382 2388 lecta
412 2328 669 2406 dispergit
701 2345 711 2380 :
741 2339 1044 2397 quanquam
1069 2331 1121 2376 et
1149 2321 1257 2386 illi,
1286 2319 1373 2389 qui
1405 2327 1529 2371 tunc
1554 2314 1842 2370 firmissimi

244 2424 488 2488 fuerunt,
533 2430 582 2475 ct
629 2420 788 2474 verba
835 2417 1204 2471 inereticorutn
1251 2411 1501 2466 insidiosa
1547 2407 1843 2478 intelligere

244 2524 555 2590 potuerunt,
587 2515 737 2585 pauci
765 2511 978 2583 quidem
1007 2510 1058 2564 in
1084 2506 1482 2578 comparatione
1502 2513 1839 2569 czcterorum,

244 2610 335 2664 sed
365 2620 544 2664 tamen
570 2610 728 2663 etiam
758 2605 857 2676 ipsi
886 2603 1099 2674 quidam
1133 2615 1227 2671 pro
1259 2599 1360 2654 fide
1395 2597 1604 2653 fortiter
1628 2595 1843 2649 cxsulaJ

243 2704 404 2769 bant,
439 2701 656 2773 quidam
704 2709 816 2754 toto
859 2698 989 2753 orbe
1027 2695 1320 2750 latitabant.
1369 2693 1447 2748 Ac
1490 2691 1567 2745 sic
1603 2689 1842 2745 Eeclesna

243 2813 360 2868 qua:
393 2812 490 2866 per
515 2810 702 2849 omnes
724 2800 912 2863 gentes
937 2789 1150 2856 crescit,
1181 2789 1234 2843 in
1259 2786 1538 2841 frumentis
1562 2783 1844 2865 dominicis

243 2897 559 2944 conservata
601 2893 717 2951 est,
764 2893 817 2938 et
861 2897 1028 2953 usque
1075 2883 1125 2934 in
1172 2879 1367 2946 finem,
1412 2877 1584 2932 donec
1623 2875 1842 2929 omnino

243 2989 430 3051 gentes
454 2993 645 3033 omnes
666 3019 680 3043 ,
706 2977 865 3031 etiam
896 2974 1147 3029 barbaras
1177 2981 1384 3036 teneat,
1417 2969 1835 3045 conservabitur.

243 3074 361 3143 ipsa
390 3082 474 3127 est
503 3072 641 3124 enim
668 3070 906 3125 Ecclesia
935 3069 986 3122 in
1009 3068 1149 3122 bono
1173 3068 1375 3120 semine
1396 3064 1534 3135 quod
1561 3062 1842 3118 seminavit

241 3165 410 3222 Filius
444 3164 713 3228 hominis,
742 3172 797 3216 et
833 3176 999 3230 usque
1036 3159 1101 3213 ad
1151 3174 1378 3213 messem
1423 3172 1665 3210 crescere
1703 3155 1842 3209 inter

240 3258 466 3322 zizania,
497 3253 886 3324 prmnnntiavit.
915 3253 1053 3320 Ager
1073 3262 1248 3305 autem
1277 3249 1503 3303 mundus
1524 3257 1626 3315 est,
1650 3247 1840 3302 messis

242 3350 364 3405 linis
396 3359 480 3403 est
514 3348 691 3402 saeculi
737 3345 947 3419 (Matth.
974 3361 1095 3411 χιιι,
1125 3343 1339 3414 24-59).

312 3442 403 3498 52.
437 3442 677 3497 llilarius
705 3456 833 3510 ergo
874 3440 1056 3493 decem
1094 3439 1485 3507 provinciarum
1518 3437 1834 3490 Asianarnm

243 3545 332 3590 aut
363 3536 568 3589 zizania
617 3548 721 3587 non
755 3533 986 3586 triticum
1027 3529 1311 3600 arguebat,
1355 3539 1445 3582 aut
1476 3531 1647 3604 ipsum
1678 3527 1837 3582 etiam

246 3628 481 3682 triticum
515 3625 659 3695 quod
695 3623 904 3679 defectu
934 3622 1163 3694 quodam
1193 3622 1607 3693 periclitabatur,
1639 3630 1839 3689 quanto

245 3720 642 3782 vehementius,
667 3727 812 3772 tanto
833 3717 1013 3771 utilius
1029 3715 1356 3786 arguendum
1377 3715 1610 3784 putabat.
1632 3713 1839 3768 Habent

245 3813 386 3868 enim
406 3813 567 3866 etiam
589 3809 875 3878 Scripturm
893 3809 1162 3864 catumicte
1180 3807 1321 3862 hunc
1342 3807 1593 3877 arguendi
1609 3821 1833 3872 morem,

246 3915 302 3958 ut
330 3914 587 3974 tanquam
611 3902 856 3957 omnibus
887 3901 1096 3956 dicatur
1116 3943 1128 3964 ,
1161 3910 1213 3955 et
1238 3902 1302 3955 ad
1331 3899 1588 3969 quosdam
1619 3898 1837 3954 verbum

244 3997 543 4066 perveniat.
576 3992 728 4061 Quod
765 3994 904 4048 enim
938 3993 1224 4061 Apostolus
1249 3992 1378 4046 dicit
1401 3991 1468 4045 ad
1498 3990 1833 4045 Corinthios:

249 4090 516 4156 Quomodo
552 4090 723 4141 dicunt
753 4087 959 4160 quidam
985 4089 1037 4140 in
1062 4086 1217 4150 vobis,
1235 4086 1353 4155 quia
1379 4085 1672 4138 resurrectio
1702 4083 1836 4135 moi"

244 4189 448 4233 tuorum
491 4196 592 4233 non
624 4191 696 4234 est
720 4177 769 4251 (l
789 4177 906 4233 Cor.
928 4193 1016 4242 xv,
1052 4176 1175 4248 ηρ
1199 4174 1503 4230 manifestat
1523 4175 1700 4244 utique
1729 4189 1836 4227 non

245 4289 436 4328 omnes
475 4289 596 4328 esse
641 4273 805 4338 tales,
847 4281 1212 4326 verumtamen
1244 4279 1298 4324 et
1339 4268 1469 4323 tales
1512 4283 1617 4321 non
1647 4275 1832 4332 extra,

246 4367 340 4423 sed
387 4368 439 4420 in
485 4369 566 4421 eis
607 4365 770 4421 fuisse
800 4373 1024 4420 testatur
1054 4382 1067 4416 :
1097 4379 1127 4417 a
1157 4363 1347 4433 quibus
1389 4376 1457 4416 ne
1494 4360 1570 4414 illi
1613 4359 1836 4414 seduce-

241 4472 448 4529 rentnr,
480 4461 570 4531 qui
601 4475 704 4514 non
736 4459 808 4514 ita
833 4455 1152 4522 sentiebant,
1185 4455 1340 4526 paulo
1369 4461 1489 4524 post
1516 4453 1724 4508 monuit
1748 4451 1835 4506 di-

242 4568 394 4612 cczs.
419 4551 599 4606 Nolite
625 4550 797 4606 seduci
827 4567 846 4604 :
871 4557 1200 4618 corrumpunt
1229 4542 1389 4601 mores
1409 4545 1562 4600 bonos
1583 4545 1835 4614 colloquia

243 4643 401 4696 mla.
435 4642 612 4697 Sobrii
637 4651 811 4706 estote,
829 4640 957 4711 justi
982 4642 999 4672 ί
1017 4681 1032 4706 ,
1061 4649 1106 4692 ει
1132 4639 1285 4693 nolite
1310 4654 1515 4709 peccare
1546 4653 1564 4691 :
1591 4637 1835 4708 ignoran-

241 4738 366 4790 tiam
411 4737 545 4791 enim
587 4735 688 4790 Dei
723 4736 929 4806 quidam
967 4733 1179 4800 habent;
1225 4732 1295 4787 ad
1336 4732 1659 4787 reverentiam
1699 4730 1835 4786 vobis

245 4827 428 4897 loquor
476 4826 612 4900 (ld.,
640 4827 730 4893 53,
761 4826 895 4899 54).
941 4825 1092 4893 Quod
1129 4834 1306 4880 autem
1343 4823 1504 4888 dicit,
1540 4821 1668 4879 Cum
1705 4813 1848 4876 enitit-

246 4923 348 4974 sint
392 4922 526 4975 inter
553 4937 641 4974 vos
667 4921 925 4976 aemulatio
959 4929 1007 4973 et
1046 4921 1294 4974 contentio
1315 4961 1328 4984 ,
1368 4934 1533 4971 nonne
1568 4917 1684 4970 estis
1722 4932 1849 4984 cars.

245 5015 390 5067 mles
409 5054 423 5077 ,
455 5021 503 5068 et
533 5015 808 5068 secundum
839 5011 1087 5064 hominem
1131 5009 1400 5064 ambulatis
1444 5007 1568 5080 (Id.
1598 5024 1689 5076 ιιι,
1722 5008 1755 5061 3
1776 5007 1835 5078 )‘i

244 5117 276 5160 I:
322 5121 500 5176 quam
527 5105 776 5159 omnibus
803 5103 968 5170 dicit;
998 5111 1053 5158 et
1071 5103 1218 5157 vides
1241 5117 1397 5172 quam
1424 5102 1486 5155 sit
1509 5116 1671 5170 grave
1695 5097 1836 5168 qttod

238 5200 285 5250 ὁ·
334 5203 392 5251 Lt.
424 5196 660 5253 Proinde
681 5197 781 5251 nisi
810 5198 862 5250 in
890 5196 1001 5267 ipsa
1027 5195 1258 5264 Epistola
1283 5195 1601 5264 legeremus,
1633 5191 1837 5246 Gratias

241 5311 343 5364 ego
371 5292 482 5348 Deo
510 5310 619 5348 meo
645 5310 840 5364 semper
868 5309 958 5364 pro
985 5293 1120 5347 vobis
1141 5334 1155 5360 ,
1182 5293 1235 5346 in
1272 5292 1436 5363 gratia
1469 5289 1560 5344 Dei
1584 5304 1697 5360 qua:
1719 5289 1837 5342 data

304 5479 317 5506 ι
350 5481 424 5524 Er.
447 5482 502 5524 et
526 5481 658 5534 Lov.,
686 5471 838 5537 juste,
862 5475 1002 5537 juxta
1036 5485 1251 5537 graecum
1292 5478 1512 5537 textum,
1549 5469 1748 5537 dicaios.
1779 5442 1839 5523 At;

237 5538 351 5586 had.
373 5547 477 5586 Arn.
505 5545 557 5587 et
578 5533 830 5588 sexdecim
983 5533 1095 5585 cuin
1118 5533 1314 5598 Vulgata
1336 5534 1537 5593 habent,
1552 5533 1694 5595 justi.

301 5623 376 5683 (α)
406 5621 702 5671 abutebatur
723 5621 1001 5670 Vincentius
1031 5620 1124 5683 isto
1156 5618 1316 5683 [tilarii
1354 5618 1632 5683 testimonio
1663 5618 1836 5683 exlih.

235 5685 297 5733 ἐν
324 5679 524 5746 s'yuodis
547 5684 782 5732 adversus
807 5683 1015 5741 Arianos,
1038 5682 1122 5746 ubi
1132 5681 1260 5746 dicit
1282 5693 1295 5728 :
1325 5698 1347 5724 ιι
1363 5687 1474 5746 Nam
1498 5680 1683 5746 absque
1707 5679 1842 5728 Eleu-

243 5761 267 5791 ι
288 5741 371 5794 sio'
389 5753 441 5794 et
465 5746 631 5807 raucis
652 5758 761 5794 cum
785 5757 864 5804 eo,
891 5758 954 5793 ex
979 5744 1144 5806 majori
1169 5750 1308 5805 parte
1333 5741 1710 5807 Asiamedeeem
1735 5755 1840 5807 pro:

240 5824 267 5853 ι
290 5805 486 5871 vincite.
511 5809 640 5871 intra
661 5817 783 5871 quas
803 5808 1016 5856 consisto
1030 5843 1044 5866 ,
1058 5805 1195 5871 vere
1216 5814 1369 5856 Deum
1393 5805 1632 5871 nesciunt.
1660 5821 1688 5871 »_
1710 5805 1841 5871 quod

288 5869 443 5918 tidem
466 5866 917 5942 tacileiutelligitur
941 5882 1005 5918 ex
1028 5868 1195 5942 verbis
1210 5868 1459 5942 Augustini
1479 5866 1839 5942 respondentis,

437 5927 1093 5997 promam-mimarum
1560 5930 1625 5980 ah
1645 5927 1836 5982 Hilario.

1441 419 1924 482 EPISTOLARUH
1959 422 2234 485 CLASSIS
2275 429 2334 486 ΙΙ.

3446 445 3551 502 538

1963 555 2035 600 est
2059 547 2194 603 vobis
2221 549 2275 603 in
2296 548 2496 608 Christo
2521 551 2559 607 J
2561 569 2668 620 esu,
2699 555 2820 628 quia
2845 555 2899 612 in
2928 555 3156 613 omnibus
3179 560 3322 614 ditati
3347 562 3463 617 estis
3487 564 3542 617 in

1960 639 2072 706 illo,
2102 641 2157 695 in
2181 643 2321 697 omni
2336 645 2482 700 verbo
2501 655 2550 700 et
2571 647 2623 702 in
2648 649 2786 702 omni
2802 650 3032 718 scientia,
3054 651 3182 705 sicut
3208 649 3546 708 testimonium

1963 732 2150 790 Christi
2171 737 2524 808 conﬁrmatum
2552 752 2625 797 est
2654 743 2705 796 in
2735 743 2899 809 vobis,
2927 744 3000 799 ita
3023 754 3076 799 ut
3105 745 3234 800 nihil
3257 747 3386 802 desit
3410 748 3546 803 vobis

1959 827 2015 882 in
2038 829 2147 884 ulla
2168 832 2332 902 gratia
2362 833 2405 906 (l
2421 832 2538 890 Cor.
2563 851 2610 902 ι,
2640 836 2789 909 4-7),
2815 846 3120 908 putaremus
3139 853 3327 895 omnes
3353 839 3547 896 Corin-

1962 920 2103 977 thios
2128 925 2370 980 carnales
2396 934 2451 980 et
2476 927 2753 994 animales,
2777 945 2882 985 non
2906 930 3258 1000 percipientes
3285 948 3403 1002 qua:
3423 944 3550 988 sunt

1958 1014 2174 1084 spiritus
2203 1016 2298 1072 Dei
2339 1016 2450 1091 (Id.
2481 1034 2551 1087 ιι,
2583 1019 2671 1090 Η)
2696 1062 2710 1086 ,
2742 1021 3135 1090 contentiosos,
3166 1024 3389 1080 aemulos
3409 1065 3426 1092 ,
3455 1037 3546 1080 se-

1959 1106 2190 1161 cundum
2216 1108 2483 1164 hominem
2512 1111 2864 1168 ambulantes.
2893 1114 3073 1185 ltaqtte
3093 1123 3150 1170 et
3168 1125 3300 1170 totus
3325 1117 3546 1170 mundus

1957 1197 2010 1252 in
2034 1200 2256 1270 maligno
2284 1203 2478 1272 positus
2505 1213 2575 1259 est
2603 1205 2644 1278 (l
2668 1204 2826 1260 Joan.
2853 1223 2886 1262 v
2904 1247 2921 1274 ,
2949 1206 3062 1280 19),
3094 1217 3311 1278 propter
3339 1209 3544 1264 zizania

1956 1305 2075 1362 quae
2101 1301 2225 1348 sunt
2255 1310 2349 1364 per
2378 1305 2545 1352 totum
2572 1298 2862 1366 mundum;
2889 1307 2942 1354 et
2967 1298 3215 1357 Christus
3245 1302 3546 1372 propitiator

1957 1392 2031 1436 est
2059 1382 2381 1456 peccatorum
2406 1399 2723 1456 nostrorum,
2754 1407 2854 1445 non
2885 1400 3078 1446 tantum
3106 1399 3390 1448 nostrorum
3403 1397 3421 1458 ',
3453 1395 3543 1448 sed

1956 1487 2002 1531 et
2030 1479 2181 1533 totius
2200 1479 2511 1554 mundi'(ld.
2544 1497 2612 1550 ιι,
2651 1481 2708 1555 2)
2730 1525 2744 1550 ,
2778 1492 2994 1554 propter
3021 1485 3254 1541 triticum
3291 1486 3432 1557 quod
3458 1495 3543 1542 est

1954 1582 2052 1638 per
2079 1578 2247 1626 totum
2279 1573 2557 1629 mundum.

2026 1662 2114 1717 53.
2163 1663 2480 1734 Refrigescit
2503 1673 2680 1721 autem
2718 1665 2951 1721 charitas
2993 1667 3281 1722 multorum
3323 1677 3544 1740 propter

1953 1757 2326 1812 scandalorum
2373 1759 2781 1825 abundantiam,
2832 1749 3030 1832 quanto
3059 1763 3226 1832 magis
3269 1764 3541 1833 magisque

1954 1849 2250 1920 glorificato
2280 1849 2473 1906 Christi
2514 1853 2729 1908 nomine
2769 1863 3160 1926 congregantur
3201 1855 3256 1910 in
3297 1871 3541 1910 commu-

1954 1943 2170 1996 nionem
2193 1943 2657 1999 Sacramentorum
2683 1945 2799 2014 ejus
2824 1948 2983 2000 etiam
3013 1946 3245 2017 maligni,
3275 1955 3328 2002 et
3357 1963 3540 2018 perse-

1953 2046 2199 2089 veranter
2228 2037 2444 2090 omnino
2471 2037 2742 2107 perversi,
2771 2039 2864 2093 Sed
2896 2051 3069 2095 tamen
3111 2051 3358 2111 tanquam
3388 2040 3538 2110 palea

1951 2125 2018 2180 de
2044 2142 2166 2180 area
2208 2126 2471 2182 dominica
2512 2128 2722 2184 nonnisi
2766 2130 2949 2184 ultima
2994 2131 3334 2187 ventilatione
3378 2146 3540 2201 sepa-

1950 2219 2100 2272 randi
2134 2218 2349 2293 (Matth.
2379 2237 2466 2288 ιιι,
2500 2222 2612 2292 12).
2646 2222 2760 2276 Νοιι
2789 2223 3133 2293 exstinguunt
3158 2225 3242 2278 isti
3273 2223 3538 2278 frumenta

1949 2309 2236 2376 dominica,
2271 2312 2321 2366 in
2349 2327 2534 2366 eorum
2565 2313 2778 2384 quidem
2809 2315 3203 2384 comparatione
3224 2329 3411 2385 pauca,
3443 2314 3539 2370 sed

1949 2403 2116 2456 multa
2144 2419 2238 2472 per
2264 2404 2475 2473 seipsa;
2516 2421 2622 2460 non
2663 2406 3002 2474 exslinguunt
3045 2406 3241 2461 electos
3274 2407 3367 2461 Dei
3404 2421 3539 2460 con-

1947 2497 2245 2566 gregandos
2283 2498 2334 2551 in
2365 2498 2469 2552 fine
2493 2499 2693 2562 smculi,
2723 2501 2859 2553 sicut
2890 2499 3239 2570 Evangelium
3269 2501 3536 2571 loquitur,

1948 2607 1979 2642 a
2009 2601 2226 2662 quatuor
2255 2593 2433 2653 ventis,
2462 2610 2493 2646 a
2517 2594 2725 2647 summis
2753 2594 2992 2647 caelorum
3024 2611 3179 2666 usque
3210 2593 3278 2647 ad
3301 2594 3540 2649 terminos

1947 2700 2122 2738 eorum
2155 2683 2262 2756 (id.
2292 2701 2445 2752 xxrv,
2477 2685 2585 2758 51).
2617 2687 2855 2755 Ipsorum
2881 2688 3023 2742 cnim
3046 2704 3145 2741 vox
3169 2696 3248 2742 est
3277 2706 3291 2742 :
3324 2687 3539 2744 Salvum

1953 2794 2031 2830 me
2059 2781 2162 2848 fac,
2197 2777 2425 2842 Domine,
2456 2780 2693 2851 quoniam
2720 2781 2902 2849 defecit
2928 2791 3153 2846 sanctus,
3183 2781 3421 2848 quoniam
3452 2780 3538 2834 di-

1953 2868 2157 2921 ntinuttv
2186 2877 2299 2923 sunt
2333 2871 2559 2923 veritates
2598 2888 2628 2922 α
2674 2870 2794 2938 ﬁliis
2820 2871 3078 2924 hominum
3110 2870 3280 2939 (Psal.
3313 2887 3364 2925 XI
3384 2913 3398 2936 ,
3431 2870 3486 2939 2)
3519 2887 3534 2923 :

1948 2959 2015 3013 de
2053 2961 2244 3029 quibus
2285 2972 2337 3016 et
2370 2962 2623 3015 Dominus
2652 2963 2823 3025 dicit,
2850 2964 2988 3016 inter
3025 2963 3400 3017 abundantiam
3432 2963 3536 3016 ini-

1959 3051 2194 3120 quitatis,
2225 3053 2312 3122 qui
2338 3055 2721 3118 perseveraverit
2758 3070 2911 3120 usque
2939 3055 2988 3106 in
3018 3055 3171 3122 ﬁnem
3196 3097 3210 3119 ,
3249 3054 3329 3106 hic
3368 3056 3536 3107 salvus

1953 3143 2040 3198 erit
2068 3142 2281 3215 (Matth.
2311 3160 2473 3208 XXIV,
2509 3145 2593 3207 12,
2633 3145 2739 3215 l5).
2775 3145 3009 3215 Denique
3036 3160 3139 3198 non
3175 3161 3334 3198 unum
3366 3144 3538 3197 homi-

1952 3251 2094 3301 nem,
2126 3235 2220 3290 sed
2247 3236 2426 3305 plures
2455 3238 2505 3290 in
2535 3236 2720 3291 eodem
2754 3237 2959 3306 psalmo
2987 3238 3128 3305 loqui
3155 3235 3536 3304 consequentia

1947 3328 2163 3396 docent,
2196 3329 2282 3384 ubi
2311 3329 2506 3384 dicitur
2537 3349 2548 3382 :
2580 3328 2660 3384 Tu
2678 3372 2693 3396 ,
2722 3329 2958 3394 Domine,
2987 3329 3204 3381 servabis
3235 3325 3346 3393 nos,
3375 3337 3420 3381 et
3441 3344 3539 3380 cu-

1946 3421 2130 3476 stodies
2154 3438 2244 3475 nos
2272 3439 2305 3474 a
2341 3424 2660 3492 generatione
2689 3423 2782 3475 hac
2807 3423 2857 3474 in
2885 3433 3126 3475 aeternum
3161 3419 3327 3491 (Psol.
3359 3436 3412 3475 x1
3433 3461 3448 3482 ,
3477 3418 3534 3484 2,

1948 3511 2022 3584 8).
2054 3513 2282 3584 Propter
2309 3513 2446 3568 hanc
2474 3513 2616 3584 enim
2642 3512 3018 3568 abundantiam
3040 3497 3350 3581 iniquitatis,
3373 3523 3536 3580 quam

1952 3603 2204 3658 Dominus
2231 3603 2463 3659 futuram
2501 3620 2622 3659 esse
2651 3603 2924 3674 praedixit,
2953 3601 3112 3658 etiam
3144 3601 3272 3656 illud
3303 3602 3536 3670 [unitum

1947 3709 2028 3752 est
2061 3716 2071 3749 :
2103 3697 2230 3752 Cum
2254 3701 2444 3754 venerit
2485 3698 2652 3754 Filius
2680 3700 2895 3752 hominis
2915 3739 2929 3764 ,
2963 3708 3110 3768 putas
3145 3698 3355 3750 inveniet
3381 3696 3536 3764 ﬁdem

1949 3789 1997 3844 In
2027 3799 2159 3843 terra
2186 3789 2334 3862 (Luc.
2361 3807 2512 3856 xvul,
2533 3791 2626 3861 8)?
2665 3789 2934 3844 Dubitatio
2961 3789 3103 3844 enim
3132 3786 3335 3842 cuncta
3357 3787 3536 3842 scien-

1948 3881 2014 3936 tis
2041 3893 2278 3936 nostram
2308 3884 2358 3936 in
2391 3884 2478 3936 illo
2506 3882 2887 3938 dubitationem
2915 3881 3292 3952 prmiiguravit,
3323 3879 3536 3951 quando

1949 3973 2184 4028 Ecclesia
2213 3989 2278 4028 ex
2309 3975 2487 4028 multis
2528 3973 2594 4028 de
2623 3973 2814 4044 quibus
2842 3975 3065 4028 multum
3095 3973 3358 4043 speravit,
3389 3985 3534 4041 saepe

1953 4063 2163 4134 lecepta
2190 4106 2204 4130 ,
2235 4064 2376 4135 quod
2404 4065 2560 4120 aliter
2586 4079 2745 4135 quam
2774 4063 3131 4119 credebantur
3160 4063 3357 4117 inventi
3387 4073 3532 4129 sunt,

1949 4157 2022 4211 sic
2052 4158 2390 4227 perturbatur
2419 4159 2469 4212 in
2499 4159 2631 4223 suis,
2664 4167 2720 4212 ut
2745 4158 2812 4212 de
2838 4157 2984 4211 nullo
3007 4155 3162 4211 facile
3183 4157 3306 4211 boni
3333 4155 3535 4226 aliquid

1948 4248 2070 4301 velit
2094 4248 2333 4302 credere.
2366 4249 2514 4317 Ipsos
2542 4250 2722 4303 tamen
2762 4263 2986 4318 quorum
3026 4248 3337 4302 inventurus
3363 4255 3446 4301 est
3473 4246 3536 4300 ii-

1946 4341 2070 4396 dem
2097 4341 2150 4394 in
2181 4350 2340 4407 terra,
2367 4358 2461 4411 per
2485 4350 2652 4397 totum
2673 4357 2859 4412 agrum
2884 4355 3005 4395 cum
3027 4340 3244 4395 zizaniis
3264 4354 3530 4406 crescere,

1947 4434 2190 4490 dubitare
2216 4435 2294 4490 fas
2323 4450 2427 4490 non
2456 4445 2557 4491 est.

2013 4528 2105 4582 Si.
2142 4529 2258 4598 Ipsa
2288 4538 2371 4583 est
2397 4543 2524 4598 ergo
2549 4527 2804 4593 Ecclesia,
2838 4543 2955 4598 quae
2986 4526 3122 4582 intra
3153 4513 3402 4597 sagenam
3433 4524 3533 4580 do-

1950 4621 2197 4675 minicam
2225 4635 2347 4676 cum
2391 4621 2544 4675 malis
2579 4621 2814 4691 piscibus
2857 4628 3031 4685 natat,
3071 4635 3102 4674 a
3141 4622 3332 4688 quibus
3369 4618 3534 4674 corde

1948 4725 2158 4779 semper
2184 4723 2238 4768 et
2263 4713 2497 4767 moribus
2527 4720 2804 4782 separatur
2829 4721 2988 4781 atque
3009 4704 3260 4778 discedit,
3293 4719 3352 4766 ut
3377 4709 3534 4766 exhi-

1945 4803 2134 4860 beatur
2155 4805 2269 4859 viro
2297 4820 2394 4858 suo
2419 4804 2668 4875 gloriosa,
2702 4819 2809 4858 non
2837 4803 3039 4858 habens
3064 4803 3324 4858 maculam
3360 4806 3542 4870 neque

1949 4913 2130 4968 ragam
2166 4895 2325 4968 (Eph.
2355 4912 2406 4962 ν,
2435 4896 2550 4966 27).
2575 4895 2920 4966 Carporalem
2941 4905 3118 4950 autem
3143 4892 3531 4964 separationem

1945 4994 1998 5044 in
2049 4991 2226 5044 littore
2265 4989 2449 5053 maris,
2497 4987 2602 5042 hoc
2643 4995 2755 5054 est,
2801 4987 2856 5042 in
2903 4987 3008 5042 ﬁne
3054 4987 3232 5041 smculi
3261 4993 3534 5053 exspectat

1955 5079 2157 5153 'Matth.
2187 5097 2307 5146 xm,
2340 5078 2562 5149 47-49),
2594 5080 2867 5150 corrigens
2894 5093 3030 5150 quos
3058 5087 3264 5148 potest,
3299 5078 3534 5132 tolerans

1953 5185 2076 5244 quos
2102 5174 2372 5244 corrigere
2393 5189 2498 5227 non
2522 5182 2694 5243 potest
2726 5190 2739 5226 :
2774 5189 2878 5228 non
2899 5181 3076 5228 tamen
3104 5181 3321 5242 pr0pter
3345 5185 3530 5226 eorum

1948 5280 2080 5336 quos
2112 5280 2217 5319 non
2249 5265 2467 5336 corrigit
2495 5264 2826 5336 iniquitatem
2849 5306 2865 5332 ,
2898 5264 3010 5335 ipsa
3033 5265 3294 5320 honorum
3334 5261 3533 5318 deserit

1959 5357 2222 5410 mitatem.

2019 5447 2244 5503 CAPUT
2273 5447 2418 5502 X.—
2433 5448 2521 5503 55.
2553 5447 2672 5502 Noli
2710 5438 2858 5518 ergo,
2891 5446 3054 5501 frater
3077 5486 3092 5512 ,
3132 5454 3314 5500 contra
3353 5444 3530 5498 divina

1949 5553 2053 5599 tam
2078 5544 2264 5609 multa,
2297 5552 2401 5598 tam
2429 5543 2588 5608 clara,
2622 5551 2730 5597 tam
2754 5541 3046 5597 indubitata
3071 5539 3392 5606 testimonia,
3420 5538 3534 5594 col-

1947 5637 2114 5706 ligere
2150 5636 2284 5692 velle
2310 5636 2603 5692 calumnias
2632 5652 2698 5692 ex
2732 5635 3101 5706 episcoporum
3133 5633 3345 5702 scriptis
3365 5673 3379 5698 ,
3417 5632 3531 5687 sive

1947 5738 2250 5786 nostrorum
2272 5769 2286 5794 ,
2317 5729 2454 5785 sicut
2494 5727 2706 5793 Hilarii;
2735 5727 2848 5782 sive
2875 5734 3158 5796 antequam
3184 5740 3310 5796 pars
3339 5725 3532 5780 Donati

1947 5832 2304 5895 separaretur,
2335 5824 2499 5894 ipsius
2529 5823 2776 5886 unitatis,
2806 5822 2942 5878 sicut
2967 5821 3214 5894 Cypriani
3257 5829 3310 5877 et
3341 5821 3532 5891 Agrip-

1945 5919 2058 5993 pini
2095 5937 2109 5976 :
2137 5916 2334 5990 primo,
2356 5917 2479 5990 quia
2501 5916 2604 5974 hoc
2620 5929 2790 5988 genus
2806 5914 3102 5974 litterarum
3130 5913 3201 5973 ab
3217 5914 3532 5974 auctoritate
