4090 6356
529 389 637 450 339

527 506 751 566 «nonis
768 507 787 541 ¹
815 504 1250 578 distinguendum
1275 511 1376 562 est.
1402 501 1522 560 Non
1545 502 1688 560 enim
1728 502 1806 558 sic
1846 502 2121 576 leguntur,

529 607 782 674 tanquam
803 600 878 658 ita
907 615 976 658 ex
999 601 1080 658 eis
1107 599 1466 657 testimonium
1495 598 1821 670 proferatur,
1849 608 1907 654 ut
1930 607 2119 655 contra

525 696 732 763 sentire
753 708 862 760 non
885 693 1072 760 liceat,
1094 692 1262 756 sicubi
1297 693 1436 749 forte
1460 692 1617 748 aliter
1641 701 1934 764 sapuerunt
1962 707 2124 764 quani

530 789 730 850 veritas
754 785 1010 859 postulat.
1047 785 1108 844 in
1131 801 1197 844 eo
1221 785 1419 858 quippe
1433 799 1668 841 numero
1692 800 1898 852 sumus,
1931 795 1988 840 ut
2007 800 2123 848 .nou

531 884 882 956 dedignemur
905 880 1069 948 etiam
1091 879 1245 938 nobis
1268 879 1467 934 dictum
1486 877 1555 933 ab
1574 878 1832 947 Apostolo
1854 878 2126 948 accipere,

531 977 665 1040 Etsi
683 978 806 1048 quid
831 976 982 1036 aliter
1004 972 1203 1045 sapitis,
1224 973 1278 1028 id
1303 988 1497 1044 quoque
1535 969 1674 1028 Deus
1695 971 1835 1027 vobis
1862 969 2125 1032 reuelabit.

543 1074 902 1140 VMM
936 1072 991 1128 in
1025 1070 1161 1145 quod
1191 1070 1543 1142 peruenimus,
1595 1070 1650 1124 in
1701 1081 1759 1124 eo
1807 1066 2120 1124 ambulemus

533 1169 824 1243 (Philippe.
845 1183 930 1237 nt,
961 1167 1051 1236 15,
1076 1164 1203 1240 ι6);
1245 1167 1300 1220 in
1351 1163 1440 1220 illa
1481 1163 1567 1219 via
1611 1161 1834 1230 scilicet,
1879 1175 2003 1233 quae
2041 1167 2128 1216 est

532 1263 818 1324 CbriStusc
846 1263 915 1318 de
931 1276 1042 1334 qua
1082 1260 1171 1316 via
1212 1260 1284 1315 ita
1324 1258 1572 1316 Bsalmus
1604 1256 1839 1328 loquitur
1862 1254 2000 1312 Deus
2027 1255 2128 1310 mi.-

529 1365 756 1415 θοι-σαω-
789 1353 980 1419 nostri,
1018 1360 1076 1416 τοι
1119 1350 1373 1408 benedicat
1407 1348 1590 1414 nobis;
1636 1346 1886 1404 illuminat
1931 1345 2126 1403 uultum

531 1465 682 1506 nam
699 1463 857 1520 asper
882 1461 993 1511 nos,
1025 1453 1081 1502 ut
1107 1458 1467 1514 cognoscamus
1493 1441 1548 1498 in
1573 1440 2052 1510 temeiamtuam,
2076 1438 2132 1495 in

531 1540 764 1598 omnibus
792 1538 1021 1611 gentibus
1045 1537 1266 1591 salutare
1291 1544 1434 1588 tuum
1453 1531 1626 1605 (Paul.
1648 1547 1776 1601 uv,
1802 1530 1858 1599 2,
1879 1531 1961 1606 ὅ).

599 1624 696 1690 36.
718 1622 928 1690 Deinde
951 1623 997 1678 si
1035 1621 1210 1680 sancti
1247 1617 1500 1695 Cypriani
1539 1615 1777 1686 episcOpi
1815 1623 1869 1671 et
1895 1611 2128 1686 gloriosi

530 1717 784 1791 martyris
822 1725 875 1772 te
909 1713 1144 1773 delectat
1177 1710 1502 1775 auctoritas,
1535 1722 1697 1784 quam
1731 1705 1945 1776 quidem
1989 1705 2129 1760 sicut

529 1807 676 1877 dixi,
701 1822 736 1864 a
761 1806 1014 1864 canonica
1053 1803 1371 1860 auctoritate
1405 1799 1810 1869 distinguimus;
1843 1811 1938 1852 cur
1967 1795 2022 1850 in
2063 1808 2128 1852 eo

531 1908 588 1956 te
629 1915 738 1956 non
781 1898 1032 1970 delectat,
1089 1893 1229 1966 quod
1275 1893 1535 1952 unitatem
1576 1889 1723 1946 orbis
1773 1897 1931 1943 terrae
1968 1895 2129 1956 atque

529 1992 771 2050 omnium
801 1991 1086 2066 gentium,
1117 1998 1172 2045 et
1195 1985 1465 2058 diligendo
1497 1983 1699 2050 tenuit,
1731 1989 1784 2037 et
1810 1976 2129 2050 disputando

529 2081 768 2142 defendit
797 2099 819 2140 ξ
843 2079 986 2152 quod
1013 2094 1111 2136 eos
1148 2078 1239 2149 qui
1273 2092 1334 2132 se
1362 2083 1612 2146 tanquam
1641 2071 1818 2144 justos
1843 2070 1912 2126 ab
1947 2085 2010 2125 ea
2037 2083 2129 2126 se-

529 2188 721 2247 parare
755 2171 1087 2238 voluissent,
1135 2167 1602 2240 arrogantissimos
1635 2172 1690 2220 et
1717 2161 2130 2236 superbissimos

526 2266 819 2340 judicavit,
866 2263 1094 2320 irridens
1118 2278 1213 2319 eos
1242 2262 1344 2318 hoc
1369 2260 1470 2315 sibi
1494 2271 1802 2322 assumere,
1846 2255 1986 2327 quod
2031 2270 2131 2314 nec

524 2357 808 2435 ‘Apostolis
837 2358 1104 2416 concessit
1131 2356 1417 2420 Dominus,
1449 2360 1509 2408 ut
1535 2360 1661 2410 ante
1689 2360 1900 2421 tempus
1926 2349 2130 2406 zizania

531 2454 865 2526 colligerent,
893 2460 988 2507 aut
1014 2459 1262 2521 tanquam
1291 2446 1421 2521 ipsis
1449 2444 1657 2517 paleam
1691 2441 1838 2499 ferre
1863 2450 1918 2498 et
1945 2455 2129 2498 aream

529 2560 760 2618 purgare
778 2558 1094 2600 concessum
1117 2541 1209 2608 sit,
1239 2539 1420 2611 paleas
1443 2544 1766 2594 conarentur
1787 2550 1818 2588 a
1844 2533 2020 2589 tritico
2040 2548 2128 2588 se-

529 2652 726 2710 parare
749 2654 771 2690 e:
803 2635 947 2707 quod
974 2645 1411 2705 unumquemque
1441 2629 1675 2700 peccatis
1712 2626 1903 2682 alienis
1942 2640 2130 2680 macu-

530 2727 631 2784 lari
672 2741 783 2784 non
809 2740 969 2798 posse
997 2723 1355 2790 monstravit,
1397 2735 1555 2791 quam
1593 2717 1695 2774 sibi
1736 2730 1924 2772 omnes
1952 2714 2130 2786 impias

532 2821 810 2880 seditionis
850 2829 1096 2876 auctores
1133 2817 1310 2874 solam
1353 2828 1569 2870 causam
1599 2809 1951 2881 separationis
1975 2822 2130 2864 assu-

529 2926 684 2974 munt
708 2932 733 2972 ,ε
761 2913 903 2987 quod
940 2914 995 2969 in
1027 2927 1096 2968 eo
1125 2911 1273 2982 ipso,
1313 2909 1369 2964 in
1407 2922 1515 2979 quo
1543 2905 1700 2962 aliter
1726 2903 1932 2974 sapuit,
1963 2901 2130 2957 colle-

529 3023 626 3081 gas
655 3008 867 3066 diversa
904 3005 1228 3071 sentientes,
1267 3015 1369 3058 nec
1401 2997 1752 3070 iudicandos,
1792 3010 1892 3052 nec
1935 3010 1966 3050 a
2007 2995 2132 3065 jure

530 3099 924 3159 communionis
952 3093 1282 3154 amovendos
1319 3107 1441 3150 esse
1478 3091 1718 3148 decrevit
1746 3108 1760 3144 :
1790 3089 1932 3160 quod
1974 3089 2026 3143 in
2065 3102 2132 3146 ea

530 3196 648 3268 ipsa
671 3193 897 3266 epistola
922 3190 992 3247 ad
1015 3189 1333 3247 Jubaianum
1355 3227 1370 3253 ,
1409 3201 1530 3257 qua:
1558 3185 1612 3240 in
1643 3183 1869 3240 concilio
1888 3182 1970 3254 ,(α)
1987 3223 2004 3251 ,
2035 3197 2130 3238 cu-

528 3289 617 3360 jus
662 3287 1034 3345 auctoritatem
1071 3284 1139 3342 ad
1177 3279 1622 3353 rebaptizandum
1665 3279 1814 3349 sequi
1855 3293 1953 3334 vos
1995 3277 2132 3333 dici-

530 3379 636 3447 tis,
665 3378 910 3450 primitus
935 3375 1157 3439 recitata
1181 3381 1283 3438 est,
1315 3387 1436 3428 cum
1462 3370 1692 3428 fateatur
1715 3371 1769 3425 in
1799 3370 2131 3442 praeteritum

531 3471 613 3534 Hic
639 3484 762 3530 esse
787 3469 1053 3532 admissos
1082 3468 1135 3522 in
1157 3465 1462 3530 Ecdesiam
1507 3463 1598 3536 qui
1625 3462 1838 3522 fuerant
1873 3463 2000 3522 alibi
2033 3463 2127 3518 ba-

767 3566 826 3615 ut
853 3558 1030 3616 denuo
1061 3571 1176 3620 non
1215 3554 1642 3627 baptizarentur,
1670 3553 1812 3612 unde
1855 3552 1978 3610 illos
2016 3553 2132 3610 sine

530 3652 807 3724 Baptismo
831 3649 1000 3709 fuisse
1029 3649 1345 3714 arbitratur;
1375 3656 1580 3704 tantum
1605 3656 1783 3703 tamen
1803 3647 1960 3718 ,ponit
1989 3646 2132 3702 utili-

530 3745 660 3806 tatis
706 3754 763 3801 et
805 3739 1138 3800 salubritatis
1179 3740 1236 3796 in
1281 3753 1415 3812 pace
1463 3737 1753 3806 Ecclesia},
1804 3745 1861 3792 ut
1915 3746 2132 3808 propter

531 3835 679 3892 illam
711 3849 821 3892 non
864 3848 959 3891 eos
999 3830 1185 3890 credat
1219 3831 1288 3888 ab
1328 3829 1585 3888 Ecclesia:
1624 3827 1936 3884 muneribus
1973 3844 2131 3900 sepa-

532 3926 682 3988 tati?

600 4021 694 4079 57.
721 4018 914 4089 Quain
936 4033 1017 4087 ne,
1041 4017 1184 4080 sicut
1206 4015 1476 4088 ingenium
1502 4023 1652 4072 tuum
1682 4014 1829 4083 novi,
1873 4013 2127 4072 facillime

531 4112 792 4185 perspicis
815 4119 987 4170 totam
1006 4125 1234 4168 causam
1273 4117 1506 4166 vestram
1541 4107 1757 4178 penitus
1795 4122 2034 4164 eversam
2077 4116 2132 4164 et

532 4204 879 4264 exstinctam.
919 4201 980 4260 Si
1018 4201 1165 4264 enim
1207 4200 1553 4258 Sacramenta
1593 4214 1715 4256 cum
1761 4199 2130 4269 peccatoribus

529 4295 998 4365 communicando,
1049 4295 1189 4351 sicut
1237 4293 1460 4366 putatis,
1504 4293 1668 4365 periit
1719 4292 1960 4352 Ecclesia
2010 4309 2130 4372 quae

531 4389 704 4445 fuerat
732 4389 784 4444 in
815 4388 949 4444 orbe
986 4393 1252 4444 terrarum
1283 4385 1446 4461 (nam
1475 4401 1571 4442 vos
1614 4385 1738 4444 ideo
1767 4385 2127 4462 separastis),

529 4481 639 4552 jam
671 4480 816 4550 prius
841 4488 956 4536 tota
985 4478 1248 4549 perierat,
1281 4491 1440 4546 cum,
1475 4478 1614 4534 sicut
1635 4477 1765 4534 dicit
1795 4478 2091 4552 Cyprianus
2109 4521 2126 4547 ,

532 4572 586 4627 in
613 4585 730 4630 eam
753 4571 874 4627 sine
899 4569 1170 4640 Baptismo
1197 4567 1652 4624 admittebantur:
1685 4584 1748 4623 ac
1784 4569 1861 4624 sic
1888 4585 1989 4626 nec
2007 4570 2130 4640 ipse

532 4662 830 4736 Cyprianus
847 4661 1082 4721 habebat
1097 4659 1161 4720 in
1181 4675 1283 4732 qua
1299 4660 1538 4717 Ecclesia
1562 4669 1906 4727 nasceretur;
1929 4671 2128 4732 quanto

531 4755 704 4828 magis
731 4753 901 4811 multo
933 4754 1203 4826 posterior
1225 4760 1407 4810 vester
1433 4761 1621 4812 auctor
1650 4761 1911 4825 .paterque
1947 4754 2126 4810 Dona-

531 4847 663 4906 tus?
704 4847 765 4904 Si
801 4855 983 4904 autem
1028 4846 1121 4910 illo
1159 4855 1444 4919 tempore,
1466 4862 1587 4903 cum
1631 4847 1688 4902 in
1724 4861 1846 4904 eam
1874 4848 1992 4904 sine
2027 4850 2128 4904 Ba-

534 4941 731 5012 ptismo
755 4938 1196 5004 admittebantur,
1220 4949 1336 4998 erat
1359 4948 1540 4995 tamen
1565 4939 1812 4998 Ecclesia
1835 4981 1852 5008 ,
1883 4956 2004 5012 quae
2034 4957 2126 5013 pa-

532 5043 676 5093 reret
708 5035 1057 5108 Cyprianum,
1099 5043 1316 5105 pareret
1359 5042 1414 5090 et
1458 5032 1744 5104 Donatum,
1788 5035 2124 5094 manifestum

443 5115 455 5216 ξ
531 5138 616 5188 est
652 5146 765 5188 non
787 5129 1140 5188 contaminari
1174 5129 1353 5202 justus
1377 5129 1570 5190 alienis
1598 5133 1867 5203 peccatis,
1911 5133 2125 5204 quando

530 5239 654 5282 cum
677 5225 761 5283 eis
782 5223 1127 5284 Samaria
1145 5224 1564 5284 communicant.
1599 5227 1676 5282 Ac
1693 5240 1795 5296 per
1838 5225 1940 5282 hoc
1968 5242 2124 5298 sepa-

533 5316 796 5372 rationem
823 5330 928 5387 qua
953 5315 1141 5373 existis
1164 5315 1234 5370 ab
1256 5314 1481 5383 unitate,
1504 5332 1608 5388 qua
1634 5318 1978 5374 excusatione
2003 5333 2126 5388 pos-

533 5409 648 5464 sitis
675 5408 893 5466 abluere
911 5423 1020 5465 non
1043 5406 1274 5476 habetis,
1299 5407 1653 5480 impleturque
1674 5409 1726 5464 in
1749 5410 1901 5465 vobis
1927 5420 2123 5466 sanctae

531 5500 824 5573 Scriptura:
869 5501 1001 5560 illud
1035 5499 1321 5564 oraculum
1351 5519 1366 5555 :
1399 5500 1570 5558 Filius
1610 5503 1776 5558 malus
1811 5504 1918 5574 ipse
1955 5520 2009 5559 se
2035 5505 2126 5576 ju-

535 5602 668 5650 stum
694 5594 851 5664 dicit,
875 5596 1066 5654 catilqu
1077 5604 1256 5661 fatuam
1281 5611 1434 5650 suum
1461 5611 1561 5649 non
1578 5594 1747 5650 obluit
1777 5595 1874 5669 (ὁ).

598 5757 614 5788 ¹
634 5760 740 5806 Mss.
764 5739 983 5807 melioris
1000 5760 1129 5808 nota:
1144 5752 1347 5815 habent,
1369 5767 1400 5803 α
1425 5749 1678 5804 canonicis.

1729 5897 2126 5966 avdgataued

1786 391 1846 447 S.
1885 389 2250 452 Αυθυεηιι
2289 391 2599 450 Εριεοοιιι

2315 508 2406 565 38.
2443 507 2648 568 Meritis
2683 516 2863 569 autem
2895 506 3152 586 Cypriani
3191 511 3273 570 sic
3307 525 3416 569 non
3453 523 3727 587 aequatur,
3755 519 3852 590 qui

2246 609 2466 672 propter
2484 602 2641 672 .paria
2677 601 3021 660 Sacramenta
3066 620 3165 661 nec
3193 605 3335 676 ipsos
3372 608 3655 666 haereticos
3682 610 3848 668 audet

2241 694 2593 765 rebaptizare,
2624 695 2761 754 sicut
2781 710 2886 754 non
2908 705 3152 768 aequatur
3177 697 3381 753 meritis
3408 697 3576 766 Petri,
3603 702 3848 773 quisquis

2241 800 2350 842 non
2379 786 2521 858 cogit
2546 797 2734 858 gentes
2754 787 3048 858 judaizare.
3077 789 3181 846 Sed
3211 791 3296 845 illa
3329 791 3469 847 Petri
3497 810 3601 849 non
3633 803 3849 854 tantum

2238 877 2582 945 claudicatio,
2607 894 2792 934 verum
2825 881 2986 938 etiam
3009 882 3276 937 correctio
3306 883 3596 954 Scripturis
3617 890 3846 943 canoni—

2237 971 2318 1025 cis
2355 971 2661 1026 continetur
2689 989 2710 1028 s:
2739 972 3037 1044 Cyprianus
3079 983 3256 1030 autem
3303 977 3536 1033 sensisse
3579 977 3735 1034 aliter
3776 979 3849 1036 de

2241 1061 2537 1133 Baptismo,
2567 1079 2725 1134 quam
2753 1064 2923 1120 forma
2940 1076 3002 1122 .et
3029 1069 3360 1124 consuetudo
3383 1062 3616 1126 habebat
3649 1071 3846 1129 Eccle-

2236 1152 2351 1218 siae,
2385 1167 2490 1208 non
2515 1152 2571 1208 in
2601 1155 2894 1222 canonicis,
2928 1155 3022 1211 sed
3043 1157 3095 1210 in
3119 1159 3228 1212 suis
3250 1167 3306 1214 et
3330 1159 3383 1214 in
3410 1162 3623 1217 concilii
3647 1163 3849 1220 litteris

2236 1244 2537 1312 invenitur;
2583 1250 2884 1304 correxisse
2935 1258 3114 1306 autem
3167 1251 3323 1306 istam
3372 1256 3692 1311 sententiam
3732 1273 3848 1314 non

2237 1336 2528 1404 invenitur,
2573 1354 2683 1395 non
2711 1340 3126 1412 incongruenter
3155 1354 3330 1398 tamen
3357 1344 3427 1400 de
3457 1346 3548 1400 tali
3586 1348 3704 1403 viro
3727 1348 3849 1404 exi-

2236 1430 2564 1488 stimandum
2593 1440 2678 1487 est
2703 1432 2847 1502 quod
2885 1437 3220 1504 correxerit,
3253 1445 3306 1492 et
3334 1437 3562 1495 fortasse
3592 1456 3849 1512 suppres-

2236 1536 2355 1578 sum
2379 1524 2449 1578 sit
2471 1524 2538 1580 ab
2561 1529 2640 1582 eis
2667 1527 2759 1597 qui
2794 1526 2898 1583 hoc
2923 1543 3108 1584 errore
3141 1531 3363 1586 nimium
3391 1533 3638 1590 delectati
3680 1544 3844 1605 sunt,

2235 1623 2291 1671 et
2312 1624 2460 1674 tanto
2488 1619 2635 1676 velut
2663 1621 2959 1691 patrocinio
2983 1636 3168 1680 Carere
3196 1626 3500 1680 noluerunt.
3524 1625 3848 1700 Quanquam

2238 1723 2346 1764 non
2372 1709 2554 1768 desint
2589 1713 2678 1784 qui
2707 1713 2810 1770 hoc
2845 1714 3173 1786 Cyprianum
3212 1733 3432 1788 prorsus
3461 1736 3565 1774 non
3609 1724 3847 1778 sensisse

2236 1804 2599 1874 contendant,
2630 1807 2733 1862 sed
2774 1808 2875 1863 sub
2899 1809 3016 1879 ejus
3043 1811 3260 1866 nomine
3299 1827 3328 1866 a
3364 1814 3847 1885 praesnmptoribus

2237 1901 2398 1964 atque
2430 1896 2778 1954 mendacibus
2805 1898 2970 1956 fuisse
3005 1901 3315 1958 contictum.
3357 1901 3543 1974 Neque
3582 1897 3724 1960 enim
3763 1906 3849 1962 sic

2236 1985 2413 2055 potuit
2434 1988 2708 2059 integritas
2737 2000 2896 2063 atque
2926 1994 3114 2049 notitia
3144 1996 3441 2051 litterarum
3475 1999 3629 2053 unius
3652 2015 3848 2069 quam-

2237 2075 2368 2133 libet
2393 2079 2610 2134 illustris
2639 2083 2874 2153 episcopi
2903 2085 3181 2154 custodiri,
3211 2088 3662 2158 quemadmodum
3693 2091 3844 2146 Scri-

2237 2178 2389 2238 ptura
2416 2174 2670 2229 canonica
2695 2216 2712 2243 ,
2758 2183 2837 2230 tot
2873 2177 3168 2248 linguarum
3209 2181 3399 2237 litteris
3423 2224 3438 2249 ,
3466 2192 3519 2237 et
3546 2183 3762 2250 ordine,
3790 2193 3848 2240 et

2237 2264 2576 2320 successione
2633 2268 3008 2326 celebrationis
3057 2273 3438 2330 ecclesiasticae
3493 2275 3792 2332 custoditur
3823 2316 3845 2346 ,

2236 2363 2426 2410 eontra
2447 2371 2605 2427 quam
2630 2367 2804 2414 tamen
2826 2376 2933 2415 non
2962 2361 3268 2429 defuerunt,
3298 2365 3386 2435 qui
3407 2367 3506 2421 sub
3533 2366 3845 2425 nominibus

2237 2447 2618 2516 Apostolorum
2673 2451 2839 2506 multa
2893 2452 3258 2525 confingerent
3287 2473 3300 2508 :
3332 2455 3529 2513 frustra
3577 2458 3795 2530 quidem
3821 2499 3840 2528 ,

2237 2541 2359 2611 quia
2385 2541 2472 2596 illa
2497 2544 2574 2599 sic
2603 2545 2994 2615 commendata,
3030 2549 3108 2604 sic
3139 2549 3430 2618 celebrata,
3459 2551 3540 2606 sic
3568 2561 3691 2606 nota
3719 2563 3843 2620 est;

2237 2645 2421 2688 verum
2469 2634 2596 2705 quid
2641 2639 2809 2706 possit
2851 2638 3110 2696 adversus
3153 2641 3388 2709 litteras,
3434 2659 3539 2697 non
3586 2645 3849 2701 canonica

2238 2729 2557 2783 auctoritate
2584 2727 2852 2798 fundatas,
2885 2735 3048 2789 etiam
3076 2734 3202 2789 hinc
3241 2735 3627 2791 demonstravit
3664 2738 3847 2808 impia:

2238 2827 2461 2874 conatus
2505 2821 2764 2888 audaciae,
2813 2823 2957 2895 quod
2999 2835 3052 2880 et
3097 2815 3354 2882 adversus
3398 2843 3490 2883 eas
3533 2843 3652 2899 quae
3697 2838 3848 2883 tanta

2240 2909 2444 2966 notitia:
2470 2912 2613 2969 mole
2643 2913 2868 2971 firmatae
2898 2925 3056 2983 sunt,
3087 2932 3209 2974 sese
3243 2918 3450 2990 erigere
3485 2935 3592 2975 non
3619 2928 3848 2990 praeter-

2242 3001 2409 3058 misit.
3345 3071 3349 3076 .

2311 3097 2398 3152 59.
2443 3095 2554 3154 Nos
2593 3106 2772 3154 tamen
2819 3099 2954 3156 duas
3003 3101 3072 3156 ob
3113 3117 3221 3169 res,
3265 3117 3372 3158 non
3411 3117 3666 3174 negamus
3705 3099 3841 3160 illud

2239 3189 2475 3247 sensisse
2504 3192 2831 3264 Cyprianum
2863 3208 2876 3248 :
2907 3194 3048 3264 quod
3080 3204 3134 3249 et
3153 3196 3308 3250 stilus
3329 3195 3443 3265 ejus
3469 3195 3628 3250 habet
3654 3211 3846 3267 quam-

2239 3281 2362 3337 dam
2391 3283 2659 3354 propriam
2690 3283 2877 3339 faciem
2903 3300 3004 3354 qua
3035 3287 3202 3355 possit
3227 3288 3478 3356 agnosci;
3510 3295 3565 3340 et
3590 3285 3732 3357 quod
3764 3285 3842 3342 ibi

2238 3375 2409 3446 magis
2436 3384 2624 3430 contra
2647 3390 2742 3429 vos
2766 3385 2946 3430 nostra
2969 3391 3128 3433 causa
3146 3375 3544 3433 demonstratur
3568 3377 3839 3443 invictior,

2237 3477 2536 3537 vestraeque
2561 3468 2913 3536 separationis
2941 3468 3306 3538 praesumptio,
3349 3469 3595 3524 videlicet
3626 3483 3696 3524 ne
3725 3483 3845 3524 ma-

2237 3559 2551 3615 cularemini
2579 3560 2812 3630 peccatis
2836 3560 3046 3628 alienis,
3073 3568 3182 3616 tota
3209 3560 3461 3616 facilitate
3491 3560 3841 3631 subvertitur,

2238 3665 2360 3708 cum
2403 3662 2626 3723 apparet
2665 3653 2718 3708 in
2752 3653 2968 3709 Litteris
2992 3643 3265 3726 Cypriani,
3297 3655 3694 3710 communicata
3721 3670 3844 3711 esse

2242 3758 2365 3799 cum
2416 3744 2785 3814 peccatoribus
2813 3744 3179 3814 Sacramenta,
3222 3762 3343 3802 cum
3386 3747 3606 3803 admissi
3634 3757 3760 3802 sunt
3787 3748 3845 3805 in

2239 3837 2554 3905 Ecclesiam,
2598 3838 2685 3910 qui
2735 3838 3032 3895 secundum
3073 3847 3327 3907 vestram,
3374 3848 3430 3895 et
3479 3841 3617 3895 sicut
3658 3839 3842 3912 vultis,

2237 3927 2383 3983 illius
2413 3930 2756 3998 sententiam,
2783 3929 3113 4002 Baptismum
3137 3946 3242 3986 non
3267 3931 3551 3999 habebant,
3581 3940 3636 3986 et
3661 3938 3845 3990 tamen

2237 4020 2530 4076 Ecclesium
2565 4037 2668 4076 non
2698 4024 2921 4093 perisse,
2970 4021 3065 4077 sed
3113 4023 3166 4077 in
3216 4023 3298 4078 sui
3328 4024 3545 4094 generis
3581 4024 3844 4094 dignitate

2237 4128 2333 4183 per
2380 4120 2546 4167 totum
2596 4113 2778 4168 orbem
2828 4129 3011 4184 sparsa
3055 4114 3322 4170 dominica
3367 4115 3636 4171 frumenta
3683 4132 3842 4170 man-

2236 4205 2390 4259 sisse.
2422 4204 2496 4259 Ac
2528 4219 2626 4275 per
2651 4203 2755 4260 hoc
2790 4203 2836 4260 si
2877 4205 3172 4275 perturbati
3204 4209 3453 4276 tanquam
3493 4206 3560 4260 ad
3605 4207 3843 4277 aliquem

2235 4304 2445 4368 portum
2468 4296 2544 4351 sic
2569 4296 2634 4350 ad
2657 4297 3024 4352 auctoritatem
3037 4297 3290 4370 Cypriani
3307 4297 3615 4369 confugitis,
3635 4299 3835 4354 videtis

2236 4405 2392 4458 quem
2443 4389 2548 4444 illic
2579 4390 2857 4459 scopulum
2888 4399 3070 4444 vester
3095 4404 3251 4445 error
3279 4383 3547 4457 offendat;
3581 4392 3627 4445 si
3656 4401 3840 4447 autem

2230 4479 2340 4550 jam
2372 4496 2470 4537 nec
2510 4481 2635 4536 illuc
2668 4479 2956 4552 confugere
2989 4479 3218 4549 audetis,
3255 4481 3373 4536 sine
3415 4481 3524 4536 ullo
3550 4481 3840 4539 luctamine

2236 4572 2580 4643 naufragatis.

2305 4665 2392 4720 40.
2423 4663 2592 4720 Porro
2616 4675 2794 4720 autem
2820 4665 3142 4738 Cyprianus,
3170 4676 3262 4722 aut
3289 4683 3394 4722 non
3419 4667 3590 4724 sensit
3615 4669 3838 4725 omnino

2233 4755 2374 4827 quod
2401 4772 2522 4809 eum
2548 4756 2781 4811 sensiSse
2817 4757 3087 4824 recitatis;
3118 4757 3338 4814 autboc
3387 4769 3569 4830 postea
3601 4762 3840 4817 correxit

2234 4851 2290 4904 in
2319 4848 2496 4919 regula
2519 4849 2790 4914 veritatis;
2813 4858 2904 4904 aut
2931 4847 3076 4905 hunc
3111 4852 3262 4922 quasi
3291 4856 3500 4907 naevum
3545 4851 3628 4907 s‘ni
3653 4845 3837 4907 candi-

2233 4942 2436 4998 dissimi
2482 4943 2712 5012 pectoris
2738 4944 3017 5014 cooperuit
3043 4944 3205 5000 ubere
3233 4946 3528 5011 cbar‘itatis,
3561 4946 3688 5001 dum
3716 4947 3834 5002 uni~

2234 5042 2394 5090 tatem
2429 5021 2689 5089 Ecclesiae
2719 5042 2830 5089 toto
2861 5037 2992 5091 orbe
3029 5039 3344 5104 crescentis,
3373 5046 3429 5094 et
3457 5039 3831 5110 copiosissime

2232 5123 2488 5192 defendit,
2517 5136 2571 5181 et
2593 5128 3121 5196 perseverantissime
3149 5131 3320 5184 tenuit
3346 5131 3621 5186 vinculum
3645 5132 3792 5201 pacis
3817 5147 3836 5186 :

2232 5217 2489 5288 scriptum
2519 5227 2602 5273 est
2626 5218 2792 5287 enim,
2817 5217 3050 5274 Charitas
3079 5222 3301 5291 coeperit
3323 5222 3705 5276 multitudinem
3724 5239 3838 5294 pec-

2231 5320 2455 5365 catorum
2477 5309 2521 5382 (l
2555 5308 2700 5366 Petr.
2730 5327 2802 5378 ιν,
2835 5311 2915 5384 8).
2937 5313 3180 5369 Accessit
3199 5315 3310 5368 *huc
3335 5319 3516 5380 etiam,
3541 5314 3683 5385 quod
3712 5325 3837 5370 tan~

2231 5419 2388 5476 quam
2407 5413 2734 5460 sarmentum
2762 5403 3270 5474 fructuosissimum,
3296 5407 3341 5461 si
3361 5407 3484 5478 quid
3501 5408 3554 5462 in
3575 5423 3641 5462 eo
3658 5407 3837 5463 fuerat

2233 5483 2643 5562 emendandum,
2689 5497 2932 5569 purgavit
2977 5497 3135 5554 Pater
3163 5497 3302 5556 l‘alce
3341 5500 3610 5570 passionis
3641 5517 3656 5554 :
3688 5499 3833 5554 Sar-

2232 5649 2474 5718 babentur
2485 5650 2614 5718 apud
2630 5657 2760 5712 LXX,
2784 5650 2972 5702 inserta
2991 5651 3269 5718 intervers.
3289 5646 3352 5704 22
3371 5661 3424 5703 et
3439 5652 3517 5715 25,
3537 5655 3623 5718 ubi
3640 5667 3839 5718 gratas

2231 5720 2410 5778 textus
2432 5715 2496 5762 ita
2521 5712 2659 5778 ’t‘ert:
2687 5721 3075 5778 Ecgononcacon
3099 5712 3288 5778 dicaian
3319 5712 3512 5776 θαμιαή
3529 5712 3682 5767 (ειήηᾶ
3697 5755 3709 5773 ,
3753 5719 3838 5769 ten

2233 5775 2474 5843 dfcxodon
2496 5775 2641 5827 amati
2660 5770 3224 5843 ouk'apenipsen._ouem
3259 5770 3420 5843 locum
3441 5770 3761 5843 meronymus
3784 5784 3840 5833 in

2233 5837 2369 5908 libi-1
2396 5838 2629 5908 adversus
2648 5835 2815 5908 Pelag.
2837 5851 2881 5908 (ξ.
2909 5835 2968 5908 12
2984 5871 2999 5899 ,
3022 5838 3234 5908 dtat'bis
3256 5835 3454 5908 verbis:
3482 5835 3638 5896 Filius
3653 5842 3841 5907 mulus,

2223 5897 2414 5960 justum
2431 5899 2635 5962 sefacit,
2659 5906 2708 5953 et
2727 5897 2822 5954 non
2845 5897 2970 5958 lauat
2986 5897 3348 5962 summatim.
3433 5897 3438 5900 ⁷
3522 5921 3552 5948 ο
