4090 6356
253 310 355 368 διι

252 434 479 483 mentum
505 421 659 485 enim,
704 418 777 473 ait
803 415 1076 479 Dominus,
1122 410 1257 481 quod
1288 410 1339 463 in
1367 424 1449 461 me
1477 408 1562 460 dat
1589 407 1833 476 fructum,

254 524 438 589 purgat
472 510 604 566 illud
633 508 788 563 Pater
825 523 985 572 meus,
1011 514 1066 558 ut
1110 505 1353 572 majorem
1394 495 1851 589 [ructumuaﬂjerat

256 586 439 671 iloan.
471 620 566 669 xv,
605 601 685 673 2).
716 598 889 663 Unde,
938 596 1038 651 nisi
1074 595 1197 664 quia
1229 594 1435 647 haerens
1466 590 1519 643 in
1568 586 1855 642 dilfusione

255 701 406 765 vitis,
438 695 674 752 radicem
703 707 807 748 non
835 689 1072 746 deseruit
1100 684 1351 740 unitatis?
1382 682 1513 736 Nam
1545 680 1644 735 etsi
1673 677 1853 732 trade-

255 800 342 846 ret
386 801 584 858 corpus
631 799 783 839 suum
818 791 875 836 ut
903 781 1131 841 arderet,
1164 776 1477 831 eharitatcm
1525 780 1704 825 autem
1741 783 1851 823 non

255 879 503 945 haberet,
535 876 669 932 nihil
700 875 749 929 ei
773 872 1046 943 prodessist
1080 869 1120 941 (l
1148 866 1267 922 Cor.
1301 881 1417 930 xm,
1446 865 1525 933 '5).

327 974 421 1027 41.
452 968 683 1026 Attende
712 966 885 1021 adhuc
925 963 1199 1033 paululum
1236 961 1293 1013 in
1324 958 1554 1012 Litteras
1584 952 1859 1025 Cypriani,

257 1072 318 1121 ut
350 1063 602 1117 advertas
645 1075 802 1129 quam
846 1054 1265 1112 inexuisabilem
1313 1049 1627 1114 ostenderit,
1676 1050 1761 1115 qui
1804 1062 1865 1101 se

258 1154 495 1210 voluerit
520 1153 587 1207 ab
611 1152 815 1206 unitate
844 1148 1099 1203 Ecclesia:
1128 1144 1320 1216 (quam
1352 1144 1491 1197 Deus
1524 1142 1575 1195 in
1613 1142 1865 1195 omnibus

258 1247 510 1317 gentibus
560 1242 804 1313 promisit
852 1248 907 1294 et
954 1236 1238 1307 reddidit),
1299 1235 1450 1304 quasi
1492 1233 1709 1303 justitia‘.
1753 1247 1865 1285 sum

260 1355 421 1395 causa
470 1349 741 1406 separare,
792 1332 1070 1403 magisque
1123 1329 1387 1397 intelligas
1432 1341 1589 1396 quam
1630 1328 1699 1379 sit
1741 1340 1867 1379 vera

262 1429 529 1486 sententia
554 1428 713 1498 paulo
742 1434 864 1480 ante
889 1440 918 1477 a
946 1439 1031 1478 me
1054 1429 1477 1477 commemorata
1507 1437 1521 1469 :
1568 1416 1732 1471 Filius
1760 1434 1870 1470 ma-

262 1524 341 1578 lus
368 1523 477 1590 ipse
505 1537 557 1574 se
576 1521 777 1590 justum
804 1517 951 1581 dicit,
977 1516 1166 1569 exitum
1191 1523 1361 1566 autem
1388 1528 1536 1564 suum
1564 1527 1663 1564 non
1684 1510 1864 1562 abluit.

264 1613 423 1668 Ponit
444 1613 497 1666 in
530 1608 759 1681 quadam
784 1607 1006 1677 epistola
1034 1621 1127 1660 sua
1154 1620 1312 1674 quam
1349 1601 1659 1670 scripsitad
1703 1601 1869 1654 Anto-

268 1704 511 1767 nianum,
541 1716 654 1755 rem
685 1699 968 1769 quamdam
1000 1697 1130 1749 satis
1158 1694 1235 1749 rei
1266 1694 1332 1748 de
1362 1708 1465 1762 qua
1493 1706 1634 1745 nunc
1662 1690 1869 1759 agimus

267 1791 661 1853 necessariam;
694 1787 787 1843 sed
819 1788 1011 1841 melius
1038 1786 1152 1854 ejus
1180 1784 1341 1838 verba
1380 1784 1681 1837 inserimus.
1712 1783 1870 1833 Ante-

264 1900 511 1951 cessores,
557 1882 746 1952 inquit,
803 1882 961 1934 nostri
1006 1880 1212 1949 quidam
1260 1879 1323 1931 de
1361 1877 1607 1948 episwpis
1640 1876 1789 1929 isthic
1817 1877 1871 1929 in

265 1977 526 2047 provincia
548 1985 740 2038 nostra,
766 1972 989 2026 dandam
1017 1988 1187 2041 pacem
1211 1969 1413 2022 mwclzis
1433 1986 1531 2021 non
1552 1976 1866 2036 putaverunt,

264 2077 310 2121 et
333 2069 387 2121 in
419 2076 583 2120 totum
621 2064 926 2134 pwnitentite
950 2062 1121 2114 locum
1165 2070 1340 2113 contra
1388 2059 1643 2111 adulteria
1682 2058 1872 2110 clause-

262 2169 379 2212 runt
408 2174 427 2212 :
464 2174 567 2212 non
596 2167 767 2210 tamen
795 2171 827 2207 α
861 2154 1274 2228 coepiscoporuqi
1304 2167 1512 2205 suorum
1556 2151 1763 2219 collegio
1801 2167 1871 2202 res

262 2261 544 2317 cesserunt,
594 2260 681 2303 aut
727 2248 989 2302 catholica:
1020 2245 1261 2299 Ecclesiae
1306 2245 1544 2297 unitatem
1576 2244 1650 2295 vel
1690 2243 1873 2294 duritie

265 2345 337 2398 uel
366 2358 607 2397 censura!
638 2357 747 2395 sua:
793 2338 1129 2393 obstinatione
1165 2344 1431 2404 ruperunt,
1478 2344 1531 2387 ut
1579 2334 1693 2402 quin
1733 2332 1873 2401 apud

265 2436 395 2488 alios
419 2434 669 2487 adulteris
696 2447 800 2502 pax
823 2430 1059 2493 dabatur,
1093 2428 1179 2495 qui
1208 2443 1306 2480 non
1334 2425 1503 2488 dabat,
1540 2424 1602 2477 de
1645 2424 1872 2477 Ecclesia

267 2534 614 2594 “pararetur.
645 2523 886 2576 Manente
904 2519 1187 2573 concordia:
1214 2516 1436 2581 vinculo,
1464 2527 1508 2568 et
1529 2526 1871 2585 perseverante

266 2616 536 2669 catholicis
582 2613 825 2668 Ecclesiae
868 2611 1131 2665 individuo
1159 2617 1496 2673 sacramento,
1528 2616 1693 2659 actum
1722 2622 1873 2660 suum

266 2712 491 2778 disponit
514 2718 565 2763 et
592 2708 767 2777 dirigit
788 2706 1136 2776 unusquisque
1164 2704 1453 2772 episcopus,
1478 2702 1721 2754 rationem
1749 2717 1869 2770 pro—

269 2803 422 2871 positi
448 2802 533 2855 sui
562 2801 787 2854 Domino
815 2798 1106 2851 redditurus
1138 2795 1330 2865 (Epist.
1356 2794 1472 2863 5'2).
1505 2792 1640 2858 Quid
1662 2792 1727 2845 ad
1759 2791 1873 2845 lucc

268 2896 419 2960 dicis,
466 2896 635 2949 frater
699 2890 982 2947 Vincenti?
1008 2889 1209 2958 Nempe
1238 2887 1464 2943 intueris
1492 2886 1632 2940 hunc
1669 2893 1873 2937 tantum

269 2989 464 3052 virum,
494 2984 775 3055 pacificum
794 2984 1123 3053 episcopum,
1147 2988 1200 3035 et
1214 2978 1561 3034 fortissimum
1584 2984 1873 3048 martyrem

268 3080 398 3134 nihil
425 3077 796 3133 vehementius
825 3075 1104 3146 sategisse,
1152 3086 1310 3142 quam
1343 3085 1407 3125 ne
1437 3069 1651 3125 unitatis
1685 3070 1871 3123 vincu-

268 3172 378 3226 lum
398 3177 767 3239 rumperetur.
814 3167 978 3221 Vides
1014 3180 1137 3220 eum
1186 3164 1592 3233 parturientem,
1643 3177 1749 3215 non
1779 3175 1869 3214 so-

270 3265 379 3319 lum
423 3274 483 3317 nt
524 3262 730 3331 parvuli
770 3261 825 3315 in
860 3257 1077 3314 Christo
1124 3255 1369 3326 concepti
1407 3261 1690 3309 nascantur
1718 3294 1733 3317 ,
1775 3269 1870 3307 ve-

268 3370 385 3409 rum
434 3356 599 3408 ciam
638 3368 713 3406 ne
759 3354 870 3421 jam
921 3349 1053 3413 nati,
1107 3347 1175 3403 de
1219 3348 1349 3402 sint!
1387 3347 1573 3400 matris
1626 3345 1859 3411 excussi,

270 3448 589 3503 moriamur.

342 3540 433 3594 42.
464 3540 635 3593 Porro
664 3543 842 3591 autem
871 3534 1042 3606 ipsam
1087 3548 1203 3588 rem
1246 3547 1410 3602 quam
1453 3540 1638 3585 contra
1679 3531 1871 3600 impios

268 3640 610 3701 separatores
626 3626 1085 3693 commemoravit,
1104 3624 1335 3680 attende.
1364 3624 1420 3680 Si
1441 3624 1695 3679 adulteris
1718 3639 1869 3677 coms

268 3724 632 3787 municabant,
655 3722 747 3792 qui
771 3718 1151 3790 paenitentibus
1171 3717 1427 3773 adulteris
1445 3733 1626 3785 pacem
1650 3717 1868 3782 dabant,

276 3815 536 3886 numquid
562 3814 639 3869 illi
679 3814 770 3884 qui
801 3813 902 3867 hoc
930 3827 1035 3866 non
1065 3811 1346 3876 faciebant,
1380 3809 1605 3879 collegio
1632 3810 1873 3863 macula-

270 3908 465 3962 bantur
490 3906 810 3961 istorumisi
830 3915 1036 3971 autem,
1058 3903 1198 3974 quod
1226 3903 1421 3957 veritas
1452 3902 1632 3969 habet,
1650 3912 1703 3955 et
1728 3902 1871 3972 quod

276 3998 518 4054 Ecclesia
549 3998 742 4053 merito
788 4005 955 4062 tenet,
998 4005 1143 4050 recte
1189 3994 1570 4064 paenitentibus
1617 3994 1873 4049 adulteris

273 4104 375 4161 pas
404 4090 654 4155 dabatur,
682 4089 756 4144 illi
785 4089 875 4159 qui
897 4088 948 4143 in
978 4096 1143 4143 totum
1176 4088 1351 4142 locum
1390 4087 1718 4155 poenitentiae
1744 4100 1871 4141 con-

270 4191 353 4237 tra
383 4182 656 4237 adulteros
687 4178 1023 4246 claudebant,
1061 4178 1224 4247 impie
1271 4177 1453 4246 utique
1495 4176 1741 4246 agebant,
1783 4178 1872 4246 qui

276 4274 535 4329 metallis
571 4272 769 4327 Chr-isti
796 4271 1076 4325 sanitatem
1092 4268 1384 4339 negabant,
1406 4277 1458 4321 et
1485 4269 1661 4322 claves
1692 4268 1873 4322 Eccle-

268 4367 365 4421 sia:
408 4365 755 4436 pulsantibus
796 4362 1210 4425 subtrahebant,
1263 4371 1316 4415 et
1363 4358 1873 4415 misericordissimis

272 4457 546 4527 patientia:
580 4456 701 4520 :Dei,
730 4470 849 4525 qua:
887 4454 1009 4508 illos
1038 4461 1316 4522 propterea
1348 4450 1557 4505 sinebat
1584 4451 1783 4514 vivere,
1816 4460 1874 4504 ut

275 4547 590 4620 panitendo
618 4554 944 4602 sanarentur
991 4543 1253 4601 sacrificio
1303 4542 1513 4598 contriti
1560 4540 1776 4610 spiritus
1818 4549 1874 4596 et

268 4640 622 4696 contribulati
652 4637 830 4693 cordis
857 4637 1057 4703 oblato,
1090 4636 1223 4691 dura
1250 4633 1561 4688 crudelitate
1602 4632 1871 4687 contradi-

276 4733 494 4788 cebant.
532 4729 655 4786 Nec
700 4738 889 4784 tamen
917 4728 1048 4782 istos
1086 4724 1459 4780 misericordes
1502 4732 1555 4778 et
1598 4725 1867 4792 paciticos,

275 4837 395 4877 cum
440 4822 525 4877 eis
573 4819 863 4875 chnistiana
923 4818 1262 4872 Sacramenta
1302 4814 1773 4879 communicantes,
1820 4825 1873 4870 et

272 4928 370 4969 eos
399 4914 541 4967 intra
563 4910 781 4965 unitatis
800 4909 933 4965 retia
956 4907 1262 4970 tolerantes,
1291 4906 1461 4960 donec
1486 4906 1550 4959 ad
1582 4906 1726 4959 littus
1751 4920 1873 4974 per-

277 5005 418 5059 ducti
444 5011 847 5073 separarentur,
881 5009 987 5055 tam
1029 4999 1276 5053 immanis
1300 5012 1484 5053 eorum
1518 5012 1668 5051 error
1698 5005 1751 5052 ct
1774 4999 1873 5051 im-

276 5095 808 5165 pietasinquinabat;
834 5101 924 5147 aut
939 5093 983 5148 si
1006 5091 1332 5161 inquinabat,
1349 5090 1457 5159 jam
1484 5098 1612 5143 tunc
1634 5088 1873 5143 Ecclesia

276 5188 544 5242 malorum
587 5184 962 5241 communione
1005 5182 1176 5237 deleta
1206 5190 1311 5250 est,
1358 5196 1457 5236 nec
1478 5190 1601 5236 erat
1638 5197 1754 5251 qua:
1783 5197 1874 5249 pa-

277 5278 626 5346 renetipsum
660 5276 1001 5346 Cyprianum.
1031 5272 1087 5328 Si
1114 5280 1312 5339 autem,
1348 5270 1489 5343 quod
1516 5280 1722 5327 certum
1767 5279 1867 5334 est,

278 5370 577 5441 permansit
600 5369 862 5436 Ecclesia,
882 5376 1093 5423 certum
1115 5376 1196 5421 est
1216 5367 1374 5421 etiam
1400 5365 1630 5434 peccatis
1657 5365 1869 5430 alienis,

280 5461 333 5516 in
360 5462 567 5519 unitate
588 5459 789 5516 Christi
815 5460 1083 5515 neminem
1104 5472 1268 5528 [posse
1305 5456 1579 5521 maculari,
1624 5471 1728 5509 non
1756 5470 1874 5509 ma-

282 5554 461 5609 lorum
509 5553 661 5607 iactis
704 5551 1149 5617 consentientem,
1195 5564 1263 5604 ne
1312 5547 1439 5617 ipsis
1465 5548 1695 5616 peccatis
1726 5561 1874 5601 com-

287 5644 617 5703 municando
664 5644 945 5714 polluatur,
986 5643 1082 5699 sed
1118 5650 1339 5712 prepter
1376 5640 1685 5695 societatem
1715 5639 1879 5693 bono-

286 5752 457 5804 rum,
525 5736 694 5793 malos
759 5746 1005 5808 tanquam
1072 5735 1249 5804 paleas
1301 5748 1469 5805 usque
1517 5732 1585 5787 ad
1637 5731 1877 5787 ultimam

287 5829 689 5889 vetitilationcm
711 5830 764 5886 in
784 5845 909 5887 area
934 5828 1199 5889 dominica
1226 5829 1563 5885 tolerantem.
1593 5826 1721 5895 Quae
1751 5842 1870 5883 cum

1410 289 1731 347 EPISTOLA
1742 286 1888 344 RUM
1924 284 2201 342 CLASSIS
2241 287 2302 343 ll.

3436 289 3545 346 349

1958 404 2032 458 ita
2049 405 2174 470 sint,
2192 403 2282 457 ubi
2299 411 2381 459 est
2394 404 2733 474 prmsumptio
2750 404 3095 474 separationis
3112 403 3341 459 vestrae?
3361 404 3550 459 Nonne

1968 498 2060 552 lilii
2084 497 2210 552 mali
2237 496 2401 563 estis;
2432 498 2531 567 ipsi
2568 514 2658 553 vos
2690 498 2863 568 justos
2891 497 3084 561 dicitis,
3134 499 3334 553 exitum
3367 508 3545 556 autem

1969 596 2204 643 vestrum
2239 603 2342 642 non
2365 588 2617 643 abluitis?

2042 679 2133 733 45.
2162 679 2277 734 Jam
2309 680 2351 733 si
2384 681 2539 734 velim
2568 688 2622 735 et
2648 679 2734 734 illa
2760 695 3177 736 commemorare
3205 697 3321 751 quae
3350 680 3561 753 Tycho-

1969 770 2111 836 nius,
2144 769 2303 823 homo
2325 770 2712 825 communionis
2738 782 2949 838 vestrm,
2980 773 3189 841 Scriptis
3209 774 3317 826 suis
3347 772 3551 837 inserit,

1970 862 2056 929 qui
2084 862 2251 931 magis
2279 869 2460 916 Contra
2488 878 2583 915 vos
2611 877 2704 931 pro
2742 863 2979 918 Ecclesia
3027 863 3283 916 catholica
3323 863 3555 931 scripsit,

1971 951 2170 1008 frustra
2198 969 2255 1007 se
2286 955 2353 1008 ab
2378 953 2643 1017 Afrorum,
2675 956 2820 1025 quasi
2848 956 3151 1009 tradiorum
3186 956 3561 1011 communium:

1973 1060 2281 1111 secernens,
2315 1063 2420 1116 quo
2461 1064 2564 1101 uno
2592 1064 2711 1102 eum
2742 1050 3119 1103 Parmenianns
3145 1051 3399 1111 sufferat;
3434 1048 3559 1118 quid

1972 1138 2296 1206 respondere
2326 1140 2588 1207 poteritis,
2624 1140 2722 1193 nisi
2749 1140 2887 1209 quod
2918 1142 2980 1193 dc,
3010 1142 3155 1196 vobis
3183 1141 3321 1195 idem
3350 1140 3531 1212 Tyri.»

1976 1232 2096 1286 nius
2124 1231 2279 1299 dixit,
2309 1239 2363 1285 et
2391 1248 2489 1301 ego
2522 1233 2679 1303 paulo
2717 1244 2837 1288 ante
2875 1237 3073 1290 Γρῡςιίιιί
3113 1253 3124 1288 :
3162 1236 3308 1299 Quod
3336 1236 3561 1289 volttnwr:

1978 1333 2208 1378 sanctum
2237 1325 2352 1379 est?
2380 1325 2573 1379 Scribit
2613 1325 2751 1380 enim
2791 1326 2876 1380 illc
2922 1327 3244 1398 Tythonius,
3279 1328 3455 1392 llutllO,
3512 1346 3535 1371 ί·

1976 1416 2108 1483 dixi,
2145 1427 2333 1471 vestrm
2376 1419 2784 1485 connnnnimiis,
2809 1434 2834 1472 a
2867 1418 3108 1474 ducentis
3140 1432 3190 1473 ct
3232 1432 3397 1491 scp'u.
3420 1421 3484 1488 μὶν
3556 1464 3557 1467 η

1977 1510 2247 1578 episc0pis
2274 1512 2468 1565 vestris
2490 1513 2772 1566 concilium
2798 1513 3096 1582 Carthagini
3120 1515 3436 1568 (ῖρΙιλΙητιιιιιιιι
3470 1522 3499 1569 ῐί
3526 1516 3557 1567 κ.

1978 1600 2030 1654 in
2060 1616 2163 1668 quo
2189 1601 2414 1656 concilio
2439 1619 2530 1671 per
2560 1604 2888 1671 septuaginta
2929 1613 2983 1658 et
3016 1604 3246 1674 quinque
3272 1606 3387 1660 dies
3415 1617 3533 1673 post

1979 1693 2165 1761 positis
2202 1694 2449 1747 omnibus
2496 1696 2799 1762 prmteritis,
2833 1696 3065 1749 limatam
3107 1712 3223 1748 csse
3249 1700 3564 1751 Senlt'llll'ttzl

1978 1791 2136 1852 atque
2184 1784 2485 1851 decretam,
2546 1797 2601 1839 ut
2650 1786 2991 1840 traditoribus
3038 1788 3279 1841 immensi
3328 1788 3567 1840 criminis

1980 1878 2106 1939 reis,
2160 1878 2203 1929 si
2263 1878 2514 1945 baptizari
2559 1880 2778 1940 nollent,
2840 1894 2934 1948 pro
3001 1879 3218 1948 integris
3272 1880 3568 1932 communi-

1979 1978 2210 2024 caretur.
2238 1972 2538 2025 Deutcrium
2570 1974 2727 2025 etiam
2779 1973 3188 2027 lllacriancnscm
3215 1974 3228 2003 ¹
3262 1974 3568 2041 episcopum

1980 2064 2369 2117 communionis
2405 2075 2623 2127 vestrm,
2657 2065 2784 2118 dicit
2833 2066 3144 2119 traditarum
3178 2066 3382 2134 plebem
3436 2082 3566 2119 cou-

1982 2166 2251 2223 gregatum
2279 2157 2526 2209 Ecclesia-
2567 2158 2862 2222 miscuisse,
2896 2168 2949 2211 ct
2971 2160 3259 2213 secundum
3290 2168 3479 2211 statuta
3506 2160 3570 2211 il—

1982 2246 2085 2299 lius
2116 2247 2323 2300 Concilii
2347 2264 2375 2300 a
2398 2248 2638 2301 ducentis
2669 2257 2720 2301 ct
2744 2250 3073 2319 septuaginta
3096 2250 3360 2318 episcopis
3383 2250 3571 2303 vestris

1983 2335 2129 2402 facti,
2161 2338 2347 2391 l'cciSse
2364 2354 2482 2391 cum
2508 2338 2847 2393 traditoribus
2868 2341 3121 2393 unitatem
3145 2340 3299 2409 eique
3327 2340 3572 2392 Detttct‘io

1986 2440 2104 2499 post
2135 2431 2234 2486 hoc
2262 2432 2451 2485 factum
2476 2432 2669 2501 jugitcr
2697 2432 3117 2487 communicasse
3150 2433 3444 2495 Donatum;
3477 2447 3574 2486 nec

1982 2522 2155 2575 solum
2191 2522 2314 2577 huic
2348 2524 2615 2591 Dcutcrio,
2662 2524 2754 2579 sed
2789 2524 2946 2578 etiam
2977 2525 3238 2579 universis
3269 2524 3573 2578 Maurorum

1979 2616 2248 2682 episcopis
2278 2630 2372 2684 per
2400 2616 2749 2685 quadraginta
2777 2632 2968 2682 annos,
2998 2632 3130 2685 quos
3159 2616 3288 2669 dicit
3310 2631 3477 2685 usque
3503 2616 3571 2669 ad

1986 2707 2410 2773 persecutionem
2434 2724 2529 2777 per
2558 2707 2840 2762 Macarium
2868 2707 3060 2762 factam
3093 2707 3433 2761 traditoribus
3459 2707 3576 2762 sine

1984 2796 2255 2866 Baptismo
2285 2800 2723 2854 communicasse.

2054 2890 2143 2944 44.
2184 2889 2288 2944 Sed
2317 2891 2452 2945 dicis
2485 2909 2496 2943 :
2531 2891 2657 2957 Quis
2700 2892 2829 2946 mihi
2881 2900 2961 2946 est
2989 2892 3088 2946 iste
3112 2891 3453 2963 Tychonius?
3483 2891 3575 2947 llle

1980 2989 2068 3035 est
2092 2981 2414 3051 Tychonius,
2444 3000 2598 3052 quem
2628 2984 3006 3038 Parmenianns
3045 2983 3388 3038 rescribendo
3429 2998 3575 3037 com-

1986 3073 2174 3141 pescit,
2205 3082 2257 3127 et
2291 3090 2410 3128 eum
2448 3075 2679 3129 deterret
2707 3090 2771 3128 ne
2802 3075 2921 3128 talia
2960 3076 3153 3130 scribat
3185 3094 3196 3127 :
3243 3092 3347 3129 non
3398 3085 3574 3130 tamen

1984 3164 2180 3220 refellit
2202 3182 2261 3219 ea
2294 3167 2403 3235 ipsa
2436 3183 2552 3237 qme
2581 3169 2801 3235 scribit;
2825 3168 2920 3223 sed
2942 3183 3068 3235 uno,
3096 3169 3235 3224 sicut
3254 3184 3411 3240 supra
3442 3169 3571 3233 dixi,

1983 3274 2103 3313 eum
2129 3261 2339 3329 premit,
2369 3261 2509 3330 quod
2546 3277 2667 3315 cum
2713 3263 2833 3315 talia
2864 3262 3065 3316 diceret
3093 3262 3158 3316 de
3188 3262 3428 3317 Ecclesia
3461 3270 3575 3315 toto

1982 3351 2112 3405 orbe
2142 3350 2352 3416 dili'usa,
2380 3353 2594 3421 etquod
2626 3354 2889 3407 neminem
2918 3353 2971 3407 in
3005 3353 3118 3421 ejus
3145 3354 3345 3407 unitate
3392 3368 3574 3406 macu-

1982 3443 2155 3498 larent
2180 3444 2350 3498 aliena
2382 3455 2617 3514 peccata.
2649 3446 2716 3502 ab
2738 3444 2985 3500 Afrorum
3014 3461 3072 3501 se
3096 3455 3273 3501 tamen
3295 3448 3445 3516 quasi
3471 3457 3575 3499 tra-

1982 3536 2212 3591 ditarum
2244 3538 2558 3607 contagione
2586 3539 2913 3605 removebat,
2945 3548 2999 3592 et
3028 3548 3142 3592 erat
3188 3538 3240 3592 in
3289 3546 3436 3607 parte
3468 3539 3575 3592 Do-

1983 3628 2113 3682 nati.
2158 3629 2348 3683 Posset
2392 3639 2567 3685 autem
2618 3630 2798 3685 dicere
2848 3630 3250 3696 Parmenianus,
3308 3630 3404 3683 ista
3455 3645 3576 3683 eum

1983 3721 2161 3775 omnia
2189 3735 2310 3776 esse
2352 3722 2668 3787 mentitum;
2713 3721 2842 3786 sed,
2898 3722 3035 3776 sicut
3080 3722 3219 3776 idem
3273 3720 3577 3793 Tychonius

1982 3825 2390 3883 commemorat,
2436 3816 2612 3871 adhuc
2658 3816 2907 3869 vivebant
2948 3815 3119 3880 multi,
3163 3831 3257 3885 per
3297 3829 3430 3885 quos
3460 3814 3576 3869 Ιιωο

1982 3908 2285 3964 certissima
2310 3918 2364 3964 et
2390 3909 2723 3978 apertissima
2755 3923 2875 3964 esse
2904 3907 3335 3963 ostenderentur.

2054 4003 2144 4058 45.
2182 4002 2297 4058 Sed
2327 4003 2395 4058 de
2434 4002 2524 4056 his
2552 4010 2701 4057 taceo
2730 4020 2743 4055 :
2786 4001 3050 4057 contende
3078 4001 3409 4071 Tyclionium
3458 4015 3578 4058 esse

1984 4093 2296 4155 mentitum;
2336 4091 2402 4146 ad
2432 4091 2751 4163 Cyprianum
2776 4100 2827 4158 te
2845 4106 3057 4155 revoco,
3086 4091 3234 4159 cujus
3253 4091 3579 4145 mentionem

1984 4186 2099 4255 ipse
2145 4184 2336 4239 fecisti.
2384 4185 2615 4239 Prorsus
2656 4184 2948 4238 secundum
2989 4183 3182 4252 scripta
3227 4180 3495 4253 Cypriani,
3530 4181 3578 4235 si

1984 4276 2217 4345 peccatis
2237 4275 2426 4331 alienis
2450 4275 2499 4328 in
2525 4274 2723 4329 unitate
2742 4275 2964 4344 quisque
2988 4274 3297 4337 maculatur,
3317 4274 3426 4343 jam
3444 4283 3571 4331 ante

1983 4367 2308 4440 Cyprianum
2350 4366 2509 4437 periit
2546 4366 2804 4429 Ecclesia,
2854 4381 2951 4421 nec
2997 4374 3110 4419 erat
3152 4365 3291 4420 unde
3328 4364 3579 4420 existeret

1985 4462 2099 4531 ipse
2128 4458 2448 4531 Cyprianus.
2477 4459 2531 4513 Si
2567 4467 2751 4513 autem
2784 4458 2883 4514 hoc
2908 4458 3105 4513 sentire
3134 4457 3448 4527 sacrilegum
3474 4467 3575 4524 est,

2045 4616 2062 4647 ί
2088 4623 2219 4674 Lov.,
2238 4611 2600 4665 Mcorinensem.
2625 4619 2682 4664 At
2702 4612 2929 4663 Bathm.
2954 4618 3029 4662 Er.
3055 4618 3107 4664 et
3127 4620 3258 4674 Mss,
3282 4612 3580 4665 Macrinam-

2045 4780 2327 4853 (a)1\'u_ll_um
2365 4779 2481 4830 alibi
2502 4779 2728 4853 reperire
2768 4780 3144 4853 est_vestigium_
3177 4781 3363 4853 concilii
3402 4779 3579 4853 hujus:

1979 4841 2109 4909 quod
2133 4844 2332 4915 quidem
2365 4856 2459 4915 non
2483 4841 2597 4891 ante
2620 4854 2798 4915 annum
2934 4841 3235 4915 celebratum
3270 4841 3580 4915 fuissenyige-

1980 4904 2091 4969 fur;
2117 4904 2359 4978 siquidem
2393 4912 2615 4966 tempore
2638 4904 2860 4976 Tychonii
2879 4940 2893 4964 ,
2918 4906 3002 5014 (Ani
3036 4913 3141 4968 post
3174 4904 3465 4977 annum
3489 4904 3579 4954 ﬂo-

1981 4970 2142 5014 ruisse
2168 4965 2454 5014 mtclhcitur
2481 4978 2545 5014 ex
2568 4968 2830 5014 Gennadio.
2862 4984 2883 5011 ε
2901 4980 2929 5014 a
2963 4968 3056 5014 huc
3077 4968 3307 5014 vivebant
3328 4965 3466 5014 multi
3486 5000 3501 5014 .
3524 4973 3579 5014 ut

1980 4965 2142 5018 ruisse
2168 4965 2454 5029 intelligitur
2481 4965 2545 5014 ex
2568 4968 2830 5026 Gennadio,
2862 4984 2883 5011 ε
2901 4965 3056 5015 adhuc
3077 4968 3307 5019 vivebant
3328 4965 3501 5026 multi,
3524 4973 3582 5017 ut

1988 5048 2011 5077 α
2036 5032 2115 5079 hic
2130 5031 2197 5079 ait
2218 5029 2527 5091 augustinus,
2548 5040 2636 5089 per
2647 5042 2771 5091 quos
2786 5030 3057 5078 certissima
3077 5036 3127 5079 et
3142 5029 3445 5091 apertissima
3466 5042 3582 5078 esse

1988 5108 2010 5137 α
2034 5090 2432 5149 ostenderentur,
2449 5106 2469 5133 ν)
2495 5103 2605 5152 qua:
2630 5090 2713 5139 ille
2747 5091 3059 5140 obtendebat.
3074 5090 3214 5140 certe
3229 5090 3582 5152 Donatistarum

1980 5154 2188 5203 scliisma
2209 5190 2234 5214 ,ί
2249 5152 2379 5214 quod
2401 5151 2526 5200 anno
2548 5152 2640 5201 505
2666 5153 2928 5201 excitatum
2949 5188 2962 5212 ,
2988 5154 3177 5201 nonnisi
3201 5151 3434 5214 annos“
3463 5164 3579 5213 perc

1981 5214 2113 5265 feete
2136 5212 2350 5274 coaluit,
2379 5221 2484 5263 erat
2501 5214 2599 5275 jam
2622 5215 2896 5264 roboratum
2921 5224 2972 5263 et
2994 5214 3205 5263 maxime
3228 5212 3579 5275 conﬁrmttun,

1982 5290 2092 5348 cum
2116 5282 2279 5326 tantus
2303 5274 2640 5348 episcquruni
2664 5290 2899 5348 numerus
2925 5277 2978 5348 in
3012 5277 3183 5347 urbem
3209 5274 3374 5348 africae
3399 5274 3580 5348 prima:

1982 5340 2101 5387 riam
2144 5336 2370 5388 convenit
2388 5373 2403 5396 ,
2427 5336 2498 5387 uti
2536 5344 2673 5387 recte
2713 5339 2941 5387 observat
2964 5336 3195 5387 Henricus
3218 5336 3436 5385 Valesius
3454 5369 3468 5394 ,
3493 5338 3580 5399 qui

1982 5401 2191 5450 subinde
2209 5401 2448 5462 synodum
2479 5401 2618 5450 istam
2649 5401 2711 5451 ad
2742 5402 2906 5450 Donati
2940 5400 3326 5462 (Lartbaginensis
3359 5406 3580 5462 tempora

1984 5412 2191 5450 subinde
2209 5412 2448 5462 synouum
2479 5412 2618 5450 tatam
2649 5412 2711 5451 au
2742 5412 2906 5450 Donati
2940 5412 3326 5459 carungmensts
3359 5412 3580 5507 181131019

1984 5465 2235 5526 pertinere
2263 5463 2525 5526 contendit,
2552 5475 2645 5526 non
2669 5470 2832 5511 autem
2856 5463 2913 5511 ad
2938 5474 3112 5526 annum
3136 5459 3253 5519 308,
3279 5469 3329 5510 ut
3367 5459 3449 5526 Bal
3475 5460 3580 5526 cini

1986 5522 2038 5574 et
2054 5525 2235 5573 Baronii
2251 5525 2440 5575 ferebat
2456 5525 2633 5587 opinio,
2652 5532 2883 5587 concepta
2902 5539 2962 5573 ex
2984 5524 3072 5587 hoc
3088 5524 3189 5583 ipso
3208 5524 3455 5586 Augustini
3473 5522 3579 5587 loco

1983 5601 2081 5636 non
2115 5589 2270 5648 probe
2303 5584 2552 5637 intellecto
2572 5622 2586 5645 ,
2620 5588 2705 5636 ubi
2736 5584 2953 5637 Valesius
2985 5584 3133 5635 vcllet
3165 5586 3235 5634 sic
3268 5584 3406 5649 legi:
3441 5604 3463 5632 α
3485 5586 3579 5634 sed

1990 5666 2013 5693 (ι
2039 5650 2183 5711 ctiam
2207 5650 2447 5697 universis
2472 5658 2733 5697 Tifattrorum
2759 5663 2804 5710 ci
2824 5650 3012 5711 iscopis,
3035 5661 3157 5710 quos
3178 5649 3294 5699 dicit
3317 5663 3404 5711 [ρι’
3428 5660 3577 5697 armos

1991 5728 2013 5756 (ι
2036 5709 2371 5775 quadraginta,
2387 5723 2544 5775 usque
2561 5711 2617 5760 ad
2637 5709 3027 5775 persecutionem
3043 5709 3131 5771 per
3150 5709 3417 5771 Macarium,
3431 5727 3454 5757 υ
3478 5716 3575 5775 etc.

1984 5773 2144 5881 Lecti?
2168 5780 2332 5881 tamien
2354 5771 2568 5836 vulgata,
2585 5771 2857 5837 quanquam
2872 5773 3031 5823 minus
3051 5781 3239 5835 aperta,
3258 5774 3502 5839 reperitur
3524 5771 3576 5821 in

1986 5847 2115 5881 omni
2134 5846 2240 5881 ius;
2270 5846 2335 5881 ss.

1986 5842 2211 5884 omnibus
2232 5842 2335 5884 MSS.
