4032 6334
493 371 604 432 αδ

493 493 554 543 et
588 491 796 542 certum
841 491 926 540 est
967 483 1263 540 Ecclesium
1306 494 1650 553 permanere;
1702 494 1860 534 nemo
1901 479 2090 534 alienis

495 577 737 653 peccatis
765 578 816 632 in
837 576 956 646 ejus
981 577 1184 634 unitate
1220 574 1554 639 maculatur;
1583 571 1778 628 frustra
1829 571 1922 626 lilii
1963 573 2090 627 mali

495 667 678 742 justus
707 683 802 723 vos
840 667 1037 735 dicitis,
1069 669 1271 724 exitum
1299 673 1536 720 vestrum
1568 678 1674 718 non
1718 661 1954 730 ahluitis,
1984 678 2088 718 non

494 763 758 838 purgatis.

571 854 798 912 CAPUT
823 853 916 911 Xl.
940 882 1014 896 --
1043 853 1130 909 ιϐ.
1161 852 1270 909 Cur
1295 865 1442 922 ergo,
1471 850 1668 923 inquis,
1691 865 1789 905 nos
1816 847 2091 922 qumritis?

494 963 599 1008 cur
629 949 710 1007 sic
746 949 1013 1021 suscipitis
1042 962 1176 1020 quos
1199 946 1482 1003 haereticos
1506 944 1720 1000 dicitis?
1763 943 1895 1000 Vide
1931 958 2088 1014 quam

496 1042 660 1102 facile
699 1043 1033 1112 breviterque
1077 1039 1451 1110 respondeam.
1495 1037 1796 1106 Quaerimus
1836 1051 1932 1091 vos
1968 1036 2090 1106 quia

494 1135 736 1210 peristis,
760 1143 817 1189 ut
840 1135 908 1189 de
938 1133 1167 1189 inventis
1191 1131 1540 1203 gaudeamus,
1567 1129 1635 1184 de
1650 1129 1841 1200 quibus
1873 1127 2093 1199 perditis

492 1228 830 1286 dolebamus.
864 1226 1157 1282 [hereticos
1199 1234 1376 1280 autem
1407 1237 1502 1278 vos
1545 1237 1664 1278 esse
1711 1221 1966 1289 dicimus;
1997 1220 2092 1276 sed

496 1327 786 1390 antequam
815 1317 882 1372 ad
924 1333 1107 1388 pacem
1147 1315 1466 1371 catholicam
1500 1312 1906 1378 convertamini,
1947 1319 2096 1367 ante-

499 1395 660 1482 quam
691 1425 895 1474 errore,
929 1423 1034 1478 quo
1061 1407 1249 1463 irretiti
1267 1407 1416 1472 estis,
1445 1404 1734 1461 exuamini.
1760 1402 1893 1458 Cum
1916 1415 2093 1459 autem

495 1503 734 1559 transitis
755 1503 820 1558 ad
850 1518 964 1565 nos,
995 1502 1139 1571 prius
1169 1501 1350 1570 utique
1393 1498 1694 1569 relinquitis
1736 1497 1878 1568 quod
1905 1497 2091 1560 eratis,

495 1611 567 1651 ne
596 1595 659 1649 ad
684 1610 782 1649 nos
797 1593 1036 1649 hmretici
1057 1592 1359 1647 transeatis.
1378 1591 1594 1661 Baptiza
1617 1605 1748 1661 ergo
1770 1604 1875 1654 me,
1897 1589 2091 1659 inquis.

495 1686 779 1748 Facerem,
831 1687 873 1740 si
923 1685 1218 1756 baptizatus
1254 1699 1360 1738 non
1402 1697 1569 1749 esses,
1603 1690 1695 1737 aut
1720 1682 1764 1736 si
1795 1681 1980 1736 Donati
2010 1681 2095 1736 vel

494 1780 708 1850 Rogati,
741 1796 846 1836 non
889 1779 1087 1834 Christi
1137 1778 1401 1850 baptismo
1441 1775 1739 1847 baptizatus
1783 1790 1950 1831 esses.
1978 1774 2094 1830 Non

495 1873 842 1930 Sacramenta
896 1873 1182 1928 christiana
1229 1871 1428 1926 faciunt
1483 1880 1534 1925 te
1589 1870 1897 1924 hmreticum
1932 1910 1948 1936 ,
2000 1867 2094 1924 sed

493 1981 656 2038 prava
691 1968 974 2022 dissensio.
1021 1969 1135 2023 Non
1179 1975 1398 2038 pr0pter
1426 1967 1621 2021 malum
1662 1965 1802 2037 quod
1836 1967 2096 2036 processit

493 2075 562 2114 ex
592 2070 661 2124 te,
693 2061 989 2125 negandum
1017 2073 1097 2115 est
1119 2060 1316 2114 bonum
1339 2059 1482 2130 quod
1512 2059 1768 2114 remansit
1789 2061 1840 2114 in
1860 2068 1930 2124 te,
1954 2059 2092 2129 quod

494 2151 640 2206 malo
670 2160 758 2205 tuo
787 2151 969 2215 habes,
1017 2151 1061 2206 si
1107 2166 1212 2206 non
1264 2151 1337 2206 ibi
1385 2150 1550 2206 habes
1586 2149 1728 2206 unde
1763 2159 1848 2208 est
1895 2151 2093 2206 bonum

497 2243 642 2311 quod
674 2243 859 2298 habes.
907 2244 982 2297 Es
1035 2243 1296 2298 catholica
1323 2243 1464 2298 enim
1495 2242 1735 2298 Ecclesia
1767 2253 1891 2299 sunt
1915 2245 2093 2299 omnia

494 2333 762 2390 dominica
790 2335 1288 2406 Sacramenta,qu:e
1303 2335 1380 2391 sic
1408 2335 1616 2390 habetis
1637 2344 1693 2390 et
1715 2334 1872 2401 datis,
1901 2351 2090 2406 quem-

495 2426 781 2482 admodum
815 2426 1149 2481 ltabebantttr
1181 2435 1234 2480 et
1269 2425 1550 2492 dabantur,
1588 2425 1749 2480 etiam
1783 2425 2091 2496 priusquam

495 2517 624 2574 inde
652 2518 889 2574 exiretis.
937 2518 1054 2573 Non
1086 2527 1263 2574 tamen
1312 2517 1434 2572 ideo
1476 2532 1581 2572 non
1610 2515 1836 2583 habetis,
1867 2517 1990 2586 quia
2021 2517 2093 2572 ibi

494 2625 604 2666 noxi
638 2612 784 2675 estis,
820 2610 959 2664 unde
994 2619 1117 2665 sunt
1141 2627 1260 2681 qua:
1291 2610 1516 2664 habetis.
1545 2608 1660 2664 Non
1692 2609 1744 2663 in
1773 2609 1924 2663 vobis
1971 2625 2090 2663 mu-

497 2709 677 2756 tamus
703 2702 752 2754 in
783 2703 1252 2772 quibusnohiscum
1274 2703 1431 2768 estis;
1477 2703 1529 2756 in
1582 2702 1761 2756 multis
1799 2701 1941 2756 enim
1964 2701 2092 2756 estis

497 2793 812 2858 nobiscum;
843 2810 961 2846 nam
989 2805 1041 2848 et
1071 2795 1136 2848 de
1180 2794 1374 2848 talibus
1397 2793 1596 2848 dictum
1625 2802 1724 2858 est,
1761 2793 2012 2859 Quoniam
2038 2793 2092 2847 in

497 2883 672 2938 ninltis
696 2897 836 2938 erant
865 2901 1056 2938 "tecum
1083 2883 1252 2955 (Psal.
1283 2899 1391 2950 Ltv,
1414 2885 1501 2954 l9)
1529 2902 1543 2938 :
1567 2885 1660 2939 sed
1692 2899 1754 2938 ea
1775 2883 2092 2952 corrigimus

497 2977 552 3033 in
584 2978 773 3046 quibus
805 2979 1077 3032 nobiseum
1105 2993 1210 3032 non
1238 2979 1388 3043 estis,
1431 2987 1484 3031 et
1513 2993 1574 3033 ea
1605 2992 1698 3031 vos
1739 2977 1824 3032 hic
1849 2979 2092 3046 accipere

494 3073 740 3126 Volumus
783 3088 901 3143 qtne
945 3089 1049 3125 non
1097 3071 1304 3126 habetis
1345 3071 1451 3126 illic
1495 3071 1581 3124 ubi
1617 3071 1764 3125 estis.
1805 3069 2091 3125 Nobiscum

494 3173 674 3217 autem
713 3164 840 3217 estis
870 3164 921 3217 in
964 3163 1257 3233 Baptismo,
1292 3163 1342 3217 in
1375 3163 1638 3235 symbolo,
1683 3162 1736 3216 in
1764 3163 1972 3217 caneris
1998 3162 2095 3217 do-

495 3256 709 3311 minicis
730 3255 1110 3311 Sacramentis.
1147 3255 1201 3309 ln
1234 3256 1423 3326 spiritu
1452 3265 1626 3310 autem
1655 3256 1872 3310 unitatis
1899 3265 1952 3310 et
1980 3256 2096 3309 viu-

495 3349 619 3401 culo
644 3347 807 3417 pacis,
836 3349 888 3402 in
921 3349 1031 3418 ipsa
1059 3348 1289 3417 deniqtte
1309 3347 1567 3402 catholica
1614 3347 1877 3413 Ecclesia,
1909 3347 2092 3401 nobis-

497 3455 621 3495 cum
648 3458 750 3495 non
781 3443 930 3495 estis.
967 3442 1090 3494 llaec
1130 3443 1172 3495 si
1219 3442 1512 3513 accipiatis,
1556 3457 1658 3495 non
1691 3451 1818 3495 tunc
1844 3440 2092 3500 aderunt,

497 3532 595 3587 sed
629 3542 754 3587 tunc
783 3533 1076 3600 proderunt
1097 3549 1214 3603 qum
1241 3532 1468 3588 habetis.
1514 3531 1630 3586 Non
1661 3547 1788 3602 ergo
1829 3532 1968 3586 sicut
1993 3547 2093 3601 pu-

499 3623 627 3678 tatis
671 3624 986 3694 suseipimus
1031 3633 1259 3686 vestros.
1305 3623 1399 3677 sed
1448 3621 1788 3691 suscipiendo
1830 3623 2095 3677 efficimus

500 3726 718 3774 nostros
749 3718 836 3786 qui
864 3717 1118 3771 recedunt
1145 3732 1172 3770 a
1200 3715 1371 3782 vobis,
1394 3724 1451 3769 ut
1475 3715 1828 3784 suscipiantur
1847 3729 1877 3768 a
1905 3715 2092 3779 nobis;

499 3821 558 3867 et
579 3820 639 3865 ut
673 3811 926 3878 incipiant
955 3826 1074 3865 esse
1100 3811 1288 3874 nostri,
1316 3810 1464 3879 prius
1487 3808 1741 3864 desinunt
1761 3824 1880 3863 esse
1910 3808 2094 3862 vestri.

501 3903 615 3960 Nec
661 3903 817 3960 nobis
862 3903 1109 3975 conjungi
1157 3902 1524 3973 compellimus
1572 3901 1846 3970 operarios
1897 3899 2096 3955 erroris

500 4013 659 4067 quem
689 3996 1045 4060 detestamur;
1095 3995 1191 4050 sed
1222 3995 1341 4050 ideo
1369 3994 1522 4050 nobis
1552 3993 1671 4048 illos
1697 3992 1938 4048 homines
1965 4007 2095 4048 con-

497 4090 648 4161 juogi
681 4091 947 4156 volumus,
973 4104 1039 4143 ne
1060 4088 1164 4144 hoc
1189 4089 1297 4144 sint
1315 4087 1458 4158 quod
1483 4087 1832 4143 detestamur.

573 4182 661 4234 47.
703 4180 808 4237 Sed
844 4179 1163 4250 baptizavit,
1194 4179 1402 4250 inquis,
1449 4186 1568 4248 post
1601 4177 1862 4233 Joannem
1901 4177 2098 4233 Paulus

500 4273 798 4342 apostolus.
841 4271 1106 4342 Numquid
1153 4281 1275 4342 post
1320 4268 1670 4326 haareticum?
1719 4269 1824 4324 Aut
1869 4269 1912 4324 si
1961 4269 2098 4323 forte

503 4365 669 4417 audes
701 4365 848 4418 illum
887 4364 1116 4417 amicum
1161 4363 1344 4432 sponsi
1374 4362 1682 4418 hzereticum
1721 4361 1932 4427 dicere,
1964 4370 2018 4416 et
2047 4363 2096 4415 in

502 4452 708 4507 unitate
735 4453 990 4508 Ecclesia:
1035 4468 1139 4506 non
1170 4452 1365 4518 fuisse,
1395 4453 1520 4506 volo
1548 4461 1602 4508 et
1643 4452 1745 4507 hoc
1777 4453 2000 4508 scribas.
2041 4454 2097 4508 Si

502 4555 684 4598 autem
707 4544 807 4600 hoc
827 4543 1282 4599 dementissimum
1313 4551 1398 4599 est
1425 4543 1509 4599 vel
1535 4544 1755 4612 sentire,
1787 4545 1871 4600 vel
1895 4545 2093 4611 dicere,

503 4637 616 4707 jam
635 4645 737 4692 tuae
755 4637 1049 4708 prudentiae
1063 4646 1146 4693 est
1159 4637 1500 4693 considerare
1515 4651 1680 4708 quare
1698 4645 1818 4707 post
1837 4637 2098 4694 Joannem

509 4731 705 4786 Paulus
729 4732 1002 4801 apostolus
1031 4730 1391 4800 haptizaverit.
1411 4729 1467 4784 Si
1494 4730 1636 4785 enim
1669 4738 1788 4799 post
1811 4730 2092 4800 :equalem,

507 4839 697 4879 omnes
737 4833 857 4895 post
885 4838 980 4880 vos
1005 4824 1277 4893 baptizare
1311 4822 1535 4878 debetis.
1567 4821 1622 4878 Si
1656 4833 1776 4891 post
1807 4822 2096 4893 majorem,

419 4951 433 4959 ε
506 4915 675 4971 debes
701 4925 756 4971 et
780 4924 835 4970 tu
863 4925 983 4985 post
1023 4915 1306 4984 Rogatum.
1340 4914 1397 4970 Si
1437 4923 1558 4984 post
1587 4915 1880 4980 minorem,
1913 4915 2100 4970 debuit

505 5020 628 5080 post
653 5017 706 5063 te
733 5008 987 5079 Rogatus,
1015 5023 1136 5062 cum
1164 5007 1442 5079 presbyter
1469 5007 1815 5077 baptizasses.
1843 5007 1899 5060 Si
1919 5017 2098 5062 autem

503 5098 802 5168 baptismus
839 5099 929 5169 qui
960 5113 1101 5154 nunc
1143 5097 1490 5165 datur,,ideo
1542 5098 1739 5168 pariter
1769 5097 1908 5154 valet
1937 5099 1990 5152 in
2021 5098 2099 5154 eis

506 5192 700 5260 quibus
729 5190 920 5256 datur,
950 5191 1192 5261 quamvis
1230 5189 1340 5244 sint
1365 5189 1584 5258 imparis
1624 5191 1800 5246 meriti
1842 5206 1938 5261 per
1965 5206 2100 5260 quos

504 5280 697 5350 datur,
725 5281 848 5353 quia
877 5281 1078 5336 Christi
1120 5290 1202 5336 est
1225 5323 1240 5345 ,
1272 5296 1379 5336 non
1419 5296 1606 5336 eorum
1636 5296 1665 5335 a
1709 5282 1900 5353 quibus
1943 5283 2100 5338 mini-

505 5384 742 5441 stratur;
766 5385 893 5446 puto
917 5375 1060 5447 quod
1084 5375 1194 5446 jam
1221 5374 1483 5445 intelligas
1503 5375 1625 5430 ideo
1646 5376 1865 5431 Paulum
1888 5377 2100 5432 dedisse

505 5467 820 5540 quibusdam
849 5469 1170 5540 baptismum
1196 5465 1421 5532 Christi,
1444 5467 1565 5538 quia
1593 5465 1816 5522 Joannis
1836 5467 2100 5537 baptismo

507 5563 722 5619 fuerant
746 5563 1032 5633 baptizati,
1078 5578 1184 5618 non
1236 5561 1466 5628 Christi;
1497 5559 1720 5615 Joannis
1763 5561 1960 5633 quippe
2000 5561 2099 5616 ba-

508 5657 734 5728 ptismus
758 5657 849 5714 ille
877 5657 1048 5712 dictus
1076 5664 1179 5725 est,
1211 5655 1351 5714 sicut
1378 5653 1560 5709 multis
1591 5653 1724 5708 locis
1749 5652 1929 5708 divina
1957 5653 2103 5710 Scri-

507 5759 664 5821 ptura
684 5757 907 5804 testatur
923 5790 938 5817 ,
961 5751 1104 5820 quod
1123 5757 1178 5804 et
1197 5747 1310 5818 ipse
1332 5745 1592 5802 Dominus
1615 5743 1744 5801 dicit
1767 5764 1780 5800 :
1805 5745 2100 5818 Baptismus

503 5843 726 5899 Joannis
747 5842 880 5900 unde
905 5843 1050 5899 erat?
1090 5842 1155 5902 de
1180 5841 1304 5899 ccio
1322 5882 1339 5913 ,
1365 5858 1434 5898 att
1451 5856 1514 5898 ea:
1539 5839 1822 5898 hominibus
1865 5841 1886 5915 (
1909 5841 2094 5898 Matth.

1742 363 1800 420 S.
1841 362 2210 442 ADGUSTINI
2249 358 2550 419 EPISCOPl

3687 365 3797 427 ιιι

2202 493 2324 544 xxi,
2353 476 2424 532 25
2449 477 2507 547 )‘l
2538 477 2840 544 Baptismus
2873 487 3049 534 autem
3075 494 3230 551 quem
3259 477 3404 535 dedit
3426 479 3617 539 Petrus
3639 524 3655 549 ,
3684 497 3796 542 non

2199 579 2314 624 erat
2336 569 2498 633 Petri,
2521 568 2614 624 sed
2639 569 2870 638 Christi;
2899 579 2954 625 et
2978 585 3135 642 quem
3163 571 3307 626 dedit
3333 571 3530 628 Paulus
3549 590 3655 630 non
3679 587 3798 632 erat

2201 659 2387 728 Pauli,
2417 659 2510 717 sed
2541 661 2766 728 Christi;
2818 670 2873 716 et
2915 677 3072 733 quem
3114 662 3380 718 dederunt
3421 665 3508 734 qui
3551 674 3793 738 tempore

2200 754 2582 825 Apostolorum
2614 769 2720 810 non
2745 763 2894 812 caste
2913 796 2930 823 ,
2971 754 3065 810 sed
3111 771 3208 826 per
3237 756 3488 811 invidiam
3517 756 3796 816 Christum

2199 847 2592 903 annuntiabant
2620 847 2641 919 (
2667 847 2900 920 Philipp.
2932 864 2973 916 ι,
3003 847 3092 918 15,
3123 849 3188 904 17
3208 847 3250 919 ),
3283 864 3391 905 non
3418 861 3536 906 erat
3571 867 3794 919 eorum,

2199 939 2296 995 sed
2325 940 2554 1005 Christi;
2583 949 2634 995 et
2663 956 2821 1010 quem
2849 940 3111 997 dederunt
3139 941 3234 1014 qui
3280 951 3518 1013 tempore
3543 942 3799 1017 Cypriani

2200 1031 2398 1089 fundos
2422 1033 2692 1090 insidiosis
2719 1034 2990 1091 fraudibus
3017 1035 3314 1107 rapiebant,
3341 1037 3515 1094 usuris
3538 1040 3800 1111 multipli-

2199 1125 2446 1181 cantibus
2469 1125 2624 1182 fenus
2642 1127 2926 1198 augebant,
2951 1143 3057 1183 non
3083 1139 3198 1184 erat
3221 1144 3429 1196 eorum,
3453 1131 3548 1186 sed
3573 1131 3796 1189 Christi.

2200 1215 2270 1272 Et
2296 1217 2418 1287 quia
2449 1216 2645 1272 Christi
2675 1227 2824 1286 erat,
2857 1218 2977 1274 ideo
3005 1220 3248 1290 quamvis
3277 1235 3381 1276 non
3428 1237 3522 1292 per
3561 1225 3800 1294 aequales

2199 1307 2418 1366 daretur
2438 1311 2536 1375 eis,
2567 1319 2743 1367 tamen
2766 1313 2959 1383 quibus
2977 1313 3202 1368 dabatur
3221 1317 3496 1387 mqualiter
3521 1318 3796 1388 proderat.

2199 1399 2334 1458 Nam
2372 1403 2416 1457 si
2459 1412 2607 1459 tanto
2651 1405 2842 1460 melius
2887 1406 3113 1477 quisque
3156 1406 3492 1478 baptizatur,
3522 1419 3725 1479 quanto
3767 1427 3798 1466 a

2200 1495 2425 1551 meliore
2455 1495 2613 1552 fuerit
2640 1496 2957 1567 baptizatus,
2987 1513 3092 1554 non
3119 1507 3264 1554 recte
3291 1502 3492 1571 gratias
3516 1503 3625 1573 agit
3654 1505 3801 1574 Apo-

2200 1589 2392 1656 stolus,
2421 1588 2562 1659 quod
2589 1589 2856 1645 neminem
2882 1589 3278 1645 Corinthiorum
3306 1591 3673 1662 baptizaverit,
3695 1595 3800 1650 nisi

2199 1679 2445 1750 CriSpum
2467 1691 2522 1736 et
2541 1681 2729 1738 Gaium
2753 1690 2807 1738 et
2830 1683 3113 1754 Stephanse
3133 1683 3348 1738 domum
3377 1685 3394 1755 (
3415 1687 3432 1740 l
3453 1683 3570 1741 Cor.
3596 1702 3632 1752 ι,
3657 1687 3756 1758 14)
3781 1705 3796 1742 :

2200 1778 2349 1826 tanto
2371 1771 2514 1826 enim
2559 1773 2754 1828 melius
2797 1774 3412 1845 baptizarenturqnanto
3454 1786 3570 1831 erat
3597 1777 3801 1834 Paulus

2201 1863 2426 1926 melior,
2457 1863 2502 1917 si
2527 1864 2594 1918 ab
2620 1864 2736 1935 ipso
2766 1864 3181 1936 baptizarentur.
3214 1866 3453 1936 Denique
3479 1883 3598 1922 eum
3626 1869 3796 1936 dicit,

2204 1951 2319 2024 Ego
2341 1954 2584 2024 plantavi,
2617 1957 2797 2026 Apollo
2823 1957 3021 2028 rigavit,
3048 1955 3194 2030 (Ιώ,
3232 1974 3289 2012 ιιι
3312 1999 3328 2025 ,
3361 1956 3454 2031 6),
3488 1959 3698 2014 videtur
3723 1961 3799 2015 si-

2199 2046 2452 2117 gnificare
2475 2063 2535 2104 se
2554 2049 2969 2120 evangelizasse,
3002 2050 3149 2105 illum
3180 2051 3496 2121 baptizasse.
3521 2052 3797 2124 Numquid

2200 2140 2391 2195 melior
2417 2142 2607 2212 Apollo
2626 2184 2643 2212 ,
2673 2158 2830 2212 quam
2860 2143 3138 2200 Joannes?
3183 2145 3290 2200 Cur
3317 2161 3444 2217 ergo
3486 2155 3606 2216 post
3635 2147 3798 2203 istum

2199 2247 2306 2287 non
2338 2234 2650 2304 baptizavit,
2681 2235 2770 2307 qui
2800 2245 2921 2307 post
2959 2235 3218 2294 Joannem
3262 2238 3626 2308 baptizaverat
3648 2280 3665 2306 ,
3692 2242 3797 2297 nisi

2199 2327 2322 2395 quia
2367 2327 2466 2383 iste
2507 2329 2839 2400 baptismus,
2891 2345 2987 2400 per
3030 2332 3324 2402 quemlibet
3368 2331 3554 2398 datus,
3593 2332 3798 2389 Christi

2198 2427 2346 2486 erat;
2376 2418 2464 2474 ille
2479 2429 2677 2485 autem,
2706 2436 2802 2491 per
2817 2421 3108 2492 quemlibet
3122 2422 3298 2490 datus,
3316 2425 3561 2494 quamvis
3579 2425 3798 2481 Christo

2197 2511 2338 2566 viam
2369 2525 2714 2583 praepararet,
2748 2524 2923 2569 tamen
2949 2515 3170 2570 Joannis
3195 2515 3345 2572 erat?

2269 2606 2360 2661 48.
2393 2607 2656 2662 luvidiose
2671 2607 2774 2663 dici
2791 2608 3021 2676 videtur,
3042 2609 3170 2665 Post
3190 2610 3448 2667 Joannem
3472 2612 3798 2682 baptizatum

2197 2705 2282 2752 est
2301 2738 2317 2764 ,
2345 2707 2400 2752 et
2437 2709 2554 2768 post
2589 2699 2870 2755 haereticos
2899 2717 3004 2755 non
3036 2701 3336 2771 baptizatur
3367 2722 3380 2757 :
3414 2704 3508 2758 sed
3535 2714 3716 2775 potest
3743 2716 3800 2761 et

2198 2789 2302 2846 hoc
2331 2791 2589 2848 invidiose
2618 2793 2718 2848 dici
2740 2833 2756 2860 ,
2787 2793 2916 2848 Post
2953 2793 3215 2850 Joannem
3252 2794 3574 2866 baptizatum
3597 2806 3714 2863 est,
3742 2807 3799 2852 et

2198 2892 2320 2954 post
2339 2885 2582 2940 ebriosos
2609 2901 2715 2940 non
2744 2885 3062 2955 baptizatur.
3095 2887 3284 2942 Melius
3307 2888 3451 2942 enim
3479 2886 3582 2942 hoc
3606 2887 3796 2944 vitium

2198 2993 2598 3045 commemoro,
2631 2981 2774 3050 quod
2821 2995 2921 3035 nec
2965 2980 3236 3036 occultare
3275 2989 3496 3050 possunt
3523 2982 3576 3034 in
3601 2981 3797 3052 quibus

2196 3077 2414 3137 regnat;
2445 3078 2498 3124 et
2532 3085 2693 3140 quam
2739 3070 2893 3125 multi
2937 3070 3133 3141 ubique
3175 3071 3317 3136 sint,
3348 3072 3468 3141 quis
3493 3071 3578 3127 vel
3617 3087 3796 3128 caecus

2197 3159 2439 3231 ignorat?
2466 3161 2535 3216 Et
2564 3171 2739 3218 tamen
2767 3162 2904 3218 inter
2927 3178 3086 3233 opera
3114 3163 3311 3226 carnis,
3339 3180 3459 3234 qua:
3483 3165 3573 3235 qui
3601 3175 3789 3236 agunt,

2197 3268 2421 3324 regnum
2455 3255 2546 3309 Dei
2584 3269 2688 3310 non
2726 3254 3104 3324 possidebunt,
3134 3257 3296 3311 etiam
3337 3255 3440 3312 hoc
3478 3259 3631 3328 ponit
3654 3259 3799 3329 Apo-

2199 3345 2391 3414 Stolus,
2407 3345 2494 3400 ubi
2516 3347 2675 3401 etiam
2700 3346 2934 3402 haereses
2961 3357 3277 3403 enumerat:
3304 3348 3579 3422 Manifesta
3603 3361 3792 3418 autem,

2200 3438 2400 3510 inquit,
2430 3451 2547 3496 sunt
2571 3457 2726 3512 opera
2750 3443 2950 3508 carnis,
2979 3457 3092 3511 quia
3119 3451 3237 3497 sunt
3275 3443 3664 3512 fornicationes,
3695 3444 3796 3499 im-

2199 3533 2484 3600 munditiis,
2513 3534 2720 3588 luxuria
2739 3575 2753 3598 ,
2785 3533 3040 3588 idolorum
3063 3535 3276 3589 servitus
3293 3576 3310 3602 ,
3341 3536 3597 3605 veneﬁcia,
3625 3536 3796 3590 inimi-

2202 3623 2353 3688 citiae,
2383 3625 2750 3691 contentiones,
2781 3625 3130 3679 wmulationcs
3150 3666 3165 3691 ,
3197 3625 3569 3690 animositates,
3595 3625 3795 3682 dissen-

2201 3714 2388 3778 siones,
2421 3714 2666 3782 Ita'reses,
2697 3717 2934 3782 invidiae,
2968 3716 3224 3771 ebrietates
3243 3759 3257 3780 ,
3289 3719 3680 3773 comessationes
3703 3761 3719 3785 ,
3751 3728 3797 3773 et

2203 3805 2281 3860 his
2309 3807 2496 3860 similia
2516 3847 2530 3872 ,
2560 3821 2672 3877 qua:
2706 3808 2928 3878 prmdico
2958 3807 3094 3862 vobis
3121 3808 3248 3862 sicut
3277 3809 3494 3878 prwdixi
3509 3849 3521 3871 ,
3554 3810 3798 3881 quoniam

2201 3901 2290 3970 qui
2315 3898 2438 3953 talia
2473 3909 2658 3971 agunt,
2683 3916 2893 3970 regnum
2933 3899 3027 3954 Dei
3067 3916 3167 3954 non
3209 3901 3530 3969 possidebunt
3557 3900 3706 3968 (Gal.
3736 3917 3793 3968 ν,

2204 3991 2421 4062 19-21).
2465 3992 2575 4047 Hac
2611 4006 2739 4061 ergo
2786 3992 3023 4057 ratione,
3073 3991 3318 4062 quamvis
3362 3991 3685 4061 baptizatum
3731 3993 3801 4047 sit

2203 4097 2324 4156 post
2357 4086 2618 4142 Joannem
2638 4128 2652 4151 ,
2686 4101 2789 4140 non
2829 4085 3129 4155 baptizatur
3157 4096 3276 4156 post
3317 4085 3663 4151 hiereticum,
3693 4101 3798 4156 qua

2203 4179 2409 4233 ratione
2447 4179 2688 4248 quamvis
2732 4178 3052 4249 baptizatum
3094 4179 3161 4232 sit
3199 4188 3319 4248 post
3360 4177 3660 4246 Joannem,
3690 4195 3799 4235 non

2203 4269 2501 4339 baptizatur
2548 4279 2667 4339 post
2710 4269 3015 4335 ebriosum;
3062 4270 3317 4340 quoniam
3361 4279 3415 4324 et
3465 4270 3702 4327 hmreses
3747 4280 3804 4327 et

2203 4362 2492 4418 ebrietates
2521 4363 2571 4416 in
2594 4363 2673 4417 eis
2699 4361 2951 4432 operibus
2980 4369 3124 4426 sunt,
3155 4377 3274 4432 quae
3301 4377 3464 4432 opera
3492 4363 3583 4432 qui
3605 4373 3800 4433 agunt,

2206 4471 2430 4525 regnum
2455 4456 2547 4510 Dei
2573 4472 2682 4512 non
2702 4455 3066 4525 possidebunt.
3090 4454 3278 4512 Nonne
3304 4456 3400 4512 tibi
3420 4455 3631 4512 videtur
3647 4459 3806 4527 quasi

2207 4545 2617 4601 intolerabiliter
2657 4546 2961 4618 indignum,
2995 4555 3053 4602 ut
3093 4563 3216 4602 eum
3265 4547 3588 4618 baptizatum
3637 4547 3807 4604 fuerit

2206 4647 2328 4708 post
2367 4653 2486 4692 eum
2516 4638 2604 4708 qui
2650 4654 2756 4692 non
2804 4639 2983 4694 sobrie
3008 4639 3189 4694 vinum
3240 4639 3459 4706 bibens,
3489 4639 3587 4695 sed
3613 4641 3805 4695 vinum

2206 4732 2426 4786 omnino
2447 4747 2554 4787 non
2584 4731 2792 4796 bibens,
2825 4747 2990 4802 regno
3018 4732 3111 4787 Dei
3138 4719 3277 4787 viam
3310 4734 3534 4804 paravit,
3563 4749 3673 4790 non
3701 4737 3805 4789 ba-

2207 4825 2436 4894 ptizetur
2475 4832 2596 4894 post
2622 4823 2929 4889 ebriosum,
2961 4824 3053 4894 qui
3093 4840 3315 4895 regnum
3359 4825 3454 4880 Dei
3485 4839 3591 4880 non
3620 4828 3805 4896 possi-

2206 4916 2385 4972 debit?
2410 4917 2546 4986 Quid
2575 4917 2661 4973 hic
2688 4917 3073 4988 respondetur,
3104 4919 3206 4974 nisi
3235 4919 3356 4989 quia
3387 4918 3476 4974 ille
3502 4918 3806 4990 baptismus

2205 5019 2323 5065 erat
2349 5009 2568 5064 Joannis
2588 5051 2603 5076 ,
2632 5020 2752 5079 post
2787 5025 2946 5080 quem
2986 5009 3183 5065 Christi
3223 5010 3488 5080 baptismo
3512 5011 3809 5081 baptizavit

2207 5101 2523 5172 Apostolus;
2552 5101 2653 5156 iste
2677 5109 2856 5156 autem
2883 5102 3178 5172 baptismus
3207 5102 3400 5158 Christi
3427 5111 3530 5171 est,
3564 5119 3674 5175 quo
3703 5105 3805 5160 ba-

2205 5193 2422 5263 ptizavit
2447 5191 2725 5248 ebriosus?
2769 5193 2910 5248 inter
2931 5193 3196 5250 Joannem
3223 5203 3277 5249 et
3300 5195 3572 5250 ebriosum
3601 5211 3633 5250 a
3663 5212 3802 5252 con-

2207 5286 2370 5341 trario
2409 5286 2635 5341 multum
2681 5286 2906 5343 interest
2935 5304 2950 5341 :
2984 5286 3127 5343 inter
3165 5287 3486 5358 baptismum
3515 5287 3721 5345 Christi
3753 5301 3810 5346 et

2203 5377 2525 5447 baptismum
2542 5376 2764 5434 Joannis
2783 5394 2886 5434 non
2903 5393 2935 5433 a
2951 5380 3236 5446 contrario,
3265 5380 3356 5435 sed
3379 5388 3552 5435 tamen
3572 5382 3806 5437 multum

2205 5470 2446 5525 interest.
2478 5469 2622 5525 Inter
2650 5471 2964 5541 Apostolum
2994 5481 3050 5527 et
3079 5472 3349 5528 ebriosum
3377 5473 3602 5528 multum
3635 5474 3806 5529 inter-

2206 5571 2286 5616 est
2317 5579 2330 5616 :
2361 5561 2501 5617 inter
2527 5561 2850 5632 baptismum
2881 5561 3078 5618 Christi
3107 5579 3266 5634 quem
3298 5563 3444 5618 dedit
3471 5565 3804 5640 Apostolus,

2204 5664 2259 5710 et
2277 5655 2600 5726 baptismum
2620 5655 2818 5711 Christi
2845 5671 3004 5727 quem
3029 5655 3175 5712 dedit
3195 5657 3456 5722 ebriosus,
3482 5657 3618 5711 nihil
3641 5655 3808 5713 inter-

2204 5760 2306 5804 est.
2354 5748 2443 5805 Sic
2491 5750 2631 5805 inter
2673 5749 2934 5806 Joannem
2980 5759 3036 5805 et
3079 5748 3418 5818 hmreticum,
3450 5766 3482 5806 a
3525 5754 3804 5807 contrario

2205 5843 2433 5900 multum
2486 5843 2734 5909 interest;
2784 5852 2838 5899 et
2888 5842 3028 5900 inter
3074 5843 3396 5916 baptismum
3447 5843 3709 5918 Joannis,
3749 5855 3808 5904 et
