  <div class='ocr_page' id='page_1' title='image "/cluster/home/n/w/nwhite01/storage/ocr_20150623/33/hvd.32044015471451/178.png"; bbox 0 0 4090 6356; ppageno 0'>
   <div class='ocr_carea' id='block_1_1' title="bbox 282 418 391 481">
    <p class='ocr_par' dir='ltr' id='par_1_1' title="bbox 282 418 391 481">
     <span class='ocr_line' id='line_1_1' title="bbox 282 418 391 481; baseline -0.046 -1"><span class='ocrx_word' id='word_1_1' title='bbox 282 418 391 481; x_wconf 68' lang='grc'><strong>315</strong></span> 
     </span>
    </p>
   </div>
   <div class='ocr_carea' id='block_1_2' title="bbox 282 526 1875 604">
    <p class='ocr_par' dir='ltr' id='par_1_2' title="bbox 282 526 1875 604">
     <span class='ocr_line' id='line_1_2' title="bbox 282 526 1875 604; baseline -0.007 -11"><span class='ocrx_word' id='word_1_2' title='bbox 282 537 427 594; x_wconf 78' lang='lat' dir='ltr'><strong>inter</strong></span> <span class='ocrx_word' id='word_1_3' title='bbox 465 532 785 604; x_wconf 75' lang='lat' dir='ltr'><strong>baptismum</strong></span> <span class='ocrx_word' id='word_1_4' title='bbox 816 529 1013 587; x_wconf 76' lang='lat' dir='ltr'><strong>Christi</strong></span> <span class='ocrx_word' id='word_1_5' title='bbox 1050 544 1209 601; x_wconf 86' lang='lat' dir='ltr'><strong>quem</strong></span> <span class='ocrx_word' id='word_1_6' title='bbox 1242 527 1334 583; x_wconf 90' lang='lat' dir='ltr'><strong>dat</strong></span> <span class='ocrx_word' id='word_1_7' title='bbox 1370 526 1651 583; x_wconf 65' lang='lat' dir='ltr'><strong>haereticus</strong></span> <span class='ocrx_word' id='word_1_8' title='bbox 1672 568 1685 595; x_wconf 84' lang='lat'><strong>,</strong></span> <span class='ocrx_word' id='word_1_9' title='bbox 1715 543 1818 583; x_wconf 90' lang='lat' dir='ltr'><strong>non</strong></span> <span class='ocrx_word' id='word_1_10' title='bbox 1844 543 1875 583; x_wconf 88' lang='lat' dir='ltr'><strong>a</strong></span> 
     </span>
    </p>
   </div>
   <div class='ocr_carea' id='block_1_3' title="bbox 284 620 1875 694">
    <p class='ocr_par' dir='ltr' id='par_1_3' title="bbox 284 620 1875 694">
     <span class='ocr_line' id='line_1_3' title="bbox 284 620 1875 694; baseline -0.009 -6"><span class='ocrx_word' id='word_1_11' title='bbox 284 629 594 694; x_wconf 87' lang='lat' dir='ltr'><strong>contrario,</strong></span> <span class='ocrx_word' id='word_1_12' title='bbox 645 625 737 682; x_wconf 90' lang='lat' dir='ltr'><strong>sed</strong></span> <span class='ocrx_word' id='word_1_13' title='bbox 788 624 1013 680; x_wconf 91' lang='lat' dir='ltr'><strong>multum</strong></span> <span class='ocrx_word' id='word_1_14' title='bbox 1064 622 1304 678; x_wconf 86' lang='lat' dir='ltr'><strong>interest.</strong></span> <span class='ocrx_word' id='word_1_15' title='bbox 1361 620 1503 676; x_wconf 85' lang='lat' dir='ltr'><strong>Inter</strong></span> <span class='ocrx_word' id='word_1_16' title='bbox 1555 621 1875 691; x_wconf 82' lang='lat' dir='ltr'><strong>baptismum</strong></span> 
     </span>
    </p>
   </div>
   <div class='ocr_carea' id='block_1_4' title="bbox 287 712 1876 788">
    <p class='ocr_par' dir='ltr' id='par_1_4' title="bbox 287 712 1876 788">
     <span class='ocr_line' id='line_1_4' title="bbox 287 712 1876 788; baseline -0.008 -11"><span class='ocrx_word' id='word_1_17' title='bbox 287 730 468 778; x_wconf 82' lang='lat' dir='ltr'><strong>autem</strong></span> <span class='ocrx_word' id='word_1_18' title='bbox 499 718 697 775; x_wconf 82' lang='lat' dir='ltr'><strong>Christi</strong></span> <span class='ocrx_word' id='word_1_19' title='bbox 738 731 899 788; x_wconf 85' lang='lat' dir='ltr'><strong>quem</strong></span> <span class='ocrx_word' id='word_1_20' title='bbox 926 714 1073 772; x_wconf 87' lang='lat' dir='ltr'><strong>dedit</strong></span> <span class='ocrx_word' id='word_1_21' title='bbox 1112 712 1427 785; x_wconf 83' lang='lat' dir='ltr'><strong>Apostolus,</strong></span> <span class='ocrx_word' id='word_1_22' title='bbox 1468 720 1523 768; x_wconf 93' lang='lat' dir='ltr'><strong>et</strong></span> <span class='ocrx_word' id='word_1_23' title='bbox 1555 712 1876 783; x_wconf 88' lang='lat' dir='ltr'><strong>baptismum</strong></span> 
     </span>
    </p>
   </div>
   <div class='ocr_carea' id='block_1_5' title="bbox 287 805 1880 887">
    <p class='ocr_par' dir='ltr' id='par_1_5' title="bbox 287 805 1880 887">
     <span class='ocr_line' id='line_1_5' title="bbox 287 805 1880 887; baseline -0.008 -14"><span class='ocrx_word' id='word_1_24' title='bbox 287 814 491 873; x_wconf 88' lang='lat' dir='ltr'><strong>Christi</strong></span> <span class='ocrx_word' id='word_1_25' title='bbox 512 829 672 887; x_wconf 86' lang='lat' dir='ltr'><strong>quem</strong></span> <span class='ocrx_word' id='word_1_26' title='bbox 693 812 783 867; x_wconf 90' lang='lat' dir='ltr'><strong>dat</strong></span> <span class='ocrx_word' id='word_1_27' title='bbox 804 810 1109 877; x_wconf 69' lang='lat' dir='ltr'><strong>haereticus,</strong></span> <span class='ocrx_word' id='word_1_28' title='bbox 1137 807 1268 864; x_wconf 88' lang='lat' dir='ltr'><strong>nihil</strong></span> <span class='ocrx_word' id='word_1_29' title='bbox 1294 809 1535 863; x_wconf 83' lang='lat' dir='ltr'><strong>interest.</strong></span> <span class='ocrx_word' id='word_1_30' title='bbox 1557 805 1880 878; x_wconf 80' lang='lat' dir='ltr'><strong>Agnoscitur</strong></span> 
     </span>
    </p>
   </div>
   <div class='ocr_carea' id='block_1_6' title="bbox 286 899 1877 973">
    <p class='ocr_par' dir='ltr' id='par_1_6' title="bbox 286 899 1877 973">
     <span class='ocr_line' id='line_1_6' title="bbox 286 899 1877 973; baseline -0.007 -9"><span class='ocrx_word' id='word_1_31' title='bbox 286 908 434 964; x_wconf 82' lang='lat' dir='ltr'><strong>enim</strong></span> <span class='ocrx_word' id='word_1_32' title='bbox 461 906 924 962; x_wconf 86' lang='lat' dir='ltr'><strong>Sacramentorum</strong></span> <span class='ocrx_word' id='word_1_33' title='bbox 945 901 1153 973; x_wconf 85' lang='lat' dir='ltr'><strong>species</strong></span> <span class='ocrx_word' id='word_1_34' title='bbox 1177 900 1414 972; x_wconf 64' lang='lat' dir='ltr'><strong>aequalis,</strong></span> <span class='ocrx_word' id='word_1_35' title='bbox 1435 899 1593 955; x_wconf 90' lang='lat' dir='ltr'><strong>etiam</strong></span> <span class='ocrx_word' id='word_1_36' title='bbox 1621 914 1738 954; x_wconf 89' lang='lat' dir='ltr'><strong>cum</strong></span> <span class='ocrx_word' id='word_1_37' title='bbox 1760 912 1877 953; x_wconf 88' lang='lat' dir='ltr'><strong>ma-</strong></span> 
     </span>
    </p>
   </div>
   <div class='ocr_carea' id='block_1_7' title="bbox 286 992 1468 1073">
    <p class='ocr_par' dir='ltr' id='par_1_7' title="bbox 286 992 1468 1073">
     <span class='ocr_line' id='line_1_7' title="bbox 286 992 1468 1073; baseline -0.008 -18"><span class='ocrx_word' id='word_1_38' title='bbox 286 1015 393 1073; x_wconf 78' lang='lat' dir='ltr'><strong>gna</strong></span> <span class='ocrx_word' id='word_1_39' title='bbox 420 997 720 1054; x_wconf 68' lang='lat' dir='ltr'><strong>diﬂerentia</strong></span> <span class='ocrx_word' id='word_1_40' title='bbox 750 1004 834 1050; x_wconf 85' lang='lat' dir='ltr'><strong>est</strong></span> <span class='ocrx_word' id='word_1_41' title='bbox 860 995 911 1050; x_wconf 89' lang='lat' dir='ltr'><strong>in</strong></span> <span class='ocrx_word' id='word_1_42' title='bbox 938 994 1213 1049; x_wconf 84' lang='lat' dir='ltr'><strong>hominum</strong></span> <span class='ocrx_word' id='word_1_43' title='bbox 1240 992 1468 1048; x_wconf 90' lang='lat' dir='ltr'><strong>meritis.</strong></span> 
     </span>
    </p>
   </div>
   <div class='ocr_carea' id='block_1_8' title="bbox 362 1084 1881 1159">
    <p class='ocr_par' dir='ltr' id='par_1_8' title="bbox 362 1084 1881 1159">
     <span class='ocr_line' id='line_1_8' title="bbox 362 1084 1881 1159; baseline -0.004 -11"><span class='ocrx_word' id='word_1_44' title='bbox 362 1093 454 1150; x_wconf 76' lang='lat' dir='ltr'><strong>l9.</strong></span> <span class='ocrx_word' id='word_1_45' title='bbox 498 1091 604 1148; x_wconf 86' lang='lat' dir='ltr'><strong>Sed</strong></span> <span class='ocrx_word' id='word_1_46' title='bbox 649 1090 715 1146; x_wconf 92' lang='lat' dir='ltr'><strong>da</strong></span> <span class='ocrx_word' id='word_1_47' title='bbox 752 1090 993 1157; x_wconf 82' lang='lat' dir='ltr'><strong>veniam,</strong></span> <span class='ocrx_word' id='word_1_48' title='bbox 1037 1088 1241 1155; x_wconf 82' lang='lat' dir='ltr'><strong>erravi,</strong></span> <span class='ocrx_word' id='word_1_49' title='bbox 1288 1086 1503 1159; x_wconf 87' lang='lat' dir='ltr'><strong>quando</strong></span> <span class='ocrx_word' id='word_1_50' title='bbox 1547 1094 1600 1141; x_wconf 89' lang='lat' dir='ltr'><strong>te</strong></span> <span class='ocrx_word' id='word_1_51' title='bbox 1630 1085 1774 1141; x_wconf 92' lang='lat' dir='ltr'><strong>volui</strong></span> <span class='ocrx_word' id='word_1_52' title='bbox 1814 1084 1881 1142; x_wconf 89' lang='lat' dir='ltr'><strong>de</strong></span> 
     </span>
    </p>
   </div>
   <div class='ocr_carea' id='block_1_9' title="bbox 290 1180 1879 1255">
    <p class='ocr_par' dir='ltr' id='par_1_9' title="bbox 290 1180 1879 1255">
     <span class='ocr_line' id='line_1_9' title="bbox 290 1180 1879 1255; baseline -0.006 -12"><span class='ocrx_word' id='word_1_53' title='bbox 290 1186 507 1243; x_wconf 87' lang='lat' dir='ltr'><strong>ebrioso</strong></span> <span class='ocrx_word' id='word_1_54' title='bbox 547 1185 847 1255; x_wconf 76' lang='lat' dir='ltr'><strong>baptizante</strong></span> <span class='ocrx_word' id='word_1_55' title='bbox 888 1182 1234 1249; x_wconf 85' lang='lat' dir='ltr'><strong>convincere;</strong></span> <span class='ocrx_word' id='word_1_56' title='bbox 1285 1181 1555 1237; x_wconf 79' lang='lat' dir='ltr'><strong>exciderat</strong></span> <span class='ocrx_word' id='word_1_57' title='bbox 1596 1180 1724 1235; x_wconf 91' lang='lat' dir='ltr'><strong>mihi</strong></span> <span class='ocrx_word' id='word_1_58' title='bbox 1758 1195 1879 1235; x_wconf 92' lang='lat' dir='ltr'><strong>cum</strong></span> 
     </span>
    </p>
   </div>
   <div class='ocr_carea' id='block_1_10' title="bbox 289 1273 1879 1349">
    <p class='ocr_par' dir='ltr' id='par_1_10' title="bbox 289 1273 1879 1349">
     <span class='ocr_line' id='line_1_10' title="bbox 289 1273 1879 1349; baseline -0.003 -16"><span class='ocrx_word' id='word_1_59' title='bbox 289 1280 550 1349; x_wconf 86' lang='lat' dir='ltr'><strong>rogatista</strong></span> <span class='ocrx_word' id='word_1_60' title='bbox 578 1292 664 1332; x_wconf 93' lang='lat' dir='ltr'><strong>me</strong></span> <span class='ocrx_word' id='word_1_61' title='bbox 692 1292 807 1331; x_wconf 90' lang='lat' dir='ltr'><strong>rem</strong></span> <span class='ocrx_word' id='word_1_62' title='bbox 834 1274 1061 1340; x_wconf 85' lang='lat' dir='ltr'><strong>habere,</strong></span> <span class='ocrx_word' id='word_1_63' title='bbox 1104 1290 1208 1329; x_wconf 92' lang='lat' dir='ltr'><strong>non</strong></span> <span class='ocrx_word' id='word_1_64' title='bbox 1235 1289 1354 1329; x_wconf 92' lang='lat' dir='ltr'><strong>eum</strong></span> <span class='ocrx_word' id='word_1_65' title='bbox 1383 1273 1756 1345; x_wconf 85' lang='lat' dir='ltr'><strong>qualicumque</strong></span> <span class='ocrx_word' id='word_1_66' title='bbox 1781 1274 1879 1328; x_wconf 91' lang='lat' dir='ltr'><strong>do-</strong></span> 
     </span>
    </p>
   </div>
   <div class='ocr_carea' id='block_1_11' title="bbox 290 1366 1883 1437">
    <p class='ocr_par' dir='ltr' id='par_1_11' title="bbox 290 1366 1883 1437">
     <span class='ocr_line' id='line_1_11' title="bbox 290 1366 1883 1437; baseline -0.004 -11"><span class='ocrx_word' id='word_1_67' title='bbox 290 1370 509 1427; x_wconf 85' lang='lat' dir='ltr'><strong>natista.</strong></span> <span class='ocrx_word' id='word_1_68' title='bbox 542 1369 702 1424; x_wconf 88' lang='lat' dir='ltr'><strong>Potes</strong></span> <span class='ocrx_word' id='word_1_69' title='bbox 730 1368 871 1423; x_wconf 92' lang='lat' dir='ltr'><strong>enim</strong></span> <span class='ocrx_word' id='word_1_70' title='bbox 899 1376 953 1422; x_wconf 91' lang='lat' dir='ltr'><strong>tu</strong></span> <span class='ocrx_word' id='word_1_71' title='bbox 985 1366 1038 1421; x_wconf 90' lang='lat' dir='ltr'><strong>in</strong></span> <span class='ocrx_word' id='word_1_72' title='bbox 1065 1376 1171 1422; x_wconf 91' lang='lat' dir='ltr'><strong>tam</strong></span> <span class='ocrx_word' id='word_1_73' title='bbox 1203 1366 1385 1437; x_wconf 88' lang='lat' dir='ltr'><strong>paucis</strong></span> <span class='ocrx_word' id='word_1_74' title='bbox 1411 1366 1631 1437; x_wconf 80' lang='lat' dir='ltr'><strong>collegis</strong></span> <span class='ocrx_word' id='word_1_75' title='bbox 1659 1366 1762 1420; x_wconf 90' lang='lat' dir='ltr'><strong>tuis</strong></span> <span class='ocrx_word' id='word_1_76' title='bbox 1784 1406 1799 1433; x_wconf 92' lang='lat'><strong>,</strong></span> <span class='ocrx_word' id='word_1_77' title='bbox 1827 1374 1883 1421; x_wconf 92' lang='lat' dir='ltr'><strong>et</strong></span> 
     </span>
    </p>
   </div>
   <div class='ocr_carea' id='block_1_12' title="bbox 290 1458 1881 1518">
    <p class='ocr_par' dir='ltr' id='par_1_12' title="bbox 290 1458 1881 1518">
     <span class='ocr_line' id='line_1_12' title="bbox 290 1458 1881 1518; baseline -0.003 0"><span class='ocrx_word' id='word_1_78' title='bbox 290 1461 346 1518; x_wconf 87' lang='lat' dir='ltr'><strong>in</strong></span> <span class='ocrx_word' id='word_1_79' title='bbox 374 1462 623 1517; x_wconf 91' lang='lat' dir='ltr'><strong>omnibus</strong></span> <span class='ocrx_word' id='word_1_80' title='bbox 664 1460 873 1516; x_wconf 87' lang='lat' dir='ltr'><strong>clericis</strong></span> <span class='ocrx_word' id='word_1_81' title='bbox 898 1460 1091 1515; x_wconf 81' lang='lat' dir='ltr'><strong>vestris</strong></span> <span class='ocrx_word' id='word_1_82' title='bbox 1135 1460 1339 1514; x_wconf 90' lang='lat' dir='ltr'><strong>nullum</strong></span> <span class='ocrx_word' id='word_1_83' title='bbox 1376 1460 1616 1514; x_wconf 90' lang='lat' dir='ltr'><strong>invenire</strong></span> <span class='ocrx_word' id='word_1_84' title='bbox 1657 1458 1881 1514; x_wconf 81' lang='lat' dir='ltr'><strong>forsitan</strong></span> 
     </span>
    </p>
   </div>
   <div class='ocr_carea' id='block_1_13' title="bbox 288 1551 1881 1623">
    <p class='ocr_par' dir='ltr' id='par_1_13' title="bbox 288 1551 1881 1623">
     <span class='ocr_line' id='line_1_13' title="bbox 288 1551 1881 1623; baseline -0.003 -14"><span class='ocrx_word' id='word_1_85' title='bbox 288 1554 583 1610; x_wconf 85' lang='lat' dir='ltr'><strong>ebriosum.</strong></span> <span class='ocrx_word' id='word_1_86' title='bbox 608 1553 711 1607; x_wconf 81' lang='lat' dir='ltr'><strong>Vos</strong></span> <span class='ocrx_word' id='word_1_87' title='bbox 732 1553 873 1607; x_wconf 89' lang='lat' dir='ltr'><strong>enim</strong></span> <span class='ocrx_word' id='word_1_88' title='bbox 894 1552 1041 1616; x_wconf 90' lang='lat' dir='ltr'><strong>estis,</strong></span> <span class='ocrx_word' id='word_1_89' title='bbox 1060 1552 1148 1623; x_wconf 92' lang='lat' dir='ltr'><strong>qui</strong></span> <span class='ocrx_word' id='word_1_90' title='bbox 1171 1566 1276 1605; x_wconf 90' lang='lat' dir='ltr'><strong>non</strong></span> <span class='ocrx_word' id='word_1_91' title='bbox 1298 1566 1365 1607; x_wconf 80' lang='lat' dir='ltr'><strong>ex</strong></span> <span class='ocrx_word' id='word_1_92' title='bbox 1385 1552 1546 1606; x_wconf 89' lang='lat' dir='ltr'><strong>totius</strong></span> <span class='ocrx_word' id='word_1_93' title='bbox 1567 1551 1711 1606; x_wconf 90' lang='lat' dir='ltr'><strong>orbis</strong></span> <span class='ocrx_word' id='word_1_94' title='bbox 1732 1566 1881 1606; x_wconf 86' lang='lat' dir='ltr'><strong>com-</strong></span> 
     </span>
    </p>
   </div>
   <div class='ocr_carea' id='block_1_14' title="bbox 290 1645 1882 1716">
    <p class='ocr_par' dir='ltr' id='par_1_14' title="bbox 290 1645 1882 1716">
     <span class='ocr_line' id='line_1_14' title="bbox 290 1645 1882 1716; baseline -0.001 -13"><span class='ocrx_word' id='word_1_95' title='bbox 290 1648 545 1703; x_wconf 86' lang='lat' dir='ltr'><strong>munione</strong></span> <span class='ocrx_word' id='word_1_96' title='bbox 567 1689 581 1713; x_wconf 92' lang='lat'><strong>,</strong></span> <span class='ocrx_word' id='word_1_97' title='bbox 609 1645 703 1701; x_wconf 90' lang='lat' dir='ltr'><strong>sed</strong></span> <span class='ocrx_word' id='word_1_98' title='bbox 734 1662 797 1701; x_wconf 83' lang='lat' dir='ltr'><strong>ex</strong></span> <span class='ocrx_word' id='word_1_99' title='bbox 829 1646 1197 1702; x_wconf 85' lang='lat' dir='ltr'><strong>observatione</strong></span> <span class='ocrx_word' id='word_1_100' title='bbox 1228 1654 1615 1716; x_wconf 58' lang='lat' dir='ltr'><strong>praeceptorum</strong></span> <span class='ocrx_word' id='word_1_101' title='bbox 1644 1645 1882 1701; x_wconf 91' lang='lat' dir='ltr'><strong>omnium</strong></span> 
     </span>
    </p>
   </div>
   <div class='ocr_carea' id='block_1_15' title="bbox 294 1736 1886 1807">
    <p class='ocr_par' dir='ltr' id='par_1_15' title="bbox 294 1736 1886 1807">
     <span class='ocr_line' id='line_1_15' title="bbox 294 1736 1886 1807; baseline -0.001 -14"><span class='ocrx_word' id='word_1_102' title='bbox 294 1737 596 1793; x_wconf 89' lang='lat' dir='ltr'><strong>divinorum</strong></span> <span class='ocrx_word' id='word_1_103' title='bbox 627 1749 783 1807; x_wconf 89' lang='lat' dir='ltr'><strong>atque</strong></span> <span class='ocrx_word' id='word_1_104' title='bbox 810 1738 1047 1793; x_wconf 91' lang='lat' dir='ltr'><strong>omnium</strong></span> <span class='ocrx_word' id='word_1_105' title='bbox 1077 1736 1543 1792; x_wconf 81' lang='lat' dir='ltr'><strong>Sacramentorum</strong></span> <span class='ocrx_word' id='word_1_106' title='bbox 1574 1737 1769 1791; x_wconf 88' lang='lat' dir='ltr'><strong>tenetis</strong></span> <span class='ocrx_word' id='word_1_107' title='bbox 1797 1751 1886 1791; x_wconf 88' lang='lat' dir='ltr'><strong>ca-</strong></span> 
     </span>
    </p>
   </div>
   <div class='ocr_carea' id='block_1_16' title="bbox 291 1828 1881 1900">
    <p class='ocr_par' dir='ltr' id='par_1_16' title="bbox 291 1828 1881 1900">
     <span class='ocr_line' id='line_1_16' title="bbox 291 1828 1881 1900; baseline -0.002 -16"><span class='ocrx_word' id='word_1_108' title='bbox 291 1830 546 1884; x_wconf 73' lang='lat' dir='ltr'><strong>tholicam</strong></span> <span class='ocrx_word' id='word_1_109' title='bbox 582 1829 735 1883; x_wconf 83' lang='lat' dir='ltr'><strong>fidem</strong></span> <span class='ocrx_word' id='word_1_110' title='bbox 773 1848 786 1884; x_wconf 89' lang='lat'><strong>:</strong></span> <span class='ocrx_word' id='word_1_111' title='bbox 818 1829 869 1883; x_wconf 92' lang='lat' dir='ltr'><strong>in</strong></span> <span class='ocrx_word' id='word_1_112' title='bbox 898 1830 1088 1900; x_wconf 91' lang='lat' dir='ltr'><strong>quibus</strong></span> <span class='ocrx_word' id='word_1_113' title='bbox 1115 1844 1233 1884; x_wconf 84' lang='lat' dir='ltr'><strong>eam</strong></span> <span class='ocrx_word' id='word_1_114' title='bbox 1264 1828 1392 1882; x_wconf 91' lang='lat' dir='ltr'><strong>solis</strong></span> <span class='ocrx_word' id='word_1_115' title='bbox 1421 1828 1734 1883; x_wconf 89' lang='lat' dir='ltr'><strong>inventurus</strong></span> <span class='ocrx_word' id='word_1_116' title='bbox 1765 1836 1881 1895; x_wconf 88' lang='lat' dir='ltr'><strong>est,</strong></span> 
     </span>
    </p>
   </div>
   <div class='ocr_carea' id='block_1_17' title="bbox 289 1918 1883 1990">
    <p class='ocr_par' dir='ltr' id='par_1_17' title="bbox 289 1918 1883 1990">
     <span class='ocr_line' id='line_1_17' title="bbox 289 1918 1883 1990; baseline -0.004 -12"><span class='ocrx_word' id='word_1_117' title='bbox 289 1937 413 1978; x_wconf 91' lang='lat' dir='ltr'><strong>cum</strong></span> <span class='ocrx_word' id='word_1_118' title='bbox 435 1922 639 1975; x_wconf 85' lang='lat' dir='ltr'><strong>venerit</strong></span> <span class='ocrx_word' id='word_1_119' title='bbox 656 1920 820 1974; x_wconf 85' lang='lat' dir='ltr'><strong>Filius</strong></span> <span class='ocrx_word' id='word_1_120' title='bbox 843 1920 1093 1985; x_wconf 90' lang='lat' dir='ltr'><strong>hominis,</strong></span> <span class='ocrx_word' id='word_1_121' title='bbox 1118 1919 1329 1990; x_wconf 88' lang='lat' dir='ltr'><strong>quando</strong></span> <span class='ocrx_word' id='word_1_122' title='bbox 1351 1934 1456 1973; x_wconf 88' lang='lat' dir='ltr'><strong>non</strong></span> <span class='ocrx_word' id='word_1_123' title='bbox 1474 1919 1708 1973; x_wconf 83' lang='lat' dir='ltr'><strong>inveniet</strong></span> <span class='ocrx_word' id='word_1_124' title='bbox 1725 1918 1883 1972; x_wconf 86' lang='lat' dir='ltr'><strong>fidem</strong></span> 
     </span>
    </p>
   </div>
   <div class='ocr_carea' id='block_1_18' title="bbox 289 2009 1884 2081">
    <p class='ocr_par' dir='ltr' id='par_1_18' title="bbox 289 2009 1884 2081">
     <span class='ocr_line' id='line_1_18' title="bbox 289 2009 1884 2081; baseline -0.003 -13"><span class='ocrx_word' id='word_1_125' title='bbox 289 2011 343 2068; x_wconf 87' lang='lat' dir='ltr'><strong>in</strong></span> <span class='ocrx_word' id='word_1_126' title='bbox 389 2023 559 2077; x_wconf 89' lang='lat' dir='ltr'><strong>terra;</strong></span> <span class='ocrx_word' id='word_1_127' title='bbox 593 2012 713 2081; x_wconf 84' lang='lat' dir='ltr'><strong>quia</strong></span> <span class='ocrx_word' id='word_1_128' title='bbox 744 2026 841 2065; x_wconf 89' lang='lat' dir='ltr'><strong>nec</strong></span> <span class='ocrx_word' id='word_1_129' title='bbox 871 2019 1011 2066; x_wconf 85' lang='lat' dir='ltr'><strong>terra</strong></span> <span class='ocrx_word' id='word_1_130' title='bbox 1056 2011 1207 2079; x_wconf 89' lang='lat' dir='ltr'><strong>estis,</strong></span> <span class='ocrx_word' id='word_1_131' title='bbox 1234 2025 1333 2066; x_wconf 89' lang='lat' dir='ltr'><strong>nec</strong></span> <span class='ocrx_word' id='word_1_132' title='bbox 1360 2010 1412 2065; x_wconf 93' lang='lat' dir='ltr'><strong>in</strong></span> <span class='ocrx_word' id='word_1_133' title='bbox 1455 2020 1618 2077; x_wconf 89' lang='lat' dir='ltr'><strong>terra,</strong></span> <span class='ocrx_word' id='word_1_134' title='bbox 1648 2009 1742 2064; x_wconf 89' lang='lat' dir='ltr'><strong>sed</strong></span> <span class='ocrx_word' id='word_1_135' title='bbox 1771 2024 1884 2065; x_wconf 90' lang='lat' dir='ltr'><strong>coe-</strong></span> 
     </span>
    </p>
   </div>
   <div class='ocr_carea' id='block_1_19' title="bbox 290 2105 1886 2172">
    <p class='ocr_par' dir='ltr' id='par_1_19' title="bbox 290 2105 1886 2172">
     <span class='ocr_line' id='line_1_19' title="bbox 290 2105 1886 2172; baseline -0.001 -11"><span class='ocrx_word' id='word_1_136' title='bbox 290 2105 457 2161; x_wconf 71' lang='lat' dir='ltr'><strong>lestes</strong></span> <span class='ocrx_word' id='word_1_137' title='bbox 488 2107 539 2161; x_wconf 90' lang='lat' dir='ltr'><strong>in</strong></span> <span class='ocrx_word' id='word_1_138' title='bbox 572 2106 708 2160; x_wconf 75' lang='lat' dir='ltr'><strong>cmlo</strong></span> <span class='ocrx_word' id='word_1_139' title='bbox 740 2105 1020 2161; x_wconf 86' lang='lat' dir='ltr'><strong>habitatis!</strong></span> <span class='ocrx_word' id='word_1_140' title='bbox 1062 2105 1171 2161; x_wconf 84' lang='lat' dir='ltr'><strong>Nec</strong></span> <span class='ocrx_word' id='word_1_141' title='bbox 1209 2105 1437 2172; x_wconf 89' lang='lat' dir='ltr'><strong>timetis,</strong></span> <span class='ocrx_word' id='word_1_142' title='bbox 1478 2120 1579 2161; x_wconf 91' lang='lat' dir='ltr'><strong>nec</strong></span> <span class='ocrx_word' id='word_1_143' title='bbox 1614 2105 1886 2160; x_wconf 90' lang='lat' dir='ltr'><strong>attenditis</strong></span> 
     </span>
    </p>
   </div>
   <div class='ocr_carea' id='block_1_20' title="bbox 289 2199 1888 2271">
    <p class='ocr_par' dir='ltr' id='par_1_20' title="bbox 289 2199 1888 2271">
     <span class='ocr_line' id='line_1_20' title="bbox 289 2199 1888 2271; baseline -0.002 -17"><span class='ocrx_word' id='word_1_144' title='bbox 289 2202 412 2271; x_wconf 84' lang='lat' dir='ltr'><strong>quia</strong></span> <span class='ocrx_word' id='word_1_145' title='bbox 437 2199 571 2253; x_wconf 83' lang='lat' dir='ltr'><strong>Dens</strong></span> <span class='ocrx_word' id='word_1_146' title='bbox 593 2200 819 2271; x_wconf 83' lang='lat' dir='ltr'><strong>superbis</strong></span> <span class='ocrx_word' id='word_1_147' title='bbox 833 2201 1037 2268; x_wconf 79' lang='lat' dir='ltr'><strong>resistit,</strong></span> <span class='ocrx_word' id='word_1_148' title='bbox 1057 2199 1329 2253; x_wconf 79' lang='lat' dir='ltr'><strong>humilibus</strong></span> <span class='ocrx_word' id='word_1_149' title='bbox 1345 2209 1511 2253; x_wconf 86' lang='lat' dir='ltr'><strong>autent</strong></span> <span class='ocrx_word' id='word_1_150' title='bbox 1531 2200 1617 2251; x_wconf 86' lang='lat' dir='ltr'><strong>dat</strong></span> <span class='ocrx_word' id='word_1_151' title='bbox 1634 2199 1888 2270; x_wconf 84' lang='lat' dir='ltr'><strong>gratiam?</strong></span> 
     </span>
    </p>
   </div>
   <div class='ocr_carea' id='block_1_21' title="bbox 296 2289 1885 2363">
    <p class='ocr_par' dir='ltr' id='par_1_21' title="bbox 296 2289 1885 2363">
     <span class='ocr_line' id='line_1_21' title="bbox 296 2289 1885 2363; baseline -0.001 -18"><span class='ocrx_word' id='word_1_152' title='bbox 296 2290 516 2362; x_wconf 76' lang='lat' dir='ltr'><strong>(Jacobi</strong></span> <span class='ocrx_word' id='word_1_153' title='bbox 561 2307 615 2345; x_wconf 83' lang='lat' dir='ltr'><strong>iv</strong></span> <span class='ocrx_word' id='word_1_154' title='bbox 638 2334 653 2359; x_wconf 93' lang='lat'><strong>,</strong></span> <span class='ocrx_word' id='word_1_155' title='bbox 686 2289 781 2363; x_wconf 90' lang='lat'><strong>6.)</strong></span> <span class='ocrx_word' id='word_1_156' title='bbox 810 2291 922 2347; x_wconf 88' lang='lat' dir='ltr'><strong>Nec</strong></span> <span class='ocrx_word' id='word_1_157' title='bbox 950 2307 1045 2346; x_wconf 85' lang='lat' dir='ltr'><strong>vos</strong></span> <span class='ocrx_word' id='word_1_158' title='bbox 1084 2291 1360 2363; x_wconf 80' lang='lat' dir='ltr'><strong>Evangelii</strong></span> <span class='ocrx_word' id='word_1_159' title='bbox 1398 2291 1549 2346; x_wconf 88' lang='lat' dir='ltr'><strong>locus</strong></span> <span class='ocrx_word' id='word_1_160' title='bbox 1587 2291 1700 2361; x_wconf 89' lang='lat' dir='ltr'><strong>ipse</strong></span> <span class='ocrx_word' id='word_1_161' title='bbox 1736 2306 1885 2345; x_wconf 90' lang='lat' dir='ltr'><strong>com-</strong></span> 
     </span>
    </p>
   </div>
   <div class='ocr_carea' id='block_1_22' title="bbox 290 2382 1885 2456">
    <p class='ocr_par' dir='ltr' id='par_1_22' title="bbox 290 2382 1885 2456">
     <span class='ocr_line' id='line_1_22' title="bbox 290 2382 1885 2456; baseline -0.003 -18"><span class='ocrx_word' id='word_1_162' title='bbox 290 2386 498 2456; x_wconf 85' lang='lat' dir='ltr'><strong>pungit,</strong></span> <span class='ocrx_word' id='word_1_163' title='bbox 530 2383 619 2439; x_wconf 88' lang='lat' dir='ltr'><strong>ubi</strong></span> <span class='ocrx_word' id='word_1_164' title='bbox 644 2385 899 2439; x_wconf 89' lang='lat' dir='ltr'><strong>Dominus</strong></span> <span class='ocrx_word' id='word_1_165' title='bbox 919 2386 993 2438; x_wconf 90' lang='lat' dir='ltr'><strong>ait</strong></span> <span class='ocrx_word' id='word_1_166' title='bbox 1026 2401 1038 2436; x_wconf 90' lang='lat'><strong>:</strong></span> <span class='ocrx_word' id='word_1_167' title='bbox 1072 2383 1198 2438; x_wconf 85' lang='lat' dir='ltr'><strong>Cum</strong></span> <span class='ocrx_word' id='word_1_168' title='bbox 1227 2385 1411 2439; x_wconf 72' lang='lat' dir='ltr'><strong>venerit</strong></span> <span class='ocrx_word' id='word_1_169' title='bbox 1442 2382 1609 2437; x_wconf 87' lang='lat' dir='ltr'><strong>Filius</strong></span> <span class='ocrx_word' id='word_1_170' title='bbox 1635 2382 1850 2436; x_wconf 78' lang='lat' dir='ltr'><strong>nominis</strong></span> <span class='ocrx_word' id='word_1_171' title='bbox 1870 2424 1885 2449; x_wconf 90' lang='lat'><strong>,</strong></span> 
     </span>
    </p>
   </div>
   <div class='ocr_carea' id='block_1_23' title="bbox 293 2472 1890 2546">
    <p class='ocr_par' dir='ltr' id='par_1_23' title="bbox 293 2472 1890 2546">
     <span class='ocr_line' id='line_1_23' title="bbox 293 2472 1890 2546; baseline -0.001 -18"><span class='ocrx_word' id='word_1_172' title='bbox 293 2485 442 2546; x_wconf 82' lang='lat' dir='ltr'><strong>putas</strong></span> <span class='ocrx_word' id='word_1_173' title='bbox 472 2475 687 2528; x_wconf 73' lang='lat' dir='ltr'><strong>inveniet</strong></span> <span class='ocrx_word' id='word_1_174' title='bbox 716 2475 867 2544; x_wconf 80' lang='lat' dir='ltr'><strong>[idem</strong></span> <span class='ocrx_word' id='word_1_175' title='bbox 894 2476 945 2528; x_wconf 88' lang='lat' dir='ltr'><strong>in</strong></span> <span class='ocrx_word' id='word_1_176' title='bbox 977 2484 1110 2529; x_wconf 85' lang='lat' dir='ltr'><strong>terra</strong></span> <span class='ocrx_word' id='word_1_177' title='bbox 1139 2474 1290 2545; x_wconf 80' lang='lat' dir='ltr'><strong>(Luc.</strong></span> <span class='ocrx_word' id='word_1_178' title='bbox 1323 2490 1476 2537; x_wconf 79' lang='lat' dir='ltr'><strong>xvm,</strong></span> <span class='ocrx_word' id='word_1_179' title='bbox 1508 2475 1598 2546; x_wconf 83' lang='lat'><strong>8)?</strong></span> <span class='ocrx_word' id='word_1_180' title='bbox 1626 2472 1890 2529; x_wconf 86' lang='lat' dir='ltr'><strong>Continuo</strong></span> 
     </span>
    </p>
   </div>
   <div class='ocr_carea' id='block_1_24' title="bbox 292 2564 1889 2639">
    <p class='ocr_par' dir='ltr' id='par_1_24' title="bbox 292 2564 1889 2639">
     <span class='ocr_line' id='line_1_24' title="bbox 292 2564 1889 2639; baseline -0.001 -20"><span class='ocrx_word' id='word_1_181' title='bbox 292 2569 493 2639; x_wconf 90' lang='lat' dir='ltr'><strong>quippe</strong></span> <span class='ocrx_word' id='word_1_182' title='bbox 520 2576 769 2636; x_wconf 88' lang='lat' dir='ltr'><strong>tanquam</strong></span> <span class='ocrx_word' id='word_1_183' title='bbox 802 2567 1086 2637; x_wconf 83' lang='lat' dir='ltr'><strong>praesciens</strong></span> <span class='ocrx_word' id='word_1_184' title='bbox 1110 2566 1395 2620; x_wconf 92' lang='lat' dir='ltr'><strong>nonnullos</strong></span> <span class='ocrx_word' id='word_1_185' title='bbox 1416 2566 1513 2620; x_wconf 90' lang='lat' dir='ltr'><strong>sibi</strong></span> <span class='ocrx_word' id='word_1_186' title='bbox 1544 2564 1773 2635; x_wconf 87' lang='lat' dir='ltr'><strong>superbe</strong></span> <span class='ocrx_word' id='word_1_187' title='bbox 1797 2580 1889 2617; x_wconf 89' lang='lat' dir='ltr'><strong>ar-</strong></span> 
     </span>
    </p>
   </div>
   <div class='ocr_carea' id='block_1_25' title="bbox 292 2656 1891 2729">
    <p class='ocr_par' dir='ltr' id='par_1_25' title="bbox 292 2656 1891 2729">
     <span class='ocr_line' id='line_1_25' title="bbox 292 2656 1891 2729; baseline 0.001 -19"><span class='ocrx_word' id='word_1_188' title='bbox 292 2666 579 2728; x_wconf 83' lang='lat' dir='ltr'><strong>rogaturos</strong></span> <span class='ocrx_word' id='word_1_189' title='bbox 607 2658 744 2713; x_wconf 87' lang='lat' dir='ltr'><strong>hanc</strong></span> <span class='ocrx_word' id='word_1_190' title='bbox 775 2658 954 2723; x_wconf 85' lang='lat' dir='ltr'><strong>fidem,</strong></span> <span class='ocrx_word' id='word_1_191' title='bbox 988 2658 1121 2713; x_wconf 83' lang='lat' dir='ltr'><strong>dixit</strong></span> <span class='ocrx_word' id='word_1_192' title='bbox 1139 2658 1203 2713; x_wconf 89' lang='lat' dir='ltr'><strong>ad</strong></span> <span class='ocrx_word' id='word_1_193' title='bbox 1226 2658 1508 2729; x_wconf 88' lang='lat' dir='ltr'><strong>quosdam,</strong></span> <span class='ocrx_word' id='word_1_194' title='bbox 1531 2659 1619 2729; x_wconf 93' lang='lat' dir='ltr'><strong>qui</strong></span> <span class='ocrx_word' id='word_1_195' title='bbox 1645 2657 1743 2711; x_wconf 92' lang='lat' dir='ltr'><strong>sibi</strong></span> <span class='ocrx_word' id='word_1_196' title='bbox 1762 2656 1891 2726; x_wconf 87' lang='lat' dir='ltr'><strong>justi</strong></span> 
     </span>
    </p>
   </div>
   <div class='ocr_carea' id='block_1_26' title="bbox 294 2752 1886 2823">
    <p class='ocr_par' dir='ltr' id='par_1_26' title="bbox 294 2752 1886 2823">
     <span class='ocr_line' id='line_1_26' title="bbox 294 2752 1886 2823; baseline 0 -17"><span class='ocrx_word' id='word_1_197' title='bbox 294 2752 614 2806; x_wconf 78' lang='lat' dir='ltr'><strong>videbantur</strong></span> <span class='ocrx_word' id='word_1_198' title='bbox 628 2763 680 2806; x_wconf 91' lang='lat' dir='ltr'><strong>et</strong></span> <span class='ocrx_word' id='word_1_199' title='bbox 696 2753 1021 2823; x_wconf 89' lang='lat' dir='ltr'><strong>spernebant</strong></span> <span class='ocrx_word' id='word_1_200' title='bbox 1041 2762 1284 2818; x_wconf 74' lang='lat' dir='ltr'><strong>caeteros,</strong></span> <span class='ocrx_word' id='word_1_201' title='bbox 1309 2752 1709 2807; x_wconf 86' lang='lat' dir='ltr'><strong>similitudinem</strong></span> <span class='ocrx_word' id='word_1_202' title='bbox 1730 2752 1886 2807; x_wconf 89' lang='lat' dir='ltr'><strong>hanc:</strong></span> 
     </span>
    </p>
   </div>
   <div class='ocr_carea' id='block_1_27' title="bbox 295 2844 1893 2917">
    <p class='ocr_par' dir='ltr' id='par_1_27' title="bbox 295 2844 1893 2917">
     <span class='ocr_line' id='line_1_27' title="bbox 295 2844 1893 2917; baseline -0.001 -18"><span class='ocrx_word' id='word_1_203' title='bbox 295 2844 411 2899; x_wconf 87' lang='lat' dir='ltr'><strong>Duo</strong></span> <span class='ocrx_word' id='word_1_204' title='bbox 436 2846 646 2913; x_wconf 83' lang='lat' dir='ltr'><strong>quidam</strong></span> <span class='ocrx_word' id='word_1_205' title='bbox 666 2846 997 2900; x_wconf 86' lang='lat' dir='ltr'><strong>ascenderunt</strong></span> <span class='ocrx_word' id='word_1_206' title='bbox 1023 2846 1074 2900; x_wconf 90' lang='lat' dir='ltr'><strong>in</strong></span> <span class='ocrx_word' id='word_1_207' title='bbox 1104 2846 1344 2917; x_wconf 83' lang='lat' dir='ltr'><strong>templum</strong></span> <span class='ocrx_word' id='word_1_208' title='bbox 1367 2862 1530 2910; x_wconf 90' lang='lat' dir='ltr'><strong>orare,</strong></span> <span class='ocrx_word' id='word_1_209' title='bbox 1556 2863 1687 2900; x_wconf 86' lang='lat' dir='ltr'><strong>unus</strong></span> <span class='ocrx_word' id='word_1_210' title='bbox 1719 2846 1893 2916; x_wconf 87' lang='lat' dir='ltr'><strong>phari-</strong></span> 
     </span>
    </p>
   </div>
   <div class='ocr_carea' id='block_1_28' title="bbox 295 2939 1891 3012">
    <p class='ocr_par' dir='ltr' id='par_1_28' title="bbox 295 2939 1891 3012">
     <span class='ocr_line' id='line_1_28' title="bbox 295 2939 1891 3012; baseline 0.001 -20"><span class='ocrx_word' id='word_1_211' title='bbox 295 2956 425 2993; x_wconf 74' lang='lat' dir='ltr'><strong>stzus</strong></span> <span class='ocrx_word' id='word_1_212' title='bbox 450 2949 496 2991; x_wconf 81' lang='lat' dir='ltr'><strong>et</strong></span> <span class='ocrx_word' id='word_1_213' title='bbox 525 2941 655 2993; x_wconf 84' lang='lat' dir='ltr'><strong>alter</strong></span> <span class='ocrx_word' id='word_1_214' title='bbox 675 2940 971 3009; x_wconf 82' lang='lat' dir='ltr'><strong>publicanus</strong></span> <span class='ocrx_word' id='word_1_215' title='bbox 994 2941 1013 3011; x_wconf 93' lang='lat'>(</span> <span class='ocrx_word' id='word_1_216' title='bbox 1038 2939 1150 3007; x_wconf 88' lang='lat' dir='ltr'><strong>Id.,</strong></span> <span class='ocrx_word' id='word_1_217' title='bbox 1184 2940 1281 3012; x_wconf 86' lang='grc'><strong>10)</strong></span> <span class='ocrx_word' id='word_1_218' title='bbox 1302 2983 1315 3006; x_wconf 89' lang='grc'><strong><em>,</em></strong></span> <span class='ocrx_word' id='word_1_219' title='bbox 1341 2949 1396 2995; x_wconf 82' lang='lat' dir='ltr'><strong>el.</strong></span> <span class='ocrx_word' id='word_1_220' title='bbox 1420 2950 1632 2995; x_wconf 60' lang='lat' dir='ltr'><strong>caetera.</strong></span> <span class='ocrx_word' id='word_1_221' title='bbox 1656 2939 1771 2995; x_wconf 85' lang='lat' dir='ltr'><strong>Jam</strong></span> <span class='ocrx_word' id='word_1_222' title='bbox 1798 2939 1891 2994; x_wconf 89' lang='lat' dir='ltr'><strong>tibi</strong></span> 
     </span>
    </p>
   </div>
   <div class='ocr_carea' id='block_1_29' title="bbox 295 3030 1889 3102">
    <p class='ocr_par' dir='ltr' id='par_1_29' title="bbox 295 3030 1889 3102">
     <span class='ocr_line' id='line_1_29' title="bbox 295 3030 1889 3102; baseline 0.003 -21"><span class='ocrx_word' id='word_1_223' title='bbox 295 3047 411 3102; x_wconf 75' lang='lat' dir='ltr'><strong>qua:</strong></span> <span class='ocrx_word' id='word_1_224' title='bbox 427 3031 865 3101; x_wconf 86' lang='lat' dir='ltr'><strong>sequuntur,ipse</strong></span> <span class='ocrx_word' id='word_1_225' title='bbox 879 3031 1374 3102; x_wconf 91' lang='lat' dir='ltr'><strong>responde.lnspice</strong></span> <span class='ocrx_word' id='word_1_226' title='bbox 1391 3041 1564 3087; x_wconf 88' lang='lat' dir='ltr'><strong>tamen</strong></span> <span class='ocrx_word' id='word_1_227' title='bbox 1585 3030 1889 3102; x_wconf 89' lang='lat' dir='ltr'><strong>diligentius</strong></span> 
     </span>
    </p>
   </div>
   <div class='ocr_carea' id='block_1_30' title="bbox 295 3122 1893 3193">
    <p class='ocr_par' dir='ltr' id='par_1_30' title="bbox 295 3122 1893 3193">
     <span class='ocr_line' id='line_1_30' title="bbox 295 3122 1893 3193; baseline 0.001 -18"><span class='ocrx_word' id='word_1_228' title='bbox 295 3122 439 3192; x_wconf 81' lang='lat' dir='ltr'><strong>ipsos</strong></span> <span class='ocrx_word' id='word_1_229' title='bbox 468 3138 664 3191; x_wconf 88' lang='lat' dir='ltr'><strong>paucos</strong></span> <span class='ocrx_word' id='word_1_230' title='bbox 688 3132 912 3188; x_wconf 84' lang='lat' dir='ltr'><strong>vestros,</strong></span> <span class='ocrx_word' id='word_1_231' title='bbox 938 3133 1113 3178; x_wconf 91' lang='lat' dir='ltr'><strong>utrum</strong></span> <span class='ocrx_word' id='word_1_232' title='bbox 1137 3123 1311 3178; x_wconf 92' lang='lat' dir='ltr'><strong>nullus</strong></span> <span class='ocrx_word' id='word_1_233' title='bbox 1339 3123 1443 3177; x_wconf 91' lang='lat' dir='ltr'><strong>illic</strong></span> <span class='ocrx_word' id='word_1_234' title='bbox 1465 3123 1696 3193; x_wconf 89' lang='lat' dir='ltr'><strong>baptizet</strong></span> <span class='ocrx_word' id='word_1_235' title='bbox 1715 3123 1893 3178; x_wconf 81' lang='lat' dir='ltr'><strong>ebrio-</strong></span> 
     </span>
    </p>
   </div>
   <div class='ocr_carea' id='block_1_31' title="bbox 294 3212 1892 3285">
    <p class='ocr_par' dir='ltr' id='par_1_31' title="bbox 294 3212 1892 3285">
     <span class='ocr_line' id='line_1_31' title="bbox 294 3212 1892 3285; baseline 0.001 -18"><span class='ocrx_word' id='word_1_236' title='bbox 294 3227 404 3267; x_wconf 87' lang='lat' dir='ltr'><strong>sus.</strong></span> <span class='ocrx_word' id='word_1_237' title='bbox 436 3212 570 3267; x_wconf 88' lang='lat' dir='ltr'><strong>Tam</strong></span> <span class='ocrx_word' id='word_1_238' title='bbox 599 3214 739 3268; x_wconf 90' lang='lat' dir='ltr'><strong>enim</strong></span> <span class='ocrx_word' id='word_1_239' title='bbox 771 3215 875 3269; x_wconf 89' lang='lat' dir='ltr'><strong>late</strong></span> <span class='ocrx_word' id='word_1_240' title='bbox 905 3223 1076 3269; x_wconf 79' lang='lat' dir='ltr'><strong>vastat</strong></span> <span class='ocrx_word' id='word_1_241' title='bbox 1106 3214 1223 3269; x_wconf 69' lang='lat' dir='ltr'><strong>hmo</strong></span> <span class='ocrx_word' id='word_1_242' title='bbox 1254 3214 1551 3285; x_wconf 90' lang='lat' dir='ltr'><strong>pestilentia</strong></span> <span class='ocrx_word' id='word_1_243' title='bbox 1576 3216 1811 3281; x_wconf 92' lang='lat' dir='ltr'><strong>animas,</strong></span> <span class='ocrx_word' id='word_1_244' title='bbox 1839 3224 1892 3269; x_wconf 88' lang='lat' dir='ltr'><strong>et</strong></span> 
     </span>
    </p>
   </div>
   <div class='ocr_carea' id='block_1_32' title="bbox 294 3306 1889 3374">
    <p class='ocr_par' dir='ltr' id='par_1_32' title="bbox 294 3306 1889 3374">
     <span class='ocr_line' id='line_1_32' title="bbox 294 3306 1889 3374; baseline 0.001 -15"><span class='ocrx_word' id='word_1_245' title='bbox 294 3314 440 3359; x_wconf 89' lang='lat' dir='ltr'><strong>tanta</strong></span> <span class='ocrx_word' id='word_1_246' title='bbox 492 3306 733 3360; x_wconf 85' lang='lat' dir='ltr'><strong>libertate</strong></span> <span class='ocrx_word' id='word_1_247' title='bbox 772 3307 1110 3374; x_wconf 88' lang='lat' dir='ltr'><strong>dominatur,</strong></span> <span class='ocrx_word' id='word_1_248' title='bbox 1152 3316 1207 3361; x_wconf 88' lang='lat' dir='ltr'><strong>ut</strong></span> <span class='ocrx_word' id='word_1_249' title='bbox 1254 3308 1475 3361; x_wconf 87' lang='lat' dir='ltr'><strong>multutn</strong></span> <span class='ocrx_word' id='word_1_250' title='bbox 1525 3306 1686 3361; x_wconf 90' lang='lat' dir='ltr'><strong>mirer</strong></span> <span class='ocrx_word' id='word_1_251' title='bbox 1710 3306 1754 3360; x_wconf 92' lang='lat' dir='ltr'><strong>si</strong></span> <span class='ocrx_word' id='word_1_252' title='bbox 1784 3320 1889 3361; x_wconf 92' lang='lat' dir='ltr'><strong>non</strong></span> 
     </span>
    </p>
   </div>
   <div class='ocr_carea' id='block_1_33' title="bbox 293 3399 1891 3472">
    <p class='ocr_par' dir='ltr' id='par_1_33' title="bbox 293 3399 1891 3472">
     <span class='ocr_line' id='line_1_33' title="bbox 293 3399 1891 3472; baseline 0 -18"><span class='ocrx_word' id='word_1_253' title='bbox 293 3401 454 3455; x_wconf 88' lang='lat' dir='ltr'><strong>etiam</strong></span> <span class='ocrx_word' id='word_1_254' title='bbox 489 3412 725 3455; x_wconf 85' lang='lat' dir='ltr'><strong>vestrum</strong></span> <span class='ocrx_word' id='word_1_255' title='bbox 756 3401 1085 3472; x_wconf 89' lang='lat' dir='ltr'><strong>gregiculum</strong></span> <span class='ocrx_word' id='word_1_256' title='bbox 1133 3401 1455 3470; x_wconf 81' lang='lat' dir='ltr'><strong>penetravit;</strong></span> <span class='ocrx_word' id='word_1_257' title='bbox 1497 3399 1737 3470; x_wconf 83' lang='lat' dir='ltr'><strong>quamvis</strong></span> <span class='ocrx_word' id='word_1_258' title='bbox 1766 3409 1891 3455; x_wconf 89' lang='lat' dir='ltr'><strong>ante</strong></span> 
     </span>
    </p>
   </div>
   <div class='ocr_carea' id='block_1_34' title="bbox 294 3493 1886 3565">
    <p class='ocr_par' dir='ltr' id='par_1_34' title="bbox 294 3493 1886 3565">
     <span class='ocr_line' id='line_1_34' title="bbox 294 3493 1886 3565; baseline -0.002 -16"><span class='ocrx_word' id='word_1_259' title='bbox 294 3494 469 3563; x_wconf 77' lang='lat' dir='ltr'><strong>ipsum</strong></span> <span class='ocrx_word' id='word_1_260' title='bbox 502 3494 790 3550; x_wconf 79' lang='lat' dir='ltr'><strong>adventum</strong></span> <span class='ocrx_word' id='word_1_261' title='bbox 822 3494 941 3549; x_wconf 89' lang='lat' dir='ltr'><strong>Filii</strong></span> <span class='ocrx_word' id='word_1_262' title='bbox 982 3495 1213 3549; x_wconf 88' lang='lat' dir='ltr'><strong>hominis</strong></span> <span class='ocrx_word' id='word_1_263' title='bbox 1234 3536 1249 3561; x_wconf 95' lang='lat'><strong>,</strong></span> <span class='ocrx_word' id='word_1_264' title='bbox 1280 3496 1437 3549; x_wconf 92' lang='lat' dir='ltr'><strong>unius</strong></span> <span class='ocrx_word' id='word_1_265' title='bbox 1475 3493 1600 3549; x_wconf 89' lang='lat' dir='ltr'><strong>boni</strong></span> <span class='ocrx_word' id='word_1_266' title='bbox 1633 3493 1886 3565; x_wconf 84' lang='lat' dir='ltr'><strong>pastoris,</strong></span> 
     </span>
    </p>
   </div>
   <div class='ocr_carea' id='block_1_35' title="bbox 290 3588 1531 3659">
    <p class='ocr_par' dir='ltr' id='par_1_35' title="bbox 290 3588 1531 3659">
     <span class='ocr_line' id='line_1_35' title="bbox 290 3588 1531 3659; baseline 0 -17"><span class='ocrx_word' id='word_1_267' title='bbox 290 3588 400 3659; x_wconf 87' lang='lat' dir='ltr'><strong>jam</strong></span> <span class='ocrx_word' id='word_1_268' title='bbox 432 3605 530 3644; x_wconf 88' lang='lat' dir='ltr'><strong>vos</strong></span> <span class='ocrx_word' id='word_1_269' title='bbox 559 3605 688 3645; x_wconf 82' lang='lat' dir='ltr'><strong>oves</strong></span> <span class='ocrx_word' id='word_1_270' title='bbox 716 3590 784 3643; x_wconf 91' lang='lat' dir='ltr'><strong>ab</strong></span> <span class='ocrx_word' id='word_1_271' title='bbox 811 3589 975 3644; x_wconf 70' lang='lat' dir='ltr'><strong>Itmdis</strong></span> <span class='ocrx_word' id='word_1_272' title='bbox 1005 3604 1283 3659; x_wconf 82' lang='lat' dir='ltr'><strong>separasse</strong></span> <span class='ocrx_word' id='word_1_273' title='bbox 1300 3589 1531 3659; x_wconf 89' lang='lat' dir='ltr'><strong>jactetis.</strong></span> 
     </span>
    </p>
   </div>
   <div class='ocr_carea' id='block_1_36' title="bbox 363 3677 1891 3752">
    <p class='ocr_par' dir='ltr' id='par_1_36' title="bbox 363 3677 1891 3752">
     <span class='ocr_line' id='line_1_36' title="bbox 363 3677 1891 3752; baseline -0.003 -15"><span class='ocrx_word' id='word_1_274' title='bbox 363 3681 594 3737; x_wconf 75' lang='lat' dir='ltr'><strong>CAPUT</strong></span> <span class='ocrx_word' id='word_1_275' title='bbox 633 3681 744 3737; x_wconf 80' lang='lat' dir='ltr'><strong>Xll.</strong></span> <span class='ocrx_word' id='word_1_276' title='bbox 768 3682 947 3737; x_wconf 85' lang='lat'><strong>—50.</strong></span> <span class='ocrx_word' id='word_1_277' title='bbox 990 3682 1125 3736; x_wconf 84' lang='lat' dir='ltr'><strong>Audi</strong></span> <span class='ocrx_word' id='word_1_278' title='bbox 1166 3696 1297 3736; x_wconf 87' lang='lat' dir='ltr'><strong>sane</strong></span> <span class='ocrx_word' id='word_1_279' title='bbox 1336 3696 1430 3752; x_wconf 91' lang='lat' dir='ltr'><strong>per</strong></span> <span class='ocrx_word' id='word_1_280' title='bbox 1466 3695 1552 3735; x_wconf 88' lang='lat' dir='ltr'><strong>me</strong></span> <span class='ocrx_word' id='word_1_281' title='bbox 1580 3693 1767 3735; x_wconf 90' lang='lat' dir='ltr'><strong>vocem</strong></span> <span class='ocrx_word' id='word_1_282' title='bbox 1795 3677 1891 3733; x_wconf 93' lang='lat' dir='ltr'><strong>do-</strong></span> 
     </span>
    </p>
   </div>
   <div class='ocr_carea' id='block_1_37' title="bbox 294 3769 1889 3841">
    <p class='ocr_par' dir='ltr' id='par_1_37' title="bbox 294 3769 1889 3841">
     <span class='ocr_line' id='line_1_37' title="bbox 294 3769 1889 3841; baseline -0.004 -11"><span class='ocrx_word' id='word_1_283' title='bbox 294 3776 611 3830; x_wconf 83' lang='lat' dir='ltr'><strong>niiuicorum</strong></span> <span class='ocrx_word' id='word_1_284' title='bbox 642 3774 1062 3839; x_wconf 82' lang='lat' dir='ltr'><strong>frumentorum,</strong></span> <span class='ocrx_word' id='word_1_285' title='bbox 1099 3774 1149 3827; x_wconf 93' lang='lat' dir='ltr'><strong>in</strong></span> <span class='ocrx_word' id='word_1_286' title='bbox 1178 3788 1304 3829; x_wconf 84' lang='lat' dir='ltr'><strong>area</strong></span> <span class='ocrx_word' id='word_1_287' title='bbox 1332 3772 1597 3833; x_wconf 86' lang='lat' dir='ltr'><strong>dominica</strong></span> <span class='ocrx_word' id='word_1_288' title='bbox 1628 3785 1793 3841; x_wconf 92' lang='lat' dir='ltr'><strong>usque</strong></span> <span class='ocrx_word' id='word_1_289' title='bbox 1822 3769 1889 3823; x_wconf 88' lang='lat' dir='ltr'><strong>ad</strong></span> 
     </span>
    </p>
   </div>
   <div class='ocr_carea' id='block_1_38' title="bbox 294 3861 1889 3936">
    <p class='ocr_par' dir='ltr' id='par_1_38' title="bbox 294 3861 1889 3936">
     <span class='ocr_line' id='line_1_38' title="bbox 294 3861 1889 3936; baseline -0.003 -15"><span class='ocrx_word' id='word_1_290' title='bbox 294 3868 538 3922; x_wconf 91' lang='lat' dir='ltr'><strong>ultimam</strong></span> <span class='ocrx_word' id='word_1_291' title='bbox 599 3868 995 3922; x_wconf 84' lang='lat' dir='ltr'><strong>ventilationem</strong></span> <span class='ocrx_word' id='word_1_292' title='bbox 1066 3868 1204 3921; x_wconf 88' lang='lat' dir='ltr'><strong>inter</strong></span> <span class='ocrx_word' id='word_1_293' title='bbox 1264 3866 1470 3936; x_wconf 82' lang='lat' dir='ltr'><strong>paleam</strong></span> <span class='ocrx_word' id='word_1_294' title='bbox 1533 3861 1889 3919; x_wconf 77' lang='lat' dir='ltr'><strong>laborantium</strong></span> 
     </span>
    </p>
   </div>
   <div class='ocr_carea' id='block_1_39' title="bbox 298 3959 1889 4032">
    <p class='ocr_par' dir='ltr' id='par_1_39' title="bbox 298 3959 1889 4032">
     <span class='ocr_line' id='line_1_39' title="bbox 298 3959 1889 4032; baseline 0 -20"><span class='ocrx_word' id='word_1_295' title='bbox 298 3959 529 4031; x_wconf 76' lang='lat' dir='ltr'><strong>(Matth.</strong></span> <span class='ocrx_word' id='word_1_296' title='bbox 565 3974 650 4025; x_wconf 89' lang='lat' dir='ltr'><strong>Ill,</strong></span> <span class='ocrx_word' id='word_1_297' title='bbox 687 3961 826 4032; x_wconf 72' lang='grc'><strong>12),</strong></span> <span class='ocrx_word' id='word_1_298' title='bbox 856 3976 952 4031; x_wconf 90' lang='lat' dir='ltr'><strong>per</strong></span> <span class='ocrx_word' id='word_1_299' title='bbox 981 3969 1147 4015; x_wconf 92' lang='lat' dir='ltr'><strong>totum</strong></span> <span class='ocrx_word' id='word_1_300' title='bbox 1194 3960 1399 4015; x_wconf 89' lang='lat' dir='ltr'><strong>scilicet</strong></span> <span class='ocrx_word' id='word_1_301' title='bbox 1437 3959 1734 4025; x_wconf 92' lang='lat' dir='ltr'><strong>mundum,</strong></span> <span class='ocrx_word' id='word_1_302' title='bbox 1767 3959 1889 4029; x_wconf 92' lang='lat' dir='ltr'><strong>quia</strong></span> 
     </span>
    </p>
   </div>
   <div class='ocr_carea' id='block_1_40' title="bbox 294 4052 1886 4124">
    <p class='ocr_par' dir='ltr' id='par_1_40' title="bbox 294 4052 1886 4124">
     <span class='ocr_line' id='line_1_40' title="bbox 294 4052 1886 4124; baseline -0.001 -16"><span class='ocrx_word' id='word_1_303' title='bbox 294 4052 436 4109; x_wconf 87' lang='lat' dir='ltr'><strong>Deus</strong></span> <span class='ocrx_word' id='word_1_304' title='bbox 463 4056 677 4109; x_wconf 85' lang='lat' dir='ltr'><strong>vocavit</strong></span> <span class='ocrx_word' id='word_1_305' title='bbox 705 4064 899 4110; x_wconf 87' lang='lat' dir='ltr'><strong>terram</strong></span> <span class='ocrx_word' id='word_1_306' title='bbox 947 4070 977 4109; x_wconf 88' lang='lat' dir='ltr'><strong>a</strong></span> <span class='ocrx_word' id='word_1_307' title='bbox 1022 4053 1151 4109; x_wconf 91' lang='lat' dir='ltr'><strong>solis</strong></span> <span class='ocrx_word' id='word_1_308' title='bbox 1196 4062 1315 4108; x_wconf 91' lang='lat' dir='ltr'><strong>ortu</strong></span> <span class='ocrx_word' id='word_1_309' title='bbox 1351 4069 1517 4124; x_wconf 87' lang='lat' dir='ltr'><strong>usque</strong></span> <span class='ocrx_word' id='word_1_310' title='bbox 1546 4053 1611 4107; x_wconf 92' lang='lat' dir='ltr'><strong>ad</strong></span> <span class='ocrx_word' id='word_1_311' title='bbox 1641 4068 1886 4108; x_wconf 89' lang='lat' dir='ltr'><strong>occasqu</strong></span> 
     </span>
    </p>
   </div>
   <div class='ocr_carea' id='block_1_41' title="bbox 299 4144 1887 4218">
    <p class='ocr_par' dir='ltr' id='par_1_41' title="bbox 299 4144 1887 4218">
     <span class='ocr_line' id='line_1_41' title="bbox 299 4144 1887 4218; baseline 0 -19"><span class='ocrx_word' id='word_1_312' title='bbox 299 4144 487 4217; x_wconf 84' lang='lat' dir='ltr'><strong>(Psal.</strong></span> <span class='ocrx_word' id='word_1_313' title='bbox 525 4163 684 4213; x_wconf 62' lang='grc' dir='ltr'>χιιι,</span> <span class='ocrx_word' id='word_1_314' title='bbox 718 4146 823 4218; x_wconf 89' lang='grc'><strong>1),</strong></span> <span class='ocrx_word' id='word_1_315' title='bbox 853 4146 942 4202; x_wconf 89' lang='lat' dir='ltr'><strong>ubi</strong></span> <span class='ocrx_word' id='word_1_316' title='bbox 982 4146 1142 4201; x_wconf 87' lang='lat' dir='ltr'><strong>etiam</strong></span> <span class='ocrx_word' id='word_1_317' title='bbox 1180 4145 1329 4215; x_wconf 89' lang='lat' dir='ltr'><strong>pueri</strong></span> <span class='ocrx_word' id='word_1_318' title='bbox 1370 4145 1584 4199; x_wconf 91' lang='lat' dir='ltr'><strong>laudant</strong></span> <span class='ocrx_word' id='word_1_319' title='bbox 1608 4145 1887 4199; x_wconf 91' lang='lat' dir='ltr'><strong>Dominum</strong></span> 
     </span>
    </p>
   </div>
   <div class='ocr_carea' id='block_1_42' title="bbox 299 4236 1889 4311">
    <p class='ocr_par' dir='ltr' id='par_1_42' title="bbox 299 4236 1889 4311">
     <span class='ocr_line' id='line_1_42' title="bbox 299 4236 1889 4311; baseline 0 -20"><span class='ocrx_word' id='word_1_320' title='bbox 299 4236 319 4311; x_wconf 91' lang='lat'><strong>(</strong></span> <span class='ocrx_word' id='word_1_321' title='bbox 340 4237 485 4293; x_wconf 85' lang='lat' dir='ltr'><strong>Psal.</strong></span> <span class='ocrx_word' id='word_1_322' title='bbox 515 4255 644 4307; x_wconf 83' lang='lat' dir='ltr'><strong>cxu,</strong></span> <span class='ocrx_word' id='word_1_323' title='bbox 672 4238 807 4310; x_wconf 79' lang='grc'><strong>1-5)</strong></span> <span class='ocrx_word' id='word_1_324' title='bbox 841 4258 852 4292; x_wconf 91' lang='lat'><strong>:</strong></span> <span class='ocrx_word' id='word_1_325' title='bbox 881 4238 1212 4309; x_wconf 88' lang='lat' dir='ltr'><strong>Quicumque</strong></span> <span class='ocrx_word' id='word_1_326' title='bbox 1240 4252 1334 4292; x_wconf 88' lang='lat' dir='ltr'><strong>vos</strong></span> <span class='ocrx_word' id='word_1_327' title='bbox 1359 4253 1423 4292; x_wconf 82' lang='lat' dir='ltr'><strong>ex</strong></span> <span class='ocrx_word' id='word_1_328' title='bbox 1451 4238 1733 4292; x_wconf 90' lang='lat' dir='ltr'><strong>occasione</strong></span> <span class='ocrx_word' id='word_1_329' title='bbox 1757 4238 1889 4307; x_wconf 87' lang='lat' dir='ltr'><strong>legis</strong></span> 
     </span>
    </p>
   </div>
   <div class='ocr_carea' id='block_1_43' title="bbox 296 4328 1887 4402">
    <p class='ocr_par' dir='ltr' id='par_1_43' title="bbox 296 4328 1887 4402">
     <span class='ocr_line' id='line_1_43' title="bbox 296 4328 1887 4402; baseline -0.002 -17"><span class='ocrx_word' id='word_1_330' title='bbox 296 4328 457 4401; x_wconf 83' lang='lat' dir='ltr'><strong>hujus</strong></span> <span class='ocrx_word' id='word_1_331' title='bbox 484 4331 775 4402; x_wconf 89' lang='lat' dir='ltr'><strong>imperialis</strong></span> <span class='ocrx_word' id='word_1_332' title='bbox 797 4372 812 4397; x_wconf 91' lang='lat'><strong>,</strong></span> <span class='ocrx_word' id='word_1_333' title='bbox 844 4345 950 4386; x_wconf 92' lang='lat' dir='ltr'><strong>non</strong></span> <span class='ocrx_word' id='word_1_334' title='bbox 976 4329 1261 4385; x_wconf 87' lang='lat' dir='ltr'><strong>dilectione</strong></span> <span class='ocrx_word' id='word_1_335' title='bbox 1288 4328 1589 4400; x_wconf 78' lang='lat' dir='ltr'><strong>corrigendi</strong></span> <span class='ocrx_word' id='word_1_336' title='bbox 1614 4370 1631 4397; x_wconf 93' lang='lat'><strong>,</strong></span> <span class='ocrx_word' id='word_1_337' title='bbox 1661 4328 1752 4383; x_wconf 90' lang='lat' dir='ltr'><strong>sed</strong></span> <span class='ocrx_word' id='word_1_338' title='bbox 1784 4328 1887 4383; x_wconf 89' lang='lat' dir='ltr'><strong>ini-</strong></span> 
     </span>
    </p>
   </div>
   <div class='ocr_carea' id='block_1_44' title="bbox 296 4421 1890 4494">
    <p class='ocr_par' dir='ltr' id='par_1_44' title="bbox 296 4421 1890 4494">
     <span class='ocr_line' id='line_1_44' title="bbox 296 4421 1890 4494; baseline -0.003 -15"><span class='ocrx_word' id='word_1_339' title='bbox 296 4423 529 4479; x_wconf 85' lang='lat' dir='ltr'><strong>micandi</strong></span> <span class='ocrx_word' id='word_1_340' title='bbox 566 4422 691 4478; x_wconf 91' lang='lat' dir='ltr'><strong>odio</strong></span> <span class='ocrx_word' id='word_1_341' title='bbox 718 4424 1084 4493; x_wconf 86' lang='lat' dir='ltr'><strong>persequitur,</strong></span> <span class='ocrx_word' id='word_1_342' title='bbox 1114 4421 1362 4494; x_wconf 76' lang='lat' dir='ltr'><strong>displicet</strong></span> <span class='ocrx_word' id='word_1_343' title='bbox 1409 4421 1583 4477; x_wconf 90' lang='lat' dir='ltr'><strong>nobis.</strong></span> <span class='ocrx_word' id='word_1_344' title='bbox 1617 4422 1684 4476; x_wconf 88' lang='lat' dir='ltr'><strong>Et</strong></span> <span class='ocrx_word' id='word_1_345' title='bbox 1710 4436 1890 4492; x_wconf 84' lang='lat' dir='ltr'><strong>quam-</strong></span> 
     </span>
    </p>
   </div>
   <div class='ocr_carea' id='block_1_45' title="bbox 297 4512 1888 4585">
    <p class='ocr_par' dir='ltr' id='par_1_45' title="bbox 297 4512 1888 4585">
     <span class='ocr_line' id='line_1_45' title="bbox 297 4512 1888 4585; baseline 0.001 -18"><span class='ocrx_word' id='word_1_346' title='bbox 297 4514 382 4569; x_wconf 79' lang='lat' dir='ltr'><strong>vis</strong></span> <span class='ocrx_word' id='word_1_347' title='bbox 403 4530 493 4570; x_wconf 86' lang='lat' dir='ltr'><strong>res</strong></span> <span class='ocrx_word' id='word_1_348' title='bbox 511 4530 735 4585; x_wconf 70' lang='lat' dir='ltr'><strong>qumque</strong></span> <span class='ocrx_word' id='word_1_349' title='bbox 758 4525 967 4569; x_wconf 88' lang='lat' dir='ltr'><strong>terrena</strong></span> <span class='ocrx_word' id='word_1_350' title='bbox 992 4529 1097 4568; x_wconf 91' lang='lat' dir='ltr'><strong>non</strong></span> <span class='ocrx_word' id='word_1_351' title='bbox 1122 4522 1267 4569; x_wconf 89' lang='lat' dir='ltr'><strong>recte</strong></span> <span class='ocrx_word' id='word_1_352' title='bbox 1285 4528 1316 4567; x_wconf 91' lang='lat' dir='ltr'><strong>a</strong></span> <span class='ocrx_word' id='word_1_353' title='bbox 1337 4514 1609 4583; x_wconf 72' lang='lat' dir='ltr'><strong>quoquam‘</strong></span> <span class='ocrx_word' id='word_1_354' title='bbox 1628 4512 1888 4583; x_wconf 91' lang='lat' dir='ltr'><strong>possideri</strong></span> 
     </span>
    </p>
   </div>
   <div class='ocr_carea' id='block_1_46' title="bbox 296 4605 1884 4678">
    <p class='ocr_par' dir='ltr' id='par_1_46' title="bbox 296 4605 1884 4678">
     <span class='ocr_line' id='line_1_46' title="bbox 296 4605 1884 4678; baseline -0.001 -17"><span class='ocrx_word' id='word_1_355' title='bbox 296 4608 485 4678; x_wconf 89' lang='lat' dir='ltr'><strong>possit,</strong></span> <span class='ocrx_word' id='word_1_356' title='bbox 511 4606 610 4663; x_wconf 90' lang='lat' dir='ltr'><strong>nisi</strong></span> <span class='ocrx_word' id='word_1_357' title='bbox 634 4606 717 4661; x_wconf 89' lang='lat' dir='ltr'><strong>vel</strong></span> <span class='ocrx_word' id='word_1_358' title='bbox 739 4607 859 4676; x_wconf 88' lang='lat' dir='ltr'><strong>jure</strong></span> <span class='ocrx_word' id='word_1_359' title='bbox 885 4607 1084 4673; x_wconf 89' lang='lat' dir='ltr'><strong>divino,</strong></span> <span class='ocrx_word' id='word_1_360' title='bbox 1113 4621 1218 4676; x_wconf 90' lang='lat' dir='ltr'><strong>quo</strong></span> <span class='ocrx_word' id='word_1_361' title='bbox 1244 4614 1434 4660; x_wconf 89' lang='lat' dir='ltr'><strong>cuneta</strong></span> <span class='ocrx_word' id='word_1_362' title='bbox 1451 4605 1715 4676; x_wconf 89' lang='lat' dir='ltr'><strong>justorum</strong></span> <span class='ocrx_word' id='word_1_363' title='bbox 1740 4615 1884 4672; x_wconf 90' lang='lat' dir='ltr'><strong>sunt,</strong></span> 
     </span>
    </p>
   </div>
   <div class='ocr_carea' id='block_1_47' title="bbox 295 4699 1886 4770">
    <p class='ocr_par' dir='ltr' id='par_1_47' title="bbox 295 4699 1886 4770">
     <span class='ocr_line' id='line_1_47' title="bbox 295 4699 1886 4770; baseline -0.001 -15"><span class='ocrx_word' id='word_1_364' title='bbox 295 4702 379 4757; x_wconf 81' lang='lat' dir='ltr'><strong>vel</strong></span> <span class='ocrx_word' id='word_1_365' title='bbox 396 4701 518 4770; x_wconf 90' lang='lat' dir='ltr'><strong>jure</strong></span> <span class='ocrx_word' id='word_1_366' title='bbox 541 4701 792 4765; x_wconf 87' lang='lat' dir='ltr'><strong>humano,</strong></span> <span class='ocrx_word' id='word_1_367' title='bbox 816 4699 959 4770; x_wconf 89' lang='lat' dir='ltr'><strong>quod</strong></span> <span class='ocrx_word' id='word_1_368' title='bbox 986 4700 1035 4753; x_wconf 93' lang='lat' dir='ltr'><strong>in</strong></span> <span class='ocrx_word' id='word_1_369' title='bbox 1084 4708 1342 4770; x_wconf 89' lang='lat' dir='ltr'><strong>potestate</strong></span> <span class='ocrx_word' id='word_1_370' title='bbox 1369 4715 1553 4770; x_wconf 85' lang='lat' dir='ltr'><strong>regum</strong></span> <span class='ocrx_word' id='word_1_371' title='bbox 1596 4710 1679 4755; x_wconf 90' lang='lat' dir='ltr'><strong>est</strong></span> <span class='ocrx_word' id='word_1_372' title='bbox 1701 4710 1886 4765; x_wconf 68' lang='lat' dir='ltr'><strong>terrm;</strong></span> 
     </span>
    </p>
   </div>
   <div class='ocr_carea' id='block_1_48' title="bbox 297 4790 1891 4862">
    <p class='ocr_par' dir='ltr' id='par_1_48' title="bbox 297 4790 1891 4862">
     <span class='ocr_line' id='line_1_48' title="bbox 297 4790 1891 4862; baseline -0.001 -15"><span class='ocrx_word' id='word_1_373' title='bbox 297 4791 526 4861; x_wconf 76' lang='lat' dir='ltr'><strong>ideoque</strong></span> <span class='ocrx_word' id='word_1_374' title='bbox 546 4807 633 4846; x_wconf 91' lang='lat' dir='ltr'><strong>res</strong></span> <span class='ocrx_word' id='word_1_375' title='bbox 654 4801 861 4846; x_wconf 89' lang='lat' dir='ltr'><strong>vestras</strong></span> <span class='ocrx_word' id='word_1_376' title='bbox 882 4790 1014 4845; x_wconf 90' lang='lat' dir='ltr'><strong>falso</strong></span> <span class='ocrx_word' id='word_1_377' title='bbox 1036 4791 1338 4861; x_wconf 89' lang='lat' dir='ltr'><strong>appelletis,</strong></span> <span class='ocrx_word' id='word_1_378' title='bbox 1360 4806 1493 4861; x_wconf 90' lang='lat' dir='ltr'><strong>quas</strong></span> <span class='ocrx_word' id='word_1_379' title='bbox 1514 4806 1613 4846; x_wconf 89' lang='lat' dir='ltr'><strong>nec</strong></span> <span class='ocrx_word' id='word_1_380' title='bbox 1629 4791 1757 4862; x_wconf 91' lang='lat' dir='ltr'><strong>justi</strong></span> <span class='ocrx_word' id='word_1_381' title='bbox 1776 4806 1891 4862; x_wconf 91' lang='lat' dir='ltr'><strong>pos-</strong></span> 
     </span>
    </p>
   </div>
   <div class='ocr_carea' id='block_1_49' title="bbox 295 4883 1890 4955">
    <p class='ocr_par' dir='ltr' id='par_1_49' title="bbox 295 4883 1890 4955">
     <span class='ocr_line' id='line_1_49' title="bbox 295 4883 1890 4955; baseline 0.001 -16"><span class='ocrx_word' id='word_1_382' title='bbox 295 4885 503 4950; x_wconf 74' lang='lat' dir='ltr'><strong>sidetis,</strong></span> <span class='ocrx_word' id='word_1_383' title='bbox 524 4895 576 4938; x_wconf 92' lang='lat' dir='ltr'><strong>et</strong></span> <span class='ocrx_word' id='word_1_384' title='bbox 598 4883 892 4939; x_wconf 90' lang='lat' dir='ltr'><strong>secundum</strong></span> <span class='ocrx_word' id='word_1_385' title='bbox 922 4884 1066 4954; x_wconf 81' lang='lat' dir='ltr'><strong>leges</strong></span> <span class='ocrx_word' id='word_1_386' title='bbox 1086 4898 1269 4955; x_wconf 79' lang='lat' dir='ltr'><strong>regum</strong></span> <span class='ocrx_word' id='word_1_387' title='bbox 1290 4892 1621 4939; x_wconf 90' lang='lat' dir='ltr'><strong>terrenorum</strong></span> <span class='ocrx_word' id='word_1_388' title='bbox 1644 4885 1890 4940; x_wconf 90' lang='lat' dir='ltr'><strong>amittere</strong></span> 
     </span>
    </p>
   </div>
   <div class='ocr_carea' id='block_1_50' title="bbox 291 4974 1890 5047">
    <p class='ocr_par' dir='ltr' id='par_1_50' title="bbox 291 4974 1890 5047">
     <span class='ocr_line' id='line_1_50' title="bbox 291 4974 1890 5047; baseline 0.002 -19"><span class='ocrx_word' id='word_1_389' title='bbox 291 4974 425 5045; x_wconf 89' lang='lat' dir='ltr'><strong>jussi</strong></span> <span class='ocrx_word' id='word_1_390' title='bbox 453 4975 585 5029; x_wconf 83' lang='lat' dir='ltr'><strong>estis</strong></span> <span class='ocrx_word' id='word_1_391' title='bbox 606 5016 620 5042; x_wconf 94' lang='lat'><strong>,</strong></span> <span class='ocrx_word' id='word_1_392' title='bbox 667 4974 968 5045; x_wconf 85' lang='lat' dir='ltr'><strong>frustraque</strong></span> <span class='ocrx_word' id='word_1_393' title='bbox 994 4974 1184 5028; x_wconf 87' lang='lat' dir='ltr'><strong>dicatis</strong></span> <span class='ocrx_word' id='word_1_394' title='bbox 1207 5016 1221 5040; x_wconf 92' lang='lat'><strong>,</strong></span> <span class='ocrx_word' id='word_1_395' title='bbox 1266 4974 1374 5029; x_wconf 87' lang='lat' dir='ltr'><strong>Nos</strong></span> <span class='ocrx_word' id='word_1_396' title='bbox 1400 4976 1476 5029; x_wconf 89' lang='lat' dir='ltr'><strong>eis</strong></span> <span class='ocrx_word' id='word_1_397' title='bbox 1504 4977 1890 5047; x_wconf 74' lang='lat' dir='ltr'><strong>congregandis</strong></span> 
     </span>
    </p>
   </div>
   <div class='ocr_carea' id='block_1_51' title="bbox 296 5062 1889 5136">
    <p class='ocr_par' dir='ltr' id='par_1_51' title="bbox 296 5062 1889 5136">
     <span class='ocr_line' id='line_1_51' title="bbox 296 5062 1889 5136; baseline -0.001 -16"><span class='ocrx_word' id='word_1_398' title='bbox 296 5064 677 5132; x_wconf 70' lang='lat' dir='ltr'><strong>laboravimus,</strong></span> <span class='ocrx_word' id='word_1_399' title='bbox 705 5080 827 5119; x_wconf 90' lang='lat' dir='ltr'><strong>cum</strong></span> <span class='ocrx_word' id='word_1_400' title='bbox 853 5065 1105 5135; x_wconf 86' lang='lat' dir='ltr'><strong>scriptum</strong></span> <span class='ocrx_word' id='word_1_401' title='bbox 1138 5064 1345 5135; x_wconf 84' lang='lat' dir='ltr'><strong>legatis,</strong></span> <span class='ocrx_word' id='word_1_402' title='bbox 1369 5062 1592 5120; x_wconf 87' lang='lat' dir='ltr'><strong>Labores</strong></span> <span class='ocrx_word' id='word_1_403' title='bbox 1616 5066 1889 5136; x_wconf 88' lang='lat' dir='ltr'><strong>impiorum</strong></span> 
     </span>
    </p>
   </div>
   <div class='ocr_carea' id='block_1_52' title="bbox 289 5155 1889 5231">
    <p class='ocr_par' dir='ltr' id='par_1_52' title="bbox 289 5155 1889 5231">
     <span class='ocr_line' id='line_1_52' title="bbox 289 5155 1889 5231; baseline 0.002 -19"><span class='ocrx_word' id='word_1_404' title='bbox 289 5158 418 5231; x_wconf 84' lang='lat' dir='ltr'><strong>justi</strong></span> <span class='ocrx_word' id='word_1_405' title='bbox 456 5159 606 5212; x_wconf 83' lang='lat' dir='ltr'><strong>edent</strong></span> <span class='ocrx_word' id='word_1_406' title='bbox 631 5158 648 5229; x_wconf 93' lang='lat'><strong>(</strong></span> <span class='ocrx_word' id='word_1_407' title='bbox 673 5155 828 5212; x_wconf 90' lang='lat' dir='ltr'><strong>Prov.</strong></span> <span class='ocrx_word' id='word_1_408' title='bbox 859 5174 974 5222; x_wconf 77' lang='lat' dir='ltr'><strong>xm,</strong></span> <span class='ocrx_word' id='word_1_409' title='bbox 1007 5156 1115 5229; x_wconf 70' lang='lat'><strong>22)</strong></span> <span class='ocrx_word' id='word_1_410' title='bbox 1152 5172 1165 5208; x_wconf 92' lang='lat'><strong>:</strong></span> <span class='ocrx_word' id='word_1_411' title='bbox 1197 5156 1291 5212; x_wconf 91' lang='lat' dir='ltr'><strong>sed</strong></span> <span class='ocrx_word' id='word_1_412' title='bbox 1332 5166 1506 5213; x_wconf 89' lang='lat' dir='ltr'><strong>tamen</strong></span> <span class='ocrx_word' id='word_1_413' title='bbox 1548 5159 1788 5229; x_wconf 88' lang='lat' dir='ltr'><strong>quisquis</strong></span> <span class='ocrx_word' id='word_1_414' title='bbox 1823 5174 1889 5215; x_wconf 83' lang='lat' dir='ltr'><strong>ex</strong></span> 
     </span>
    </p>
   </div>
   <div class='ocr_carea' id='block_1_53' title="bbox 296 5250 1892 5322">
    <p class='ocr_par' dir='ltr' id='par_1_53' title="bbox 296 5250 1892 5322">
     <span class='ocr_line' id='line_1_53' title="bbox 296 5250 1892 5322; baseline 0 -15"><span class='ocrx_word' id='word_1_415' title='bbox 296 5254 581 5307; x_wconf 77' lang='lat' dir='ltr'><strong>occasione</strong></span> <span class='ocrx_word' id='word_1_416' title='bbox 613 5252 768 5322; x_wconf 89' lang='lat' dir='ltr'><strong>hujus</strong></span> <span class='ocrx_word' id='word_1_417' title='bbox 792 5251 923 5321; x_wconf 92' lang='lat' dir='ltr'><strong>legis</strong></span> <span class='ocrx_word' id='word_1_418' title='bbox 944 5293 958 5317; x_wconf 94' lang='lat'><strong>,</strong></span> <span class='ocrx_word' id='word_1_419' title='bbox 985 5264 1327 5321; x_wconf 80' lang='lat' dir='ltr'><strong>quam&#39;reges</strong></span> <span class='ocrx_word' id='word_1_420' title='bbox 1358 5259 1512 5306; x_wconf 82' lang='lat' dir='ltr'><strong>teme</strong></span> <span class='ocrx_word' id='word_1_421' title='bbox 1536 5250 1749 5307; x_wconf 89' lang='lat' dir='ltr'><strong>Christo</strong></span> <span class='ocrx_word' id='word_1_422' title='bbox 1780 5268 1892 5307; x_wconf 91' lang='lat' dir='ltr'><strong>ser-</strong></span> 
     </span>
    </p>
   </div>
   <div class='ocr_carea' id='block_1_54' title="bbox 297 5342 1891 5416">
    <p class='ocr_par' dir='ltr' id='par_1_54' title="bbox 297 5342 1891 5416">
     <span class='ocr_line' id='line_1_54' title="bbox 297 5342 1891 5416; baseline 0.001 -19"><span class='ocrx_word' id='word_1_423' title='bbox 297 5346 525 5409; x_wconf 83' lang='lat' dir='ltr'><strong>vientes,</strong></span> <span class='ocrx_word' id='word_1_424' title='bbox 548 5344 615 5398; x_wconf 93' lang='lat' dir='ltr'><strong>ad</strong></span> <span class='ocrx_word' id='word_1_425' title='bbox 639 5342 1024 5399; x_wconf 90' lang='lat' dir='ltr'><strong>emendandam</strong></span> <span class='ocrx_word' id='word_1_426' title='bbox 1046 5352 1276 5398; x_wconf 81' lang='lat' dir='ltr'><strong>vestram</strong></span> <span class='ocrx_word' id='word_1_427' title='bbox 1305 5343 1630 5414; x_wconf 89' lang='lat' dir='ltr'><strong>impietatem</strong></span> <span class='ocrx_word' id='word_1_428' title='bbox 1652 5346 1891 5416; x_wconf 83' lang='lat' dir='ltr'><strong>promul-</strong></span> 
     </span>
    </p>
   </div>
   <div class='ocr_carea' id='block_1_55' title="bbox 299 5433 1903 5505">
    <p class='ocr_par' dir='ltr' id='par_1_55' title="bbox 299 5433 1903 5505">
     <span class='ocr_line' id='line_1_55' title="bbox 299 5433 1903 5505; baseline 0.002 -18"><span class='ocrx_word' id='word_1_429' title='bbox 299 5445 578 5505; x_wconf 84' lang='lat' dir='ltr'><strong>gaverunt,</strong></span> <span class='ocrx_word' id='word_1_430' title='bbox 613 5450 701 5489; x_wconf 89' lang='lat' dir='ltr'><strong>res</strong></span> <span class='ocrx_word' id='word_1_431' title='bbox 729 5434 969 5505; x_wconf 87' lang='lat' dir='ltr'><strong>proprias</strong></span> <span class='ocrx_word' id='word_1_432' title='bbox 996 5443 1202 5489; x_wconf 89' lang='lat' dir='ltr'><strong>vestras</strong></span> <span class='ocrx_word' id='word_1_433' title='bbox 1230 5433 1423 5504; x_wconf 90' lang='lat' dir='ltr'><strong>cupide</strong></span> <span class='ocrx_word' id='word_1_434' title='bbox 1449 5436 1670 5505; x_wconf 89' lang='lat' dir='ltr'><strong>appetit,</strong></span> <span class='ocrx_word' id='word_1_435' title='bbox 1702 5435 1903 5505; x_wconf 78' lang='lat' dir='ltr'><strong>displi-‘</strong></span> 
     </span>
    </p>
   </div>
   <div class='ocr_carea' id='block_1_56' title="bbox 299 5527 1893 5599">
    <p class='ocr_par' dir='ltr' id='par_1_56' title="bbox 299 5527 1893 5599">
     <span class='ocr_line' id='line_1_56' title="bbox 299 5527 1893 5599; baseline 0.001 -15"><span class='ocrx_word' id='word_1_436' title='bbox 299 5537 384 5584; x_wconf 86' lang='lat' dir='ltr'><strong>cet</strong></span> <span class='ocrx_word' id='word_1_437' title='bbox 415 5528 587 5584; x_wconf 91' lang='lat' dir='ltr'><strong>nobis.</strong></span> <span class='ocrx_word' id='word_1_438' title='bbox 619 5527 870 5597; x_wconf 87' lang='lat' dir='ltr'><strong>Quisquis</strong></span> <span class='ocrx_word' id='word_1_439' title='bbox 910 5527 1141 5597; x_wconf 91' lang='lat' dir='ltr'><strong>denique</strong></span> <span class='ocrx_word' id='word_1_440' title='bbox 1181 5528 1320 5598; x_wconf 92' lang='lat' dir='ltr'><strong>ipsas</strong></span> <span class='ocrx_word' id='word_1_441' title='bbox 1349 5542 1437 5583; x_wconf 89' lang='lat' dir='ltr'><strong>res</strong></span> <span class='ocrx_word' id='word_1_442' title='bbox 1462 5543 1774 5599; x_wconf 85' lang='lat' dir='ltr'><strong>pauperum,</strong></span> <span class='ocrx_word' id='word_1_443' title='bbox 1811 5531 1893 5586; x_wconf 88' lang='lat' dir='ltr'><strong>vel</strong></span> 
     </span>
    </p>
   </div>
   <div class='ocr_carea' id='block_1_57' title="bbox 301 5619 1895 5691">
    <p class='ocr_par' dir='ltr' id='par_1_57' title="bbox 301 5619 1895 5691">
     <span class='ocr_line' id='line_1_57' title="bbox 301 5619 1895 5691; baseline 0 -14"><span class='ocrx_word' id='word_1_444' title='bbox 301 5620 550 5677; x_wconf 84' lang='lat' dir='ltr'><strong>basilicas</strong></span> <span class='ocrx_word' id='word_1_445' title='bbox 579 5620 1049 5691; x_wconf 87' lang='lat' dir='ltr'><strong>congregationum</strong></span> <span class='ocrx_word' id='word_1_446' title='bbox 1068 5660 1082 5684; x_wconf 92' lang='lat'><strong>,</strong></span> <span class='ocrx_word' id='word_1_447' title='bbox 1110 5634 1241 5690; x_wconf 90' lang='lat' dir='ltr'><strong>quas</strong></span> <span class='ocrx_word' id='word_1_448' title='bbox 1270 5619 1368 5675; x_wconf 93' lang='lat' dir='ltr'><strong>sub</strong></span> <span class='ocrx_word' id='word_1_449' title='bbox 1397 5620 1611 5674; x_wconf 90' lang='lat' dir='ltr'><strong>nomine</strong></span> <span class='ocrx_word' id='word_1_450' title='bbox 1643 5622 1895 5677; x_wconf 80' lang='lat' dir='ltr'><strong>Ecclesiae</strong></span> 
     </span>
    </p>
   </div>
   <div class='ocr_carea' id='block_1_58' title="bbox 302 5712 1894 5784">
    <p class='ocr_par' dir='ltr' id='par_1_58' title="bbox 302 5712 1894 5784">
     <span class='ocr_line' id='line_1_58' title="bbox 302 5712 1894 5784; baseline 0.001 -17"><span class='ocrx_word' id='word_1_451' title='bbox 302 5714 587 5779; x_wconf 80' lang='lat' dir='ltr'><strong>tenebatis,</strong></span> <span class='ocrx_word' id='word_1_452' title='bbox 620 5729 739 5784; x_wconf 58' lang='lat' dir='ltr'><strong>quae</strong></span> <span class='ocrx_word' id='word_1_453' title='bbox 767 5713 985 5767; x_wconf 91' lang='lat' dir='ltr'><strong>omnino</strong></span> <span class='ocrx_word' id='word_1_454' title='bbox 1009 5728 1119 5766; x_wconf 86' lang='lat' dir='ltr'><strong>non</strong></span> <span class='ocrx_word' id='word_1_455' title='bbox 1144 5712 1407 5767; x_wconf 78' lang='lat' dir='ltr'><strong>debentur</strong></span> <span class='ocrx_word' id='word_1_456' title='bbox 1435 5712 1536 5767; x_wconf 88' lang='lat' dir='ltr'><strong>nisi</strong></span> <span class='ocrx_word' id='word_1_457' title='bbox 1562 5712 1610 5766; x_wconf 91' lang='lat' dir='ltr'><strong>ei</strong></span> <span class='ocrx_word' id='word_1_458' title='bbox 1638 5712 1894 5769; x_wconf 61' lang='lat' dir='ltr'><strong>Ecclesiae</strong></span> 
     </span>
    </p>
   </div>
   <div class='ocr_carea' id='block_1_59' title="bbox 304 5803 1895 5876">
    <p class='ocr_par' dir='ltr' id='par_1_59' title="bbox 304 5803 1895 5876">
     <span class='ocr_line' id='line_1_59' title="bbox 304 5803 1895 5876; baseline 0.002 -17"><span class='ocrx_word' id='word_1_459' title='bbox 304 5821 423 5876; x_wconf 77' lang='lat' dir='ltr'><strong>qua:</strong></span> <span class='ocrx_word' id='word_1_460' title='bbox 448 5821 577 5861; x_wconf 89' lang='lat' dir='ltr'><strong>vera</strong></span> <span class='ocrx_word' id='word_1_461' title='bbox 599 5804 797 5860; x_wconf 87' lang='lat' dir='ltr'><strong>Christi</strong></span> <span class='ocrx_word' id='word_1_462' title='bbox 827 5804 1065 5860; x_wconf 86' lang='lat' dir='ltr'><strong>Ecclesia</strong></span> <span class='ocrx_word' id='word_1_463' title='bbox 1092 5812 1174 5860; x_wconf 90' lang='lat' dir='ltr'><strong>est</strong></span> <span class='ocrx_word' id='word_1_464' title='bbox 1192 5844 1208 5871; x_wconf 94' lang='lat'><strong>,</strong></span> <span class='ocrx_word' id='word_1_465' title='bbox 1236 5819 1343 5859; x_wconf 89' lang='lat' dir='ltr'><strong>non</strong></span> <span class='ocrx_word' id='word_1_466' title='bbox 1376 5818 1469 5874; x_wconf 92' lang='lat' dir='ltr'><strong>per</strong></span> <span class='ocrx_word' id='word_1_467' title='bbox 1488 5803 1766 5874; x_wconf 89' lang='lat' dir='ltr'><strong>justitiam,</strong></span> <span class='ocrx_word' id='word_1_468' title='bbox 1799 5806 1895 5861; x_wconf 90' lang='lat' dir='ltr'><strong>sed</strong></span> 
     </span>
    </p>
   </div>
   <div class='ocr_carea' id='block_1_60' title="bbox 303 5896 1896 5971">
    <p class='ocr_par' dir='ltr' id='par_1_60' title="bbox 303 5896 1896 5971">
     <span class='ocr_line' id='line_1_60' title="bbox 303 5896 1896 5971; baseline 0.001 -17"><span class='ocrx_word' id='word_1_469' title='bbox 303 5912 404 5968; x_wconf 80' lang='lat' dir='ltr'><strong>per</strong></span> <span class='ocrx_word' id='word_1_470' title='bbox 424 5898 701 5955; x_wconf 82' lang='lat' dir='ltr'><strong>avaritiam</strong></span> <span class='ocrx_word' id='word_1_471' title='bbox 732 5905 897 5968; x_wconf 89' lang='lat' dir='ltr'><strong>tenet,</strong></span> <span class='ocrx_word' id='word_1_472' title='bbox 930 5897 1175 5971; x_wconf 84' lang='lat' dir='ltr'><strong>displicet</strong></span> <span class='ocrx_word' id='word_1_473' title='bbox 1201 5897 1375 5955; x_wconf 88' lang='lat' dir='ltr'><strong>nobis.</strong></span> <span class='ocrx_word' id='word_1_474' title='bbox 1404 5896 1652 5970; x_wconf 87' lang='lat' dir='ltr'><strong>Quisquis</strong></span> <span class='ocrx_word' id='word_1_475' title='bbox 1679 5914 1775 5970; x_wconf 88' lang='lat' dir='ltr'><strong>pro</strong></span> <span class='ocrx_word' id='word_1_476' title='bbox 1800 5900 1896 5955; x_wconf 85' lang='lat' dir='ltr'><strong>ali-</strong></span> 
     </span>
    </p>
   </div>
   <div class='ocr_carea' id='block_1_61' title="bbox 1488 412 2377 482">
    <p class='ocr_par' dir='ltr' id='par_1_61' title="bbox 1488 412 2377 482">
     <span class='ocr_line' id='line_1_61' title="bbox 1488 412 2377 482; baseline 0.002 -13"><span class='ocrx_word' id='word_1_477' title='bbox 1488 412 1969 482; x_wconf 82' lang='lat' dir='ltr'><strong>EPISTOLARUM</strong></span> <span class='ocrx_word' id='word_1_478' title='bbox 2006 415 2279 474; x_wconf 86' lang='lat' dir='ltr'><strong>CLASSlS</strong></span> <span class='ocrx_word' id='word_1_479' title='bbox 2316 416 2377 472; x_wconf 93' lang='lat' dir='ltr'><strong>ll.</strong></span> 
     </span>
    </p>
   </div>
   <div class='ocr_carea' id='block_1_62' title="bbox 3464 424 3569 483">
    <p class='ocr_par' dir='ltr' id='par_1_62' title="bbox 3464 424 3569 483">
     <span class='ocr_line' id='line_1_62' title="bbox 3464 424 3569 483; baseline 0 0"><span class='ocrx_word' id='word_1_480' title='bbox 3464 424 3569 483; x_wconf 69' lang='grc'><strong>546</strong></span> 
     </span>
    </p>
   </div>
   <div class='ocr_carea' id='block_1_63' title="bbox 1983 532 3567 613">
    <p class='ocr_par' dir='ltr' id='par_1_63' title="bbox 1983 532 3567 613">
     <span class='ocr_line' id='line_1_63' title="bbox 1983 532 3567 613; baseline 0.009 -30"><span class='ocrx_word' id='word_1_481' title='bbox 1983 544 2089 600; x_wconf 92' lang='lat' dir='ltr'><strong>quo</strong></span> <span class='ocrx_word' id='word_1_482' title='bbox 2115 532 2311 602; x_wconf 84' lang='lat' dir='ltr'><strong>ﬂagitio</strong></span> <span class='ocrx_word' id='word_1_483' title='bbox 2331 533 2413 590; x_wconf 89' lang='lat' dir='ltr'><strong>vel</strong></span> <span class='ocrx_word' id='word_1_484' title='bbox 2436 532 2671 592; x_wconf 84' lang='lat' dir='ltr'><strong>facinore</strong></span> <span class='ocrx_word' id='word_1_485' title='bbox 2692 537 2988 609; x_wconf 85' lang='lat' dir='ltr'><strong>projectum</strong></span> <span class='ocrx_word' id='word_1_486' title='bbox 3012 553 3042 595; x_wconf 81' lang='lat' dir='ltr'><strong>a</strong></span> <span class='ocrx_word' id='word_1_487' title='bbox 3062 538 3214 597; x_wconf 83' lang='lat' dir='ltr'><strong>vobis</strong></span> <span class='ocrx_word' id='word_1_488' title='bbox 3231 539 3307 597; x_wconf 79' lang='lat' dir='ltr'><strong>ita</strong></span> <span class='ocrx_word' id='word_1_489' title='bbox 3324 542 3567 613; x_wconf 87' lang='lat' dir='ltr'><strong>suscipit,</strong></span> 
     </span>
    </p>
   </div>
   <div class='ocr_carea' id='block_1_64' title="bbox 1984 621 3573 704">
    <p class='ocr_par' dir='ltr' id='par_1_64' title="bbox 1984 621 3573 704">
     <span class='ocr_line' id='line_1_64' title="bbox 1984 621 3573 704; baseline 0.009 -28"><span class='ocrx_word' id='word_1_490' title='bbox 1984 621 2124 677; x_wconf 90' lang='lat' dir='ltr'><strong>sicut</strong></span> <span class='ocrx_word' id='word_1_491' title='bbox 2150 624 2515 696; x_wconf 90' lang='lat' dir='ltr'><strong>suscipiuntur</strong></span> <span class='ocrx_word' id='word_1_492' title='bbox 2556 629 2680 700; x_wconf 91' lang='lat' dir='ltr'><strong>qui,</strong></span> <span class='ocrx_word' id='word_1_493' title='bbox 2712 639 2937 701; x_wconf 82' lang='lat' dir='ltr'><strong>excepto</strong></span> <span class='ocrx_word' id='word_1_494' title='bbox 2979 647 3166 687; x_wconf 91' lang='lat' dir='ltr'><strong>errore</strong></span> <span class='ocrx_word' id='word_1_495' title='bbox 3209 648 3317 704; x_wconf 90' lang='lat' dir='ltr'><strong>quo</strong></span> <span class='ocrx_word' id='word_1_496' title='bbox 3357 648 3388 688; x_wconf 88' lang='lat' dir='ltr'><strong>a</strong></span> <span class='ocrx_word' id='word_1_497' title='bbox 3415 634 3573 691; x_wconf 82' lang='lat' dir='ltr'><strong>nobis</strong></span> 
     </span>
    </p>
   </div>
   <div class='ocr_carea' id='block_1_65' title="bbox 1983 718 3572 798">
    <p class='ocr_par' dir='ltr' id='par_1_65' title="bbox 1983 718 3572 798">
     <span class='ocr_line' id='line_1_65' title="bbox 1983 718 3572 798; baseline 0.009 -29"><span class='ocrx_word' id='word_1_498' title='bbox 1983 718 2327 786; x_wconf 88' lang='lat' dir='ltr'><strong>separamini,</strong></span> <span class='ocrx_word' id='word_1_499' title='bbox 2356 720 2471 775; x_wconf 91' lang='lat' dir='ltr'><strong>sine</strong></span> <span class='ocrx_word' id='word_1_500' title='bbox 2497 722 2719 779; x_wconf 89' lang='lat' dir='ltr'><strong>crimine</strong></span> <span class='ocrx_word' id='word_1_501' title='bbox 2745 724 2882 794; x_wconf 91' lang='lat' dir='ltr'><strong>apud</strong></span> <span class='ocrx_word' id='word_1_502' title='bbox 2907 739 3002 781; x_wconf 88' lang='lat' dir='ltr'><strong>vos</strong></span> <span class='ocrx_word' id='word_1_503' title='bbox 3026 724 3299 793; x_wconf 79' lang='lat' dir='ltr'><strong>vixerunt,</strong></span> <span class='ocrx_word' id='word_1_504' title='bbox 3327 726 3572 798; x_wconf 87' lang='lat' dir='ltr'><strong>displicet</strong></span> 
     </span>
    </p>
   </div>
   <div class='ocr_carea' id='block_1_66' title="bbox 1986 806 3569 887">
    <p class='ocr_par' dir='ltr' id='par_1_66' title="bbox 1986 806 3569 887">
     <span class='ocr_line' id='line_1_66' title="bbox 1986 806 3569 887; baseline 0.008 -26"><span class='ocrx_word' id='word_1_505' title='bbox 1986 806 2162 862; x_wconf 89' lang='lat' dir='ltr'><strong>nobis.</strong></span> <span class='ocrx_word' id='word_1_506' title='bbox 2187 808 2293 865; x_wconf 91' lang='lat' dir='ltr'><strong>Sed</strong></span> <span class='ocrx_word' id='word_1_507' title='bbox 2317 826 2415 867; x_wconf 89' lang='lat' dir='ltr'><strong>nec</strong></span> <span class='ocrx_word' id='word_1_508' title='bbox 2439 811 2589 868; x_wconf 90' lang='lat' dir='ltr'><strong>facile</strong></span> <span class='ocrx_word' id='word_1_509' title='bbox 2614 814 2710 869; x_wconf 90' lang='lat' dir='ltr'><strong>ista</strong></span> <span class='ocrx_word' id='word_1_510' title='bbox 2733 818 3071 884; x_wconf 89' lang='lat' dir='ltr'><strong>monstratis;</strong></span> <span class='ocrx_word' id='word_1_511' title='bbox 3099 825 3154 872; x_wconf 90' lang='lat' dir='ltr'><strong>et</strong></span> <span class='ocrx_word' id='word_1_512' title='bbox 3176 818 3219 872; x_wconf 92' lang='lat' dir='ltr'><strong>si</strong></span> <span class='ocrx_word' id='word_1_513' title='bbox 3238 818 3569 887; x_wconf 77' lang='lat' dir='ltr'><strong>monstratis,</strong></span> 
     </span>
    </p>
   </div>
   <div class='ocr_carea' id='block_1_67' title="bbox 1984 902 3568 981">
    <p class='ocr_par' dir='ltr' id='par_1_67' title="bbox 1984 902 3568 981">
     <span class='ocr_line' id='line_1_67' title="bbox 1984 902 3568 981; baseline 0.006 -26"><span class='ocrx_word' id='word_1_514' title='bbox 1984 902 2271 973; x_wconf 88' lang='lat' dir='ltr'><strong>nonnullos</strong></span> <span class='ocrx_word' id='word_1_515' title='bbox 2311 905 2628 971; x_wconf 85' lang='lat' dir='ltr'><strong>toleramus,</strong></span> <span class='ocrx_word' id='word_1_516' title='bbox 2660 923 2794 977; x_wconf 92' lang='lat' dir='ltr'><strong>quos</strong></span> <span class='ocrx_word' id='word_1_517' title='bbox 2822 910 3095 980; x_wconf 84' lang='lat' dir='ltr'><strong>corrigere</strong></span> <span class='ocrx_word' id='word_1_518' title='bbox 3122 910 3203 965; x_wconf 87' lang='lat' dir='ltr'><strong>vel</strong></span> <span class='ocrx_word' id='word_1_519' title='bbox 3244 910 3433 981; x_wconf 89' lang='lat' dir='ltr'><strong>punire</strong></span> <span class='ocrx_word' id='word_1_520' title='bbox 3460 925 3568 965; x_wconf 92' lang='lat' dir='ltr'><strong>non</strong></span> 
     </span>
    </p>
   </div>
   <div class='ocr_carea' id='block_1_68' title="bbox 1986 1001 3571 1073">
    <p class='ocr_par' dir='ltr' id='par_1_68' title="bbox 1986 1001 3571 1073">
     <span class='ocr_line' id='line_1_68' title="bbox 1986 1001 3571 1073; baseline 0.006 -25"><span class='ocrx_word' id='word_1_521' title='bbox 1986 1007 2269 1064; x_wconf 88' lang='lat' dir='ltr'><strong>possumus</strong></span> <span class='ocrx_word' id='word_1_522' title='bbox 2302 1013 2315 1050; x_wconf 87' lang='lat'><strong>:</strong></span> <span class='ocrx_word' id='word_1_523' title='bbox 2348 1011 2521 1067; x_wconf 89' lang='lat' dir='ltr'><strong>neque</strong></span> <span class='ocrx_word' id='word_1_524' title='bbox 2548 1009 2762 1068; x_wconf 88' lang='lat' dir='ltr'><strong>propter</strong></span> <span class='ocrx_word' id='word_1_525' title='bbox 2790 1001 2996 1071; x_wconf 91' lang='lat' dir='ltr'><strong>paleam</strong></span> <span class='ocrx_word' id='word_1_526' title='bbox 3020 1001 3374 1073; x_wconf 90' lang='lat' dir='ltr'><strong>relinquimus</strong></span> <span class='ocrx_word' id='word_1_527' title='bbox 3392 1017 3571 1058; x_wconf 90' lang='lat' dir='ltr'><strong>aream</strong></span> 
     </span>
    </p>
   </div>
   <div class='ocr_carea' id='block_1_69' title="bbox 1986 1087 3571 1168">
    <p class='ocr_par' dir='ltr' id='par_1_69' title="bbox 1986 1087 3571 1168">
     <span class='ocr_line' id='line_1_69' title="bbox 1986 1087 3571 1168; baseline 0.006 -26"><span class='ocrx_word' id='word_1_528' title='bbox 1986 1087 2231 1158; x_wconf 91' lang='lat' dir='ltr'><strong>Domini,</strong></span> <span class='ocrx_word' id='word_1_529' title='bbox 2260 1106 2431 1160; x_wconf 90' lang='lat' dir='ltr'><strong>neque</strong></span> <span class='ocrx_word' id='word_1_530' title='bbox 2472 1102 2689 1163; x_wconf 88' lang='lat' dir='ltr'><strong>propter</strong></span> <span class='ocrx_word' id='word_1_531' title='bbox 2718 1095 2891 1164; x_wconf 90' lang='lat' dir='ltr'><strong>pisces</strong></span> <span class='ocrx_word' id='word_1_532' title='bbox 2922 1095 3090 1152; x_wconf 87' lang='lat' dir='ltr'><strong>malos</strong></span> <span class='ocrx_word' id='word_1_533' title='bbox 3117 1097 3410 1168; x_wconf 89' lang='lat' dir='ltr'><strong>rumpimus</strong></span> <span class='ocrx_word' id='word_1_534' title='bbox 3439 1098 3571 1153; x_wconf 89' lang='lat' dir='ltr'><strong>retia</strong></span> 
     </span>
    </p>
   </div>
   <div class='ocr_carea' id='block_1_70' title="bbox 1986 1180 3569 1262">
    <p class='ocr_par' dir='ltr' id='par_1_70' title="bbox 1986 1180 3569 1262">
     <span class='ocr_line' id='line_1_70' title="bbox 1986 1180 3569 1262; baseline 0.006 -26"><span class='ocrx_word' id='word_1_535' title='bbox 1986 1180 2232 1250; x_wconf 90' lang='lat' dir='ltr'><strong>Domini,</strong></span> <span class='ocrx_word' id='word_1_536' title='bbox 2260 1198 2432 1255; x_wconf 90' lang='lat' dir='ltr'><strong>neque</strong></span> <span class='ocrx_word' id='word_1_537' title='bbox 2471 1195 2687 1257; x_wconf 87' lang='lat' dir='ltr'><strong>propter</strong></span> <span class='ocrx_word' id='word_1_538' title='bbox 2726 1187 2906 1244; x_wconf 60' lang='lat' dir='ltr'><strong>haedos</strong></span> <span class='ocrx_word' id='word_1_539' title='bbox 2945 1190 2997 1244; x_wconf 93' lang='lat' dir='ltr'><strong>in</strong></span> <span class='ocrx_word' id='word_1_540' title='bbox 3037 1189 3142 1246; x_wconf 85' lang='lat' dir='ltr'><strong>fine</strong></span> <span class='ocrx_word' id='word_1_541' title='bbox 3182 1190 3569 1262; x_wconf 87' lang='lat' dir='ltr'><strong>segregandos,</strong></span> 
     </span>
    </p>
   </div>
   <div class='ocr_carea' id='block_1_71' title="bbox 1986 1271 3572 1352">
    <p class='ocr_par' dir='ltr' id='par_1_71' title="bbox 1986 1271 3572 1352">
     <span class='ocr_line' id='line_1_71' title="bbox 1986 1271 3572 1352; baseline 0.007 -25"><span class='ocrx_word' id='word_1_542' title='bbox 1986 1271 2283 1329; x_wconf 90' lang='lat' dir='ltr'><strong>deserimus</strong></span> <span class='ocrx_word' id='word_1_543' title='bbox 2309 1291 2519 1347; x_wconf 89' lang='lat' dir='ltr'><strong>gregem</strong></span> <span class='ocrx_word' id='word_1_544' title='bbox 2558 1278 2801 1345; x_wconf 89' lang='lat' dir='ltr'><strong>Domini,</strong></span> <span class='ocrx_word' id='word_1_545' title='bbox 2833 1296 3006 1351; x_wconf 90' lang='lat' dir='ltr'><strong>neque</strong></span> <span class='ocrx_word' id='word_1_546' title='bbox 3035 1290 3252 1352; x_wconf 85' lang='lat' dir='ltr'><strong>propter</strong></span> <span class='ocrx_word' id='word_1_547' title='bbox 3280 1297 3404 1337; x_wconf 90' lang='lat' dir='ltr'><strong>vasa</strong></span> <span class='ocrx_word' id='word_1_548' title='bbox 3432 1280 3572 1338; x_wconf 82' lang='lat' dir='ltr'><strong>facta</strong></span> 
     </span>
    </p>
   </div>
   <div class='ocr_carea' id='block_1_72' title="bbox 1988 1365 3334 1442">
    <p class='ocr_par' dir='ltr' id='par_1_72' title="bbox 1988 1365 3334 1442">
     <span class='ocr_line' id='line_1_72' title="bbox 1988 1365 3334 1442; baseline 0.007 -22"><span class='ocrx_word' id='word_1_549' title='bbox 1988 1365 2044 1421; x_wconf 90' lang='lat' dir='ltr'><strong>in</strong></span> <span class='ocrx_word' id='word_1_550' title='bbox 2072 1370 2469 1437; x_wconf 91' lang='lat' dir='ltr'><strong>contumeliam,</strong></span> <span class='ocrx_word' id='word_1_551' title='bbox 2503 1370 2791 1442; x_wconf 81' lang='lat' dir='ltr'><strong>migranius</strong></span> <span class='ocrx_word' id='word_1_552' title='bbox 2819 1372 2887 1428; x_wconf 94' lang='lat' dir='ltr'><strong>de</strong></span> <span class='ocrx_word' id='word_1_553' title='bbox 2915 1374 3074 1429; x_wconf 91' lang='lat' dir='ltr'><strong>domo</strong></span> <span class='ocrx_word' id='word_1_554' title='bbox 3103 1374 3334 1431; x_wconf 87' lang='lat' dir='ltr'><strong>Domini.</strong></span> 
     </span>
    </p>
   </div>
   <div class='ocr_carea' id='block_1_73' title="bbox 2058 1458 3572 1538">
    <p class='ocr_par' dir='ltr' id='par_1_73' title="bbox 2058 1458 3572 1538">
     <span class='ocr_line' id='line_1_73' title="bbox 2058 1458 3572 1538; baseline 0.006 -24"><span class='ocrx_word' id='word_1_555' title='bbox 2058 1458 2282 1516; x_wconf 84' lang='lat' dir='ltr'><strong>CAPUT</strong></span> <span class='ocrx_word' id='word_1_556' title='bbox 2328 1460 2465 1516; x_wconf 80' lang='lat' dir='ltr'><strong>Xlll.</strong></span> <span class='ocrx_word' id='word_1_557' title='bbox 2493 1493 2564 1503; x_wconf 93' lang='lat'><strong>—</strong></span> <span class='ocrx_word' id='word_1_558' title='bbox 2589 1464 2676 1519; x_wconf 84' lang='grc'><strong>51.</strong></span> <span class='ocrx_word' id='word_1_559' title='bbox 2718 1464 2797 1519; x_wconf 87' lang='lat' dir='ltr'><strong>Tu</strong></span> <span class='ocrx_word' id='word_1_560' title='bbox 2826 1474 3036 1531; x_wconf 91' lang='lat' dir='ltr'><strong>autem,</strong></span> <span class='ocrx_word' id='word_1_561' title='bbox 3084 1465 3279 1534; x_wconf 86' lang='lat' dir='ltr'><strong>frater,</strong></span> <span class='ocrx_word' id='word_1_562' title='bbox 3318 1475 3572 1538; x_wconf 89' lang='lat' dir='ltr'><strong>quantum</strong></span> 
     </span>
    </p>
   </div>
   <div class='ocr_carea' id='block_1_74' title="bbox 1987 1550 3574 1625">
    <p class='ocr_par' dir='ltr' id='par_1_74' title="bbox 1987 1550 3574 1625">
     <span class='ocr_line' id='line_1_74' title="bbox 1987 1550 3574 1625; baseline 0.004 -20"><span class='ocrx_word' id='word_1_563' title='bbox 1987 1550 2117 1605; x_wconf 92' lang='lat' dir='ltr'><strong>mihi</strong></span> <span class='ocrx_word' id='word_1_564' title='bbox 2150 1551 2374 1620; x_wconf 89' lang='lat' dir='ltr'><strong>videtur,</strong></span> <span class='ocrx_word' id='word_1_565' title='bbox 2406 1555 2449 1608; x_wconf 93' lang='lat' dir='ltr'><strong>si</strong></span> <span class='ocrx_word' id='word_1_566' title='bbox 2480 1570 2669 1609; x_wconf 90' lang='lat' dir='ltr'><strong>vanam</strong></span> <span class='ocrx_word' id='word_1_567' title='bbox 2698 1555 2919 1625; x_wconf 82' lang='lat' dir='ltr'><strong>gloriam</strong></span> <span class='ocrx_word' id='word_1_568' title='bbox 2960 1556 3235 1611; x_wconf 88' lang='lat' dir='ltr'><strong>hominum</strong></span> <span class='ocrx_word' id='word_1_569' title='bbox 3263 1573 3368 1612; x_wconf 91' lang='lat' dir='ltr'><strong>non</strong></span> <span class='ocrx_word' id='word_1_570' title='bbox 3397 1565 3574 1612; x_wconf 83' lang='lat' dir='ltr'><strong>atten-</strong></span> 
     </span>
    </p>
   </div>
   <div class='ocr_carea' id='block_1_75' title="bbox 1988 1640 3573 1717">
    <p class='ocr_par' dir='ltr' id='par_1_75' title="bbox 1988 1640 3573 1717">
     <span class='ocr_line' id='line_1_75' title="bbox 1988 1640 3573 1717; baseline 0.004 -22"><span class='ocrx_word' id='word_1_571' title='bbox 1988 1640 2105 1707; x_wconf 86' lang='lat' dir='ltr'><strong>das,</strong></span> <span class='ocrx_word' id='word_1_572' title='bbox 2136 1651 2189 1697; x_wconf 90' lang='lat' dir='ltr'><strong>et</strong></span> <span class='ocrx_word' id='word_1_573' title='bbox 2217 1644 2602 1699; x_wconf 87' lang='lat' dir='ltr'><strong>insensatorum</strong></span> <span class='ocrx_word' id='word_1_574' title='bbox 2633 1655 2942 1701; x_wconf 88' lang='lat' dir='ltr'><strong>contemnas</strong></span> <span class='ocrx_word' id='word_1_575' title='bbox 2970 1647 3345 1717; x_wconf 87' lang='lat' dir='ltr'><strong>opprobrium,</strong></span> <span class='ocrx_word' id='word_1_576' title='bbox 3375 1650 3463 1717; x_wconf 91' lang='lat' dir='ltr'><strong>qui</strong></span> <span class='ocrx_word' id='word_1_577' title='bbox 3487 1647 3573 1702; x_wconf 84' lang='lat' dir='ltr'><strong>di-</strong></span> 
     </span>
    </p>
   </div>
   <div class='ocr_carea' id='block_1_76' title="bbox 1988 1736 3571 1811">
    <p class='ocr_par' dir='ltr' id='par_1_76' title="bbox 1988 1736 3571 1811">
     <span class='ocr_line' id='line_1_76' title="bbox 1988 1736 3571 1811; baseline 0.004 -22"><span class='ocrx_word' id='word_1_578' title='bbox 1988 1736 2125 1789; x_wconf 91' lang='lat' dir='ltr'><strong>cturi</strong></span> <span class='ocrx_word' id='word_1_579' title='bbox 2142 1746 2283 1801; x_wconf 91' lang='lat' dir='ltr'><strong>sunt,</strong></span> <span class='ocrx_word' id='word_1_580' title='bbox 2302 1736 2477 1803; x_wconf 87' lang='lat' dir='ltr'><strong>Quare</strong></span> <span class='ocrx_word' id='word_1_581' title='bbox 2497 1738 2655 1794; x_wconf 91' lang='lat' dir='ltr'><strong>modo</strong></span> <span class='ocrx_word' id='word_1_582' title='bbox 2670 1740 2899 1795; x_wconf 90' lang='lat' dir='ltr'><strong>destruis</strong></span> <span class='ocrx_word' id='word_1_583' title='bbox 2921 1756 3036 1810; x_wconf 66' lang='lat' dir='ltr'><strong>quae</strong></span> <span class='ocrx_word' id='word_1_584' title='bbox 3052 1741 3198 1811; x_wconf 89' lang='lat' dir='ltr'><strong>prius</strong></span> <span class='ocrx_word' id='word_1_585' title='bbox 3218 1740 3515 1795; x_wconf 64' lang='lat' dir='ltr'><strong>aedificabas</strong></span> <span class='ocrx_word' id='word_1_586' title='bbox 3532 1742 3571 1806; x_wconf 72' lang='grc' dir='ltr'><strong>’ς</strong></span> 
     </span>
    </p>
   </div>
   <div class='ocr_carea' id='block_1_77' title="bbox 1990 1824 3576 1901">
    <p class='ocr_par' dir='ltr' id='par_1_77' title="bbox 1990 1824 3576 1901">
     <span class='ocr_line' id='line_1_77' title="bbox 1990 1824 3576 1901; baseline 0.004 -23"><span class='ocrx_word' id='word_1_587' title='bbox 1990 1824 2106 1881; x_wconf 91' lang='lat' dir='ltr'><strong>sine</strong></span> <span class='ocrx_word' id='word_1_588' title='bbox 2126 1826 2284 1881; x_wconf 89' lang='lat' dir='ltr'><strong>dubio</strong></span> <span class='ocrx_word' id='word_1_589' title='bbox 2305 1830 2527 1883; x_wconf 85' lang='lat' dir='ltr'><strong>transies</strong></span> <span class='ocrx_word' id='word_1_590' title='bbox 2547 1829 2613 1888; x_wconf 87' lang='lat' dir='ltr'><strong>ad</strong></span> <span class='ocrx_word' id='word_1_591' title='bbox 2644 1830 2960 1898; x_wconf 87' lang='lat' dir='ltr'><strong>Ecclesiam,</strong></span> <span class='ocrx_word' id='word_1_592' title='bbox 2984 1846 3141 1901; x_wconf 89' lang='lat' dir='ltr'><strong>quam</strong></span> <span class='ocrx_word' id='word_1_593' title='bbox 3172 1846 3353 1885; x_wconf 88' lang='lat' dir='ltr'><strong>veram</strong></span> <span class='ocrx_word' id='word_1_594' title='bbox 3376 1831 3576 1886; x_wconf 86' lang='lat' dir='ltr'><strong>sentire</strong></span> 
     </span>
    </p>
   </div>
   <div class='ocr_carea' id='block_1_78' title="bbox 1990 1920 3577 1995">
    <p class='ocr_par' dir='ltr' id='par_1_78' title="bbox 1990 1920 3577 1995">
     <span class='ocr_line' id='line_1_78' title="bbox 1990 1920 3577 1995; baseline 0.004 -22"><span class='ocrx_word' id='word_1_595' title='bbox 1990 1926 2043 1974; x_wconf 90' lang='lat' dir='ltr'><strong>te</strong></span> <span class='ocrx_word' id='word_1_596' title='bbox 2070 1920 2304 1992; x_wconf 86' lang='lat' dir='ltr'><strong>intelligo</strong></span> <span class='ocrx_word' id='word_1_597' title='bbox 2331 1940 2343 1977; x_wconf 93' lang='lat'>:</span> <span class='ocrx_word' id='word_1_598' title='bbox 2367 1937 2465 1976; x_wconf 90' lang='lat' dir='ltr'><strong>nec</strong></span> <span class='ocrx_word' id='word_1_599' title='bbox 2491 1922 2646 1993; x_wconf 88' lang='lat' dir='ltr'><strong>hujus</strong></span> <span class='ocrx_word' id='word_1_600' title='bbox 2673 1925 2950 1979; x_wconf 68' lang='lat' dir='ltr'><strong>sementim</strong></span> <span class='ocrx_word' id='word_1_601' title='bbox 2974 1933 3076 1979; x_wconf 71' lang='lat' dir='ltr'><strong>tua:</strong></span> <span class='ocrx_word' id='word_1_602' title='bbox 3101 1924 3400 1979; x_wconf 82' lang='lat' dir='ltr'><strong>teStimonia</strong></span> <span class='ocrx_word' id='word_1_603' title='bbox 3423 1924 3577 1995; x_wconf 84' lang='lat' dir='ltr'><strong>longe</strong></span> 
     </span>
    </p>
   </div>
   <div class='ocr_carea' id='block_1_79' title="bbox 1992 2014 3574 2087">
    <p class='ocr_par' dir='ltr' id='par_1_79' title="bbox 1992 2014 3574 2087">
     <span class='ocr_line' id='line_1_79' title="bbox 1992 2014 3574 2087; baseline 0.002 -19"><span class='ocrx_word' id='word_1_604' title='bbox 1992 2025 2135 2084; x_wconf 88' lang='lat' dir='ltr'><strong>peto.</strong></span> <span class='ocrx_word' id='word_1_605' title='bbox 2162 2014 2241 2069; x_wconf 88' lang='lat' dir='ltr'><strong>Tu</strong></span> <span class='ocrx_word' id='word_1_606' title='bbox 2272 2016 2467 2087; x_wconf 88' lang='lat' dir='ltr'><strong>quippe</strong></span> <span class='ocrx_word' id='word_1_607' title='bbox 2502 2016 2553 2070; x_wconf 92' lang='lat' dir='ltr'><strong>in</strong></span> <span class='ocrx_word' id='word_1_608' title='bbox 2598 2017 2839 2087; x_wconf 90' lang='lat' dir='ltr'><strong>ejusdem</strong></span> <span class='ocrx_word' id='word_1_609' title='bbox 2879 2026 2982 2072; x_wconf 73' lang='lat' dir='ltr'><strong>tute</strong></span> <span class='ocrx_word' id='word_1_610' title='bbox 3020 2017 3260 2087; x_wconf 73' lang='lat' dir='ltr'><strong>epistola:</strong></span> <span class='ocrx_word' id='word_1_611' title='bbox 3285 2017 3574 2087; x_wconf 88' lang='lat' dir='ltr'><strong>principio,</strong></span> 
     </span>
    </p>
   </div>
   <div class='ocr_carea' id='block_1_80' title="bbox 1992 2108 3576 2183">
    <p class='ocr_par' dir='ltr' id='par_1_80' title="bbox 1992 2108 3576 2183">
     <span class='ocr_line' id='line_1_80' title="bbox 1992 2108 3576 2183; baseline 0.002 -23"><span class='ocrx_word' id='word_1_612' title='bbox 1992 2108 2075 2161; x_wconf 91' lang='lat' dir='ltr'><strong>cui</strong></span> <span class='ocrx_word' id='word_1_613' title='bbox 2104 2124 2242 2163; x_wconf 94' lang='lat' dir='ltr'><strong>nunc</strong></span> <span class='ocrx_word' id='word_1_614' title='bbox 2266 2109 2583 2179; x_wconf 87' lang='lat' dir='ltr'><strong>respondeo,</strong></span> <span class='ocrx_word' id='word_1_615' title='bbox 2612 2110 2726 2165; x_wconf 56' lang='lat' dir='ltr'><strong>haec.</strong></span> <span class='ocrx_word' id='word_1_616' title='bbox 2751 2111 2909 2167; x_wconf 90' lang='lat' dir='ltr'><strong>verba</strong></span> <span class='ocrx_word' id='word_1_617' title='bbox 2932 2110 3152 2181; x_wconf 88' lang='lat' dir='ltr'><strong>posuisti</strong></span> <span class='ocrx_word' id='word_1_618' title='bbox 3182 2129 3195 2165; x_wconf 91' lang='lat'><strong>:</strong></span> <span class='ocrx_word' id='word_1_619' title='bbox 3218 2110 3344 2165; x_wconf 88' lang='lat' dir='ltr'><strong>Cum</strong></span> <span class='ocrx_word' id='word_1_620' title='bbox 3369 2111 3576 2183; x_wconf 79' lang='lat' dir='ltr'><strong>Optime,</strong></span> 
     </span>
    </p>
   </div>
   <div class='ocr_carea' id='block_1_81' title="bbox 1993 2198 3577 2273">
    <p class='ocr_par' dir='ltr' id='par_1_81' title="bbox 1993 2198 3577 2273">
     <span class='ocr_line' id='line_1_81' title="bbox 1993 2198 3577 2273; baseline 0.001 -20"><span class='ocrx_word' id='word_1_621' title='bbox 1993 2198 2189 2269; x_wconf 92' lang='lat' dir='ltr'><strong>inquis,</strong></span> <span class='ocrx_word' id='word_1_622' title='bbox 2218 2202 2439 2255; x_wconf 83' lang='lat' dir='ltr'><strong>noverim</strong></span> <span class='ocrx_word' id='word_1_623' title='bbox 2466 2211 2511 2255; x_wconf 87' lang='lat' dir='ltr'><strong>te</strong></span> <span class='ocrx_word' id='word_1_624' title='bbox 2534 2203 2681 2273; x_wconf 86' lang='lat' dir='ltr'><strong>longe</strong></span> <span class='ocrx_word' id='word_1_625' title='bbox 2701 2202 2869 2256; x_wconf 84' lang='lat' dir='ltr'><strong>adhuc</strong></span> <span class='ocrx_word' id='word_1_626' title='bbox 2895 2220 2926 2255; x_wconf 91' lang='lat' dir='ltr'><strong>a</strong></span> <span class='ocrx_word' id='word_1_627' title='bbox 2958 2203 3060 2272; x_wconf 82' lang='lat' dir='ltr'><strong>ﬁde</strong></span> <span class='ocrx_word' id='word_1_628' title='bbox 3083 2203 3359 2257; x_wconf 79' lang='lat' dir='ltr'><strong>christiana</strong></span> <span class='ocrx_word' id='word_1_629' title='bbox 3383 2202 3577 2272; x_wconf 87' lang='lat' dir='ltr'><strong>seposi-</strong></span> 
     </span>
    </p>
   </div>
   <div class='ocr_carea' id='block_1_82' title="bbox 1994 2293 3580 2365">
    <p class='ocr_par' dir='ltr' id='par_1_82' title="bbox 1994 2293 3580 2365">
     <span class='ocr_line' id='line_1_82' title="bbox 1994 2293 3580 2365; baseline 0.001 -20"><span class='ocrx_word' id='word_1_630' title='bbox 1994 2299 2100 2345; x_wconf 90' lang='lat' dir='ltr'><strong>tum</strong></span> <span class='ocrx_word' id='word_1_631' title='bbox 2123 2331 2139 2357; x_wconf 97' lang='lat'><strong>,</strong></span> <span class='ocrx_word' id='word_1_632' title='bbox 2161 2301 2208 2345; x_wconf 87' lang='lat' dir='ltr'><strong>et</strong></span> <span class='ocrx_word' id='word_1_633' title='bbox 2232 2293 2413 2347; x_wconf 85' lang='lat' dir='ltr'><strong>studiis</strong></span> <span class='ocrx_word' id='word_1_634' title='bbox 2438 2293 2559 2347; x_wconf 89' lang='lat' dir='ltr'><strong>olim</strong></span> <span class='ocrx_word' id='word_1_635' title='bbox 2579 2294 2800 2347; x_wconf 88' lang='lat' dir='ltr'><strong>deditum</strong></span> <span class='ocrx_word' id='word_1_636' title='bbox 2828 2293 3108 2348; x_wconf 88' lang='lat' dir='ltr'><strong>litterarum</strong></span> <span class='ocrx_word' id='word_1_637' title='bbox 3128 2335 3143 2362; x_wconf 96' lang='lat'><strong>,</strong></span> <span class='ocrx_word' id='word_1_638' title='bbox 3164 2294 3343 2365; x_wconf 83' lang='lat' dir='ltr'><strong>quietis</strong></span> <span class='ocrx_word' id='word_1_639' title='bbox 3360 2304 3406 2348; x_wconf 85' lang='lat' dir='ltr'><strong>et</strong></span> <span class='ocrx_word' id='word_1_640' title='bbox 3427 2293 3580 2347; x_wconf 85' lang='lat' dir='ltr'><strong>hone-</strong></span> 
     </span>
    </p>
   </div>
   <div class='ocr_carea' id='block_1_83' title="bbox 1994 2386 3581 2459">
    <p class='ocr_par' dir='ltr' id='par_1_83' title="bbox 1994 2386 3581 2459">
     <span class='ocr_line' id='line_1_83' title="bbox 1994 2386 3581 2459; baseline -0.001 -18"><span class='ocrx_word' id='word_1_641' title='bbox 1994 2386 2137 2441; x_wconf 81' lang='lat' dir='ltr'><strong>statis</strong></span> <span class='ocrx_word' id='word_1_642' title='bbox 2158 2388 2312 2459; x_wconf 76' lang='lat' dir='ltr'><strong>fuisse</strong></span> <span class='ocrx_word' id='word_1_643' title='bbox 2332 2387 2603 2453; x_wconf 87' lang='lat' dir='ltr'><strong>cultorem;</strong></span> <span class='ocrx_word' id='word_1_644' title='bbox 2631 2403 2842 2457; x_wconf 78' lang='lat' dir='ltr'><strong>cumque</strong></span> <span class='ocrx_word' id='word_1_645' title='bbox 2870 2398 3043 2459; x_wconf 86' lang='lat' dir='ltr'><strong>postea</strong></span> <span class='ocrx_word' id='word_1_646' title='bbox 3066 2404 3328 2442; x_wconf 86' lang='lat' dir='ltr'><strong>conversus</strong></span> <span class='ocrx_word' id='word_1_647' title='bbox 3351 2386 3419 2441; x_wconf 88' lang='lat' dir='ltr'><strong>ad</strong></span> <span class='ocrx_word' id='word_1_648' title='bbox 3445 2386 3581 2441; x_wconf 81' lang='lat' dir='ltr'><strong>chri-</strong></span> 
     </span>
    </p>
   </div>
   <div class='ocr_carea' id='block_1_84' title="bbox 1992 2480 3582 2553">
    <p class='ocr_par' dir='ltr' id='par_1_84' title="bbox 1992 2480 3582 2553">
     <span class='ocr_line' id='line_1_84' title="bbox 1992 2480 3582 2553; baseline 0 -18"><span class='ocrx_word' id='word_1_649' title='bbox 1992 2480 2211 2535; x_wconf 85' lang='lat' dir='ltr'><strong>stianam</strong></span> <span class='ocrx_word' id='word_1_650' title='bbox 2233 2480 2385 2550; x_wconf 78' lang='lat' dir='ltr'><strong>[idem</strong></span> <span class='ocrx_word' id='word_1_651' title='bbox 2413 2491 2465 2535; x_wconf 90' lang='lat' dir='ltr'><strong>ut</strong></span> <span class='ocrx_word' id='word_1_652' title='bbox 2492 2498 2554 2536; x_wconf 77' lang='lat' dir='ltr'><strong>ea:</strong></span> <span class='ocrx_word' id='word_1_653' title='bbox 2587 2481 2858 2535; x_wconf 87' lang='lat' dir='ltr'><strong>multorum</strong></span> <span class='ocrx_word' id='word_1_654' title='bbox 2883 2481 3127 2537; x_wconf 84' lang='lat' dir='ltr'><strong>relatione</strong></span> <span class='ocrx_word' id='word_1_655' title='bbox 3155 2482 3384 2553; x_wconf 84' lang='lat' dir='ltr'><strong>cognovi,</strong></span> <span class='ocrx_word' id='word_1_656' title='bbox 3408 2482 3582 2553; x_wconf 82' lang='lat' dir='ltr'><strong>dispu-</strong></span> 
     </span>
    </p>
   </div>
   <div class='ocr_carea' id='block_1_85' title="bbox 1997 2572 3582 2645">
    <p class='ocr_par' dir='ltr' id='par_1_85' title="bbox 1997 2572 3582 2645">
     <span class='ocr_line' id='line_1_85' title="bbox 1997 2572 3582 2645; baseline 0.001 -19"><span class='ocrx_word' id='word_1_657' title='bbox 1997 2572 2269 2627; x_wconf 79' lang='lat' dir='ltr'><strong>tationibus</strong></span> <span class='ocrx_word' id='word_1_658' title='bbox 2306 2574 2548 2645; x_wconf 79' lang='lat' dir='ltr'><strong>legalibus</strong></span> <span class='ocrx_word' id='word_1_659' title='bbox 2589 2590 2797 2645; x_wconf 84' lang='lat' dir='ltr'><strong>operam</strong></span> <span class='ocrx_word' id='word_1_660' title='bbox 2840 2574 3007 2628; x_wconf 87' lang='lat' dir='ltr'><strong>dares.</strong></span> <span class='ocrx_word' id='word_1_661' title='bbox 3040 2574 3196 2629; x_wconf 87' lang='lat' dir='ltr'><strong>Certe</strong></span> <span class='ocrx_word' id='word_1_662' title='bbox 3234 2574 3280 2628; x_wconf 91' lang='lat' dir='ltr'><strong>si</strong></span> <span class='ocrx_word' id='word_1_663' title='bbox 3312 2582 3364 2628; x_wconf 90' lang='lat' dir='ltr'><strong>tu</strong></span> <span class='ocrx_word' id='word_1_664' title='bbox 3398 2572 3465 2629; x_wconf 84' lang='lat' dir='ltr'><strong>ad</strong></span> <span class='ocrx_word' id='word_1_665' title='bbox 3494 2587 3582 2628; x_wconf 84' lang='lat' dir='ltr'><strong>me</strong></span> 
     </span>
    </p>
   </div>
   <div class='ocr_carea' id='block_1_86' title="bbox 1996 2664 3580 2735">
    <p class='ocr_par' dir='ltr' id='par_1_86' title="bbox 1996 2664 3580 2735">
     <span class='ocr_line' id='line_1_86' title="bbox 1996 2664 3580 2735; baseline 0.001 -16"><span class='ocrx_word' id='word_1_666' title='bbox 1996 2664 2141 2719; x_wconf 89' lang='lat' dir='ltr'><strong>illam</strong></span> <span class='ocrx_word' id='word_1_667' title='bbox 2183 2667 2460 2735; x_wconf 85' lang='lat' dir='ltr'><strong>epistolam</strong></span> <span class='ocrx_word' id='word_1_668' title='bbox 2505 2666 2728 2733; x_wconf 89' lang='lat' dir='ltr'><strong>misisti,</strong></span> <span class='ocrx_word' id='word_1_669' title='bbox 2770 2665 2885 2721; x_wconf 76' lang='lat' dir='ltr'><strong>hzec</strong></span> <span class='ocrx_word' id='word_1_670' title='bbox 2927 2665 3087 2722; x_wconf 89' lang='lat' dir='ltr'><strong>verba</strong></span> <span class='ocrx_word' id='word_1_671' title='bbox 3131 2674 3221 2720; x_wconf 90' lang='lat' dir='ltr'><strong>tua</strong></span> <span class='ocrx_word' id='word_1_672' title='bbox 3265 2674 3407 2721; x_wconf 90' lang='lat' dir='ltr'><strong>sunt.</strong></span> <span class='ocrx_word' id='word_1_673' title='bbox 3447 2664 3580 2720; x_wconf 90' lang='lat' dir='ltr'><strong>Cum</strong></span> 
     </span>
    </p>
   </div>
   <div class='ocr_carea' id='block_1_87' title="bbox 1996 2755 3579 2826">
    <p class='ocr_par' dir='ltr' id='par_1_87' title="bbox 1996 2755 3579 2826">
     <span class='ocr_line' id='line_1_87' title="bbox 1996 2755 3579 2826; baseline 0 -14"><span class='ocrx_word' id='word_1_674' title='bbox 1996 2770 2123 2826; x_wconf 83' lang='lat' dir='ltr'><strong>ergo</strong></span> <span class='ocrx_word' id='word_1_675' title='bbox 2154 2755 2367 2811; x_wconf 86' lang='lat' dir='ltr'><strong>fatearis</strong></span> <span class='ocrx_word' id='word_1_676' title='bbox 2407 2772 2492 2814; x_wconf 88' lang='lat' dir='ltr'><strong>me</strong></span> <span class='ocrx_word' id='word_1_677' title='bbox 2536 2773 2852 2814; x_wconf 87' lang='lat' dir='ltr'><strong>conversum</strong></span> <span class='ocrx_word' id='word_1_678' title='bbox 2900 2755 2966 2811; x_wconf 91' lang='lat' dir='ltr'><strong>ad</strong></span> <span class='ocrx_word' id='word_1_679' title='bbox 3002 2756 3347 2812; x_wconf 73' lang='lat' dir='ltr'><strong>Christianam</strong></span> <span class='ocrx_word' id='word_1_680' title='bbox 3390 2755 3579 2821; x_wconf 86' lang='lat' dir='ltr'><strong>iidem;</strong></span> 
     </span>
    </p>
   </div>
   <div class='ocr_carea' id='block_1_88' title="bbox 1995 2846 3581 2919">
    <p class='ocr_par' dir='ltr' id='par_1_88' title="bbox 1995 2846 3581 2919">
     <span class='ocr_line' id='line_1_88' title="bbox 1995 2846 3581 2919; baseline 0 -18"><span class='ocrx_word' id='word_1_681' title='bbox 1995 2862 2115 2901; x_wconf 93' lang='lat' dir='ltr'><strong>cum</strong></span> <span class='ocrx_word' id='word_1_682' title='bbox 2144 2864 2242 2918; x_wconf 88' lang='lat' dir='ltr'><strong>ego</strong></span> <span class='ocrx_word' id='word_1_683' title='bbox 2271 2864 2370 2903; x_wconf 90' lang='lat' dir='ltr'><strong>nec</strong></span> <span class='ocrx_word' id='word_1_684' title='bbox 2412 2848 2478 2903; x_wconf 91' lang='lat' dir='ltr'><strong>ad</strong></span> <span class='ocrx_word' id='word_1_685' title='bbox 2510 2849 2842 2915; x_wconf 89' lang='lat' dir='ltr'><strong>Donatistas,</strong></span> <span class='ocrx_word' id='word_1_686' title='bbox 2874 2863 2976 2904; x_wconf 90' lang='lat' dir='ltr'><strong>nec</strong></span> <span class='ocrx_word' id='word_1_687' title='bbox 3014 2846 3083 2903; x_wconf 92' lang='lat' dir='ltr'><strong>ad</strong></span> <span class='ocrx_word' id='word_1_688' title='bbox 3123 2847 3421 2919; x_wconf 84' lang='lat' dir='ltr'><strong>Rogatistas</strong></span> <span class='ocrx_word' id='word_1_689' title='bbox 3449 2862 3581 2903; x_wconf 85' lang='lat' dir='ltr'><strong>con-</strong></span> 
     </span>
    </p>
   </div>
   <div class='ocr_carea' id='block_1_89' title="bbox 1994 2938 3581 3009">
    <p class='ocr_par' dir='ltr' id='par_1_89' title="bbox 1994 2938 3581 3009">
     <span class='ocr_line' id='line_1_89' title="bbox 1994 2938 3581 3009; baseline 0.001 -18"><span class='ocrx_word' id='word_1_690' title='bbox 1994 2953 2182 2993; x_wconf 91' lang='lat' dir='ltr'><strong>versus</strong></span> <span class='ocrx_word' id='word_1_691' title='bbox 2207 2939 2328 3005; x_wconf 92' lang='lat' dir='ltr'><strong>sim,</strong></span> <span class='ocrx_word' id='word_1_692' title='bbox 2361 2940 2475 2995; x_wconf 92' lang='lat' dir='ltr'><strong>sine</strong></span> <span class='ocrx_word' id='word_1_693' title='bbox 2506 2940 2611 2994; x_wconf 89' lang='lat' dir='ltr'><strong>ulla</strong></span> <span class='ocrx_word' id='word_1_694' title='bbox 2641 2940 2969 2995; x_wconf 89' lang='lat' dir='ltr'><strong>dubitatione</strong></span> <span class='ocrx_word' id='word_1_695' title='bbox 2992 2938 3298 3007; x_wconf 85' lang='lat' dir='ltr'><strong>conﬁrmas,</strong></span> <span class='ocrx_word' id='word_1_696' title='bbox 3320 2948 3373 2994; x_wconf 93' lang='lat' dir='ltr'><strong>et</strong></span> <span class='ocrx_word' id='word_1_697' title='bbox 3390 2948 3581 3009; x_wconf 78' lang='lat' dir='ltr'><strong>praeter</strong></span> 
     </span>
    </p>
   </div>
   <div class='ocr_carea' id='block_1_90' title="bbox 1996 3027 3582 3101">
    <p class='ocr_par' dir='ltr' id='par_1_90' title="bbox 1996 3027 3582 3101">
     <span class='ocr_line' id='line_1_90' title="bbox 1996 3027 3582 3101; baseline 0.003 -19"><span class='ocrx_word' id='word_1_698' title='bbox 1996 3027 2334 3100; x_wconf 81' lang='lat' dir='ltr'><strong>Rogatistas,</strong></span> <span class='ocrx_word' id='word_1_699' title='bbox 2378 3040 2431 3085; x_wconf 90' lang='lat' dir='ltr'><strong>et</strong></span> <span class='ocrx_word' id='word_1_700' title='bbox 2475 3040 2667 3101; x_wconf 80' lang='lat' dir='ltr'><strong>praeter</strong></span> <span class='ocrx_word' id='word_1_701' title='bbox 2722 3031 3027 3086; x_wconf 89' lang='lat' dir='ltr'><strong>Donatistas</strong></span> <span class='ocrx_word' id='word_1_702' title='bbox 3072 3044 3193 3086; x_wconf 89' lang='lat' dir='ltr'><strong>esse</strong></span> <span class='ocrx_word' id='word_1_703' title='bbox 3238 3030 3582 3087; x_wconf 81' lang='lat' dir='ltr'><strong>Christianam</strong></span> 
     </span>
    </p>
   </div>
   <div class='ocr_carea' id='block_1_91' title="bbox 1997 3120 3581 3193">
    <p class='ocr_par' dir='ltr' id='par_1_91' title="bbox 1997 3120 3581 3193">
     <span class='ocr_line' id='line_1_91' title="bbox 1997 3120 3581 3193; baseline 0.001 -19"><span class='ocrx_word' id='word_1_704' title='bbox 1997 3120 2175 3176; x_wconf 90' lang='lat' dir='ltr'><strong>fidem.</strong></span> <span class='ocrx_word' id='word_1_705' title='bbox 2211 3122 2333 3176; x_wconf 71' lang='lat' dir='ltr'><strong>llaec</strong></span> <span class='ocrx_word' id='word_1_706' title='bbox 2357 3138 2482 3193; x_wconf 89' lang='lat' dir='ltr'><strong>ergo</strong></span> <span class='ocrx_word' id='word_1_707' title='bbox 2505 3122 2654 3189; x_wconf 81' lang='lat' dir='ltr'><strong>fides,</strong></span> <span class='ocrx_word' id='word_1_708' title='bbox 2674 3124 2809 3177; x_wconf 90' lang='lat' dir='ltr'><strong>sicut</strong></span> <span class='ocrx_word' id='word_1_709' title='bbox 2835 3122 3083 3188; x_wconf 89' lang='lat' dir='ltr'><strong>dicimus,</strong></span> <span class='ocrx_word' id='word_1_710' title='bbox 3103 3121 3157 3176; x_wconf 90' lang='lat' dir='ltr'><strong>in</strong></span> <span class='ocrx_word' id='word_1_711' title='bbox 3176 3120 3421 3176; x_wconf 90' lang='lat' dir='ltr'><strong>omnibus</strong></span> <span class='ocrx_word' id='word_1_712' title='bbox 3450 3136 3581 3191; x_wconf 72' lang='lat' dir='ltr'><strong>gen~</strong></span> 
     </span>
    </p>
   </div>
   <div class='ocr_carea' id='block_1_92' title="bbox 1997 3212 3580 3287">
    <p class='ocr_par' dir='ltr' id='par_1_92' title="bbox 1997 3212 3580 3287">
     <span class='ocr_line' id='line_1_92' title="bbox 1997 3212 3580 3287; baseline 0.001 -18"><span class='ocrx_word' id='word_1_713' title='bbox 1997 3216 2136 3269; x_wconf 92' lang='lat' dir='ltr'><strong>tibus</strong></span> <span class='ocrx_word' id='word_1_714' title='bbox 2178 3215 2461 3281; x_wconf 88' lang='lat' dir='ltr'><strong>dilatatur,</strong></span> <span class='ocrx_word' id='word_1_715' title='bbox 2502 3232 2619 3287; x_wconf 75' lang='lat' dir='ltr'><strong>quae</strong></span> <span class='ocrx_word' id='word_1_716' title='bbox 2657 3215 2948 3271; x_wconf 91' lang='lat' dir='ltr'><strong>secundum</strong></span> <span class='ocrx_word' id='word_1_717' title='bbox 2987 3215 3083 3270; x_wconf 90' lang='lat' dir='ltr'><strong>Dei</strong></span> <span class='ocrx_word' id='word_1_718' title='bbox 3124 3214 3484 3269; x_wconf 88' lang='lat' dir='ltr'><strong>testimonium</strong></span> <span class='ocrx_word' id='word_1_719' title='bbox 3528 3212 3580 3271; x_wconf 93' lang='lat' dir='ltr'><strong>in</strong></span> 
     </span>
    </p>
   </div>
   <div class='ocr_carea' id='block_1_93' title="bbox 1995 3305 3580 3382">
    <p class='ocr_par' dir='ltr' id='par_1_93' title="bbox 1995 3305 3580 3382">
     <span class='ocr_line' id='line_1_93' title="bbox 1995 3305 3580 3382; baseline -0.003 -17"><span class='ocrx_word' id='word_1_720' title='bbox 1995 3310 2200 3365; x_wconf 90' lang='lat' dir='ltr'><strong>semine</strong></span> <span class='ocrx_word' id='word_1_721' title='bbox 2260 3310 2487 3364; x_wconf 77' lang='lat' dir='ltr'><strong>Abralne</strong></span> <span class='ocrx_word' id='word_1_722' title='bbox 2560 3310 2943 3365; x_wconf 89' lang='lat' dir='ltr'><strong>benedicuntur</strong></span> <span class='ocrx_word' id='word_1_723' title='bbox 3004 3307 3172 3382; x_wconf 80' lang='lat' dir='ltr'><strong>(Gen.</strong></span> <span class='ocrx_word' id='word_1_724' title='bbox 3237 3323 3389 3375; x_wconf 75' lang='lat' dir='ltr'><strong>uti,</strong></span> <span class='ocrx_word' id='word_1_725' title='bbox 3450 3305 3580 3378; x_wconf 90' lang='grc'><strong>18).</strong></span> 
     </span>
    </p>
   </div>
   <div class='ocr_carea' id='block_1_94' title="bbox 1993 3400 3581 3474">
    <p class='ocr_par' dir='ltr' id='par_1_94' title="bbox 1993 3400 3581 3474">
     <span class='ocr_line' id='line_1_94' title="bbox 1993 3400 3581 3474; baseline 0 -18"><span class='ocrx_word' id='word_1_726' title='bbox 1993 3402 2130 3471; x_wconf 85' lang='lat' dir='ltr'><strong>Quid</strong></span> <span class='ocrx_word' id='word_1_727' title='bbox 2178 3402 2335 3474; x_wconf 86' lang='lat' dir='ltr'><strong>igitur</strong></span> <span class='ocrx_word' id='word_1_728' title='bbox 2371 3402 2544 3458; x_wconf 91' lang='lat' dir='ltr'><strong>adhuc</strong></span> <span class='ocrx_word' id='word_1_729' title='bbox 2582 3403 2790 3458; x_wconf 92' lang='lat' dir='ltr'><strong>dubitas</strong></span> <span class='ocrx_word' id='word_1_730' title='bbox 2830 3412 3012 3458; x_wconf 90' lang='lat' dir='ltr'><strong>tenere</strong></span> <span class='ocrx_word' id='word_1_731' title='bbox 3055 3401 3195 3473; x_wconf 92' lang='lat' dir='ltr'><strong>quod</strong></span> <span class='ocrx_word' id='word_1_732' title='bbox 3238 3401 3439 3469; x_wconf 90' lang='lat' dir='ltr'><strong>sentis,</strong></span> <span class='ocrx_word' id='word_1_733' title='bbox 3480 3400 3581 3456; x_wconf 85' lang='lat' dir='ltr'><strong>nisi</strong></span> 
     </span>
    </p>
   </div>
   <div class='ocr_carea' id='block_1_95' title="bbox 1995 3494 3576 3566">
    <p class='ocr_par' dir='ltr' id='par_1_95' title="bbox 1995 3494 3576 3566">
     <span class='ocr_line' id='line_1_95' title="bbox 1995 3494 3576 3566; baseline -0.001 -17"><span class='ocrx_word' id='word_1_734' title='bbox 1995 3496 2117 3565; x_wconf 78' lang='lat' dir='ltr'><strong>quia</strong></span> <span class='ocrx_word' id='word_1_735' title='bbox 2145 3494 2194 3549; x_wconf 87' lang='lat' dir='ltr'><strong>id</strong></span> <span class='ocrx_word' id='word_1_736' title='bbox 2219 3495 2359 3565; x_wconf 90' lang='lat' dir='ltr'><strong>quod</strong></span> <span class='ocrx_word' id='word_1_737' title='bbox 2384 3511 2527 3549; x_wconf 90' lang='lat' dir='ltr'><strong>nunc</strong></span> <span class='ocrx_word' id='word_1_738' title='bbox 2554 3496 2738 3559; x_wconf 89' lang='lat' dir='ltr'><strong>sentis,</strong></span> <span class='ocrx_word' id='word_1_739' title='bbox 2772 3495 2857 3550; x_wconf 91' lang='lat' dir='ltr'><strong>vel</strong></span> <span class='ocrx_word' id='word_1_740' title='bbox 2885 3495 3171 3566; x_wconf 89' lang='lat' dir='ltr'><strong>aliquando</strong></span> <span class='ocrx_word' id='word_1_741' title='bbox 3192 3510 3297 3549; x_wconf 92' lang='lat' dir='ltr'><strong>non</strong></span> <span class='ocrx_word' id='word_1_742' title='bbox 3326 3494 3576 3558; x_wconf 91' lang='lat' dir='ltr'><strong>sensisse,</strong></span> 
     </span>
    </p>
   </div>
   <div class='ocr_carea' id='block_1_96' title="bbox 1994 3584 3581 3653">
    <p class='ocr_par' dir='ltr' id='par_1_96' title="bbox 1994 3584 3581 3653">
     <span class='ocr_line' id='line_1_96' title="bbox 1994 3584 3581 3653; baseline 0.001 -14"><span class='ocrx_word' id='word_1_743' title='bbox 1994 3586 2076 3640; x_wconf 90' lang='lat' dir='ltr'><strong>vel</strong></span> <span class='ocrx_word' id='word_1_744' title='bbox 2107 3586 2249 3641; x_wconf 92' lang='lat' dir='ltr'><strong>aliud</strong></span> <span class='ocrx_word' id='word_1_745' title='bbox 2296 3586 2601 3643; x_wconf 85' lang='lat' dir='ltr'><strong>defendisse</strong></span> <span class='ocrx_word' id='word_1_746' title='bbox 2644 3586 3013 3653; x_wconf 90' lang='lat' dir='ltr'><strong>confunderis;</strong></span> <span class='ocrx_word' id='word_1_747' title='bbox 3055 3595 3111 3642; x_wconf 90' lang='lat' dir='ltr'><strong>et</strong></span> <span class='ocrx_word' id='word_1_748' title='bbox 3151 3586 3279 3641; x_wconf 92' lang='lat' dir='ltr'><strong>dum</strong></span> <span class='ocrx_word' id='word_1_749' title='bbox 3308 3584 3581 3641; x_wconf 88' lang='lat' dir='ltr'><strong>erubescis</strong></span> 
     </span>
    </p>
   </div>
   <div class='ocr_carea' id='block_1_97' title="bbox 1994 3678 3581 3749">
    <p class='ocr_par' dir='ltr' id='par_1_97' title="bbox 1994 3678 3581 3749">
     <span class='ocr_line' id='line_1_97' title="bbox 1994 3678 3581 3749; baseline 0 -18"><span class='ocrx_word' id='word_1_750' title='bbox 1994 3678 2266 3748; x_wconf 87' lang='lat' dir='ltr'><strong>corrigere</strong></span> <span class='ocrx_word' id='word_1_751' title='bbox 2306 3694 2576 3745; x_wconf 88' lang='lat' dir='ltr'><strong>errorem,</strong></span> <span class='ocrx_word' id='word_1_752' title='bbox 2608 3695 2714 3733; x_wconf 92' lang='lat' dir='ltr'><strong>non</strong></span> <span class='ocrx_word' id='word_1_753' title='bbox 2755 3679 3025 3733; x_wconf 87' lang='lat' dir='ltr'><strong>erubescis</strong></span> <span class='ocrx_word' id='word_1_754' title='bbox 3054 3694 3369 3749; x_wconf 88' lang='lat' dir='ltr'><strong>permanere</strong></span> <span class='ocrx_word' id='word_1_755' title='bbox 3411 3678 3464 3732; x_wconf 93' lang='lat' dir='ltr'><strong>in</strong></span> <span class='ocrx_word' id='word_1_756' title='bbox 3493 3692 3581 3733; x_wconf 87' lang='lat' dir='ltr'><strong>er-</strong></span> 
     </span>
    </p>
   </div>
   <div class='ocr_carea' id='block_1_98' title="bbox 1994 3768 3336 3841">
    <p class='ocr_par' dir='ltr' id='par_1_98' title="bbox 1994 3768 3336 3841">
     <span class='ocr_line' id='line_1_98' title="bbox 1994 3768 3336 3841; baseline -0.001 -18"><span class='ocrx_word' id='word_1_757' title='bbox 1994 3784 2137 3835; x_wconf 90' lang='lat' dir='ltr'><strong>rore,</strong></span> <span class='ocrx_word' id='word_1_758' title='bbox 2171 3770 2308 3840; x_wconf 92' lang='lat' dir='ltr'><strong>quod</strong></span> <span class='ocrx_word' id='word_1_759' title='bbox 2338 3771 2518 3841; x_wconf 89' lang='lat' dir='ltr'><strong>utique</strong></span> <span class='ocrx_word' id='word_1_760' title='bbox 2546 3775 2720 3839; x_wconf 90' lang='lat' dir='ltr'><strong>potius</strong></span> <span class='ocrx_word' id='word_1_761' title='bbox 2750 3769 3171 3825; x_wconf 88' lang='lat' dir='ltr'><strong>erubescendum</strong></span> <span class='ocrx_word' id='word_1_762' title='bbox 3202 3768 3336 3823; x_wconf 87' lang='lat' dir='ltr'><strong>fuit?</strong></span> 
     </span>
    </p>
   </div>
   <div class='ocr_carea' id='block_1_99' title="bbox 2066 3860 3574 3932">
    <p class='ocr_par' dir='ltr' id='par_1_99' title="bbox 2066 3860 3574 3932">
     <span class='ocr_line' id='line_1_99' title="bbox 2066 3860 3574 3932; baseline -0.003 -14"><span class='ocrx_word' id='word_1_763' title='bbox 2066 3861 2154 3918; x_wconf 76' lang='lat'><strong>52.</strong></span> <span class='ocrx_word' id='word_1_764' title='bbox 2198 3861 2307 3916; x_wconf 86' lang='lat' dir='ltr'><strong>Hoc</strong></span> <span class='ocrx_word' id='word_1_765' title='bbox 2339 3871 2425 3917; x_wconf 82' lang='lat' dir='ltr'><strong>est</strong></span> <span class='ocrx_word' id='word_1_766' title='bbox 2458 3862 2583 3917; x_wconf 94' lang='lat' dir='ltr'><strong>illud</strong></span> <span class='ocrx_word' id='word_1_767' title='bbox 2613 3863 2753 3932; x_wconf 84' lang='lat' dir='ltr'><strong>quod</strong></span> <span class='ocrx_word' id='word_1_768' title='bbox 2781 3862 3053 3932; x_wconf 87' lang='lat' dir='ltr'><strong>Scriptura</strong></span> <span class='ocrx_word' id='word_1_769' title='bbox 3093 3876 3200 3917; x_wconf 90' lang='lat' dir='ltr'><strong>non</strong></span> <span class='ocrx_word' id='word_1_770' title='bbox 3250 3860 3449 3915; x_wconf 90' lang='lat' dir='ltr'><strong>tacuit:</strong></span> <span class='ocrx_word' id='word_1_771' title='bbox 3480 3860 3574 3915; x_wconf 85' lang='lat' dir='ltr'><strong>Est</strong></span> 
     </span>
    </p>
   </div>
   <div class='ocr_carea' id='block_1_100' title="bbox 1995 3954 3577 4026">
    <p class='ocr_par' dir='ltr' id='par_1_100' title="bbox 1995 3954 3577 4026">
     <span class='ocr_line' id='line_1_100' title="bbox 1995 3954 3577 4026; baseline 0.002 -20"><span class='ocrx_word' id='word_1_772' title='bbox 1995 3955 2222 4025; x_wconf 83' lang='lat' dir='ltr'><strong>confusio</strong></span> <span class='ocrx_word' id='word_1_773' title='bbox 2258 3954 2513 4009; x_wconf 84' lang='lat' dir='ltr'><strong>adducens</strong></span> <span class='ocrx_word' id='word_1_774' title='bbox 2553 3965 2811 4025; x_wconf 87' lang='lat' dir='ltr'><strong>peccatum</strong></span> <span class='ocrx_word' id='word_1_775' title='bbox 2831 3997 2846 4021; x_wconf 95' lang='lat'><strong>,</strong></span> <span class='ocrx_word' id='word_1_776' title='bbox 2894 3964 2941 4008; x_wconf 86' lang='lat' dir='ltr'><strong>et</strong></span> <span class='ocrx_word' id='word_1_777' title='bbox 2968 3965 3040 4009; x_wconf 86' lang='lat' dir='ltr'><strong>est</strong></span> <span class='ocrx_word' id='word_1_778' title='bbox 3065 3954 3296 4026; x_wconf 76' lang='lat' dir='ltr'><strong>confusio</strong></span> <span class='ocrx_word' id='word_1_779' title='bbox 3322 3954 3577 4009; x_wconf 85' lang='lat' dir='ltr'><strong>adducens</strong></span> 
     </span>
    </p>
   </div>
   <div class='ocr_carea' id='block_1_101' title="bbox 1993 4043 3583 4116">
    <p class='ocr_par' dir='ltr' id='par_1_101' title="bbox 1993 4043 3583 4116">
     <span class='ocr_line' id='line_1_101' title="bbox 1993 4043 3583 4116; baseline 0.001 -19"><span class='ocrx_word' id='word_1_780' title='bbox 1993 4046 2210 4115; x_wconf 85' lang='lat' dir='ltr'><strong>gratiam</strong></span> <span class='ocrx_word' id='word_1_781' title='bbox 2250 4054 2297 4098; x_wconf 88' lang='lat' dir='ltr'><strong>et</strong></span> <span class='ocrx_word' id='word_1_782' title='bbox 2334 4047 2549 4116; x_wconf 86' lang='lat' dir='ltr'><strong>gloriam</strong></span> <span class='ocrx_word' id='word_1_783' title='bbox 2575 4044 2765 4116; x_wconf 85' lang='lat' dir='ltr'><strong>(Eccli.</strong></span> <span class='ocrx_word' id='word_1_784' title='bbox 2796 4060 2884 4111; x_wconf 88' lang='lat' dir='ltr'><strong>tv,</strong></span> <span class='ocrx_word' id='word_1_785' title='bbox 2913 4044 3031 4111; x_wconf 74' lang='lat'><strong>25).</strong></span> <span class='ocrx_word' id='word_1_786' title='bbox 3076 4044 3326 4099; x_wconf 88' lang='lat' dir='ltr'><strong>Confusio</strong></span> <span class='ocrx_word' id='word_1_787' title='bbox 3367 4043 3583 4099; x_wconf 90' lang='lat' dir='ltr'><strong>adducit</strong></span> 
     </span>
    </p>
   </div>
   <div class='ocr_carea' id='block_1_102' title="bbox 1996 4136 3583 4206">
    <p class='ocr_par' dir='ltr' id='par_1_102' title="bbox 1996 4136 3583 4206">
     <span class='ocr_line' id='line_1_102' title="bbox 1996 4136 3583 4206; baseline -0.001 -16"><span class='ocrx_word' id='word_1_788' title='bbox 1996 4145 2271 4206; x_wconf 86' lang='lat' dir='ltr'><strong>peccatum</strong></span> <span class='ocrx_word' id='word_1_789' title='bbox 2303 4178 2316 4201; x_wconf 92' lang='lat'><strong>,</strong></span> <span class='ocrx_word' id='word_1_790' title='bbox 2368 4150 2503 4189; x_wconf 10' lang='lat' dir='ltr'><strong>cum;</strong></span> <span class='ocrx_word' id='word_1_791' title='bbox 2534 4136 2801 4190; x_wconf 88' lang='lat' dir='ltr'><strong>erubescit</strong></span> <span class='ocrx_word' id='word_1_792' title='bbox 2839 4136 3062 4205; x_wconf 91' lang='lat' dir='ltr'><strong>quisque</strong></span> <span class='ocrx_word' id='word_1_793' title='bbox 3115 4149 3330 4204; x_wconf 89' lang='lat' dir='ltr'><strong>pravam</strong></span> <span class='ocrx_word' id='word_1_794' title='bbox 3377 4144 3583 4189; x_wconf 88' lang='lat' dir='ltr'><strong>mutare</strong></span> 
     </span>
    </p>
   </div>
   <div class='ocr_carea' id='block_1_103' title="bbox 1994 4226 3582 4298">
    <p class='ocr_par' dir='ltr' id='par_1_103' title="bbox 1994 4226 3582 4298">
     <span class='ocr_line' id='line_1_103' title="bbox 1994 4226 3582 4298; baseline -0.001 -16"><span class='ocrx_word' id='word_1_795' title='bbox 1994 4228 2311 4282; x_wconf 89' lang='lat' dir='ltr'><strong>sententiam</strong></span> <span class='ocrx_word' id='word_1_796' title='bbox 2359 4244 2426 4282; x_wconf 89' lang='lat' dir='ltr'><strong>ne</strong></span> <span class='ocrx_word' id='word_1_797' title='bbox 2466 4236 2556 4282; x_wconf 92' lang='lat' dir='ltr'><strong>aut</strong></span> <span class='ocrx_word' id='word_1_798' title='bbox 2599 4228 2907 4282; x_wconf 86' lang='lat' dir='ltr'><strong>inconstans</strong></span> <span class='ocrx_word' id='word_1_799' title='bbox 2952 4235 3182 4298; x_wconf 89' lang='lat' dir='ltr'><strong>putetur,</strong></span> <span class='ocrx_word' id='word_1_800' title='bbox 3229 4236 3319 4280; x_wconf 89' lang='lat' dir='ltr'><strong>aut</strong></span> <span class='ocrx_word' id='word_1_801' title='bbox 3359 4226 3449 4281; x_wconf 93' lang='lat' dir='ltr'><strong>diu</strong></span> <span class='ocrx_word' id='word_1_802' title='bbox 3494 4242 3582 4281; x_wconf 91' lang='lat' dir='ltr'><strong>er-</strong></span> 
     </span>
    </p>
   </div>
   <div class='ocr_carea' id='block_1_104' title="bbox 1995 4319 3582 4390">
    <p class='ocr_par' dir='ltr' id='par_1_104' title="bbox 1995 4319 3582 4390">
     <span class='ocr_line' id='line_1_104' title="bbox 1995 4319 3582 4390; baseline -0.003 -13"><span class='ocrx_word' id='word_1_803' title='bbox 1995 4336 2145 4377; x_wconf 89' lang='lat' dir='ltr'><strong>rasse</strong></span> <span class='ocrx_word' id='word_1_804' title='bbox 2170 4323 2190 4353; x_wconf 88' lang='grc'><strong><em>²</em></strong></span> <span class='ocrx_word' id='word_1_805' title='bbox 2221 4322 2397 4390; x_wconf 90' lang='lat' dir='ltr'><strong>seipso</strong></span> <span class='ocrx_word' id='word_1_806' title='bbox 2429 4321 2607 4390; x_wconf 90' lang='lat' dir='ltr'><strong>judice</strong></span> <span class='ocrx_word' id='word_1_807' title='bbox 2642 4330 2889 4376; x_wconf 90' lang='lat' dir='ltr'><strong>teneatur</strong></span> <span class='ocrx_word' id='word_1_808' title='bbox 2918 4339 2931 4375; x_wconf 89' lang='lat'><strong>:</strong></span> <span class='ocrx_word' id='word_1_809' title='bbox 2963 4320 3033 4375; x_wconf 90' lang='lat' dir='ltr'><strong>ita</strong></span> <span class='ocrx_word' id='word_1_810' title='bbox 3065 4319 3394 4375; x_wconf 88' lang='lat' dir='ltr'><strong>descendunt</strong></span> <span class='ocrx_word' id='word_1_811' title='bbox 3414 4319 3468 4373; x_wconf 94' lang='lat' dir='ltr'><strong>in</strong></span> <span class='ocrx_word' id='word_1_812' title='bbox 3497 4319 3582 4373; x_wconf 89' lang='lat' dir='ltr'><strong>in-</strong></span> 
     </span>
    </p>
   </div>
   <div class='ocr_carea' id='block_1_105' title="bbox 1994 4410 3583 4486">
    <p class='ocr_par' dir='ltr' id='par_1_105' title="bbox 1994 4410 3583 4486">
     <span class='ocr_line' id='line_1_105' title="bbox 1994 4410 3583 4486; baseline -0.001 -17"><span class='ocrx_word' id='word_1_813' title='bbox 1994 4414 2201 4470; x_wconf 90' lang='lat' dir='ltr'><strong>fernum</strong></span> <span class='ocrx_word' id='word_1_814' title='bbox 2235 4414 2476 4469; x_wconf 90' lang='lat' dir='ltr'><strong>viventes</strong></span> <span class='ocrx_word' id='word_1_815' title='bbox 2509 4412 2679 4486; x_wconf 83' lang='lat' dir='ltr'><strong>(Psat.</strong></span> <span class='ocrx_word' id='word_1_816' title='bbox 2722 4428 2828 4479; x_wconf 84' lang='lat' dir='ltr'><strong>uv,</strong></span> <span class='ocrx_word' id='word_1_817' title='bbox 2869 4410 2979 4486; x_wconf 87' lang='grc'><strong>16),</strong></span> <span class='ocrx_word' id='word_1_818' title='bbox 3016 4411 3069 4467; x_wconf 89' lang='lat' dir='ltr'><strong>id</strong></span> <span class='ocrx_word' id='word_1_819' title='bbox 3096 4421 3195 4477; x_wconf 90' lang='lat' dir='ltr'><strong>est,</strong></span> <span class='ocrx_word' id='word_1_820' title='bbox 3225 4427 3373 4468; x_wconf 90' lang='lat' dir='ltr'><strong>suam</strong></span> <span class='ocrx_word' id='word_1_821' title='bbox 3403 4412 3583 4483; x_wconf 83' lang='lat' dir='ltr'><strong>perdi-</strong></span> 
     </span>
    </p>
   </div>
   <div class='ocr_carea' id='block_1_106' title="bbox 1994 4502 3585 4575">
    <p class='ocr_par' dir='ltr' id='par_1_106' title="bbox 1994 4502 3585 4575">
     <span class='ocr_line' id='line_1_106' title="bbox 1994 4502 3585 4575; baseline -0.002 -14"><span class='ocrx_word' id='word_1_822' title='bbox 1994 4506 2192 4561; x_wconf 91' lang='lat' dir='ltr'><strong>tionem</strong></span> <span class='ocrx_word' id='word_1_823' title='bbox 2239 4504 2566 4571; x_wconf 88' lang='lat' dir='ltr'><strong>sentientes;</strong></span> <span class='ocrx_word' id='word_1_824' title='bbox 2613 4519 2747 4575; x_wconf 90' lang='lat' dir='ltr'><strong>quos</strong></span> <span class='ocrx_word' id='word_1_825' title='bbox 2796 4504 3001 4558; x_wconf 89' lang='lat' dir='ltr'><strong>Dathan</strong></span> <span class='ocrx_word' id='word_1_826' title='bbox 3042 4512 3095 4558; x_wconf 86' lang='lat' dir='ltr'><strong>et</strong></span> <span class='ocrx_word' id='word_1_827' title='bbox 3136 4502 3338 4558; x_wconf 82' lang='lat' dir='ltr'><strong>Abiron</strong></span> <span class='ocrx_word' id='word_1_828' title='bbox 3367 4512 3423 4560; x_wconf 91' lang='lat' dir='ltr'><strong>et</strong></span> <span class='ocrx_word' id='word_1_829' title='bbox 3448 4504 3585 4560; x_wconf 92' lang='lat' dir='ltr'><strong>Core</strong></span> 
     </span>
    </p>
   </div>
   <div class='ocr_carea' id='block_1_107' title="bbox 1996 4594 3586 4668">
    <p class='ocr_par' dir='ltr' id='par_1_107' title="bbox 1996 4594 3586 4668">
     <span class='ocr_line' id='line_1_107' title="bbox 1996 4594 3586 4668; baseline 0.001 -17"><span class='ocrx_word' id='word_1_830' title='bbox 1996 4595 2143 4651; x_wconf 91' lang='lat' dir='ltr'><strong>hiatu</strong></span> <span class='ocrx_word' id='word_1_831' title='bbox 2175 4605 2331 4651; x_wconf 81' lang='lat' dir='ltr'><strong>terrae</strong></span> <span class='ocrx_word' id='word_1_832' title='bbox 2360 4597 2598 4666; x_wconf 90' lang='lat' dir='ltr'><strong>absorpti</strong></span> <span class='ocrx_word' id='word_1_833' title='bbox 2642 4594 2827 4668; x_wconf 87' lang='lat' dir='ltr'><strong>(Num.</strong></span> <span class='ocrx_word' id='word_1_834' title='bbox 2857 4611 2981 4663; x_wconf 72' lang='lat' dir='ltr'><strong>xvn,</strong></span> <span class='ocrx_word' id='word_1_835' title='bbox 3014 4595 3207 4668; x_wconf 78' lang='grc'><strong>51-55)</strong></span> <span class='ocrx_word' id='word_1_836' title='bbox 3227 4639 3241 4661; x_wconf 85' lang='grc'><strong>,</strong></span> <span class='ocrx_word' id='word_1_837' title='bbox 3274 4606 3421 4651; x_wconf 90' lang='lat' dir='ltr'><strong>tanto</strong></span> <span class='ocrx_word' id='word_1_838' title='bbox 3462 4605 3586 4653; x_wconf 88' lang='lat' dir='ltr'><strong>ante</strong></span> 
     </span>
    </p>
   </div>
   <div class='ocr_carea' id='block_1_108' title="bbox 1995 4688 3585 4761">
    <p class='ocr_par' dir='ltr' id='par_1_108' title="bbox 1995 4688 3585 4761">
     <span class='ocr_line' id='line_1_108' title="bbox 1995 4688 3585 4761; baseline 0.002 -17"><span class='ocrx_word' id='word_1_839' title='bbox 1995 4688 2204 4744; x_wconf 90' lang='lat' dir='ltr'><strong>futuros</strong></span> <span class='ocrx_word' id='word_1_840' title='bbox 2237 4689 2614 4759; x_wconf 85' lang='lat' dir='ltr'><strong>figuraverunt.</strong></span> <span class='ocrx_word' id='word_1_841' title='bbox 2648 4688 2900 4744; x_wconf 78' lang='lat' dir='ltr'><strong>Confusio</strong></span> <span class='ocrx_word' id='word_1_842' title='bbox 2921 4698 3095 4744; x_wconf 90' lang='lat' dir='ltr'><strong>autem</strong></span> <span class='ocrx_word' id='word_1_843' title='bbox 3125 4689 3337 4745; x_wconf 90' lang='lat' dir='ltr'><strong>adducit</strong></span> <span class='ocrx_word' id='word_1_844' title='bbox 3361 4692 3585 4761; x_wconf 83' lang='lat' dir='ltr'><strong>gratiam</strong></span> 
     </span>
    </p>
   </div>
   <div class='ocr_carea' id='block_1_109' title="bbox 1996 4779 3588 4852">
    <p class='ocr_par' dir='ltr' id='par_1_109' title="bbox 1996 4779 3588 4852">
     <span class='ocr_line' id='line_1_109' title="bbox 1996 4779 3588 4852; baseline 0.001 -18"><span class='ocrx_word' id='word_1_845' title='bbox 1996 4792 2048 4834; x_wconf 89' lang='lat' dir='ltr'><strong>et</strong></span> <span class='ocrx_word' id='word_1_846' title='bbox 2068 4780 2290 4851; x_wconf 88' lang='lat' dir='ltr'><strong>gloriam</strong></span> <span class='ocrx_word' id='word_1_847' title='bbox 2316 4822 2330 4843; x_wconf 93' lang='lat'><strong>,</strong></span> <span class='ocrx_word' id='word_1_848' title='bbox 2363 4795 2484 4835; x_wconf 92' lang='lat' dir='ltr'><strong>eum</strong></span> <span class='ocrx_word' id='word_1_849' title='bbox 2510 4779 2781 4835; x_wconf 87' lang='lat' dir='ltr'><strong>erubescit</strong></span> <span class='ocrx_word' id='word_1_850' title='bbox 2808 4780 3034 4850; x_wconf 89' lang='lat' dir='ltr'><strong>quisque</strong></span> <span class='ocrx_word' id='word_1_851' title='bbox 3063 4779 3131 4835; x_wconf 92' lang='lat' dir='ltr'><strong>de</strong></span> <span class='ocrx_word' id='word_1_852' title='bbox 3154 4783 3366 4851; x_wconf 88' lang='lat' dir='ltr'><strong>pr0pria</strong></span> <span class='ocrx_word' id='word_1_853' title='bbox 3395 4782 3588 4852; x_wconf 80' lang='lat' dir='ltr'><strong>iniqui-</strong></span> 
     </span>
    </p>
   </div>
   <div class='ocr_carea' id='block_1_110' title="bbox 1994 4870 3585 4942">
    <p class='ocr_par' dir='ltr' id='par_1_110' title="bbox 1994 4870 3585 4942">
     <span class='ocr_line' id='line_1_110' title="bbox 1994 4870 3585 4942; baseline 0.001 -16"><span class='ocrx_word' id='word_1_854' title='bbox 1994 4880 2105 4927; x_wconf 90' lang='lat' dir='ltr'><strong>tate</strong></span> <span class='ocrx_word' id='word_1_855' title='bbox 2129 4913 2143 4938; x_wconf 97' lang='lat'><strong>,</strong></span> <span class='ocrx_word' id='word_1_856' title='bbox 2178 4881 2230 4925; x_wconf 88' lang='lat' dir='ltr'><strong>et</strong></span> <span class='ocrx_word' id='word_1_857' title='bbox 2255 4870 2565 4941; x_wconf 86' lang='lat' dir='ltr'><strong>paenitendo</strong></span> <span class='ocrx_word' id='word_1_858' title='bbox 2602 4871 2654 4925; x_wconf 93' lang='lat' dir='ltr'><strong>in</strong></span> <span class='ocrx_word' id='word_1_859' title='bbox 2701 4870 2893 4925; x_wconf 84' lang='lat' dir='ltr'><strong>melius</strong></span> <span class='ocrx_word' id='word_1_860' title='bbox 2929 4880 3317 4937; x_wconf 87' lang='lat' dir='ltr'><strong>commutatur;</strong></span> <span class='ocrx_word' id='word_1_861' title='bbox 3362 4872 3502 4942; x_wconf 91' lang='lat' dir='ltr'><strong>quod</strong></span> <span class='ocrx_word' id='word_1_862' title='bbox 3532 4881 3585 4927; x_wconf 92' lang='lat' dir='ltr'><strong>te</strong></span> 
     </span>
    </p>
   </div>
   <div class='ocr_carea' id='block_1_111' title="bbox 1994 4961 3585 5032">
    <p class='ocr_par' dir='ltr' id='par_1_111' title="bbox 1994 4961 3585 5032">
     <span class='ocr_line' id='line_1_111' title="bbox 1994 4961 3585 5032; baseline 0.001 -15"><span class='ocrx_word' id='word_1_863' title='bbox 1994 4961 2172 5017; x_wconf 90' lang='lat' dir='ltr'><strong>facere</strong></span> <span class='ocrx_word' id='word_1_864' title='bbox 2201 4963 2345 5032; x_wconf 89' lang='lat' dir='ltr'><strong>piget</strong></span> <span class='ocrx_word' id='word_1_865' title='bbox 2370 4962 2455 5015; x_wconf 89' lang='lat' dir='ltr'><strong>illa</strong></span> <span class='ocrx_word' id='word_1_866' title='bbox 2484 4961 2783 5032; x_wconf 90' lang='lat' dir='ltr'><strong>perniciosa</strong></span> <span class='ocrx_word' id='word_1_867' title='bbox 2805 4961 3118 5017; x_wconf 91' lang='lat' dir='ltr'><strong>confusione</strong></span> <span class='ocrx_word' id='word_1_868' title='bbox 3145 4972 3485 5032; x_wconf 90' lang='lat' dir='ltr'><strong>superatum;</strong></span> <span class='ocrx_word' id='word_1_869' title='bbox 3518 4980 3585 5019; x_wconf 84' lang='lat' dir='ltr'><strong>ne</strong></span> 
     </span>
    </p>
   </div>
   <div class='ocr_carea' id='block_1_112' title="bbox 1996 5054 3585 5125">
    <p class='ocr_par' dir='ltr' id='par_1_112' title="bbox 1996 5054 3585 5125">
     <span class='ocr_line' id='line_1_112' title="bbox 1996 5054 3585 5125; baseline 0 -16"><span class='ocrx_word' id='word_1_870' title='bbox 1996 5055 2091 5109; x_wconf 90' lang='lat' dir='ltr'><strong>tibi</strong></span> <span class='ocrx_word' id='word_1_871' title='bbox 2126 5056 2192 5110; x_wconf 91' lang='lat' dir='ltr'><strong>ab</strong></span> <span class='ocrx_word' id='word_1_872' title='bbox 2219 5054 2522 5109; x_wconf 90' lang='lat' dir='ltr'><strong>hominibus</strong></span> <span class='ocrx_word' id='word_1_873' title='bbox 2554 5054 2914 5110; x_wconf 89' lang='lat' dir='ltr'><strong>nescientibus</strong></span> <span class='ocrx_word' id='word_1_874' title='bbox 2952 5054 3079 5125; x_wconf 93' lang='lat' dir='ltr'><strong>quid</strong></span> <span class='ocrx_word' id='word_1_875' title='bbox 3117 5055 3417 5125; x_wconf 90' lang='lat' dir='ltr'><strong>loquantur,</strong></span> <span class='ocrx_word' id='word_1_876' title='bbox 3447 5055 3585 5125; x_wconf 91' lang='lat' dir='ltr'><strong>obji-</strong></span> 
     </span>
    </p>
   </div>
   <div class='ocr_carea' id='block_1_113' title="bbox 1995 5146 3584 5218">
    <p class='ocr_par' dir='ltr' id='par_1_113' title="bbox 1995 5146 3584 5218">
     <span class='ocr_line' id='line_1_113' title="bbox 1995 5146 3584 5218; baseline -0.001 -16"><span class='ocrx_word' id='word_1_877' title='bbox 1995 5148 2169 5203; x_wconf 90' lang='lat' dir='ltr'><strong>ciatur</strong></span> <span class='ocrx_word' id='word_1_878' title='bbox 2195 5148 2283 5202; x_wconf 87' lang='lat' dir='ltr'><strong>illa</strong></span> <span class='ocrx_word' id='word_1_879' title='bbox 2310 5148 2598 5217; x_wconf 89' lang='lat' dir='ltr'><strong>apostolica</strong></span> <span class='ocrx_word' id='word_1_880' title='bbox 2631 5147 2895 5203; x_wconf 87' lang='lat' dir='ltr'><strong>sententia</strong></span> <span class='ocrx_word' id='word_1_881' title='bbox 2922 5165 2935 5201; x_wconf 90' lang='lat'><strong>:</strong></span> <span class='ocrx_word' id='word_1_882' title='bbox 2964 5146 3026 5202; x_wconf 89' lang='lat' dir='ltr'><strong>Si</strong></span> <span class='ocrx_word' id='word_1_883' title='bbox 3047 5147 3179 5201; x_wconf 86' lang='lat' dir='ltr'><strong>enim</strong></span> <span class='ocrx_word' id='word_1_884' title='bbox 3197 5163 3309 5218; x_wconf 74' lang='lat' dir='ltr'><strong>qua:</strong></span> <span class='ocrx_word' id='word_1_885' title='bbox 3327 5147 3553 5201; x_wconf 76' lang='lat' dir='ltr'><strong>destruxi</strong></span> <span class='ocrx_word' id='word_1_886' title='bbox 3567 5189 3584 5215; x_wconf 97' lang='lat'><strong>,</strong></span> 
     </span>
    </p>
   </div>
   <div class='ocr_carea' id='block_1_114' title="bbox 1996 5240 3586 5311">
    <p class='ocr_par' dir='ltr' id='par_1_114' title="bbox 1996 5240 3586 5311">
     <span class='ocr_line' id='line_1_114' title="bbox 1996 5240 3586 5311; baseline -0.001 -16"><span class='ocrx_word' id='word_1_887' title='bbox 1996 5241 2171 5295; x_wconf 87' lang='lat' dir='ltr'><strong>eadem</strong></span> <span class='ocrx_word' id='word_1_888' title='bbox 2193 5241 2373 5294; x_wconf 79' lang='lat' dir='ltr'><strong>iterant</strong></span> <span class='ocrx_word' id='word_1_889' title='bbox 2399 5240 2598 5309; x_wconf 70' lang='lat' dir='ltr'><strong>(ediﬁce</strong></span> <span class='ocrx_word' id='word_1_890' title='bbox 2617 5282 2631 5306; x_wconf 94' lang='lat'><strong>,</strong></span> <span class='ocrx_word' id='word_1_891' title='bbox 2665 5241 3102 5311; x_wconf 65' lang='lat' dir='ltr'><strong>pravaricatorem</strong></span> <span class='ocrx_word' id='word_1_892' title='bbox 3128 5240 3373 5307; x_wconf 84' lang='lat' dir='ltr'><strong>meipsum</strong></span> <span class='ocrx_word' id='word_1_893' title='bbox 3396 5242 3586 5293; x_wconf 85' lang='lat' dir='ltr'><strong>consti-</strong></span> 
     </span>
    </p>
   </div>
   <div class='ocr_carea' id='block_1_115' title="bbox 1998 5332 3588 5407">
    <p class='ocr_par' dir='ltr' id='par_1_115' title="bbox 1998 5332 3588 5407">
     <span class='ocr_line' id='line_1_115' title="bbox 1998 5332 3588 5407; baseline -0.001 -19"><span class='ocrx_word' id='word_1_894' title='bbox 1998 5342 2083 5388; x_wconf 87' lang='lat' dir='ltr'><strong>tuo</strong></span> <span class='ocrx_word' id='word_1_895' title='bbox 2110 5332 2250 5407; x_wconf 86' lang='lat' dir='ltr'><strong>(Gal.</strong></span> <span class='ocrx_word' id='word_1_896' title='bbox 2286 5350 2353 5401; x_wconf 88' lang='grc' dir='ltr'>ιι,</span> <span class='ocrx_word' id='word_1_897' title='bbox 2385 5332 2496 5405; x_wconf 74' lang='grc'><strong>18).</strong></span> <span class='ocrx_word' id='word_1_898' title='bbox 2535 5334 2665 5402; x_wconf 89' lang='lat' dir='ltr'><strong>Quae</strong></span> <span class='ocrx_word' id='word_1_899' title='bbox 2691 5334 2736 5389; x_wconf 89' lang='lat' dir='ltr'><strong>si</strong></span> <span class='ocrx_word' id='word_1_900' title='bbox 2765 5333 2866 5389; x_wconf 92' lang='lat' dir='ltr'><strong>dici</strong></span> <span class='ocrx_word' id='word_1_901' title='bbox 2894 5342 3075 5405; x_wconf 90' lang='lat' dir='ltr'><strong>posset</strong></span> <span class='ocrx_word' id='word_1_902' title='bbox 3107 5333 3266 5388; x_wconf 89' lang='lat' dir='ltr'><strong>etiam</strong></span> <span class='ocrx_word' id='word_1_903' title='bbox 3297 5332 3349 5386; x_wconf 93' lang='lat' dir='ltr'><strong>in</strong></span> <span class='ocrx_word' id='word_1_904' title='bbox 3379 5348 3471 5388; x_wconf 91' lang='lat' dir='ltr'><strong>eos</strong></span> <span class='ocrx_word' id='word_1_905' title='bbox 3497 5334 3588 5403; x_wconf 92' lang='lat' dir='ltr'><strong>qui</strong></span> 
     </span>
    </p>
   </div>
   <div class='ocr_carea' id='block_1_116' title="bbox 2000 5427 3587 5498">
    <p class='ocr_par' dir='ltr' id='par_1_116' title="bbox 2000 5427 3587 5498">
     <span class='ocr_line' id='line_1_116' title="bbox 2000 5427 3587 5498; baseline 0.001 -16"><span class='ocrx_word' id='word_1_906' title='bbox 2000 5430 2274 5483; x_wconf 88' lang='lat' dir='ltr'><strong>veritatem</strong></span> <span class='ocrx_word' id='word_1_907' title='bbox 2302 5427 2529 5483; x_wconf 89' lang='lat' dir='ltr'><strong>correcti</strong></span> <span class='ocrx_word' id='word_1_908' title='bbox 2560 5427 2887 5498; x_wconf 51' lang='lat' dir='ltr'><strong>praedicat“,</strong></span> <span class='ocrx_word' id='word_1_909' title='bbox 2933 5442 3089 5498; x_wconf 91' lang='lat' dir='ltr'><strong>quam</strong></span> <span class='ocrx_word' id='word_1_910' title='bbox 3138 5427 3372 5497; x_wconf 88' lang='lat' dir='ltr'><strong>perversi</strong></span> <span class='ocrx_word' id='word_1_911' title='bbox 3415 5442 3587 5498; x_wconf 88' lang='lat' dir='ltr'><strong>oppu-</strong></span> 
     </span>
    </p>
   </div>
   <div class='ocr_carea' id='block_1_117' title="bbox 2003 5520 3590 5593">
    <p class='ocr_par' dir='ltr' id='par_1_117' title="bbox 2003 5520 3590 5593">
     <span class='ocr_line' id='line_1_117' title="bbox 2003 5520 3590 5593; baseline 0.001 -17"><span class='ocrx_word' id='word_1_912' title='bbox 2003 5523 2236 5592; x_wconf 86' lang='lat' dir='ltr'><strong>gnabant</strong></span> <span class='ocrx_word' id='word_1_913' title='bbox 2258 5564 2272 5589; x_wconf 95' lang='lat'><strong>,</strong></span> <span class='ocrx_word' id='word_1_914' title='bbox 2296 5523 2347 5577; x_wconf 92' lang='lat' dir='ltr'><strong>in</strong></span> <span class='ocrx_word' id='word_1_915' title='bbox 2370 5523 2541 5593; x_wconf 92' lang='lat' dir='ltr'><strong>ipsum</strong></span> <span class='ocrx_word' id='word_1_916' title='bbox 2564 5521 2783 5576; x_wconf 88' lang='lat' dir='ltr'><strong>Paulum</strong></span> <span class='ocrx_word' id='word_1_917' title='bbox 2810 5521 3058 5591; x_wconf 88' lang='lat' dir='ltr'><strong>primitus</strong></span> <span class='ocrx_word' id='word_1_918' title='bbox 3083 5520 3374 5590; x_wconf 89' lang='lat' dir='ltr'><strong>diceretur,</strong></span> <span class='ocrx_word' id='word_1_919' title='bbox 3408 5522 3459 5577; x_wconf 92' lang='lat' dir='ltr'><strong>in</strong></span> <span class='ocrx_word' id='word_1_920' title='bbox 3484 5538 3590 5592; x_wconf 86' lang='lat' dir='ltr'><strong>quo</strong></span> 
     </span>
    </p>
   </div>
   <div class='ocr_carea' id='block_1_118' title="bbox 2000 5611 3590 5685">
    <p class='ocr_par' dir='ltr' id='par_1_118' title="bbox 2000 5611 3590 5685">
     <span class='ocr_line' id='line_1_118' title="bbox 2000 5611 3590 5685; baseline 0.001 -18"><span class='ocrx_word' id='word_1_921' title='bbox 2000 5611 2258 5670; x_wconf 75' lang='lat' dir='ltr'><strong>Ecclesia:</strong></span> <span class='ocrx_word' id='word_1_922' title='bbox 2279 5613 2475 5669; x_wconf 89' lang='lat' dir='ltr'><strong>Christi</strong></span> <span class='ocrx_word' id='word_1_923' title='bbox 2501 5613 2911 5684; x_wconf 88' lang='lat' dir='ltr'><strong>magnificabant</strong></span> <span class='ocrx_word' id='word_1_924' title='bbox 2935 5614 3121 5677; x_wconf 90' lang='lat' dir='ltr'><strong>Deum,</strong></span> <span class='ocrx_word' id='word_1_925' title='bbox 3146 5612 3421 5669; x_wconf 82' lang='lat' dir='ltr'><strong>audientes</strong></span> <span class='ocrx_word' id='word_1_926' title='bbox 3448 5615 3590 5685; x_wconf 90' lang='lat' dir='ltr'><strong>quod</strong></span> 
     </span>
    </p>
   </div>
   <div class='ocr_carea' id='block_1_119' title="bbox 2065 5724 3589 5790">
    <p class='ocr_par' dir='ltr' id='par_1_119' title="bbox 2065 5724 3589 5790">
     <span class='ocr_line' id='line_1_119' title="bbox 2065 5724 3589 5790; baseline 0.003 -18"><span class='ocrx_word' id='word_1_927' title='bbox 2065 5727 2082 5757; x_wconf 76' lang='grc' dir='ltr'>ί</span> <span class='ocrx_word' id='word_1_928' title='bbox 2114 5732 2223 5790; x_wconf 78' lang='lat' dir='ltr'><strong>Mss.</strong></span> <span class='ocrx_word' id='word_1_929' title='bbox 2266 5724 2491 5790; x_wconf 86' lang='lat' dir='ltr'><strong>plerique</strong></span> <span class='ocrx_word' id='word_1_930' title='bbox 2524 5733 2576 5776; x_wconf 86' lang='lat' dir='ltr'><strong>et</strong></span> <span class='ocrx_word' id='word_1_931' title='bbox 2606 5726 2907 5790; x_wconf 74' lang='lat' dir='ltr'><strong>antiquiores</strong></span> <span class='ocrx_word' id='word_1_932' title='bbox 2938 5724 3050 5774; x_wconf 77' lang='lat' dir='ltr'><strong>Edd.</strong></span> <span class='ocrx_word' id='word_1_933' title='bbox 3086 5732 3257 5777; x_wconf 88' lang='lat' dir='ltr'><strong>carent</strong></span> <span class='ocrx_word' id='word_1_934' title='bbox 3286 5726 3363 5779; x_wconf 83' lang='lat' dir='ltr'><strong>his</strong></span> <span class='ocrx_word' id='word_1_935' title='bbox 3394 5728 3589 5778; x_wconf 51' lang='lat' dir='ltr'><strong>verbis</strong></span> 
     </span>
    </p>
   </div>
   <div class='ocr_carea' id='block_1_120' title="bbox 2003 5785 2635 5859">
    <p class='ocr_par' dir='ltr' id='par_1_120' title="bbox 2003 5785 2635 5859">
     <span class='ocr_line' id='line_1_120' title="bbox 2003 5785 2635 5859; baseline 0 0"><span class='ocrx_word' id='word_1_936' title='bbox 2003 5785 2230 5859; x_wconf 54' lang='lat' dir='ltr'><strong>Beatus</strong></span> <span class='ocrx_word' id='word_1_937' title='bbox 2246 5785 2362 5859; x_wconf 65' lang='lat' dir='ltr'><strong>nm.</strong></span> <span class='ocrx_word' id='word_1_938' title='bbox 2378 5785 2514 5859; x_wconf 50' lang='lat' dir='ltr'><strong>prius</strong></span> <span class='ocrx_word' id='word_1_939' title='bbox 2536 5787 2635 5840; x_wconf 74' lang='grc' dir='ltr'><strong>ιεάί</strong></span> 
     </span>
    </p>
   </div>
   <div class='ocr_carea' id='block_1_121' title="bbox 2046 5802 3598 5921">
    <p class='ocr_par' dir='ltr' id='par_1_121' title="bbox 2046 5802 3598 5921">
     <span class='ocr_line' id='line_1_121' title="bbox 2046 5802 2833 5853; baseline -0.003 -15"><span class='ocrx_word' id='word_1_940' title='bbox 2046 5802 2224 5838; x_wconf 69' lang='lat' dir='ltr'><strong>curuis</strong></span> <span class='ocrx_word' id='word_1_941' title='bbox 2246 5802 2356 5851; x_wconf 80' lang='lat' dir='ltr'><strong>qua:</strong></span> <span class='ocrx_word' id='word_1_942' title='bbox 2378 5802 2514 5853; x_wconf 72' lang='lat' dir='ltr'><strong>prius</strong></span> <span class='ocrx_word' id='word_1_943' title='bbox 2536 5802 2833 5853; x_wconf 69' lang='lat' dir='ltr'><strong>watpcavas.</strong></span> 
     </span>
     <span class='ocr_line' id='line_1_122' title="bbox 2046 5850 3598 5921; baseline 0.004 -22"><span class='ocrx_word' id='word_1_944' title='bbox 2046 5852 2083 5921; x_wconf 58' lang='lat' dir='ltr'><em>f</em></span> <span class='ocrx_word' id='word_1_945' title='bbox 2099 5850 2172 5899; x_wconf 80' lang='lat' dir='ltr'><strong>sic</strong></span> <span class='ocrx_word' id='word_1_946' title='bbox 2192 5857 2299 5899; x_wconf 81' lang='lat' dir='ltr'><strong>Mss.</strong></span> <span class='ocrx_word' id='word_1_947' title='bbox 2319 5851 2541 5921; x_wconf 69' lang='lat' dir='ltr'><strong>plerique</strong></span> <span class='ocrx_word' id='word_1_948' title='bbox 2567 5859 2619 5903; x_wconf 88' lang='lat' dir='ltr'><strong>et</strong></span> <span class='ocrx_word' id='word_1_949' title='bbox 2640 5851 2751 5900; x_wconf 78' lang='lat' dir='ltr'><strong>Edd.</strong></span> <span class='ocrx_word' id='word_1_950' title='bbox 2766 5850 2873 5899; x_wconf 82' lang='lat' dir='ltr'><strong>Bad.</strong></span> <span class='ocrx_word' id='word_1_951' title='bbox 2895 5856 2996 5900; x_wconf 77' lang='lat' dir='ltr'><strong>Am.</strong></span> <span class='ocrx_word' id='word_1_952' title='bbox 3013 5856 3087 5902; x_wconf 81' lang='lat' dir='ltr'><strong>Er.</strong></span> <span class='ocrx_word' id='word_1_953' title='bbox 3106 5858 3162 5904; x_wconf 78' lang='lat' dir='ltr'><strong>At</strong></span> <span class='ocrx_word' id='word_1_954' title='bbox 3182 5858 3292 5905; x_wconf 66' lang='grc' dir='ltr'><strong>ων.</strong></span> <span class='ocrx_word' id='word_1_955' title='bbox 3308 5852 3460 5907; x_wconf 77' lang='lat' dir='ltr'><strong>habet</strong></span> <span class='ocrx_word' id='word_1_956' title='bbox 3477 5867 3491 5903; x_wconf 88' lang='lat'><strong>:</strong></span> <span class='ocrx_word' id='word_1_957' title='bbox 3508 5855 3598 5905; x_wconf 70' lang='lat' dir='ltr'><strong>Aul</strong></span> 
     </span>
    </p>
   </div>
   <div class='ocr_carea' id='block_1_122' title="bbox 2003 5913 2479 5977">
    <p class='ocr_par' dir='ltr' id='par_1_122' title="bbox 2003 5913 2479 5977">
     <span class='ocr_line' id='line_1_123' title="bbox 2003 5913 2479 5977; baseline -0.004 -14"><span class='ocrx_word' id='word_1_958' title='bbox 2003 5913 2220 5965; x_wconf 78' lang='lat' dir='ltr'><strong>diversus</strong></span> <span class='ocrx_word' id='word_1_959' title='bbox 2236 5925 2266 5961; x_wconf 88' lang='grc' dir='ltr'><em>α</em></span> <span class='ocrx_word' id='word_1_960' title='bbox 2287 5925 2337 5963; x_wconf 84' lang='lat' dir='ltr'><strong>se</strong></span> <span class='ocrx_word' id='word_1_961' title='bbox 2360 5913 2479 5977; x_wconf 78' lang='lat' dir='ltr'><strong>ipso.</strong></span> 
     </span>
    </p>
   </div>
  </div>
