4090 6356
472 367 577 431 547

472 486 860 560 evangelizaret
899 481 1059 542 ﬁdem
1083 497 1241 558 quam
1271 481 1555 556 auquando
1579 479 1822 538 vastabat
1851 476 1869 546 (
1884 473 2054 528 Gatat.

472 595 520 652 ιτ,
551 581 666 650 25).

547 675 636 730 53.
676 672 787 728 Nec
811 686 1128 744 quemquam
1160 679 1312 740 putes
1337 670 1406 726 ab
1433 683 1616 725 errore
1644 668 1711 724 ad
1739 669 2016 724 veritatem
2035 709 2053 738 ,

471 766 559 822 vel
580 781 607 821 a
629 779 963 835 quocumque
985 780 1076 820 seu
1103 777 1292 833 magno
1312 777 1403 817 seu
1426 777 1589 833 parvo
1609 771 1828 832 Ipeccato
1853 762 1918 816 ad
1944 777 2059 816 cor-

477 858 768 914 rectionem
797 855 911 910 sine
946 855 1253 926 poenitentia
1294 868 1452 923 posse
1493 853 1740 909 transire.
1769 853 1872 908 Sed
1895 852 2056 908 nimis

479 949 757 1020 impudens
784 963 937 1002 error
953 956 1054 1013 est,
1089 947 1211 1001 hinc
1237 946 1376 1002 velle
1398 946 1706 1001 calumniari
1737 945 2052 1014 Ecclesium,

478 1056 636 1114 quam
669 1049 746 1095 tot
768 1039 960 1095 divinis
989 1039 1307 1095 testimoniis
1345 1047 1552 1095 constat
1595 1054 1715 1095 esse
1759 1039 2055 1094 Eeclcsiam

479 1131 676 1188 Christi
697 1175 712 1199 ,
744 1132 884 1203 quod
915 1132 1070 1188 aliter
1091 1140 1278 1187 tractat
1304 1133 1420 1189 illos
1443 1134 1531 1204 qui
1553 1149 1668 1189 eam
1697 1134 1983 1199 deserunt,
2008 1132 2054 1187 si

477 1224 577 1279 hoc
604 1225 772 1295 ipsum
807 1225 1112 1294 paenitendo
1140 1226 1402 1296 corrigam
1423 1267 1437 1288 ,
1469 1226 1621 1280 aliter
1648 1225 1766 1282 illos
1793 1226 1882 1295 qui
1916 1225 1964 1278 iu
1991 1240 2055 1280 ea

474 1319 706 1374 nondum
735 1319 977 1385 luerunt,
1013 1329 1067 1376 et
1097 1330 1220 1375 tunc
1265 1321 1492 1390 primum
1531 1320 1645 1389 ejus
1679 1335 1869 1389 pacem
1909 1319 2054 1373 acci-

472 1413 651 1484 piunt;
681 1412 798 1467 illos
834 1413 1060 1482 amplius
1105 1413 1468 1479 humiliando,
1517 1412 1646 1467 istos
1669 1412 1846 1468 lenius
1885 1411 2056 1467 susci-

472 1503 700 1575 piendo,
751 1513 999 1576 utrosque
1037 1504 1338 1575 diligendo,
1376 1506 1615 1574 utrisque
1654 1503 1903 1560 sanandis
1938 1518 2053 1558 ma-

476 1607 624 1654 terna
658 1597 917 1654 charitate
944 1597 1244 1653 serviendo.
1286 1597 1460 1652 Habes
1494 1597 1768 1667 epistolam
1797 1597 2057 1666 prolixio-

475 1705 590 1748 rem
618 1691 839 1747 fortasse
863 1708 1019 1762 quam
1044 1692 1227 1748 velles.
1251 1692 1407 1746 Esset
1432 1700 1605 1746 autem
1631 1691 1796 1746 multo
1822 1691 2053 1758 brevior,

477 1787 523 1841 si
559 1793 612 1840 te
638 1795 839 1843 tantum
873 1787 927 1840 in
960 1785 1342 1856 respondendo
1385 1785 1675 1855 cogitarem
1705 1802 1716 1839 :
1746 1799 1884 1838 nunc
1926 1799 2056 1840 vero

476 1877 685 1934 etiamsi
707 1878 796 1932 tibi
814 1877 946 1932 nihil
966 1879 1151 1948 prosit,
1171 1885 1417 1950 uonputo
1448 1877 1576 1930 nihil
1599 1876 1676 1930 eis
1699 1874 2054 1945 profuturam,

475 1970 566 2040 qui
601 1984 717 2024 eam
754 1970 927 2040 legere
961 1985 1080 2024 cum
1103 1969 1197 2024 Dei
1231 1970 1420 2024 timore
1441 2010 1456 2032 ,
1487 1976 1542 2023 et
1570 1967 1685 2022 sine
1703 1982 2056 2038 personarum

478 2061 785 2134 acceptione
804 2061 1131 2117 curaverint.
1163 2062 1354 2116 Amen.

915 2191 1244 2251 messem
1288 2195 1446 2251 xcw
1473 2202 1489 2220 ο
1523 2195 1618 2270 (a).

483 2285 734 2343 Paulinus
761 2287 1038 2359 Augustino
1064 2289 1252 2359 gratias
1277 2305 1430 2359 agens
1462 2305 1557 2358 pro
1593 2289 1718 2342 libro
1746 2288 1823 2342 vel
1849 2287 2060 2357 epistola

541 2380 611 2435 ub
635 2381 744 2452 ipso
761 2391 1003 2449 lrecepta,
1039 2381 1364 2450 prosequitur
1411 2381 1584 2435 laudes
1630 2381 1866 2434 Melania:
1894 2381 2061 2434 senio-

541 2475 648 2539 νὴ,
676 2479 723 2529 et
747 2475 882 2528 unici
899 2475 1017 2544 ejus
1038 2473 1139 2542 'filii
1163 2473 1444 2528 Publicola:
1463 2491 1624 2544 nuper
1645 2474 1868 2544 defuncti
1893 2490 1909 2525 :
1937 2490 2063 2526 non-

538 2566 691 2626 mtlla
719 2566 782 2620 de
804 2571 977 2638 futura
993 2566 1053 2619 in
1079 2566 1214 2619 uelis
1241 2567 1436 2620 actione
1463 2566 1721 2620 beatorum
1751 2573 1860 2635 post
1887 2579 2061 2618 resur-

538 2660 836 2712 1rectionem.

476 2767 675 2826 Sancto
706 2770 909 2824 Domini
939 2768 1246 2825 beatissimo
1267 2778 1319 2824 et
1339 2771 1496 2826 unice
1522 2770 1674 2825 nobis
1701 2770 1970 2832 unanimo,
2001 2783 2064 2823 ac

553 2857 844 2918 venerabili
877 2861 1032 2932 patri,
1057 2863 1224 2928 fratri,
1253 2864 1505 2934 magistro
1529 2865 1825 2919 Aucusrmo
1851 2864 2062 2933 episco-

543 2953 932 3038 IpOfPAULINUS
961 2966 1014 3010 et
1040 2951 1308 3011 'l'uenssu
1339 2969 1670 3027 peccatores.

555 3070 605 3124 l.
647 3068 874 3136 Lucerna
902 3085 1097 3141 semper
1122 3080 1195 3123 est
1219 3071 1427 3140 pedibus
1456 3071 1577 3124 meis
1598 3071 1798 3124 verbum
1825 3081 1985 3133 tuum,
2017 3082 2066 3126 ct

481 3159 650 3216 lumen
693 3162 883 3218 semitis
907 3162 1064 3226 meis.
1100 3159 1186 3215 Ita
1221 3163 1624 3232 quotiescumque
1660 3163 1852 3216 litteras
1881 3163 2065 3218 beatis-

481 3254 624 3322 sima:
651 3254 948 3309 Sanctitatis
978 3264 1077 3314 tute
1107 3255 1329 3324 accipio,
1361 3254 1584 3309 tenebras
1614 3256 1916 3325 insipientite
1944 3273 2068 3320 uiae

481 3343 666 3402 discuti
711 3347 902 3413 sentio,
942 3355 988 3400 et
1029 3348 1175 3418 quasi
1219 3347 1428 3418 collyrio
1478 3348 1871 3403 declarationis‘
1898 3349 2068 3420 infuso

483 3435 642 3492 oculis
679 3439 855 3493 mentis
893 3453 1033 3504 mete,
1057 3440 1244 3510 purius
1273 3441 1435 3508 video,
1471 3442 1770 3512 ignorantia:
1808 3452 1950 3496 nocte
1977 3444 2070 3498 de-

485 3528 634 3598 pulsa
671 3537 716 3582 ct
749 3528 964 3600 caligine
999 3529 1322 3586 dubitationis
1348 3533 1588 3586 abstersa.
1623 3535 1770 3598 Quod
1799 3552 1910 3589 cum
1938 3552 2072 3607 stupe

485 3619 618 3673 alias
641 3635 733 3692 per
754 3636 960 3678 munera
985 3621 1306 3697 epistolarum
1333 3631 1534 3677 tuarum
1554 3625 1676 3678 mihi
1697 3626 1938 3680 donatum
1961 3645 2073 3680 sen-

485 3712 636 3766 serim
657 3752 671 3777 ,
712 3721 816 3766 tum
849 3711 1104 3784 prtecipue
1131 3713 1226 3766 isto
1256 3717 1527 3768 recentium
1558 3715 1838 3771 litterarum
1866 3719 2069 3788 libello,

485 3806 634 3875 cuius
663 3807 785 3860 mihi
814 3814 1112 3878 tamgratus
1137 3823 1286 3876 quam
1319 3807 1503 3878 dignus
1521 3811 1746 3878 ,portitor
1770 3811 1866 3880 fuit
1891 3813 1965 3865 vir
1983 3811 2071 3865 be-

486 3897 713 3956 nedictus
745 3896 951 3952 Domini
983 3901 1154 3969 frater
1203 3907 1371 3952 noster
1419 3898 1636 3964 Quintus
1677 3901 1962 3957 diaconus:
1989 3905 2076 3972 qui

489 3988 640 4064 longo
669 3990 867 4062 quidem
884 4000 1219 4060 posteaquam
1245 3991 1311 4043 ad
1339 3989 1526 4046 Urbem
1553 4004 1750 4046 venerat
1778 3995 2071 4064 intervallo,

487 4095 603 4144 cum
631 4096 686 4136 eo
703 4080 859 4150 juxta
883 4080 1157 4134 solemnem
1183 4096 1348 4136 meum
1374 4099 1561 4136 morem
1593 4093 1702 4151 post
1731 4083 1932 4138 Pascha
1961 4086 2074 4140 Do-

487 4173 646 4240 mini,
676 4188 780 4244 .pro
815 4172 1174 4242 Apostolorum
1199 4182 1244 4226 et
1263 4183 1546 4244 martyrum
1576 4177 1890 4230 veneratione
1918 4179 2080 4233 venis-

488 4282 613 4333 sem,
637 4265 1029 4322 benedictionem
1058 4265 1160 4320 oris
1187 4265 1260 4319 tui
1287 4266 1506 4320 reddidit
1531 4267 1710 4333 nobis;
1737 4279 2076 4325 verumtamen

487 4357 803 4425 oblitterato,
845 4357 982 4428 quod
1032 4359 1282 4426 nesciente
1322 4376 1402 4414 me
1439 4358 1620 4416 Romae
1661 4375 2074 4435 consumpserat,

490 4457 714 4520 tempore
731 4491 744 4511 ,
785 4449 1156 4512 recentissimus
1185 4450 1308 4503 mihi
1334 4453 1472 4506 visus
1497 4461 1570 4506 est
1597 4469 1628 4506 a
1656 4465 1923 4524 conspectu
1952 4467 2074 4522 tuo,

488 4539 561 4594 ita
590 4547 645 4593 ut
672 4550 788 4594 tunc
815 4541 986 4594 statim
1012 4557 1125 4595 eum
1151 4558 1182 4596 α
1219 4550 1266 4594 te
1303 4542 1428 4596 mihi
1455 4545 1646 4599 venisse
1674 4547 1755 4600 vix
1791 4548 2074 4616 crederem,

491 4647 608 4688 cum
627 4633 853 4701 primum
875 4632 1105 4687 videbam
1131 4641 1177 4687 et
1205 4650 1319 4688 cum
1346 4635 1471 4688 mihi
1497 4637 1703 4707 plenum
1728 4639 1933 4694 odorem
1951 4658 2078 4698 sua-

489 4723 658 4782 vitatis
687 4731 786 4780 tute
811 4723 862 4793 in
893 4723 1100 4796 eloquiis
1125 4726 1224 4780 tuis
1240 4725 1449 4782 ctelestis
1463 4732 1703 4800 unguenti
1724 4733 1953 4786 castitate
1968 4739 2077 4802 frao

485 4815 750 4886 grantibus
780 4814 1040 4882 offerebat.
1073 4816 1259 4872 Fatear
1288 4829 1455 4875 tamen
1484 4825 1781 4880 ueneranda:
1809 4826 2078 4882 Unanimi-

490 4907 586 4960 tati
628 4916 760 4974 tuae,
801 4925 903 4964 non
948 4910 1168 4978 potuisse
1207 4929 1286 4966 me
1327 4913 1555 4970 volumen
1592 4918 1789 4987 ipsum,
1815 4923 1987 4976 statim
2025 4932 2082 4978 ut

493 5017 810 5070 acceperam,
839 4999 1018 5058 Roma:
1047 5002 1226 5074 legere.
1249 5001 1429 5061 Tantae
1448 5008 1579 5062 enim
1604 5011 1710 5064 illic
1739 5014 1900 5068 turst
1916 5025 2078 5080 erant,

493 5101 550 5147 ut
575 5110 676 5152 non
705 5110 900 5165 possem
923 5111 1108 5154 munus
1133 5105 1275 5152 tuum
1295 5098 1558 5171 diligenter
1577 5103 1839 5173 inspicere,
1863 5116 1998 5162 eteo
2026 5117 2082 5163 ut

492 5186 756 5256 cupiebam
781 5186 1012 5262 perfrui;
1041 5186 1230 5254 scilicet
1257 5200 1310 5244 ut
1341 5192 1644 5265 perlegerent
1671 5198 1868 5268 jugiter
1886 5241 1900 5263 ,
1930 5201 1975 5254 si
2004 5201 2082 5256 le-

486 5291 610 5348 ,gere
636 5275 912 5346 coepissem.
938 5274 1122 5348 Itaque
1143 5289 1206 5334 .ut
1368 5283 1491 5338 solet
1513 5301 1691 5340 secura
1715 5292 2084 5358 exspectatione

495 5367 705 5423 convivii
727 5368 1027 5440 prteparati,
1051 5371 1214 5428 avidis
1233 5372 1349 5428 licet
1373 5377 1550 5430 mentis
1575 5379 1789 5434 esuriem
1808 5383 2080 5452 refrenavi,

496 5665 587 5714 tori
621 5678 712 5716 suo
731 5671 958 5726 restituta
975 5683 1073 5736 ope
1093 5675 1203 5726 cod.
1227 5677 1306 5728 Phi

557 5733 2093 5849 etzeammwmmm-wr
2137 5840 2152 5849 ς

486 5807 1219 5878 mummium:

1710 359 1771 415 S.
1813 350 2180 414 AUGUSTINI
2211 353 2512 413 EPlSCOPl

3645 355 3754 420 διο

2169 479 2214 524 et
2244 487 2331 542 spe
2354 482 2488 526 certa
2513 471 2774 544 capienda:
2802 472 3110 540 saturitatis,
3141 488 3255 527 cum
3279 472 3332 527 in
3355 489 3508 528 manu
3533 481 3750 530 tenerem

2166 579 2321 631 panes
2349 563 2585 618 desiderii
2612 563 2707 617 mei
2731 565 2783 617 in
2812 563 3062 618 volumine
3083 563 3396 628 devorando,
3415 565 3549 635 quod
3570 576 3753 636 postea

2163 660 2363 714 uoranti
2388 660 2511 714 mihi
2539 670 2585 714 et
2612 659 2666 714 in
2693 675 2780 714 ore
2792 671 2843 714 et
2868 661 2920 713 in
2941 669 3109 713 ventre
3134 659 3476 719 dulcissimum
3497 661 3602 731 fuit
3621 701 3637 726 ,
3664 660 3751 713 in-

2165 750 2384 804 hiantem
2411 751 2462 805 in
2493 755 2636 823 favos
2663 751 2943 806 litterarum
2986 761 3187 806 tuarum
3223 752 3404 824 gulam
3445 753 3595 824 facile
3637 769 3754 806 sus-

2165 843 2354 913 pendi,
2395 841 2555 897 donec
2585 841 2719 898 Urbe
2763 843 3129 912 proﬁciscerer,
3161 853 3206 895 et
3235 843 3652 912 interponendum
3683 849 3754 895 ad

2163 937 2356 990 itineris
2385 937 2566 990 stativa
2597 937 2730 991 diem
2749 979 2760 1001 ,
2789 952 2935 1008 quem
2963 935 3014 988 in
3051 934 3238 1005 oppido
3265 933 3542 996 Formiano
3558 934 3751 988 Jtabui'

2163 1047 2308 1099 mus,
2345 1039 2508 1084 totum
2537 1031 2652 1084 huic
2688 1029 2829 1102 operi
2858 1031 3226 1100 manciparent,
3256 1039 3310 1084 ut
3335 1029 3388 1082 in
3417 1028 3610 1082 deliciis
3632 1031 3753 1098 epi-

2162 1121 2305 1176 stola:
2325 1131 2426 1176 tute
2447 1120 2795 1191 spiritualibus
2821 1119 2882 1174 ab
2909 1120 3058 1186 omni
3065 1119 3190 1188 [ατε
3209 1135 3439 1173 curarem
3460 1128 3506 1172 ct
3530 1118 3754 1185 suffoca-

2163 1214 2295 1268 tione
2325 1215 2584 1268 turbarum
2615 1213 2738 1266 liber
2759 1213 3011 1282 cpularer.

2231 1306 2285 1360 2.
2313 1305 2446 1371 Quid
2471 1321 2590 1377 ergo
2617 1289 2820 1358 humilis
2845 1313 2893 1357 et
2919 1312 3145 1357 terrenus
3167 1303 3499 1372 respondeam
3527 1303 3594 1355 ad
3620 1302 3759 1356 hanc

2163 1397 2461 1468 sapientiam
2491 1413 2604 1466 qua:
2633 1397 2753 1450 data
2778 1403 2850 1449 est
2877 1394 2964 1450 tibi
2990 1395 3222 1466 desuper,
3245 1411 3397 1464 quam
3423 1396 3504 1447 hic
3535 1395 3760 1447 mundus

2163 1506 2263 1543 non
2285 1490 2439 1561 capit,
2465 1498 2509 1544 et
2530 1507 2680 1560 quam
2701 1505 2847 1544 nemo
2868 1489 3019 1559 sapit,
3043 1488 3139 1543 nisi
3155 1489 3402 1560 sapientia
3416 1487 3512 1542 Dei
3530 1489 3753 1556 sapiens,

2164 1593 2211 1636 et
2231 1581 2326 1636 Dei
2348 1583 2491 1636 verbo
2521 1575 2797 1651 eloquens?
2823 1580 3005 1651 Itaque
3031 1582 3150 1653 quia
3176 1581 3570 1651 experimentum
3598 1579 3757 1633 habeo

2165 1671 2352 1728 Christi
2377 1675 2428 1726 in
2461 1684 2504 1726 te
2531 1674 2796 1746 loquentis,
2822 1675 2873 1726 in
2899 1671 3003 1726 Deo
3031 1671 3250 1726 laudabo
3276 1687 3529 1726 sermones
3550 1681 3677 1736 tuos,
3708 1677 3758 1724 et

2166 1784 2265 1820 non
2292 1765 2469 1819 timebo
2495 1783 2526 1819 ιι
2551 1767 2728 1820 timore
2760 1775 3026 1819 nocturno.
3059 1762 3191 1829 Quia
3229 1763 3442 1817 docuisti
3467 1779 3546 1816 me
3571 1764 3621 1816 in
3643 1763 3756 1833 spi-

2165 1859 2268 1912 ritu
2293 1858 2513 1911 veritatis
2541 1858 2739 1910 salubre
2766 1858 2782 1888 ¹
2809 1855 3104 1909 moderandi
3131 1855 3183 1908 in
3208 1855 3429 1911 occiduis
3464 1853 3760 1908 mortalibus

2165 1952 2321 2006 animi
2364 1960 2806 2018 temperamentum
2829 1992 2842 2014 ,
2872 1965 2969 2019 quo
2997 1958 3042 2001 et
3070 1949 3212 2002 illam
3251 1948 3446 2000 beatam
3475 1957 3684 2000 matrem
3709 1954 3764 2000 et

2168 2045 2333 2098 aviam
2361 2042 2414 2096 Μ
2420 2039 2635 2096 elaniam
2661 2043 2856 2112 flevisse
2878 2042 3134 2094 carnalem
3161 2038 3346 2093 obitum
3371 2039 3507 2092 unici
3526 2040 3642 2108 ﬁlii,
3675 2047 3763 2093 ta-

2172 2136 2365 2188 citurno
2390 2133 2589 2204 quidem
2616 2133 2775 2196 luctu,
2807 2148 2907 2186 non
2935 2143 3097 2184 tamen
3123 2131 3254 2184 sicco
3279 2147 3309 2182 a
3335 2131 3574 2184 maternis
3593 2130 3765 2201 lacry-

2168 2228 2266 2281 mis
2291 2227 2464 2278 dolore
2489 2225 2677 2278 vidisti.
2702 2222 2858 2294 Cujus
2887 2223 3087 2295 quidem
3114 2222 3366 2276 modestus
3400 2231 3445 2276 et
3471 2238 3646 2294 graves
3675 2222 3763 2275 la-

2167 2337 2386 2390 crymas,
2419 2319 2545 2372 sicut
2575 2318 2784 2389 propior
2813 2316 2890 2370 vel
2915 2315 3158 2386 aequalior
3193 2316 3380 2370 animos
3413 2315 3525 2386 ejus
3553 2314 3769 2386 spiritus

2169 2411 2322 2464 altius
2361 2409 2686 2473 intellexisti,
2718 2417 2762 2459 et
2793 2412 3030 2478 perfecta:
3064 2408 3114 2460 in
3136 2407 3334 2462 Christo
3360 2407 3592 2479 feminae,
3621 2407 3770 2460 salva

2171 2502 2327 2554 virilis
2360 2501 2517 2553 animi
2543 2500 2870 2571 fortitudine,
2893 2516 2981 2552 cor
3006 2509 3282 2552 maternum
3311 2499 3374 2552 de
3399 2498 3566 2552 cordis
3590 2498 3662 2551 tui
3689 2499 3772 2552 si-

2170 2592 2459 2646 militudine
2477 2593 2656 2646 melius
2685 2607 2748 2646 ea:
2766 2607 2907 2662 aequo
2937 2599 3073 2644 statu
3097 2589 3461 2661 contemplatus
3482 2605 3553 2655 es,
3578 2597 3632 2641 ut
3652 2603 3772 2641 eam

2173 2687 2392 2756 primum
2422 2700 2512 2753 pro
2539 2683 2762 2736 naturali
2789 2681 3056 2748 a/fectione
3086 2689 3383 2752 permotum,
3411 2678 3589 2734 deinde
3607 2693 3774 2732 causa

2173 2777 2366 2848 potiore
2392 2785 2748 2846 compunctum
2777 2774 2974 2844 ﬂevisse
3015 2774 3349 2844 perspiceres,
3378 2788 3478 2824 non
3505 2779 3607 2824 tam
3633 2767 3776 2824 illud

2171 2869 2470 2935 humanum,
2490 2865 2624 2939 quod
2646 2867 2852 2918 unicum
2871 2865 3038 2934 filium
3057 2864 3342 2918 conditione
3360 2862 3561 2916 mortali
3582 2861 3774 2932 defun-

2172 2972 2304 3014 ctum
2327 2962 2378 3013 in
2407 2960 2642 3031 pra’senti
2663 2957 2848 3011 sazculo
2875 2956 3140 3022 amisisset,
3163 2971 3315 3026 quam
3338 2953 3475 3024 quod
3493 2967 3768 3024 prapemo-

2173 3056 2292 3108 dum
2316 3056 2367 3106 in
2389 3053 2621 3108 saeculari
2642 3051 2860 3105 vanitate
2879 3057 3190 3121 praeventum
3216 3045 3356 3120 (quia
3381 3045 3594 3100 necdum
3619 3044 3769 3097 illum

2174 3147 2457 3200 deseruerat
2483 3144 2748 3198 senatoria:
2774 3142 3035 3214 dignitatis
3063 3138 3316 3212 ambitio),
3342 3155 3443 3193 non
3460 3139 3616 3208 juxta
3643 3153 3768 3190 san-

2175 3247 2305 3290 ctam
2337 3247 2563 3289 votorum
2593 3249 2803 3287 suorum
2828 3233 3095 3286 avaritiam
3118 3231 3353 3303 cogitaret
3375 3235 3687 3298 assumptum
3711 3232 3772 3278 ut

2176 3333 2238 3384 de
2263 3329 2596 3383 conversionis
2621 3327 2784 3397 gloria
2813 3326 3073 3379 transisset
3105 3323 3172 3375 ad
3197 3323 3414 3394 gloriam
3440 3318 3771 3374 resurrectio-

2177 3424 2273 3485 nis,
2305 3435 2615 3475 communem
2643 3434 2758 3472 cum
2783 3425 2943 3471 matre
2962 3415 3201 3485 requiem,
3230 3427 3564 3482 coronamque
3590 3418 3773 3480 captu-

2176 3533 2283 3581 rus,
2311 3516 2352 3568 si
2378 3515 2430 3567 in
2455 3514 2606 3584 hujus
2633 3510 2803 3565 surculi
2824 3511 2924 3562 vita
2955 3508 3132 3562 matris
3159 3505 3390 3576 exemplo
3411 3519 3612 3558 saccum
3637 3511 3775 3572 toga

2179 3617 2224 3662 et
2254 3607 2609 3661 monasterium
2631 3603 2844 3659 Senatui
2874 3600 3194 3674 praetulisset.

2249 3699 2304 3753 ὅ.
2349 3697 2704 3752 Verumtamen
2743 3695 2876 3747 idem
2915 3694 3010 3758 vir,
3042 3699 3096 3744 ut
3137 3697 3184 3744 et
3232 3697 3381 3742 antea
3419 3685 3649 3741 retulisse
3689 3700 3782 3739 me

2181 3803 2303 3864 puto
2326 3787 2718 3848 Sanctitati‘tua'
2741 3789 2784 3854 ⁸,
2802 3787 2879 3840 his
2906 3784 3137 3857 aperibus
3164 3782 3492 3854 locupletatus
3511 3778 3775 3844 abscessit,

2183 3897 2234 3938 ut
2261 3894 2500 3938 materna:
2527 3880 2824 3936 humilitatis
2852 3877 3165 3933 nobilitatem
3189 3875 3232 3929 si
3256 3882 3385 3928 veste
3407 3890 3504 3926 non
3533 3870 3776 3943 gesserit,

2184 3989 2348 4032 tamen
2389 3985 2553 4030 mente
2598 3972 2895 4045 prwtulerit.
2946 3968 3033 4026 Ita
3075 3971 3207 4024 enim
3251 3967 3526 4021 secundum
3570 3964 3777 4018 verbum

2182 4069 2387 4124 Domini
2414 4069 2549 4122 mitis
2576 4065 2797 4120 moribus
2828 4065 2923 4137 fuit
2949 4072 2994 4117 et
3023 4059 3228 4116 humilis
3254 4059 3405 4114 corde
3433 4057 3451 4130 (
3474 4055 3659 4110 Matth.
3689 4069 3772 4118 ιι,

2182 4162 2251 4218 29
2273 4161 2317 4236 ),
2348 4170 2400 4216 ut
2428 4177 2530 4216 non
2551 4160 2798 4214 immerito
2826 4155 3063 4211 credatur
3084 4153 3318 4208 introisse
3342 4152 3396 4204 in
3420 4149 3639 4220 requiem
3667 4145 3777 4199 Do-

2183 4255 2325 4310 mini.
2371 4254 2623 4320 Quoniam
2667 4259 2784 4306 sunt
2833 4248 3064 4319 reliquiw
3101 4245 3291 4300 homini
3326 4243 3538 4316 paciﬁca
3581 4238 3774 4311 (Psal.

2187 4363 2380 4415 xxxvr,
2394 4345 2510 4418 '57),
2524 4355 2571 4400 et
2587 4341 2837 4399 mansueti
2851 4339 3172 4413 possidebunt
3187 4347 3373 4391 ten-am
3389 4332 3601 4406 (Matth.
3621 4347 3676 4398 ν,
3691 4331 3774 4401 4),

2184 4437 2437 4511 placentes
2460 4436 2570 4491 Deo
2597 4436 2652 4489 in
2675 4434 2880 4506 regione
2899 4432 3122 4486 vicorum
3149 4421 3318 4503 (Psal.
3337 4437 3492 4493 'cmv,
3524 4423 3604 4497 9).
3635 4421 3780 4475 Nam

2185 4541 2314 4585 certe
2337 4539 2384 4584 et
2407 4527 2536 4584 illud
2555 4523 2789 4597 Apostoli
2806 4566 2824 4592 ,
2854 4540 2956 4578 non
2980 4523 3143 4578 solum
3171 4523 3322 4575 tacito
3345 4518 3529 4573 mentis
3555 4511 3775 4584 aﬁ‘ec'tu,

2184 4624 2274 4678 sed
2300 4631 2349 4676 et
2374 4620 2661 4690 conspicuis
2688 4616 2954 4688 religiosus
2974 4613 3196 4683 implevit
3217 4611 3412 4684 aniciis,
3437 4619 3491 4664 ut
3516 4625 3631 4663 cum
3650 4615 3782 4662 esset

2184 4717 2403 4770 altorum
2418 4714 2569 4786 hujus
2594 4709 2770 4766 steculi
2789 4710 2842 4762 in
2865 4707 3040 4763 ordine
3063 4716 3109 4761 et
3131 4706 3320 4760 honore
3341 4705 3554 4775 collega,
3577 4717 3678 4756 non
3699 4709 3784 4754 ta-

2187 4823 2298 4862 men
2319 4815 2374 4860 ut
2399 4805 2648 4878 gloriosus
2674 4810 2844 4867 term,
2871 4799 2976 4853 alta
3003 4805 3238 4867 saperet,
3267 4796 3354 4851 sed
3378 4805 3430 4848 ut
3452 4794 3638 4849 Christi
3659 4807 3782 4863 per-

2188 4903 2348 4970 fectus
2374 4897 2600 4949 imitator
2629 4890 2904 4946 humilibus
2931 4888 3229 4942 consentiret
3262 4884 3435 4959 (Rom.
3463 4899 3563 4950 In,
3588 4882 3699 4950 16),
3731 4890 3782 4935 et

2189 4999 2289 5044 tota
2318 4990 2470 5044 etiam
2500 4986 2580 5040 die
2611 4983 2839 5038 misereri
2867 4989 2911 5035 et
2940 4981 3260 5034 commodare
3300 4978 3598 5048 persisteret.
3632 4973 3783 5030 Unde

2189 5091 2232 5137 et
2257 5098 2425 5137 semen
2445 5080 2554 5150 ejus
2581 5084 2755 5149 potens
2780 5073 2833 5128 in
2850 5083 2988 5128 terra
3013 5075 3200 5145 factum
3229 5080 3323 5138 est,
3344 5072 3474 5124 inter
3497 5085 3580 5124 eos
3599 5067 3683 5139 qui
3708 5067 3785 5121 dii

2191 5179 2344 5246 fortes
2370 5181 2516 5226 terra
2539 5169 2753 5223 nimium
2780 5165 2956 5220 elevati
2980 5173 3134 5228 sunt;
3160 5173 3214 5217 ut
3242 5164 3392 5216 etiam
3412 5163 3475 5216 de
3497 5162 3786 5216 beatissima

2192 5261 2401 5337 familia:
2426 5277 2487 5316 ac
2512 5262 2692 5314 domus
2717 5255 2828 5330 ejus
2856 5257 3139 5311 visitatione
3164 5264 3396 5309 sanctum
3423 5255 3641 5309 hominis
3673 5269 3783 5306 me-

2192 5358 2342 5412 ritum
2367 5354 2630 5409 reveletur.
2664 5369 2684 5404 (
2712 5349 3009 5416 Ὀεηεταιίο,
3043 5367 3062 5402 s
3094 5347 3276 5419 titt'guit,
3315 5365 3335 5400 ‹
3359 5355 3610 5401 rectorum
3640 5344 3787 5398 bene-

2193 5451 2404 5505 dicatur.
2432 5445 2632 5511 Gloria,
2665 5464 2686 5499 ι
2717 5459 2818 5499 non
2846 5441 3060 5508 caduca,
3086 5459 3107 5494 ε
3136 5450 3182 5495 et
3200 5441 3406 5506 divitiae,
3438 5458 3459 5492 ι
3484 5453 3585 5494 non
3614 5438 3789 5493 laben-

2198 5553 2288 5611 tes,
2321 5561 2338 5594 ι
2367 5541 2421 5596 in
2445 5541 2595 5595 domo
2621 5539 2733 5610 ejus
2762 5556 2782 5590 ι
2812 5533 2980 5608 (Psal.
3008 5528 3193 5601 σκιά,
3221 5532 3277 5610 5)
3303 5553 3316 5589 :
3345 5534 3496 5589 domo
3521 5549 3632 5603 quia
3655 5532 3787 5589 ardi-

2263 5768 2682 5900 “mimi;
2701 5831 2805 5881 voto
3114 5829 3231 5905 tua.

2091 5931 2214 5961 -οωάηη

1278 6153 1361 6175 ΑΕ...
1416 6146 1484 6163 ,.τ
1576 6142 1588 6152 ι
1617 6144 1649 6158 ο·
