4090 6356
990 377 1047 389 οηυ,
1059 380 1067 388 .

340 567 539 622 ctitate.
585 562 692 620 Sed
732 577 869 618 cesso
911 561 1060 633 plura
1088 560 1152 615 de
1176 560 1419 616 memoria
1456 567 1559 613 tam
1598 558 1765 613 dilecti
1813 557 1936 610 mihi

339 673 501 729 quam
524 656 688 712 devoti
716 654 915 710 Christo
944 653 1159 708 hominis
1196 669 1451 719 enarrare,
1481 668 1599 706 eum
1626 660 1671 705 et
1712 650 1937 722 pristinis

344 752 528 807 litteris
555 767 657 806 non
680 767 845 822 pauca
856 765 1016 820 super
1041 764 1353 803 conarrasse
1374 764 1458 801 me
1482 754 1724 817 reputem,
1743 754 1786 799 et
1809 744 1937 799 nihil

344 844 538 916 possim
578 842 643 896 de
685 843 831 896 beata
864 837 1933 912 hujusﬁliisnatremtsanctorumpari‘

339 937 522 991 radice
538 951 818 1001 ramorum,
841 933 1065 989 Halanis
1080 934 1264 988 «uelitis
1288 942 1378 987 aut
1398 933 1620 987 melius
1632 932 1932 1003 pradicare,

336 1045 501 1098 quam
522 1028 781 1084 Sanctitas
809 1037 896 1081 tua
918 1025 973 1081 in
996 1043 1111 1081 eam
1136 1026 1339 1097 profari
1362 1034 1414 1081 et
1438 1026 1701 1096 disputare
1727 1026 1935 1097 dignata

338 1131 457 1186 est;
485 1131 538 1177 ut
562 1121 684 1194 quia
701 1136 803 1193 ego
828 1130 1064 1191 peccator
1090 1120 1351 1174 immunda
1390 1120 1524 1174 labia
1562 1120 1747 1175 habens
1765 1162 1779 1188 ,
1808 1120 1935 1174 nihil

335 1214 558 1285 dignum
586 1214 731 1284 eloqui
776 1223 1072 1284 potuerunt,
1111 1222 1167 1266 ut
1204 1213 1508 1283 longinquus
1529 1228 1568 1265 α
1598 1212 1792 1267 meritis
1814 1212 1939 1281 fidei

337 1307 459 1376 ejus
505 1305 785 1377 animmque
834 1304 1133 1370 uirtutibus,
1168 1314 1228 1359 tu
1268 1305 1355 1358 ille
1392 1305 1466 1358 uir
1506 1303 1727 1367 Christi,
1764 1304 1940 1358 doctor

338 1394 515 1451 Israel
554 1398 613 1452 in
652 1396 879 1453 Ecclesia
926 1397 1184 1465 ueritatis,
1217 1403 1516 1467 procurante
1549 1396 1603 1449 in
1637 1396 1814 1451 melius
1844 1395 1938 1451 Dei

336 1489 514 1559 gratia
531 1529 549 1555 ,
574 1488 834 1559 paraveris
862 1488 1070 1560 dignior
1107 1496 1210 1542 tam
1242 1487 1406 1542 uirilis
1438 1488 1495 1541 in
1517 1486 1716 1541 Christo
1754 1488 1938 1541 aninm

338 1582 670 1651 prodicator,
695 1581 781 1650 qui
805 1590 853 1636 et
874 1591 1099 1636 mentem
1120 1583 1230 1652 ejus
1254 1581 1424 1634 dicina
1451 1582 1633 1635 uirtute
1659 1581 1935 1649 firmatam,

338 1683 401 1727 ut
431 1674 539 1728 dimi
562 1715 577 1738 ,
614 1673 799 1743 spiritu
824 1674 1068 1744 propiore
1105 1673 1419 1743 conspiceres
1438 1712 1454 1737 ,
1493 1682 1541 1725 et
1578 1672 1789 1726 mixtam
1822 1687 1938 1727 cum

342 1767 531 1820 uirtute
550 1767 791 1836 pietatem
817 1766 1015 1835 eloquio
1036 1766 1265 1836 digniore
1290 1764 1542 1819 laudares.

414 1861 474 1914 4.
503 1858 629 1923 Qute
649 1875 763 1913 uero
792 1868 906 1928 post
918 1859 1337 1911 resurrectionem
1365 1858 1533 1911 carnis
1560 1857 1612 1910 in
1633 1855 1733 1911 illo
1752 1857 1938 1912 saeculo

252 2001 269 2014 ,
335 1949 606 2006 beatomm
639 1955 822 2022 .futura
864 1952 929 2005 sit
959 1952 1091 2004 actio
1113 1953 1156 2016 ³,
1181 1960 1234 2003 tu
1259 1966 1340 2004 me
1364 1951 1673 2021 interrogare
1700 1950 1939 2021 dignatus

336 2060 415 2099 es.
455 2044 519 2097 At
544 2060 647 2115 ego
674 2044 745 2101 de
774 2045 1010 2114 presenti
1039 2045 1151 2098 vita
1170 2059 1301 2098 mete
1327 2052 1462 2098 statu
1486 2052 1540 2097 ut
1568 2044 1863 2114 magistrum
1890 2052 1939 2098 et

338 2135 933 2207 medicunupiritualem
952 2138 1182 2201 consulo,
1196 2146 1257 2190 ut
1276 2137 1459 2190 doceas
1478 2153 1557 2190 me
1577 2141 1742 2207 facere
1754 2138 1937 2192 colun-

342 2240 471 2287 tota
502 2228 635 2291 Dei.
664 2231 865 2299 tuisque
890 2230 1110 2301 oesﬁgiis
1148 2231 1410 2285 ambulare
1438 2238 1549 2300 post
1575 2228 1858 2296 Christum,
1891 2239 1939 2285 et

337 2333 503 2379 morte
516 2324 624 2381 ista
652 2324 936 2397 euangelica
956 2325 1104 2394 prius
1128 2325 1309 2390 emori,
1340 2339 1439 2394 qua
1460 2324 1723 2377 carnalem
1746 2324 1937 2377 resolua-

331 2419 527 2473 Iionem
550 2418 839 2472 voluntario
854 2418 1196 2489 praestamus
1224 2417 1245 2448 ³
1266 2433 1509 2480 excessu;
1534 2432 1635 2469 non
1666 2417 1823 2481 obitu,
1844 2415 1938 2469 sed

332 2510 587 2563 sententia
617 2510 899 2565 recedentes
928 2508 989 2562 ab
1019 2510 1169 2580 hujus
1198 2510 1372 2563 sarculi
1393 2510 1491 2561 vita
1511 2551 1526 2575 ,
1554 2525 1665 2579 qua:
1694 2519 1797 2562 tota
1820 2519 1937 2562 ten-

332 2602 592 2656 tationum
608 2634 634 2667 ι,
654 2602 737 2659 ut
752 2642 770 2667 ,
804 2610 856 2656 ut
876 2611 941 2655 tu
969 2600 1253 2673 aliquando
1286 2602 1359 2653 ad
1386 2617 1466 2653 me
1492 2601 1689 2654 locutus
1713 2616 1764 2654 es
1785 2642 1797 2664 ,
1826 2609 1937 2654 tota

332 2696 552 2751 Centatio
579 2705 674 2749 est.
704 2694 913 2749 Utinam
950 2711 1070 2766 ergo
1106 2695 1182 2749 sic
1220 2694 1504 2765 dirigantur
1540 2694 1635 2748 uite
1660 2709 1785 2748 mea:
1828 2703 1937 2763 post

334 2788 554 2859 uestigia
580 2798 688 2850 tua,
704 2798 769 2841 ut
796 2789 1028 2857 exemplo
1050 2798 1141 2841 tuo
1166 2789 1363 2842 solvens
1384 2787 1778 2841 calceamentum
1801 2797 1938 2843 vetus

337 2879 641 2949 depedibus
662 2880 805 2945 meis,
831 2880 1144 2950 disrmnpam
1172 2880 1372 2934 vincula
1398 2896 1527 2939 mea,
1546 2891 1595 2933 et
1627 2880 1751 2934 liber
1770 2881 1938 2934 exsul-

339 2980 438 3025 tent
480 2972 549 3025 ad
590 2972 895 3027 currendum
930 2973 1105 3035 uiam,
1134 2988 1233 3041 quo
1263 2972 1451 3041 possim
1491 2973 1689 3042 assequi
1726 2983 1935 3028 mortem

337 3062 517 3127 istam,
556 3079 657 3132 qua
683 3072 737 3116 tu
763 3072 992 3117 mortuus
1017 3080 1068 3117 es
1101 3063 1219 3116 huic
1260 3062 1467 3126 steculo,
1500 3073 1557 3115 ut
1586 3064 1721 3118 vivas
1749 3063 1856 3117 Deo
1880 3067 1935 3119 in

338 3153 542 3208 Christo
572 3155 761 3209 vivente
785 3157 930 3221 inte,
950 3156 1097 3226 cujus
1117 3164 1163 3209 et
1177 3171 1321 3209 mon
1350 3164 1397 3207 et
1421 3156 1521 3209 uita
1544 3155 1596 3208 in
1625 3172 1832 3226 corpore
1846 3170 1935 3211 tuo

334 3258 384 3300 et
426 3248 577 3302 corde
620 3258 669 3302 et
704 3265 800 3304 ore
840 3249 1195 3320 cognoscitur!
1228 3250 1349 3322 quia
1378 3266 1478 3303 non
1514 3250 1646 3319 sapit
1672 3266 1759 3303 cor
1794 3260 1936 3305 tuum

332 3346 559 3403 terrena,
580 3355 674 3393 nec
702 3356 758 3394 os
785 3347 925 3394 tuum
954 3341 1175 3409 loquitur
1202 3356 1357 3412 opera
1382 3341 1681 3405 hominum;
1709 3343 1798 3397 sed
1824 3359 1935 3397 cer-

332 3428 459 3483 bum
494 3428 682 3485 Christi
723 3430 947 3485 abundat
988 3433 1039 3485 in
1081 3442 1280 3502 pectore
1322 3441 1427 3495 tuo,
1468 3441 1515 3485 et
1553 3434 1759 3502 spiritus
1802 3436 1933 3489 veri-

336 3522 455 3575 tatis
493 3520 777 3589 e/I'unditur
812 3524 868 3577 in
902 3524 1083 3595 lingua
1119 3533 1207 3579 tua
1238 3525 1453 3597 superni
1487 3526 1713 3596 fluminis
1744 3526 1934 3598 impetu

334 3611 603 3681 letiﬁcans
631 3614 879 3669 ciuitatem
901 3613 1018 3669 Dei.

407 3704 460 3757 5.
502 3703 634 3770 Quae
650 3714 820 3760 autem
836 3708 998 3761 virtus
1013 3706 1149 3760 'hanc
1166 3707 1227 3761 in
1246 3707 1389 3762 nobis
1411 3709 1555 3779 efficit
1572 3720 1808 3778 mortem,
1836 3714 1933 3769 nisi

330 3795 573 3862 charitas,
609 3800 886 3869 quefortis
915 3808 987 3853 est
1008 3808 1069 3853 ut
1095 3801 1271 3853 mors-1’
1299 3800 1389 3856 Sic
1408 3803 1540 3855 enim
1569 3804 1821 3859 oblitterat
1840 3822 1933 3860 no-

329 3888 411 3941 bis
437 3898 485 3942 et
504 3889 708 3959 perimit
738 3890 833 3943 hoc
871 3890 1135 3957 steculum,
1165 3899 1222 3946 ut
1259 3893 1468 3964 impleat
1494 3897 1671 3951 mortis
1698 3897 1932 3964 effectum

328 3997 424 4051 per
446 3980 682 4048 aﬂ'ectum
710 3981 918 4050 Christi,
940 3984 999 4037 in
1026 4001 1173 4055 quem
1195 3988 1421 4040 conversi
1450 3990 1718 4043 avertimur
1746 3992 1808 4044 ab
1838 3992 1933 4046 hoc

326 4074 551 4139 mundo,
603 4084 652 4129 et
697 4076 781 4129 cui
821 4076 1036 4131 ciuemes
1082 4078 1324 4131 morimur
1367 4078 1432 4132 ab
1472 4081 1729 4135 elementis
1769 4083 1932 4153 'hujus

324 4166 527 4220 mundi.
562 4166 679 4222 Nec
704 4178 943 4239 tanquam
968 4169 1185 4224 viventes
1206 4170 1258 4223 in
1291 4186 1464 4225 eorum
1486 4182 1762 4241 conspectu
1789 4176 1931 4228 visu-

322 4258 459 4328 que‘
486 4259 821 4327 decernimus,
866 4262 985 4330 quia
1006 4262 1176 4330 rportio
1215 4272 1389 4315 nostra
1428 4278 1563 4317 mors
1596 4264 1790 4319 Christi
1812 4278 1887 4321 est
1911 4281 1931 4321 :

322 4350 476 4419 cujus
514 4366 545 4403 a
584 4352 795 4405 mortuis
830 4351 1247 4405 resurrectionem
1292 4368 1395 4406 non
1424 4355 1847 4423 apprehendimus
1876 4359 1930 4411 in

322 4444 513 4514 gloria,
536 4444 641 4498 nisi
668 4454 880 4499 mortem
903 4445 1015 4514 ejus
1041 4444 1098 4498 in
1122 4460 1270 4498 cruce
1287 4447 1605 4514 mortiﬁcatis
1618 4448 1861 4504 membris
1880 4461 1929 4505 et

319 4535 553 4590 sensibus
584 4537 755 4591 carnis
786 4536 1084 4599 imitemur;
1111 4545 1165 4589 ut
1184 4537 1299 4607 jam
1334 4548 1439 4591 non
1466 4550 1640 4594 nostra
1673 4542 1930 4598 uoluntate

321 4630 573 4695 sinamus,
609 4630 698 4685 sed
730 4629 897 4697 illius,
926 4632 1082 4700 cujus
1108 4630 1353 4686 nouimus
1378 4634 1718 4703 sanctiﬁcatio
1752 4648 1929 4694 nostra

322 4729 421 4785 est,
457 4733 503 4775 et
528 4722 615 4790 qui
638 4721 752 4776 ideo
777 4738 870 4793 pro
910 4720 1053 4776 nobis
1082 4732 1319 4777 mortuus
1360 4734 1434 4777 ea
1460 4733 1509 4777 et
1538 4728 1830 4796 resurrem‘t,
1871 4740 1928 4783 ut

316 4815 434 4886 jam
463 4830 566 4869 non
599 4815 763 4880 nobis,
789 4815 879 4870 sed
905 4814 981 4871 illi
1011 4817 1253 4881 ciconiae,
1284 4819 1377 4885 qui
1394 4834 1495 4887 .pro
1529 4820 1670 4873 nobis
1697 4831 1927 4877 mortuus

321 4915 399 4961 est
426 4915 475 4961 et
490 4908 785 4975 resurrexit,
806 4918 855 4962 et
870 4908 1013 4963 dedit
1033 4909 1175 4963 nobis
1184 4910 1375 4981 pignus
1396 4913 1799 4979 repromissionis
1818 4932 1927 4969 sua:

321 4997 511 5067 spiritu
546 5014 661 5064 suo,
686 5000 817 5053 sicut
844 5000 1026 5071 pignus
1052 5002 1169 5055 vita:
1203 5012 1390 5057 nostra
1418 5005 1584 5074 posuit
1616 5005 1669 5059 in
1704 5008 1843 5061 caelis
1869 5008 1926 5061 in

319 5103 538 5158 corpore
558 5106 676 5156 suo,
704 5091 839 5161 quod
863 5099 936 5146 est
955 5101 1103 5161 caput
1117 5092 1140 5124 ⁸
1159 5095 1387 5163 corporis
1406 5096 1585 5149 nostri.
1612 5094 1767 5151 Unde
1791 5114 1926 5152 nunc

322 5182 635 5251 aspectatio
673 5191 845 5236 nostra
888 5181 1139 5239 Dominus
1178 5194 1252 5240 at
1281 5194 1329 5239 et
1371 5188 1672 5255 substantia,
1722 5205 1835 5261 qua:
1862 5192 1924 5245 ab

321 5272 437 5343 ipso
470 5273 608 5343 facta
632 5283 705 5339 est
729 5273 870 5345 apud
894 5274 1083 5346 ipsum,
1116 5286 1161 5331 et
1189 5278 1241 5331 in
1268 5278 1401 5348 ipso,
1424 5288 1476 5332 et
1503 5296 1592 5347 per
1620 5282 1807 5351 ipsum,
1837 5284 1925 5350 qui

322 5368 676 5436 conformatus
701 5376 771 5423 est
798 5369 1002 5439 corpori
1027 5369 1330 5425 humilitatis
1360 5382 1563 5437 nostra,
1605 5383 1658 5427 ut
1685 5390 1777 5430 nos
1801 5392 1925 5430 con-

321 5458 572 5527 formaret
595 5459 801 5528 corpori
823 5459 1001 5531 gloria:
1030 5477 1155 5527 suae,
1185 5470 1231 5515 et
1254 5478 1425 5516 secum
1450 5462 1503 5517 in
1522 5464 1799 5522 caelestibus
1818 5468 1925 5523 col-

390 5564 408 5595 ¹
431 5570 568 5625 Lov.,
582 5570 739 5635 patre.

388 5628 408 5657 ³
433 5633 567 5686 Lov.,
591 5632 717 5677 actio
737 5632 917 5678 nostra.

390 5688 411 5719 ³
434 5694 567 5757 ιλοῃ
592 5694 792 5757 mortem
1410 5691 1775 5757 praesttimus.
1799 5705 1926 5757 Quos

322 5748 477 5862 geuge,
491 5749 709 5813 aliosque
732 5749 898 5814 plures
918 5752 980 5801 ad
993 5748 1447 5807 Philam-conamen:
1471 5756 1686 5809 codicem
1706 5748 1924 5817 οοηὲχίἑ

392 5848 521 5940 Fila.
540 5872 791 5940 mimum,
808 5887 1006 5940 usuque.

393 5930 420 5966 ⁸
438 5941 524 5988 ω.
547 5930 787 5990 Phimarc.
801 5930 980 5992 omiittt
998 5941 1158 6003 ωριιι.

1532 438 2007 501 EPISTULARUM
2043 439 2318 497 CLASSIS
2357 439 2422 497 ll.

2044 557 2249 611 locaret.
2283 557 2563 629 Propterea
2582 567 2629 613 et
2651 560 2739 632 qui
2761 559 2906 632 digni
2926 559 3112 631 fuerint
3129 561 3230 615 vita
3252 568 3459 631 atoma,
3476 568 3629 619 eruat

2042 649 2095 703 in
2114 651 2281 721 gloria
2306 654 2446 723 regni
2474 654 2605 724 ejus,
2636 664 2688 707 ut
2726 671 2839 709 cum
2858 654 2972 724 ipso
3002 656 3104 709 sint
3131 656 3174 728 (Ι
3207 654 3381 712 Thess.
3411 673 3486 724 Iv,
3512 656 3625 731 {6),

2043 743 2173 798 sicut
2212 744 2481 815 Apostolus
2509 748 2600 811 ait,
2645 757 2690 803 et
2731 765 2847 802 cum
2873 750 2985 820 ipso
3015 759 3268 815 maneant,
3300 751 3427 805 sicut
3448 760 3500 805 et
3521 752 3631 822 ipse

2042 834 2289 893 Dominus
2304 838 2377 892 ad
2400 839 2604 895 Patrem
2620 841 2751 896 dixit
2774 857 2794 896 :
2823 860 2843 894 ι
2880 841 3009 897 Volo
3033 852 3090 897 ut
3112 844 3199 898 ubi
3218 860 3308 916 ego
3329 860 3461 913 sum,
3486 854 3531 900 et
3550 845 3630 900 illi

2042 930 2143 985 sint
2161 948 2352 985 mecum
2382 951 2399 985 ι
2420 934 2603 1000 Noun.
2633 950 2765 1002 xvn,
2793 935 2907 1007 24).

2112 1023 2168 1077 6.
2210 1022 2335 1079 Sine
2361 1023 2513 1078 dubio
2532 1026 2634 1079 hoc
2675 1026 2805 1081 illud
2827 1036 2902 1082 est
2930 1028 3065 1098 quod
3105 1029 3159 1084 in
3190 1028 3413 1085 Psalmis
3438 1031 3587 1087 habes
3610 1044 3633 1088 :

2048 1130 2069 1165 ι
2100 1112 2243 1169 Beati
2268 1116 2353 1185 qui
2378 1115 2607 1170 habitant
2628 1116 2684 1171 in
2705 1118 2853 1172 domo
2872 1128 2996 1184 tua;
3019 1120 3074 1174 in
3106 1121 3295 1175 stecula
3329 1123 3630 1179 steculorum

2044 1204 2321 1261 laudabunt
2341 1216 2387 1261 te
2414 1208 2462 1278 ι(
2487 1207 2635 1262 Psal.
2660 1220 2885 1278 ιιιιιιι,
2915 1208 2997 1282 ὅ).
3024 1208 3159 1266 Puto
3182 1221 3347 1267 autem
3364 1214 3630 1268 hanclau-

2045 1302 2297 1357 daticnem
2338 1302 2543 1358 uocibus
2584 1304 2951 1359 concinentium
2992 1320 3099 1360 esse
3146 1307 3474 1377 promendam
3502 1311 3631 1362 :etsi

2043 1392 2439 1448 immutabuntur
2477 1398 2764 1450 sanctorum
2787 1396 3153 1469 resurgentium
3188 1412 3419 1471 corpora,
3452 1407 3508 1453 ut
3530 1399 3633 1454 sint

2044 1486 2172 1541 sicut
2197 1498 2244 1542 et
2267 1487 2472 1542 Domini
2490 1505 2675 1562 corpus
2699 1500 2808 1559 post
2838 1495 3245 1549 resurrectionem
3274 1496 3551 1567 apparuit;
3577 1495 3635 1551 in

2044 1593 2145 1650 qua
2171 1580 2341 1650 utique
2371 1584 2747 1638 resurrectionis
2774 1584 3008 1639 humante
3031 1585 3145 1640 uiua
3166 1586 3336 1659 imago
3360 1588 3632 1660 prcefu’lsit,

2044 1681 2101 1725 ut
2128 1670 2377 1727 Dominus
2397 1672 2526 1743 ipse,
2557 1676 2643 1745 qui
2668 1676 2721 1729 in
2759 1691 2969 1746 corpore
2991 1678 3104 1749 ipso
3141 1693 3238 1749 quo
3265 1695 3441 1749 passus
3470 1684 3636 1752 fuerat

2044 1774 2091 1819 et
2106 1776 2476 1832 resurreaerat,
2504 1768 2651 1836 quasi
2669 1768 2931 1837 speculum
2952 1772 3388 1842 contemplationis
3408 1774 3638 1830 omnibus

2046 1859 2217 1929 fuerit.
2246 1857 2351 1925 Qui
2380 1860 2549 1929 utique
2573 1876 2687 1914 cum
2721 1862 2775 1915 in
2803 1864 2976 1917 eadem
3005 1880 3177 1931 carne,
3208 1880 3306 1934 qua
3336 1875 3561 1921 mortuus
3589 1870 3638 1923 et

2043 1952 2267 2023 sepultus
2283 1953 2466 2022 fuerat,
2480 1956 2857 2025 resurrexisset,
2882 1960 3105 2013 omnium
3121 1962 3288 2014 omnia
3305 1962 3465 2031 officia
3482 1979 3638 2017 mem-

2046 2042 2243 2098 brorum
2270 2061 2504 2116 expressa
2539 2048 2697 2101 oculis
2722 2058 2767 2101 et
2791 2049 2997 2103 auribus
3026 2053 3285 2107 hominum
3314 2066 3449 2123 stupe
3478 2055 3637 2109 coita-

2046 2143 2126 2190 tus
2144 2138 2161 2167 ³
2182 2136 2431 2191 exhibuit.
2467 2137 2616 2203 Quod
2634 2142 2681 2193 si
2704 2141 2853 2194 etiam
2881 2141 3081 2211 Angeli,
3108 2160 3318 2212 quorum
3342 2145 3638 2217 simpliciter

2043 2230 2321 2299 spiritualis
2349 2241 2421 2285 est
2452 2242 2705 2298 creatura,
2740 2234 2939 2305 linguas
2967 2235 3147 2289 habere
3170 2236 3432 2305 dicuntur,
3460 2240 3638 2309 quibus

2044 2323 2214 2395 utique
2235 2322 2409 2379 laudes
2434 2324 2652 2380 Domino
2679 2328 2890 2381 creatori
2916 2337 3123 2381 cantant
3156 2338 3202 2381 et
3230 2330 3421 2400 gratias
3447 2334 3638 2402 referre

2044 2431 2144 2469 non
2180 2415 2434 2484 desinunt,
2478 2428 2664 2485 quanto
2699 2420 2858 2491 magis
2896 2421 3177 2485 hominum,
3222 2422 3309 2477 etsi
3350 2422 3639 2495 spiritualia

2033 2506 2150 2578 jam
2168 2518 2279 2577 post
2299 2510 2712 2564 resurrectionem
2739 2527 2968 2581 corpora.
2998 2515 3312 2569 manentibus
3334 2523 3499 2569 tamen
3526 2516 3637 2587 glo-

2042 2598 2255 2667 riﬁcatte
2281 2602 2447 2655 carnis
2472 2602 2699 2657 omnibus
2734 2605 2989 2670 membris,
3016 2615 3062 2658 et
3090 2622 3177 2675 per
3204 2608 3374 2660 omnia
3412 2609 3636 2662 membra

2044 2690 2221 2760 formis
2263 2700 2311 2744 et
2358 2693 2578 2747 numeris
2619 2694 2739 2758 suis,
2785 2703 2831 2747 et
2855 2695 3053 2766 linguas
3092 2696 3341 2751 habebunt
3379 2698 3432 2751 in
3468 2700 3640 2755 oribus

2041 2783 2167 2850 suis,
2206 2792 2253 2837 ct
2276 2785 2463 2857 linguis
2506 2784 2775 2853 effantibus
2810 2788 2997 2842 dabunt
3030 2805 3192 2855 voces,
3229 2790 3406 2860 quibus
3440 2791 3638 2847 divinas

2043 2875 2219 2931 laudes
2260 2878 2336 2931 vel
2363 2892 2602 2931 sensuum
2639 2895 2845 2933 suorum
2881 2882 3275 2951 gaudiorumque
3314 2882 3523 2950 affectus
3549 2900 3640 2955 per

2042 2970 2189 3022 verba
2213 2970 2533 3039 depromunt.
2563 2970 2719 3026 Forte
2747 2974 2896 3026 etiam
2918 2974 3012 3027 hoc
3037 2976 3217 3044 gratia:
3245 2976 3516 3047 gloriaque
3536 2991 3635 3049 ap-

2043 3062 2266 3133 posituro
2298 3064 2485 3117 sanctis
2518 3064 2629 3117 suis
2660 3060 2898 3131 Domino,
2937 3066 2989 3119 in
3026 3067 3226 3120 saeculis
3262 3068 3405 3138 regni
3442 3069 3543 3133 sui,
3578 3076 3635 3122 ut

2043 3163 2182 3207 tanto
2205 3153 2477 3222 potioribus
2501 3155 2686 3225 linguis
2710 3165 2755 3209 et
2774 3156 2973 3210 vocibus
2995 3166 3200 3224 canant,
3220 3167 3405 3225 quanto
3428 3158 3499 3213 ad
3519 3160 3635 3214 bea-

2042 3245 2219 3298 tiorem
2262 3255 2497 3298 naturam
2534 3262 2805 3315 corporum
2846 3247 2991 3301 beata
3026 3249 3371 3303 immutatione
3407 3254 3637 3322 profece-

2040 3336 2161 3399 rint,
2198 3345 2254 3390 ut
2277 3336 2331 3390 in
2375 3337 2669 3406 corporibus
2691 3338 2804 3407 jam
2844 3338 3192 3407 spiritualibus
3233 3340 3638 3413 constituti,jam

2043 3430 2256 3501 forsitan
2293 3446 2393 3483 non
2418 3430 2671 3496 humanis,
2709 3431 2799 3485 sed
2820 3430 2925 3486 illis
2954 3431 3195 3503 angelicis
3233 3440 3380 3503 atque
3417 3432 3635 3488 cwlesti-

2040 3518 2150 3585 bus,
2184 3522 2357 3592 quales
2385 3523 2657 3592 Apostolus
2677 3524 2869 3578 audivit
2896 3525 2950 3578 in
2971 3525 3209 3595 paradiso
3231 3525 3298 3595 (ll
3322 3524 3440 3580 Cor.
3467 3542 3561 3590 xu,
3578 3528 3636 3598 4)

2038 3613 2352 3667 sermonibus
2378 3615 2693 3685 eloquuntur.
2742 3614 2807 3668 Et
2851 3616 2964 3669 ideo
2992 3617 3209 3687 forsitan
3235 3617 3427 3672 honuni
3449 3618 3636 3686 ineiu-

2040 3704 2163 3759 biles
2195 3722 2277 3759 eos
2304 3722 2555 3760 sermones
2581 3707 2735 3779 fuisse
2764 3716 2971 3764 testatus
3009 3719 3102 3775 est,
3128 3711 3249 3782 quia
3274 3710 3481 3776 sanctis,
3507 3713 3637 3767 inter

2040 3796 2169 3849 alias
2209 3798 2531 3867 praemiorum
2573 3799 2781 3868 species,
2804 3800 2920 3870 jam
2958 3815 3099 3855 nouae
3137 3801 3327 3873 lingua:
3360 3814 3632 3874 parantur.

2044 3885 2237 3953 Quibus
2264 3887 2450 3942 idcirco
2473 3890 2755 3943 hominibus
2776 3891 2930 3961 hujus
2957 3892 3129 3947 δίκαιιὶ
3152 3894 3318 3947 adhuc
3347 3896 3420 3948 uti
3450 3913 3551 3950 non
3578 3895 3639 3952 ιὶο

2038 3990 2134 4046 cet,
2164 3990 2219 4034 ut
2233 3981 2347 4052 jam
2372 3982 2451 4036 his
2475 3980 2653 4053 gloria:
2678 4000 2783 4037 suae
2807 3987 3193 4056 congruentibus
3221 3988 3529 4045 immortales
3546 3990 3635 4045 lo-

2038 4083 2277 4142 quantur,
2321 4073 2383 4127 de
2421 4073 2597 4143 quibus
2624 4074 2813 4128 dictum
2842 4084 2934 4143 est,
2973 4094 2991 4127 ‹
3028 4077 3227 4132 Etenim
3263 4080 3552 4135 clamabunt
3570 4091 3629 4141 ,et

2040 4165 2281 4236 hymnum
2329 4166 2493 4220 dicent
2526 4184 2547 4218 ι
2601 4165 2771 4239 (Psal.
2814 4183 2963 4235 LXIV,
3008 4169 3132 4242 ii);
3170 4171 3358 4241 procul
3391 4172 3542 4228 dubio
3572 4174 3633 4227 in

2040 4257 2339 4322 caelestibus,
2367 4258 2451 4311 ubi
2482 4275 2596 4311 cum
2634 4254 2854 4312 Domino
2883 4270 3046 4325 erunt,
3090 4270 3137 4315 et
3161 4261 3538 4317 delectabuntur
3575 4264 3633 4318 in

2038 4348 2352 4404 abundantia
2389 4350 2549 4420 pacis,
2594 4351 2866 4422 gaudentes
2905 4351 2958 4405 in
2988 4363 3259 4425 conspectu
3298 4356 3485 4423 throni,
3518 4357 3637 4411 mit-

2040 4450 2196 4495 tentes
2224 4451 2341 4495 ante
2367 4442 2516 4512 pedes
2541 4440 2675 4513 Agni
2697 4452 2897 4512 pateras
2924 4455 2970 4498 et
2999 4462 3233 4513 coronas,
3265 4456 3311 4501 et
3338 4457 3570 4503 canentes
3591 4450 3637 4503 ei

2037 4534 2288 4586 canticum
2324 4549 2528 4601 novum,
2575 4535 2835 4606 aggregati
2884 4534 3052 4591 choris
3089 4538 3415 4609 Angelorum,
3456 4537 3634 4594 Virtu-

2036 4630 2164 4689 tum,
2197 4621 2632 4691 Dominationum,
2654 4622 2999 4692 Thronorum,
3028 4636 3087 4681 ut
3107 4639 3153 4682 et
3181 4629 3281 4699 ipsi
3305 4646 3415 4683 cum
3446 4629 3641 4685 Cheru-

2037 4716 2138 4768 bim
2164 4724 2312 4781 atque
2351 4716 2648 4786 Seraphim,
2686 4727 2734 4771 et
2762 4727 2977 4788 quatuor
3017 4718 3122 4774 illis
3165 4720 3490 4789 animalibus,
3520 4738 3638 4779 uoce

2038 4817 2278 4879 perpetua
2297 4809 2612 4864 concinentes
2631 4809 2821 4873 dicant,
2846 4829 2866 4860 ι
2892 4810 3129 4877 Sanctus,
3150 4823 3381 4879 sanctus,
3400 4824 3633 4879 sanctus,

2035 4898 2288 4955 Dominus
2310 4900 2444 4954 Deus
2471 4902 2680 4954 sabaoth
2706 4919 2725 4953 s
2753 4898 2901 4974 (Isai.
2925 4916 3004 4971 vx,
3024 4904 3082 4970 '5,
3106 4914 3153 4958 et
3177 4906 3337 4975 Apoc.
3352 4920 3430 4971 ιν,
3454 4904 3638 4981 8-10),l

2034 5002 2083 5045 et
2108 4992 2304 5061 reliqua
2328 5008 2441 5063 quae
2468 4992 2618 5046 nosti.

2109 5083 2161 5136 7.
2204 5081 2321 5136 Hoc
2354 5093 2425 5137 est
2452 5100 2570 5155 ergo
2598 5084 2735 5154 quod
2768 5101 2953 5157 egenus
2972 5072 3027 5143 .ct
3053 5104 3248 5159 pauper
3273 5105 3364 5162 ego
3389 5088 3476 5145 ille
3509 5092 3639 5148 insi-

2036 5177 2179 5249 piens
2209 5186 2257 5231 et
2277 5179 2516 5249 paruulus
2540 5188 2679 5246 tuus,
2706 5198 2852 5251 quem
2874 5194 2931 5236 ut
2953 5200 3103 5238 cenes
3130 5188 3331 5257 sapiens
3355 5193 3487 5260 ferre
3510 5207 3636 5246 con-

2033 5268 2213 5336 suesti,
2254 5285 2378 5341 rogo
2411 5279 2465 5323 ut
2508 5287 2587 5325 me
2614 5273 2879 5327 scientiam
2921 5276 2998 5330 vel
3030 5276 3319 5348 opinionem
3356 5296 3508 5351 super
3545 5284 3642 5340 hoc

2036 5367 2174 5415 tuam
2200 5362 2382 5415 doceas
2398 5360 2545 5433 (quia
2571 5364 2676 5417 scio
2700 5374 2748 5417 te
2772 5364 3118 5421 illuminatum
3146 5370 3334 5439 spiritu
3372 5372 3641 5431 reuelatio-

2035 5452 2115 5505 nis
2141 5452 2204 5505 ab
2232 5452 2344 5523 ipso
2371 5452 2498 5507 duce
2533 5463 2579 5507 et
2609 5457 2749 5525 fonte
2777 5456 3101 5527 sapientium,
3140 5468 3192 5513 ut
3221 5460 3366 5541 sicut.
3383 5468 3643 5533 praterita

2033 5542 2335 5613 cognovisti,
2356 5552 2405 5598 et
2422 5546 2696 5615 praemia
2717 5546 2887 5616 uides,
2915 5550 2989 5603 ita
3009 5550 3157 5604 etiam
3184 5552 3247 5605 de
3278 5556 3467 5625 futuris
3506 5561 3642 5615 testi-

2034 5636 2252 5707 mes');
2282 5636 2404 5705 quid
2428 5652 2633 5694 censeas
2658 5639 2723 5695 de
2750 5638 2833 5696 his
2866 5643 3137 5697 calestimn
3169 5658 3538 5720 creaturarum,
3564 5653 3645 5711 vei

2033 5726 2185 5819 etiam
2210 5744 2364 5796 super
2383 5730 2534 5785 calas
2560 5732 2623 5787 in
2648 5742 2920 5819 compertu
3212 5744 3473 5819 mentium
3499 5746 3644 5817 voci,

2100 5860 2120 5924 ξ
2142 5866 2276 5924 Lam,
2296 5861 2487 5924 collata.

2101 5922 2124 5955 ¹
2146 5922 2281 5988 Lavi,
2303 5923 2424 5991 quid
2446 5922 2671 5983 ωδεάηα.
