4032 6334
454 415 557 478 351

459 534 551 590 bus
596 533 932 604 sempiternis,
973 529 1152 601 quibus
1192 531 1394 582 tandem
1437 526 1641 597 organis
1677 525 2044 592 exprimantur.

464 623 706 689 Quamvis
735 623 865 677 enim
898 620 1173 690 Apostolus
1201 619 1435 686 dicenda,
1464 638 1481 670 ι
1514 618 1573 672 Si
1607 617 1790 688 linguis
1826 616 2047 687 Angelo-

457 733 572 770 rum
612 715 792 786 loquar
815 733 834 767 ι
866 713 910 784 (Ι
936 713 1054 769 Cor.
1083 729 1198 775 xui,
1234 713 1311 785 1),
1345 712 1607 783 proprium
1640 709 1904 778 quemdam
1931 709 2048 763 illos

457 826 565 866 sua:
591 820 806 876 naturae,
833 809 928 875 vel,
946 817 1001 862 ut
1024 808 1094 861 ita
1120 808 1358 873 dixerim,
1385 809 1543 877 gentis
1565 805 1743 860 habere
1769 820 2048 859 sermonem

462 894 754 961 ostenderit,
783 901 920 948 tanto
947 893 1178 947 humanis
1223 893 1448 948 sensibus
1487 901 1532 946 et
1560 891 1769 962 eloquiis
1793 889 2043 955 altiorem,

455 998 645 1059 quanto
670 990 783 1060 ipsa
813 987 1118 1058 Angelorum
1143 998 1374 1043 creatura
1402 996 1449 1041 et
1470 987 1620 1041 statio
1648 985 1942 1040 mortalibus
1967 984 2044 1037 in-

456 1081 608 1136 colis‘
651 1090 697 1134 et
727 1081 934 1134 terrenis
962 1079 1160 1134 sedibus
1188 1088 1392 1150 prwstat
1415 1094 1433 1133 :
1453 1087 1672 1132 attamen
1702 1077 1914 1148 forsitan
1949 1074 2048 1129 lin-

459 1188 584 1243 guas
621 1171 929 1240 Angelorum
966 1187 1058 1237 pro
1083 1170 1342 1242 generibus
1371 1186 1544 1224 uocum
1581 1179 1729 1240 atque
1759 1183 2047 1222 sermonum

458 1266 662 1331 dixerit,
708 1266 834 1320 sicut
872 1275 919 1318 et
945 1265 1008 1320 de
1041 1265 1401 1320 charismatum
1427 1267 1666 1318 uarietate
1689 1262 1934 1317 disserens
1961 1262 2046 1316 in-

459 1368 534 1415 ter
553 1359 690 1413 dona
715 1359 993 1429 gratiarum
1020 1369 1248 1412 numerat
1273 1373 1454 1428 genera
1481 1356 1768 1426 linguarum
1789 1353 1898 1426 (Id.
1920 1353 2042 1425 xu),

458 1453 628 1524 utique
671 1452 765 1506 Itoc
808 1451 858 1504 in
907 1451 1051 1522 signa
1098 1466 1202 1505 esse
1245 1448 1559 1519 significans,
1600 1445 1736 1518 quod
1769 1446 2046 1501 multarum

457 1546 682 1619 gentiunt
721 1559 950 1600 sermone
989 1543 1124 1613 loqui
1149 1542 1363 1613 singulis
1401 1539 1692 1594 donaretur.
1728 1538 1833 1594 Sed
1871 1547 1917 1592 et
1950 1552 2048 1592 vos:

457 1637 555 1693 Dei
583 1653 717 1706 stupe
749 1636 816 1690 ad
841 1644 1039 1690 sanctos
1075 1634 1258 1688 emissa
1286 1633 1349 1687 de
1386 1631 1532 1696 nube,
1563 1629 1776 1686 ostendit
1802 1645 1947 1702 posse
1970 1628 2048 1684 lo-

456 1734 655 1806 quelam
679 1749 784 1789 esse
803 1734 911 1786 sine
931 1732 1123 1802 lingua.
1151 1728 1413 1798 Siquidem
1439 1729 1612 1797 lingua
1633 1727 1860 1796 corporis
1885 1743 2044 1781 utent-

458 1825 603 1882 brum
643 1826 706 1880 sit
743 1823 1003 1895 pusillum,
1044 1832 1090 1876 ct
1122 1837 1378 1893 magnum.
1422 1819 1530 1875 Sed
1558 1821 1687 1890 forte
1721 1835 1784 1872 ea:
1807 1819 1901 1872 hoc
1933 1820 2046 1889 ipso

457 1918 579 1990 quia
615 1917 668 1970 in
694 1916 788 1969 hoc
827 1915 1047 1969 membro
1087 1913 1217 1968 vocis
1246 1911 1464 1983 ofﬁcium
1488 1910 1629 1965 Deus
1669 1911 1856 1982 posuit,
1897 1912 2048 1966 etiam

457 2011 769 2080 incorporea?
795 2007 1104 2080 Angelorum
1128 2006 1402 2060 creatum”
1431 2021 1683 2060 sermones
1703 2015 1749 2059 et
1774 2021 1916 2060 voces
1944 2005 2046 2060 lin-

457 2117 612 2175 guam
636 2100 902 2164 vocaverit,
925 2101 1053 2155 sicut
1081 2100 1350 2171 Scriptura
1369 2100 1494 2154 solet
1522 2097 1630 2152 Deo
1651 2113 1846 2169 quoque
1869 2114 2049 2153 secun-

460 2194 583 2248 dum
622 2192 812 2264 species
853 2192 1220 2261 operationum,
1260 2191 1464 2244 nomina
1501 2190 1760 2262 assignare
1804 2188 2048 2242 membro-

457 2302 591 2340 rum.
627 2284 732 2339 θνα
759 2301 852 2353 pro
882 2283 1042 2348 nobis,
1069 2293 1114 2336 et
1137 2283 1260 2338 doce
1278 2299 1389 2338 nos.

465 2421 468 2424 .
531 2379 584 2434 8.
627 2376 814 2431 Frater
838 2383 1004 2430 uoster
1031 2377 1357 2432 cltarissimus
1385 2383 1431 2430 et
1459 2374 1780 2429 dulcissimus
1807 2373 2045 2439 Quintus,

459 2489 611 2544 quam
638 2471 783 2526 tarde
815 2470 883 2525 ad
909 2487 998 2524 nos
1033 2480 1220 2526 remeat
1250 2487 1282 2524 a
1308 2469 1466 2535 vobis,
1495 2478 1597 2523 tam
1636 2468 1735 2522 cito
1760 2483 1792 2520 a
1817 2465 1957 2520 nobis
1981 2466 2049 2520 ad

457 2579 544 2619 uos
569 2563 734 2617 redire
761 2563 964 2634 festinat
995 2578 1013 2616 :
1041 2563 1332 2616 instantiam
1365 2577 1480 2616 vero
1506 2561 1617 2631 ejus
1653 2560 1705 2614 in
1733 2559 1909 2614 litteris
1941 2558 2052 2613 exi-

460 2655 638 2729 gendis
663 2662 712 2709 et
750 2653 856 2708 Ittec
881 2653 1092 2725 epistola
1125 2653 1288 2707 (ituris
1313 2670 1463 2724 quam
1487 2652 1706 2706 versibus
1727 2651 1945 2705 crebrior
1972 2651 2051 2704 lo-

459 2746 663 2817 quitur,
706 2745 1083 2800 commemorati
1127 2744 1378 2798 exactoris
1426 2743 1630 2796 nimiam
1684 2741 2052 2813 festinationem

458 2837 647 2894 scheda
669 2837 804 2908 fecit.
836 2835 976 2892 Nam
1004 2836 1164 2908 pridie
1192 2836 1306 2888 idus
1340 2836 1501 2889 maias
1525 2835 1656 2889 venit
1685 2833 1754 2887 ad
1779 2850 1869 2887 nos
1892 2843 1945 2886 ut
1972 2849 2052 2886 re-

459 2931 649 3000 scripta
685 2937 891 3003 peteret,
935 2940 979 2982 et
1010 2927 1176 2982 idibus
1219 2937 1336 2980 ante
1366 2935 1557 2980 sextam
1597 2925 1783 2979 dimitti
1817 2923 2048 2978 obtinuit.

470 3024 649 3081 Videte
687 3040 808 3096 ergo
838 3035 1006 3078 utrum
1037 3041 1148 3077 eum
1175 3021 1645 3087 commendaverim,
1683 3019 1760 3074 uel
1787 3034 2052 3072 accusave-

459 3119 560 3174 rim
595 3117 891 3190 hujusmodi
930 3116 1229 3170 testimonio.
1277 3113 1430 3167 Forte
1454 3114 1606 3178 enim,
1636 3114 1737 3167 imo
1767 3113 1875 3166 sine
1901 3111 2052 3166 dubio

461 3208 736 3264 laudabilis
765 3212 928 3279 magis
953 3224 1104 3277 quam
1125 3205 1390 3276 culpabilis
1401 3203 1736 3274 judicabitur,
1760 3203 1895 3274 quia
1917 3211 2053 3256 tene-

462 3301 585 3369 bris,
615 3299 751 3373 quod
781 3300 832 3354 in
857 3298 1231 3367 comparatione
1258 3298 1407 3350 vestri
1430 3297 1632 3351 luminis
1660 3312 1854 3362 sumus,
1867 3294 2053 3365 justis-

459 3391 588 3448 sime
611 3389 920 3462 refestinavit
945 3388 1012 3441 ad
1039 3389 1197 3442 lucem
1225 3405 1390 3442 suam.
1423 3407 1441 3440 ι

903 3500 1240 3558 EPISTULA
1281 3501 1418 3556 xcv
1441 3505 1460 3524 ο
1487 3501 1583 3574 (ιι).

461 3615 776 3688 Augustinus
812 3613 1062 3685 superiori
1090 3615 1313 3684 epistola:
1351 3613 1656 3681 respondens
1689 3614 1793 3684 agit
1827 3614 1891 3667 de
1915 3630 2048 3685 prte-

476 3708 479 3712 ’
533 3708 689 3764 sentis
715 3706 828 3762 vitm
855 3716 1011 3772 statu,
1042 3721 1231 3759 necnon
1258 3705 1319 3757 de
1356 3706 1595 3774 qualitate
1627 3705 1849 3774 corporis
1879 3705 2050 3760 beato-

483 3822 486 3826 '
532 3815 669 3866 rum,
706 3798 862 3868 deque
897 3797 1233 3852 membrorum
1271 3797 1442 3867 ofﬁciis
1471 3805 1582 3868 post
1617 3800 2046 3852 resurrectionem.

460 3899 704 3958 Dominis
729 3899 1060 3956 charissimis
1097 3912 1149 3954 et
1182 3897 1575 3965 sincerissimis,
1605 3899 1800 3954 sanctis
1828 3908 1881 3954 ct
1905 3899 2047 3955 desi-

533 3991 860 4048 dcrabilibus
905 3999 960 4045 et
1009 3989 1401 4045 venerabilibus
1446 3989 1730 4058 fratribus,
1783 3990 1884 4044 sub
1940 4008 2052 4046 ma-

532 4087 700 4156 gistro
740 4083 964 4138 Domino
1001 4082 1128 4138 Jesu
1167 4081 1638 4152 condiscipulis(b)
1662 4124 1676 4148 ,
1722 4084 1956 4142 Pwuuo
1999 4096 2054 4142 et

532 4181 838 4243 Tantusne,
869 4180 1222 4242 Aucusrtuus,
1253 4177 1304 4232 in
1340 4177 1565 4231 Domino
1589 4177 1836 4233 salutem.

535 4297 588 4352 ι.
630 4296 761 4352 Cum
807 4308 905 4350 vos
949 4293 1139 4348 fratres
1184 4292 1351 4347 nostri
1398 4291 1825 4361 conjunctissimi
1875 4295 2048 4364 nobis,

463 4402 600 4460 quos
627 4387 898 4442 nobiscum
924 4385 1207 4440 desiderati
1230 4383 1557 4449 desiderare,
1585 4394 1640 4439 et
1666 4385 1877 4440 salutati
1902 4398 2052 4443 resa-

464 4477 639 4535 lutare
667 4478 982 4540 consuestis,
1026 4473 1240 4530 assidue
1263 4473 1465 4540 vident,
1508 4489 1613 4529 non
1644 4483 1749 4529 tam
1791 4488 2055 4546 augentur

465 4572 607 4629 bona
635 4580 835 4637 nostra,
866 4584 1022 4640 quam
1045 4567 1390 4624 consolantur
1418 4568 1575 4622 mala.
1607 4567 1736 4623 Nam
1770 4569 1911 4639 ipsas
1930 4585 2056 4625 cau-

530 4729 548 4762 ι
573 4735 702 4786 tom,
720 4724 770 4777 in
790 4722 940 4776 stetis.
1943 4785 1955 4797 υ

530 4793 551 4822 ³
574 4797 684 4840 Lov.
710 4785 880 4852 :
897 4786 1013 4852 sine
1037 4784 1127 4836 hoc
1164 4782 1375 4836 membro
1400 4784 1566 4852 inquo
1585 4791 1657 4838 est
1676 4785 1804 4838 uocis
1823 4783 2053 4852 ofﬁcium,

468 4861 599 4922 psus
815 4848 1045 4922 etiamnin
1081 4861 1279 4922 corpore
1314 4845 1600 4922 Angelorum
1653 4845 2058 4922 creare."Quibus

468 4916 589 4966 locis
606 4910 698 4975 [οι
721 4915 769 4962 in
793 4911 1037 4962 nonnullis
1069 4910 1427 4961 aliiS‘Phimarc.
1453 4912 1560 4962 cod.
1586 4913 1743 4962 secuti
1765 4926 1946 4962 sumus.

529 4999 547 5016 '
569 4999 634 5049 Ad
660 5000 930 5048 Vaticanum
955 4994 1206 5059 exemplar
1221 5002 1273 5045 et
1295 4995 1355 5044 ad
1375 5002 1486 5046 Lov.
1510 4999 1776 5060 recognita.

545 5084 617 5146 (a)
655 5083 774 5131 Alias
805 5081 897 5131 250
921 5095 932 5130 :
959 5086 1272 5148 quaenautem
1302 5080 1366 5130 95
1397 5087 1698 5148 erathunc
1730 5083 1836 5132 177.
1877 5085 2055 5148 Scripta

467 5141 652 5204 hieme,
675 5159 754 5195 an.
783 5141 1003 5204 exeunte
1026 5141 1118 5193 408
1140 5149 1224 5204 aut
1247 5143 1450 5192 ineunte
1471 5143 1581 5193 409.

530 5208 603 5270 (υ)
619 5202 734 5279 avia
751 5203 977 5279 maiae
1002 5211 1054 5279 ει
1076 5202 1331 5279 Easton“
1355 5205 1677 5279 iasupsriore
1703 5206 1905 5279 εειιίειοιε
1927 5209 2056 5279 δέδιμ-

530 5217 603 5270 to)
619 5217 734 5266 Quia
754 5217 977 5270 magister
1002 5217 1054 5254 et
1076 5217 1331 5316 Εὲιςςεοιηιδ
1355 5217 1677 5276 ιηοευρετιοτθ
1703 5217 1905 5279 epistota
1927 5217 2054 5258 satu-

466 5276 598 5320 tatus
621 5270 709 5341 fuit
739 5269 1056 5341 Augustinus,
1080 5267 1096 5316 i
1117 5279 1258 5341 circo
1281 5265 1451 5341 reddit.
1471 5267 1843 5341 salutemhbtsce
1873 5273 2054 5341 verbis.

469 5346 546 5396 ex_
557 5334 735 5396 quibus
755 5329 914 5380 obiter
944 5331 1221 5396 conjectare
1251 5329 1392 5396 nobis
1422 5329 1850 5396 licet_di_gnitatern
1875 5334 2061 5392 episco-

470 5390 632 5457 palem
665 5403 780 5444 ante
810 5405 992 5457 annum,
1020 5390 1112 5457 499
1152 5403 1249 5457 non
1269 5392 1510 5457 collatam
1543 5390 1695 5457 {uisae
1729 5390 1946 5457 Paulino;
1979 5397 2058 5444 cui

470 5453 685 5518 alioquin
714 5455 926 5506 ornatior
959 5453 1131 5505 titulus
1166 5453 1364 5503 debitus
1393 5461 1542 5518 atque
1572 5453 1665 5514 ipsi
1705 5455 1768 5518 ab
1799 5457 2062 5516 Augustino

470 5517 814 5579 adscribendus
837 5518 1010 5568 fuerat.
1033 5524 1175 5566 Porro
1193 5519 1486 5579 conjecture
1507 5517 1639 5564 favet
1651 5517 1877 5579 Buﬂinus,
1905 5519 1987 5579 qui
2013 5519 2061 5567 in

471 5578 673 5642 Epistula
695 5581 1041 5642 nuncupatoria
1063 5579 1094 5628 2
1117 5579 1225 5628 libri
1246 5578 1311 5628 ue
1335 5578 1754 5642 Benedictionibus
1777 5578 2062 5629 l’atriarcha-

470 5639 598 5699 rum,
632 5655 780 5704 quem
810 5639 1004 5705 circiter
1037 5642 1084 5690 id
1109 5649 1301 5704 tempus
1322 5641 1572 5705 scripsisse
1601 5639 1814 5705 videtur,
1841 5655 1935 5688 non
1961 5644 2062 5705 epi—

472 5701 698 5764 scopum,
735 5703 822 5752 sed
861 5708 1066 5766 iratrem
1091 5701 1246 5763 ipsum
1277 5701 1504 5766 appellat.
1529 5701 1766 5766 Deinceps
1797 5717 1917 5752 vero
1963 5701 2062 5766 epi-

470 5763 651 5827 scopus
671 5765 732 5814 ab
755 5767 1020 5827 Augustino
1041 5765 1215 5816 dicitur
1246 5763 1528 5826 in‘i-piswla
1553 5763 1670 5822 149,
1694 5763 1870 5827 scripta
1894 5763 2064 5815 versus

469 5823 689 5888 δηλῶ,
715 5823 848 5892 cliti
860 5823 945 5874 lib.
973 5829 994 5892 ξ
1023 5827 1088 5892 de
1109 5830 1306 5878 civitate
1329 5823 1434 5886 Dei,
1459 5840 1500 5874 c.
1530 5827 1606 5888 10,
1631 5827 1715 5876 ubi
1738 5823 1803 5876 de
1825 5840 1884 5877 re
1906 5830 2062 5892 agitur

471 5900 585 5952 qua
606 5887 734 5941 sntio
753 5887 847 5941 610
865 5889 1086 5952 contigit.
1594 5887 1597 5888 ⁷
1937 5887 1943 5916 έ

1936 6017 1968 6030 ,ο

1665 406 1720 463 S.
1761 398 2126 461 AUGUS'I‘INI
2168 402 2460 462 El’lSCOi’l

2155 533 2242 573 sas
2282 530 2334 574 ct
2377 523 2740 590 necessitates,
2795 533 2849 580 et
2902 533 3158 596 quantum
3200 527 3455 595 valemus,
3507 529 3750 590 devitarc

2155 625 2428 674 Conamur.
2462 626 2516 669 et
2542 625 2740 683 tamen,
2788 618 2972 672 nescio
3000 619 3290 687 quomodo,
3318 622 3478 677 credo
3507 637 3604 692 pro
3632 641 3746 679 me.

2154 705 2270 760 ritis
2301 709 2519 774 nostris,
2542 707 2731 764 deesse
2758 726 2862 764 non
2894 720 3116 781 possunt
3141 729 3154 765 :
3177 713 3271 767 sed
3298 728 3417 768 cum
3445 714 3509 768 ad
3537 731 3636 770 nos
3658 733 3752 770 vc-

2153 799 2325 866 uiunt,
2358 810 2412 855 et
2435 800 2615 856 vident
2641 817 2758 866 nos,
2787 801 2845 857 tit
2862 803 3005 874 quod
3025 804 3281 875 scriptum
3311 815 3413 873 est,
3448 806 3749 862 Secundum

2154 889 2528 946 multitudinem
2556 893 2790 947 dolorum
2825 910 3048 949 meorum
3077 896 3132 950 in
3164 897 3316 951 corde
3342 914 3472 961 meo,
3506 899 3750 953 exhorta-

2155 982 2313 1037 tiones
2352 993 2452 1038 tua:
2478 985 2886 1055 jucundauerunt
2927 987 3152 1041 animam
3189 1004 3354 1042 meam
3388 988 3557 1062 (Psal.
3595 1007 3746 1058 xcul,

2154 1073 2264 1144 19).
2299 1075 2528 1132 Proinde
2555 1077 2622 1131 ad
2652 1078 2806 1132 istam
2833 1079 3070 1133 laetitiam
3096 1095 3198 1150 qua
3225 1081 3496 1137 vobiscum
3524 1091 3607 1138 est
3633 1084 3749 1138 fra-

2153 1175 2237 1223 ter
2265 1168 2536 1225 Possidius
2556 1169 2652 1243 (a),
2684 1187 2806 1227 cum
2843 1187 2912 1228 ex
2949 1173 3064 1243 ipso
3088 1173 3362 1229 audieritis
3389 1191 3547 1246 quam
3577 1179 3751 1236 tristis

2153 1276 2274 1318 eum
2315 1277 2470 1317 causa
2507 1264 2843 1333 compulerit,
2872 1265 2974 1321 hoc
3013 1281 3098 1321 me
3125 1267 3404 1323 verissime
3441 1267 3621 1325 dicere
3651 1286 3748 1326 co-

2152 1356 2418 1426 gnoscetis
2434 1374 2447 1409 :
2463 1366 2517 1411 et
2530 1365 2703 1412 tamen
2721 1359 2762 1412 si
2777 1359 3056 1430 quisquam
3069 1369 3311 1416 nostrum
3326 1371 3541 1433 propter
3552 1363 3656 1420 hoc
3668 1380 3753 1420 so-

2153 1445 2260 1500 lum
2279 1446 2379 1502 iret
2395 1455 2542 1502 trans
2562 1463 2729 1517 mare,
2745 1457 2805 1504 ut
2815 1459 2989 1505 vestra
3011 1453 3293 1521 pmsentia
3311 1453 3598 1521 frueretur,
3617 1457 3751 1527 quid

2153 1533 2252 1591 hac
2269 1552 2426 1592 causa
2441 1537 2656 1609 justius,
2681 1540 2806 1610 quid
2837 1550 3017 1612 posset
3043 1542 3256 1613 dignius
3277 1545 3540 1601 inveniri?
3564 1545 3673 1602 Sed
3695 1547 3750 1603 id

2151 1630 2366 1686 vincula
2395 1643 2576 1687 nostra
2607 1649 2714 1688 non
2737 1633 2961 1702 ferrent,
2988 1634 3183 1706 quibus
3212 1637 3419 1709 religati
3449 1653 3635 1695 sumus
3663 1642 3750 1694 iu-

2153 1722 2427 1778 lirmorum
2456 1725 2656 1780 servire
2687 1726 3046 1796 languoribus,
3081 1743 3183 1783 nec
3201 1743 3296 1783 eos
3321 1732 3600 1800 praesentia
3621 1747 3751 1786 cor-

2151 1816 2321 1886 porali
2347 1817 2668 1887 relinquere,
2698 1819 2800 1874 nisi
2830 1833 2951 1873 cum
2975 1819 3076 1874 hoc
3103 1829 3301 1890 cogunt
3326 1829 3473 1876 tanta
3499 1823 3753 1891 imperio-

2152 1909 2284 1975 sius,
2312 1918 2510 1980 quanto
2536 1911 2882 1980 periculosius
2911 1913 3239 1981 tegrotando.
3277 1913 3461 1970 Utrum
3488 1931 3749 1972 exercea-

2153 2015 2273 2055 mur
2297 2000 2400 2066 his,
2437 2017 2506 2056 an
2541 2003 2716 2073 potius
2742 2003 3054 2072 plectamur,
3094 2007 3294 2074 nescio,
3343 2007 3442 2062 nisi
3470 2008 3610 2078 quod
3641 2024 3751 2064 non

2153 2091 2444 2147 secundum
2489 2102 2704 2162 peccata
2753 2104 2936 2150 nostra
2971 2095 3094 2150 facit
3137 2098 3310 2164 nobis,
3341 2114 3516 2170 neque
3555 2114 3755 2156 secun-

2153 2182 2279 2239 dum
2302 2185 2610 2256 iniquitates
2628 2195 2841 2244 nostras
2867 2189 3115 2244 retribuit
3142 2191 3297 2247 nobis
3321 2191 3490 2264 (Psal.
3519 2208 3613 2259 cu,
3633 2194 3748 2266 i0),

2153 2277 2242 2347 qui
2283 2285 2427 2332 tanta
2472 2279 2662 2334 solatia
2701 2279 2973 2336 doloribus
3017 2281 3225 2347 miscet,
3270 2285 3484 2355 agitque
3515 2284 3751 2340 mirabili

2153 2369 2438 2439 medicina,
2496 2388 2564 2427 ne
2607 2388 2849 2429 amemus
2896 2375 3186 2442 mundum,
3235 2391 3305 2432 ne
3346 2377 3657 2434 deﬁciamus
3692 2378 3750 2434 in

2155 2462 2372 2518 mundo.

2227 2554 2281 2608 2.
2321 2555 2556 2624 Quaasivi
2583 2557 2680 2613 abs
2707 2567 2760 2615 te
2787 2560 3054 2631 prioribus
3079 2561 3290 2627 litteris,
3325 2563 3622 2634 qualisnam
3652 2564 3751 2621 tibi

2155 2646 2396 2703 videatur
2416 2648 2591 2704 futura
2613 2661 2808 2706 mterna
2838 2653 2944 2708 vita
2971 2664 3312 2721 sanctorum;
3337 2656 3432 2712 sed
3459 2657 3595 2713 bene
3617 2658 3752 2714 mihi

2155 2741 2496 2810 respondisti,
2527 2743 2686 2799 etiam
2713 2745 2779 2800 de
2808 2749 3088 2816 praesentis
3112 2749 3234 2803 vitae
3264 2757 3405 2804 statu
3429 2749 3602 2805 adhuc
3629 2765 3754 2807 esse

2156 2833 2336 2902 utique
2354 2834 2739 2890 consulendum
2771 2855 2782 2890 :
2808 2837 2908 2892 nisi
2938 2839 3078 2909 quod
3103 2855 3190 2894 me
3209 2841 3488 2896 consulere
3509 2842 3747 2907 voluisti,

2157 2923 2296 2994 quod
2324 2932 2416 2978 aut
2451 2940 2660 2980 mecum
2701 2927 2897 2994 nescis,
2939 2938 3029 2983 aut
3057 2945 3266 2985 mecum
3297 2932 3422 2998 scis,
3454 2941 3547 2986 aut
3582 2932 3752 3003 magis

2155 3029 2315 3085 quam
2357 3031 2456 3085 ego
2483 3015 2700 3088 forsitan
2739 3019 2879 3084 scis;
2912 3021 3108 3090 quippe
3148 3023 3236 3092 qui
3283 3023 3442 3077 etiam
3472 3023 3753 3079 verissimo

2157 3104 2355 3162 dixeris
2383 3109 2738 3178 evangelicam
2763 3121 2989 3166 mortem
3013 3113 3158 3182 prius
3177 3113 3567 3182 emoriendum,
3588 3131 3752 3186 quam

2157 3201 2426 3257 carnalem
2469 3202 2846 3259 resolutionem
2893 3206 3192 3260 voluntario
3229 3207 3616 3276 praeveniamus
3656 3225 3754 3264 ex-

2156 3307 2334 3360 cessu,
2366 3308 2471 3347 non
2514 3294 2680 3360 obitu,
2718 3295 2811 3350 sed
2855 3297 3116 3351 sententia
3159 3297 3467 3353 recedentes
3500 3299 3570 3354 ab
3596 3301 3757 3371 hujus

2156 3383 2336 3438 smculi
2364 3385 2489 3438 vita.
2525 3384 2761 3455 Simplex
2795 3386 2910 3442 hate
2949 3388 3110 3452 actio,
3153 3397 3208 3443 et
3235 3389 3382 3444 nullo
3405 3389 3756 3448 dubitationis

2155 3484 2288 3530 testu
2315 3474 2552 3539 ﬂuctuat,
2581 3476 2720 3546 quod
2755 3479 2825 3532 ita
2857 3493 2954 3534 nos
2992 3479 3170 3536 vivere
3195 3491 3444 3551 oportere
3469 3497 3757 3539 censemus

2157 3567 2210 3621 in
2242 3567 2342 3623 hac
2371 3569 2477 3624 vita
2503 3570 2744 3636 mortali,
2780 3579 2838 3625 ut
2863 3571 2986 3626 vitae
3026 3573 3313 3628 immortali
3357 3575 3756 3644 quodammodo

2157 3671 2486 3732 coaptemur.
2515 3660 2710 3715 Verum
2737 3662 2911 3717 omnis
2931 3664 3175 3732 qumstio,
3207 3681 3325 3735 quae
3349 3675 3568 3735 agentes
3597 3685 3749 3738 qna:-

2157 3763 2442 3823 rentesque
2463 3755 2746 3808 conturbat
2767 3753 3030 3823 homines,
3054 3757 3227 3826 qualis
3247 3773 3347 3828 ego
3367 3774 3506 3826 sum,
3531 3760 3620 3814 illa
3643 3772 3750 3827 est,

2157 3861 2386 3916 quonam
2408 3846 2569 3900 modo
2597 3845 2877 3902 vivendum
2908 3849 2998 3913 sit,
3023 3849 3104 3902 vel
3129 3849 3268 3905 inter
3289 3865 3402 3915 eos,
3427 3852 3506 3906 vel
3535 3863 3757 3922 propter

2158 3951 2252 3990 eos
2279 3937 2367 4007 qui
2397 3936 2631 3991 nondum
2657 3937 2836 3993 vivere
2858 3939 3134 3994 moriendo
3160 3953 3443 4005 noverunt,
3476 3959 3581 3997 non
3603 3961 3757 3999 reso-

2158 4026 2360 4082 lutione
2384 4029 2644 4098 corporis,
2669 4028 2761 4084 sed
2783 4029 3010 4100 quodam
3038 4047 3096 4087 se
3121 4047 3152 4086 a
3175 4034 3542 4104 corporalibus
3571 4035 3757 4091 illece-

2159 4119 2270 4176 bris
2293 4130 2594 4177 avertentes
2612 4123 2808 4178 meutis
2839 4124 3052 4179 allectu.
3078 4125 3401 4198 Plerumque
3427 4129 3571 4182 enim
3600 4129 3755 4184 vide-

2160 4221 2248 4269 tur
2271 4215 2422 4268 nobis
2446 4215 2586 4286 quod
2625 4216 2728 4270 nisi
2766 4217 2846 4273 eis
2882 4217 3263 4286 aliquantulum
3303 4234 3659 4292 congruamus
3686 4222 3758 4278 ad

2159 4323 2223 4362 ea
2251 4308 2362 4377 ipsa
2388 4309 2529 4364 unde
2555 4309 2672 4364 illos
2705 4309 2914 4365 extrahi
2940 4311 3203 4380 cupimus,
3245 4312 3373 4367 nihil
3403 4327 3524 4368 cum
3555 4315 3633 4370 eis
3663 4330 3756 4370 sa-

2162 4399 2384 4454 lubriter
2421 4415 2578 4470 agere
2603 4401 2914 4469 poterimus.
2943 4401 3094 4469 Quod
3127 4418 3248 4457 cum
3290 4403 3534 4472 facimus,
3565 4406 3759 4462 talium

2160 4492 2442 4548 delectatio
2467 4493 2706 4563 subrepit
2731 4503 2786 4547 et
2814 4494 2983 4558 uoltis,
3011 4505 3068 4550 ut
3091 4510 3234 4566 saepe
3260 4498 3418 4553 etiam
3445 4499 3590 4569 loqui
3615 4514 3760 4556 vana

2161 4584 2408 4650 delectet,
2459 4599 2750 4655 auremque
2797 4587 3032 4655 praebere
3079 4587 3436 4658 loquentibus,
3480 4605 3579 4645 nec
3614 4592 3760 4646 arri-

2161 4674 2292 4730 dere
2313 4684 2534 4741 tantum,
2566 4679 2659 4730 sed
2687 4677 2847 4732 etiam
2879 4679 2988 4732 risu
3011 4679 3152 4733 vinci
3177 4695 3240 4734 ac
3270 4681 3401 4735 solvi
3429 4700 3442 4736 :
3475 4683 3542 4737 ita
3570 4684 3762 4752 pulve-

2162 4771 2270 4825 reis
2289 4770 2625 4840 quibusdam,
2643 4772 2727 4826 vel
2749 4772 2907 4827 etiam
2931 4772 3091 4828 luteis
3109 4773 3385 4829 atl'ectibus
3407 4785 3618 4832 nostras
3637 4777 3764 4834 ani-

2164 4877 2280 4916 mas
2325 4871 2693 4932 aggravantes,
2731 4863 3050 4919 laboriosius
3086 4873 3141 4919 et
3180 4865 3380 4936 pigrius
3413 4867 3652 4923 levamus
3691 4869 3763 4924 ad

2165 4954 2356 5019 Deum,
2379 4964 2436 5008 ut
2456 4955 2693 5009 vivamus
2713 4956 3072 5026 evangelicum
3091 4957 3274 5025 vitam,
3300 4960 3576 5016 moriendo
3597 4976 3766 5017 evan-

2162 5045 2382 5114 gelicatn
2422 5053 2665 5100 mortem.
2696 5045 2847 5113 Quod
2881 5047 2927 5100 si
2953 5047 3238 5118 aliquando
3265 5053 3605 5118 successerit,
3639 5063 3759 5106 sta-
3825 5083 3833 5106 .-

2167 5136 2260 5190 tim
2279 5135 2606 5204 subjicietur,
2625 5134 2793 5205 Euge,
2816 5137 2989 5207 Euge;
3009 5153 3116 5192 non
3132 5137 3200 5192 ab
3219 5138 3526 5196 hominibus
3547 5159 3560 5203 ;
3586 5159 3767 5214 neque
3826 5125 3836 5132 ’

2163 5230 2306 5285 enim
2345 5229 2621 5299 quisquam
2649 5230 2925 5285 hominum
2959 5232 3123 5287 sentit
3162 5233 3215 5287 in
3242 5233 3349 5288 alio
3379 5236 3537 5291 talem
3567 5249 3768 5294 tuentis

2165 5322 2525 5393 agnitionem;
2582 5323 2675 5378 sed
2728 5324 2781 5378 in
2822 5324 3053 5394 quodam
3109 5326 3251 5381 intus
3294 5328 3525 5396 silentio,
3580 5334 3768 5387 nescio

2229 5456 2301 5518 (a)
2325 5457 2565 5506 Possidius
2584 5457 2874 5523 Calamensis
2897 5461 3151 5523 episcOpus
3171 5469 3367 5512 acturus
3387 5475 3580 5513 causam
3602 5465 3768 5518 Eccle-

2166 5519 2254 5567 siae
2277 5531 2398 5589 suae,
2422 5533 2533 5589 quae
2559 5519 3189 5589 expilationem,incendia,
3203 5524 3376 5589 caedes
3397 5539 3631 5589 perpessa
3657 5538 3770 5580 erat

2167 5581 2820 5650 a_paganis_Calamensibus,
2844 5581 2917 5633 uti
2937 5585 3114 5650 docent
3137 5581 3357 5650 epistolae
3373 5581 3429 5636 9'1
3459 5581 3510 5639 e't
3534 5589 3649 5650 104,
3678 5604 3767 5641 na-

2169 5643 2348 5707 vigavit.
2370 5643 2429 5692 ad
2452 5651 2813 5707 Imperatorem,
2833 5660 2895 5694 ex
2915 5647 3087 5695 eadem
3112 5643 3254 5707 epist.
3279 5649 3380 5707 104,
3407 5652 3501 5698 sub
3522 5643 3672 5700 ﬁnem
3691 5655 3770 5703 vi-

2169 5659 2348 5702 VlgaVIl.
2370 5659 2429 5692 au
2452 5659 2516 5692 Im
2535 5659 2813 5706 ieratorem,
2833 5660 2895 5694 ex
2915 5659 3087 5695 eadem
3112 5661 3141 5695 e
3165 5659 3254 5696 tlSl.
3279 5659 3380 5707 104,
3407 5659 3501 5698 Stll)
3522 5659 3672 5700 tinem
3691 5659 3768 5703 Vi-

2167 5659 3505 5790 921.“??E.35“}‘sloilflﬁ‘i3'31?339F993bi9lil~l$l§5$
3514 5713 3768 5790 suam);

2169 5779 2261 5836 seu
2287 5768 2420 5836 initio
2441 5769 2550 5836 too,
2567 5768 2954 5836 ῳςιίιάςκιυίᾳφω
2972 5772 3014 5818 is
3025 5771 3174 5836 dubio
3190 5768 3590 5836 procut'pertator
3611 5768 3769 5828 nterii

2173 5828 2560 5900 epistoltehujus
2579 5828 2660 5900 91‘},
2684 5832 2744 5880 ad
2763 5828 3006 5900 Paulinum
3028 5828 3220 5900 scriptae
3239 5828 3544 5900 carthagine,
3561 5850 3675 5890 ann
3697 5838 3771 5898 ibi

2229 5847 2392 5878 tlSlUl'J:
2415 5847 2560 5892 auius
2579 5847 2660 5888 Ui),
2684 5847 2744 5880 au
2763 5847 3006 5882 Paulinum
3028 5847 3122 5880 SCI'I
3157 5847 3220 5883 ιω
3239 5847 3256 5883 (

2229 5899 2418 5943 emeret
2439 5894 2746 5958 Augustinus,
2764 5895 2904 5956 juxta
2927 5895 3070 5956 epist.
3095 5847 3200 5946 1E1.
3253 5909 3256 5912 '
