4090 6356
304 486 319 497 κ
328 449 440 508 353

335 572 477 629 unde
512 570 793 634 clamatur,
838 563 1007 634 Euge,
1047 559 1213 630 Euge.
1254 555 1476 625 Propter
1496 550 1601 607 hoc
1624 564 1787 622 genus
1816 556 1932 603 ten-

334 664 553 721 tationis
587 663 657 718 ab
683 658 877 731 angelo
915 653 1305 724 colaphizatum
1344 663 1403 704 se
1433 652 1608 701 tantus
1647 640 1931 713 Apostolus

334 758 627 814 conﬁtetur
656 754 723 828 (Il
747 751 865 809 Cor.
894 764 991 816 xu,
1016 744 1095 817 7).
1122 745 1263 800 Ecce
1284 740 1426 797 unde
1448 740 1556 794 vita
1582 737 1811 792 humana
1838 748 1931 789 su-

340 869 431 921 per
460 860 659 906 terram
686 857 795 905 tota
816 841 1036 901 tentatio
1064 846 1180 903 est;
1204 833 1417 907 quando
1442 841 1495 887 et
1525 830 1595 886 ibi
1622 830 1788 883 homo
1814 835 1933 881 ten-

342 917 500 1011 ὲςιιυιυ,
547 944 636 1000 ubi
673 950 929 1014 quantum
966 942 1142 1007 potest
1168 931 1292 985 vita:
1329 925 1564 984 omlestis
1603 917 1933 978 similitudini

330 1044 639 1106 coaptatur.

366 1186 369 1187 ν
406 1102 463 1183 ὅί
504 1128 642 1197 Quid
669 1126 841 1183 dicam
867 1122 934 1179 de
962 1115 1305 1181 vindicando,
1335 1111 1418 1169 vel
1445 1125 1555 1167 non
1575 1102 1935 1164 vindicando?

328 1219 770 1291 quandoquidem
798 1218 900 1271 hoc
929 1223 1097 1270 totum
1124 1210 1189 1265 ad
1217 1222 1403 1264 eorum
1428 1204 1651 1259 salutem
1674 1199 1935 1272 proﬁcere

330 1315 610 1379 volumus,
639 1313 690 1366 in
719 1325 853 1380 quos
887 1303 1266 1363 vindicandum
1304 1307 1394 1355 aut
1429 1314 1534 1353 non
1560 1293 1937 1350 vindicandum

336 1422 464 1462 esse
501 1406 841 1460 arbitramur.
891 1400 1021 1469 Quis
1058 1398 1220 1454 etiam
1270 1396 1338 1449 sit
1377 1390 1676 1447 vindicandi
1723 1386 1935 1450 modus,

334 1514 449 1553 non
476 1497 647 1553 solum
675 1510 773 1567 pro
797 1493 1056 1565 qualitate
1083 1488 1167 1544 vel
1189 1485 1482 1557 quantitate
1510 1481 1807 1551 culparum,
1837 1492 1934 1533 ve-

336 1606 463 1646 rum
503 1590 664 1644 etiam
709 1600 806 1657 pro
845 1580 1163 1654 quibusdam
1206 1576 1410 1632 viribus
1456 1573 1775 1637 animorum,
1814 1567 1941 1639 quid

339 1685 573 1756 quisque
599 1680 838 1743 sufferat,
866 1676 994 1748 quid
1016 1680 1245 1736 recuset,
1269 1684 1339 1725 ne
1356 1682 1464 1723 non
1493 1665 1662 1723 solum
1690 1680 1797 1717 non
1813 1676 1941 1732 pro-

338 1754 507 1838 ficiat.
538 1772 634 1831 sed
655 1773 816 1828 etiam
840 1767 1073 1834 deﬁciat,
1101 1778 1262 1835 quam
1293 1757 1612 1833 profundum
1632 1764 1687 1812 et
1708 1754 1943 1809 latebro-

340 1883 462 1924 sum
487 1866 597 1922 estl
627 1862 1022 1934 impendentem
1051 1870 1262 1927 quoque
1290 1851 1577 1907 vindictam
1620 1852 1938 1926 metuentes,

341 1976 467 2033 quae
515 1959 584 2015 ab
624 1956 932 2014 hominibus
981 1951 1255 2015 metuitur,
1305 1946 1485 2002 nescio
1537 1952 1713 1997 utrum
1758 1938 1944 2010 plures

340 2055 571 2112 correcti
613 2062 757 2119 sunt,
787 2064 946 2121 quam
980 2047 1037 2103 in
1064 2043 1298 2100 deterius
1337 2040 1602 2095 abierunt.
1634 2033 1792 2101 Quid,
1822 2047 1944 2087 cum

341 2165 489 2219 saepe
523 2146 748 2209 accidat,
785 2154 846 2198 ut
884 2141 931 2196 si
971 2142 1021 2195 in
1058 2148 1378 2209 quemquam
1416 2128 1791 2195 vindicaveris,
1832 2126 1945 2209 ipse

342 2203 563 2315 pereat;
609 2239 655 2295 si
698 2203 924 2293 inultum
966 2203 1269 2301 reliqueris,
1308 2227 1445 2282 alter
1477 2221 1693 2295 pereat?
1735 2203 1944 2289 Ego'in

344 2309 433 2389 liis
460 2330 696 2403 quotidie
724 2340 946 2399 peccare
986 2338 1072 2379 me
1112 2319 1303 2385 fateor,
1349 2325 1404 2372 et
1438 2316 1682 2386 ignorare
1710 2309 1943 2382 quando,

344 2402 522 2497 quove
544 2421 702 2477 modo
723 2417 1018 2476 custodiam
1050 2412 1102 2469 id
1127 2411 1268 2482 quod
1295 2409 1552 2479 scriptum
1578 2414 1680 2473 est,
1718 2402 1949 2457 Peccan-

348 2528 422 2573 tes
460 2533 636 2571 coram
675 2512 905 2569 omnibus
934 2524 1116 2580 argue,
1158 2512 1212 2558 ut
1251 2502 1418 2558 cceteri
1462 2502 1689 2554 timorem
1736 2494 1950 2549 habeant

350 2612 396 2685 (l
422 2612 560 2667 Tim.
586 2627 639 2676 v,
656 2607 748 2680 20)
772 2625 786 2673 ;
808 2615 862 2662 et
883 2602 1025 2675 quod
1049 2599 1301 2668 scriptum
1323 2605 1427 2663 est,
1451 2593 1658 2663 Corripe
1682 2606 1794 2645 eum
1818 2589 1950 2643 inter

354 2679 408 2759 te
447 2713 494 2758 et
523 2703 690 2773 ipsum
732 2679 897 2754 solum
942 2691 1153 2767 (Matth.
1196 2685 1505 2759 xvm,15);
1546 2695 1598 2740 et
1627 2681 1769 2754 quod
1818 2679 1952 2735 scri-

349 2808 501 2869 ptum
529 2803 633 2861 est,
665 2792 837 2847 Nolite
874 2797 991 2843 ante
1016 2798 1210 2857 tempus
1231 2783 1487 2856 judicare,
1523 2787 1580 2832 ut
1617 2792 1718 2830 non
1747 2773 1950 2846 judice-

350 2868 477 2943 im'ni
507 2887 551 2960 (ι
579 2884 701 2942 Cor.
725 2898 800 2951 iv,
833 2879 914 2953 5),
946 2893 1119 2949 neque
1147 2876 1290 2932 enim
1321 2873 1406 2927 hic
1429 2868 1632 2925 addidit
1656 2874 1780 2921 ante
1809 2872 1951 2919 tem-

355 2998 488 3055 pus;
520 2956 594 3037 et
633 2976 775 3049 quod
820 2975 1074 3044 scriptum
1121 2978 1226 3037 est,
1274 2965 1355 3021 Tu
1381 2964 1492 3036 quis
1530 2978 1600 3026 es,
1634 2959 1720 3030 qui
1748 2956 1954 3029 judicas

363 3049 592 3129 alienum
618 3068 851 3126 seruum?
878 3066 986 3122 Suo
1013 3062 1219 3119 domino
1243 3068 1344 3115 stat
1367 3064 1455 3111 aut
1481 3053 1614 3108 cadit
1642 3066 1661 3105 :
1682 3049 1833 3106 stabit
1861 3064 1958 3101 au-

360 3178 496 3235 tem;
520 3174 696 3239 potens
722 3172 793 3219 est
813 3161 945 3215 enint
970 3157 1108 3213 Deus
1129 3163 1349 3212 statuere
1360 3149 1507 3205 illum
1531 3145 1705 3218 (Rom.
1730 3155 1848 3207 xrv,
1866 3140 1953 3211 4);

356 3259 503 3316 unde
531 3258 813 3314 conﬁrmat
853 3253 919 3327 de
948 3252 1033 3307 liis
1072 3265 1132 3306 se
1157 3248 1358 3313 dicere,
1399 3242 1488 3313 qui
1531 3242 1672 3295 intus
1713 3244 1876 3291 sunt:
1903 3241 1959 3289 et

357 3370 549 3412 rursus
576 3369 671 3411 eos
692 3351 916 3423 iudicari
937 3348 1106 3420 jubet,
1152 3360 1275 3401 cum
1309 3340 1458 3405 dicit,
1501 3336 1636 3405 Quid
1666 3336 1799 3390 enim
1834 3331 1959 3386 mihi

359 3448 428 3502 de
454 3447 553 3513 his,
580 3446 666 3517 qui
697 3446 821 3517 foris
846 3451 963 3497 sunt
976 3437 1251 3513 judicare?
1273 3434 1460 3490 Nonne
1488 3430 1552 3486 de
1580 3430 1678 3495 his,
1708 3429 1793 3501 qui
1821 3430 1960 3480 intus

362 3548 517 3606 sunt,
566 3553 655 3592 vos
698 3534 981 3607 judicatis?
1039 3530 1247 3607 Auferte
1307 3525 1502 3580 malum
1547 3538 1611 3577 ea:
1654 3520 1789 3575 vobis
1836 3517 1961 3587 ipsis

364 3628 413 3704 (ι
448 3602 567 3684 σόν.
602 3644 660 3696 v,
692 3602 781 3694 i2,
811 3624 925 3697 is).
952 3620 1104 3690 Quod
1133 3602 1255 3675 cum
1285 3618 1443 3673 etiam
1483 3611 1784 3669 faciendum
1808 3609 1960 3665 vide-

364 3702 474 3787 tur,
506 3729 767 3792 quatenus
804 3717 914 3784 ﬁat,
958 3721 1170 3786 quanta:
1205 3725 1348 3767 cura:
1391 3724 1455 3764 ac
1496 3703 1704 3761 timoris
1736 3702 1857 3757 est?
1896 3716 1963 3757 ne

366 3816 506 3869 forte
543 3813 820 3882 contingat
856 3808 999 3881 quod
1038 3806 1106 3862 de
1146 3806 1238 3861 illo
1282 3804 1398 3874 ipso
1432 3799 1743 3870 intelligitur
1785 3797 1838 3851 in
1880 3810 1969 3851 se-

366 3913 544 3970 cunda
587 3911 653 3967 ad
690 3909 909 3966 eosdem
955 3904 1190 3976 Epistola
1229 3900 1523 3958 cavendum
1566 3895 1873 3959 admonere,
1906 3908 1970 3947 ne

367 4007 567 4078 majore
587 4003 791 4058 tristitia
809 3997 1133 4055 absorbeatur
1150 3995 1237 4067 qui
1264 3991 1513 4064 ejusmodi
1530 3998 1620 4044 est.
1648 3988 1712 4043 Et
1732 4002 1801 4042 ne
1822 3986 1968 4055 quis-

370 4075 530 4171 quam
554 4097 657 4152 hoc
685 4110 790 4151 non
816 4092 1041 4149 multum
1081 4086 1375 4143 curandum
1406 4090 1635 4154 putaret,
1660 4079 1732 4134 ibi
1769 4079 1864 4144 ait,
1899 4075 1967 4131 Ut

370 4207 476 4245 non
505 4189 852 4261 possideamur
874 4200 907 4239 a
929 4192 1107 4238 satana
1133 4195 1152 4233 :
1175 4195 1277 4233 non
1304 4177 1435 4231 enim
1464 4175 1754 4244 ignoramus
1784 4176 1969 4223 mentes

371 4284 484 4354 ejus
513 4279 580 4354 (ll
610 4279 727 4335 Cor.
767 4294 825 4346 ιι,
854 4278 909 4344 7,
940 4274 1054 4346 ll).
1084 4270 1215 4340 Quis
1245 4270 1297 4324 in
1334 4268 1417 4321 his
1461 4263 1709 4319 omnibus
1745 4270 1966 4326 tremor,

371 4377 447 4432 mi
474 4376 716 4441 Pauline,
760 4381 946 4427 sancte
968 4370 1129 4424 homo
1161 4364 1289 4419 Dei!
1333 4361 1452 4432 quis
1494 4367 1719 4424 tremor,
1742 4368 1862 4424 quae
1892 4361 1971 4408 te-

371 4469 554 4527 nebrte
576 4470 588 4522 !
621 4467 807 4523 Nonne
833 4472 1080 4535 putamus
1108 4460 1177 4515 de
1197 4457 1282 4512 his
1304 4469 1425 4510 esse
1461 4452 1658 4508 dictum
1685 4467 1696 4503 :
1728 4446 1900 4501 Timor
1922 4454 1971 4500 et

373 4573 561 4617 tremor
588 4567 825 4615 venerunt
852 4571 1009 4626 supra
1046 4569 1146 4617 me,
1185 4557 1231 4605 et
1258 4553 1586 4603 contexerant
1614 4558 1692 4595 me
1726 4537 1970 4603 tenebrat;

374 4665 424 4710 et
448 4656 576 4721 dixi,
609 4649 891 4719 Quis-dabit
913 4647 1036 4701 milii
1058 4660 1246 4716 pennas
1271 4641 1399 4696 sicut
1423 4635 1688 4701 columbw,
1717 4643 1764 4687 et
1792 4629 1970 4685 volabo

375 4756 425 4801 et
459 4742 803 4816 requiescam?
841 4739 972 4794 Ecce
1000 4735 1228 4807 elongavi
1261 4732 1480 4803 fugiens,
1521 4737 1569 4781 et
1599 4724 1764 4779 mansi
1804 4724 1855 4775 in
1885 4720 1973 4775 de-

373 4849 528 4894 serto.
552 4838 937 4894 Verumtamen
966 4833 1128 4888 etiam
1155 4830 1208 4883 in
1235 4827 1453 4883 deserto
1472 4822 1591 4893 ipso
1618 4818 1859 4874 fortassis
1875 4831 1971 4870 ex-

374 4940 564 5001 pertus
608 4929 678 4984 sit
718 4926 861 4998 quod
902 4923 1139 4995 adiungit
1169 4939 1183 4976 :
1212 4914 1583 4989 Exspectabam
1623 4928 1737 4966 eum
1774 4910 1858 4981 qui
1895 4923 1973 4961 me

376 5025 575 5078 salvum
595 5027 781 5095 faceret
800 5037 832 5075 a
859 5016 1276 5092 pusillanimitate
1292 5022 1339 5066 et
1362 5016 1650 5081 tempestate
1669 5003 1839 5078 (Psal.
1859 5017 1969 5065 Liv,

294 5105 307 5111 “
377 5116 519 5190 6-9).
550 5116 756 5186 Nempe
781 5129 908 5185 ergo
933 5110 1151 5168 tentatio
1176 5115 1261 5164 est
1284 5106 1391 5160 vita
1417 5103 1647 5158 humana
1674 5111 1835 5168 super
1870 5105 1976 5150 ter-

378 5226 495 5265 ram
526 5208 668 5282 (Job.
694 5225 789 5273 vn,
822 5207 896 5278 l).

454 5304 507 5357 ι.
542 5299 707 5369 .Quid,
750 5298 865 5369 ipsa
910 5295 1086 5351 divina
1118 5290 1325 5359 eloquia
1367 5300 1545 5343 nonne
1580 5281 1858 5353 palpantur
1884 5293 1976 5349 po-

383 5396 488 5449 tius
518 5408 677 5463 quain
701 5398 992 5445 tractantur
1018 5402 1046 5440 a
1079 5384 1251 5448 nobis,
1283 5381 1407 5436 dum
1442 5381 1494 5433 in
1533 5376 1705 5431 multo
1735 5371 1978 5444 pluribus

386 5487 675 5556 qumrimus
696 5486 871 5555 potius
897 5481 1024 5553 quid
1046 5475 1379 5535 sentiendum
1407 5473 1493 5539 sit,
1521 5485 1679 5541 quam
1701 5467 1976 5523 deﬁnitum

386 5578 583 5649 aliquid
621 5577 888 5647 ﬁxumque
917 5569 1214 5629 sentimus?
1239 5569 1305 5623 Et
1329 5581 1393 5620 ea
1421 5564 1597 5619 cautio
1630 5578 1750 5615 cum
1781 5557 1976 5612 sollici-

288 5706 291 5707 ν
388 5672 590 5726 tudinis
621 5670 773 5741 plena
806 5670 894 5734 sit,
940 5665 1107 5719 multo
1138 5661 1323 5716 melior
1352 5666 1434 5711 est
1472 5664 1671 5720 tamen,
1710 5666 1867 5722 quam
1901 5659 1979 5705 te-

389 5766 606 5821 meritas
643 5762 960 5819 afﬁrmandi.
989 5759 1177 5816 Nonne
1216 5759 1269 5811 in
1307 5753 1508 5817 multis,
1556 5750 1601 5805 si
1646 5764 1749 5802 non
1792 5760 1981 5801 secun-

394 5855 515 5913 dum
552 5871 769 5913 carnem
810 5854 970 5908 homo
1012 5850 1201 5921 sapiat,
1239 5860 1396 5917 quam
1441 5850 1667 5898 mortem
1696 5837 1823 5893 dicit
1864 5850 1985 5891 esse

390 5948 705 6021 Apostolus,
739 5961 932 6012 magno
970 5940 1222 6003 seandalo
1252 5938 1355 5995 erit
1382 5936 1429 5993 ei
1460 5934 1548 6003 qui
1589 5930 1764 5988 adhuc
1800 5942 1994 5985 secun-

1530 420 2320 487 EPISTOLARUMCLASSIS
2348 419 2409 478 ll.

3520 415 3624 476 854

2036 547 2162 602 dum
2202 561 2419 602 carnem
2464 543 2601 615 sapit
2636 542 2810 617 (Rom.
2847 553 2959 606 vm,
2990 537 3045 606 5,
3080 536 3179 611 6)?
3222 537 3309 594 ubi
3353 545 3406 593 et
3444 535 3622 593 dicere

2038 639 2163 710 quid
2189 639 2386 694 sentias
2413 636 2944 707 periculosissimum,
2979 640 3032 688 et
3051 646 3156 687 non
3185 631 3363 685 dicere
3388 630 3592 684 laborio

2038 731 2327 800 sissimum,
2365 739 2419 786 et
2453 730 2593 784 aliud
2623 745 2779 800 quam
2817 726 2984 784 sentis
3012 724 3190 780 dicere
3234 721 3607 793 perniciosissi-

2038 838 2183 877 mum
2211 832 2313 878 est.
2338 822 2508 890 Quid?
2533 837 2653 876 cum
2680 836 2743 876 ea
2770 834 2889 891 quae
2927 832 3034 873 non
3059 814 3415 887 approbamus
3454 814 3505 866 in
3532 826 3607 868 eo-
3690 872 3697 886 ι

2039 932 2180 982 rum,
2209 917 2299 986 qui
2339 916 2482 969 intus
2517 922 2658 980 sunt,
2697 927 2947 968 sermone
2974 910 3059 965 vel
3089 908 3321 979 scriptis,
3355 914 3608 977 putantes
3683 929 3692 971 g-

2039 1025 2143 1079 que
2194 1008 2245 1063 id
2277 1007 2342 1063 ad
2385 1007 2632 1062 fraterna:
2682 1004 2958 1062 cliaritatis
2996 1003 3291 1058 libertatem
3336 999 3623 1070 pertinere,

2037 1100 2292 1171 judicium
2321 1110 2561 1154 nostrum
2587 1113 2694 1152 non
2724 1097 3073 1162 occultamus,
3113 1104 3167 1148 et
3204 1093 3305 1147 hoc
3331 1106 3433 1145 non
3461 1091 3611 1144 bene.

2040 1192 2291 1258 volentia,
2333 1191 2426 1246 sed
2464 1189 2657 1245 invidia
2690 1188 2864 1243 facere
2898 1186 3187 1250 credimur,
3218 1192 3470 1255 quantum
3500 1195 3607 1251 pec-

2043 1295 2193 1341 catur
2231 1287 2281 1339 in
2325 1285 2450 1338 nos!
2499 1292 2553 1338 et
2593 1296 2713 1337 cum
2759 1278 3001 1335 similiter
3034 1292 3128 1332 eos
3151 1276 3241 1345 qui
3271 1284 3477 1329 nostras
3507 1287 3603 1326 sen

2045 1378 2237 1432 tentias
2270 1372 2688 1445 reprehendunt,
2720 1371 2915 1426 laedere
2945 1370 3119 1439 potius
3160 1366 3299 1422 velle
3327 1380 3483 1435 quam
3510 1378 3630 1417 cor-

2043 1469 2217 1539 rigere
2243 1468 2597 1536 suspicamur,
2626 1471 2882 1535 quantum
2905 1473 3184 1530 peccamus
3208 1458 3258 1511 in
3287 1456 3417 1511 alios
3439 1456 3450 1508 !
3471 1452 3630 1508 Certe

2044 1558 2171 1614 hinc
2204 1558 2437 1613 existunt
2470 1556 2763 1612 inimicitiae
2800 1554 3111 1624 plerumque
3146 1551 3303 1605 etiam
3334 1550 3472 1603 inter
3498 1528 3627 1601 chao

2045 1651 2283 1705 rissimas
2332 1647 2875 1716 familiarissimasque
2918 1657 3208 1714 personas,
3262 1640 3417 1706 dum,
3469 1651 3632 1711 supra

2045 1759 2206 1815 quam
2238 1743 2491 1812 scriptum
2521 1749 2623 1806 est,
2651 1753 2789 1793 unus
2812 1752 2907 1807 pro
2942 1736 3112 1790 altero
3136 1732 3348 1787 inﬂatur
3374 1729 3633 1784 adversus

2046 1837 2269 1891 alterum
2298 1832 2339 1907 (Ι
2370 1831 2486 1888 Cor.
2520 1846 2597 1896 ιν,
2631 1828 2709 1901 6),
2739 1837 2793 1884 et
2826 1828 2953 1883 dum
2990 1824 3235 1881 mordent
3263 1832 3313 1877 et
3348 1819 3635 1877 comedunt

2049 1929 2296 1995 invicem,
2343 1924 2634 1981 timendum
2664 1930 2747 1978 est
2784 1937 2852 1976 ne
2892 1929 3273 1974 consumantur
3305 1914 3371 1969 ab
3409 1913 3635 1967 invicem

2053 2020 2193 2094 (Gal.
2217 2035 2271 2085 v,
2302 2017 2415 2089 15).
2453 2016 2575 2083 Quis
2602 2029 2732 2085 ergo
2757 2013 2895 2066 dabit
2924 2011 3046 2064 mihi
3067 2024 3256 2081 pennas
3285 2007 3412 2059 sicut
3437 2004 3633 2057 colunt-

2050 2119 2145 2179 bw,
2167 2124 2212 2168 et
2237 2111 2433 2175 volabo,
2463 2118 2509 2164 et
2545 2107 2852 2178 requiescam
2875 2102 3048 2174 (Psal.
3080 2115 3184 2167 Liv,
3214 2096 3311 2168 7)?
3339 2096 3458 2152 Sive
3492 2094 3636 2149 enim

2050 2207 2170 2278 quia
2211 2203 2459 2275 pericula,
2507 2201 2558 2255 in
2603 2199 2791 2270 quibus
2832 2196 3057 2266 quisque
3087 2198 3348 2254 versatur,
3394 2187 3637 2258 graviora

2052 2305 2175 2353 sunt
2202 2310 2361 2367 quam
2393 2294 2687 2361 inexperta,
2728 2288 2840 2343 sive
2868 2286 2989 2357 quia
3013 2298 3196 2339 revera
3225 2282 3293 2335 ita
3320 2286 3421 2345 est,
3450 2275 3637 2347 qumli-

2052 2388 2140 2443 bet
2183 2385 2591 2457 pusillanimitas
2621 2387 3014 2449 tempestasque
3054 2373 3250 2429 deserti
3300 2370 3475 2426 minus
3509 2366 3640 2422 mihi

2052 2445 2261 2533 videtur
2287 2475 2533 2539 molesta,
2568 2445 2809 2544 quam—ea
2839 2445 2955 2539 quae
2983 2467 3068 2521 vel
3099 2464 3344 2536 patimur,
3374 2460 3454 2516 vel
3482 2445 3641 2515 time-

2052 2584 2173 2624 mus
2198 2568 2252 2622 in
2282 2565 2470 2621 turbis.

2125 2663 2178 2717 5.
2221 2660 2451 2717 Proinde
2490 2658 2713 2714 multum
2750 2653 2988 2725 approbo
3029 2647 3344 2705 sententiam
3387 2654 3549 2710 tuam,
3576 2638 3645 2697 de

2055 2756 2213 2827 hujus
2233 2755 2355 2809 vita:
2384 2763 2522 2807 statu
2548 2765 2668 2805 esse
2688 2747 2973 2819 agendum,
2996 2743 3079 2798 vel
3105 2741 3279 2813 potius
3306 2752 3462 2792 cursu
3483 2748 3645 2805 quam

2055 2818 2216 2907 statu.
2250 2849 2403 2904 Addo
2430 2845 2595 2912 aliud,
2622 2845 2743 2914 quia
2774 2841 2919 2912 prius
2951 2832 3054 2892 hec
3074 2832 3451 2906 requirendum
3486 2818 3647 2898 atque

2057 2941 2348 2999 tenendum
2375 2948 2476 3006 est,
2500 2953 2656 3009 quam
2684 2934 2837 3003 illud,
2865 2931 3022 3003 quale
3043 2931 3273 2984 futurum
3302 2926 3388 2988 sit,
3421 2938 3525 2993 quo
3546 2921 3647 2976 iste

2058 3034 2165 3090 fert
2192 3047 2400 3089 cursus.
2433 3030 2560 3085 Inde
2586 3044 2713 3099 ergo
2741 3023 3060 3095 interrogavi
3089 3019 3213 3091 quid
3245 3017 3463 3079 sentias,
3494 3012 3648 3085 quasi

2060 3127 2219 3198 hujus
2246 3126 2367 3179 vita:
2395 3132 2536 3179 recta
2564 3121 2745 3191 regula
2774 3124 2978 3173 retenta
3008 3123 3164 3184 atque
3193 3118 3400 3166 servata
3421 3108 3530 3178 jam
3558 3121 3647 3161 se-

2059 3220 2174 3275 curi
2215 3220 2402 3282 simus,
2441 3231 2562 3271 cum
2606 3214 2657 3268 in
2690 3223 2797 3267 tam
2844 3208 3043 3273 multis,
3092 3206 3425 3272 maximeque
3469 3200 3521 3254 in
3564 3196 3649 3254 liis

2061 3328 2180 3383 quae
2219 3309 2470 3373 breviter,
2517 3314 2575 3361 ut
2612 3304 2777 3375 potui,
2821 3296 3257 3362 commemoravi,
3307 3290 3651 3364 periculosis-

2063 3405 2197 3459 sime
2225 3401 2467 3457 laborare
2487 3414 2572 3453 me
2598 3397 2847 3452 sentiam.
2876 3392 2983 3448 Sed
3013 3390 3134 3461 quia
3163 3387 3335 3443 omnis
3366 3384 3479 3439 haec
3499 3383 3652 3453 igno-

2063 3497 2234 3551 rantia
2264 3503 2317 3548 et
2342 3491 2624 3547 difﬁcultas
2667 3487 2791 3542 hinc
2829 3485 2957 3540 mihi
2989 3482 3198 3538 videtur
3230 3480 3478 3545 existere,
3510 3472 3652 3547 quod

2066 3588 2118 3642 in
2154 3602 2343 3657 magna
2374 3584 2627 3639 varietate
2666 3596 2896 3644 morum,
2925 3586 2980 3632 et
3021 3576 3316 3630 animarum
3349 3568 3651 3625 occultissi-

2067 3694 2181 3733 mas
2222 3678 2519 3732 voluntates
2572 3682 2730 3744 atque
2780 3671 3113 3725 inﬁrmitates
3157 3664 3484 3728 habentium,
3538 3654 3654 3717 rem

2069 3772 2248 3843 populi
2268 3769 2522 3841 gerimus,
2557 3781 2661 3821 non
2695 3764 2892 3820 terreni
2920 3772 3077 3832 atque
3103 3757 3349 3823 Romani,
3376 3754 3471 3811 sed
3498 3746 3655 3809 Jero-

2069 3861 2372 3934 solymitani
2400 3858 2654 3922 cmlestis,
2702 3856 2869 3926 magis
2908 3869 2995 3909 me
3031 3851 3184 3907 libuit
3210 3848 3351 3920 loqui
3384 3856 3555 3902 tecum
3588 3858 3657 3900 ex

2070 3958 2161 4013 illo
2184 3955 2324 4027 quod
2357 3955 2579 4020 erimus,
2610 3967 2768 4023 quam
2805 3966 2869 4005 ex
2897 3949 2999 4003 isto
3019 3946 3161 4017 quod
3185 3960 3386 4000 sumus.
3415 3942 3489 3997 lbi
3514 3939 3660 3997 enim

2070 4050 2169 4108 etsi
2209 4049 2476 4105 nescimus
2508 4062 2626 4117 qua:
2661 4045 2801 4099 bona
2838 4042 3014 4096 futura
3054 4046 3198 4105 sunt,
3241 4052 3348 4091 non
3387 4044 3563 4089 tamen
3591 4030 3660 4088 de

2070 4160 2231 4217 parva
2260 4160 2320 4198 re
2340 4142 2471 4198 certi
2493 4154 2699 4205 sumus,
2725 4136 2865 4207 quod
2891 4135 2989 4188 ista
3011 4132 3149 4186 mala
3176 4129 3247 4185 ibi
3275 4145 3379 4183 non
3410 4136 3584 4182 erunt.

2144 4238 2196 4292 6.
2220 4235 2297 4289 De
2320 4232 2522 4303 agenda
2548 4245 2674 4299 ergo
2694 4229 2793 4283 ista
2821 4223 3099 4294 temporali
3124 4222 3250 4289 vita,
3275 4235 3340 4275 eo
3359 4218 3538 4284 modo,
3564 4232 3662 4288 per

2073 4342 2234 4398 quem
2257 4322 2572 4381 veniendum
2602 4330 2684 4376 est
2712 4318 2780 4374 ad
2810 4330 3087 4382 mternam,
3121 4312 3244 4368 novi
3275 4309 3659 4379 concupiscen-

2077 4421 2177 4475 tias
2197 4416 2438 4473 carnales
2462 4428 2583 4469 esse
2603 4408 2886 4467 frenandas
2909 4424 2923 4473 ;
2955 4414 3262 4473 tantumque
3284 4397 3662 4456 remittendum

2075 4514 2129 4569 in
2158 4510 2543 4567 delectationes
2572 4518 2823 4561 sensuum
2854 4498 3226 4570 corporalium,
3258 4504 3513 4566 quantum
3543 4506 3663 4548 sus-

2078 4604 2344 4662 tentanda:
2386 4596 2689 4670 liujusmodi
2724 4593 3049 4666 agendusque
3085 4591 3206 4644 vita:
3245 4588 3372 4643 satis
3412 4593 3514 4653 est,
3547 4599 3662 4638 om-

2076 4714 2278 4769 nesque
2304 4694 2576 4751 molestias
2606 4688 2945 4761 temporales,
2975 4700 3071 4756 pro
3106 4683 3326 4738 veritate
3354 4680 3468 4744 Dei,
3504 4688 3557 4733 et
3583 4692 3667 4732 sa-

2078 4796 2188 4850 lute
2232 4802 2431 4848 aeterna
2473 4796 2654 4843 nostra
2698 4794 2750 4839 et
2781 4781 3028 4855 proximi,
3071 4779 3329 4850 patienter
3354 4773 3668 4840 fortiterque

2079 4888 2402 4946 tolerandas.
2434 4884 2567 4939 Novi
2596 4882 2755 4937 etiam
2787 4878 3026 4951 proximo
3054 4875 3121 4932 ad
3152 4873 3253 4929 hoc
3280 4865 3666 4927 consulendum

2079 4982 2223 5038 omni
2254 4977 2439 5049 studio
2481 4973 2777 5040 cliaritatis,
2828 4980 2886 5026 ut
2931 4970 3085 5025 istam
3127 4968 3287 5020 vitam
3334 4969 3478 5033 recte
3520 4966 3669 5029 gerat

2080 5083 2297 5146 propter
2325 5080 2599 5127 aeternam.
2625 5062 2987 5137 Praeponenda
3009 5062 3166 5117 etiam
3199 5057 3351 5112 nobis
3373 5049 3670 5123 spiritualia

2080 5168 2399 5234 carnalibus,
2435 5159 2884 5220 incommutabilia
2915 5154 3276 5217 mutabilibus,
3307 5164 3339 5205 e
3399 5146 3515 5201 haec
3555 5158 3672 5198 om-

2080 5266 2168 5320 nia
2196 5272 2342 5318 tanto
2363 5260 2529 5333 magis
2557 5258 2799 5313 minusve
2818 5266 2976 5326 posse
3002 5249 3296 5310 hominem,
3326 5252 3523 5314 quanto
3552 5254 3668 5293 ma-

2082 5359 2164 5430 gis
2208 5328 2476 5411 minusvev
2492 5352 2772 5423 adjuvatur
2811 5347 2977 5418 gratia
3014 5341 3129 5407 Dei,
3176 5354 3270 5409 per
3296 5336 3476 5392 Jesum
3513 5328 3672 5386 Chri-

2086 5460 2225 5506 stum
2255 5448 2536 5505 Dominum
2569 5452 2831 5499 nostrum.
2862 5438 2968 5494 Cur
3002 5443 3180 5489 autem
3210 5430 3300 5485 ille
3338 5428 3434 5492 sic,
3467 5421 3553 5479 ille
3580 5438 3674 5476 au-

2085 5553 2193 5599 tem
2246 5543 2326 5597 sic
2368 5541 2679 5611 adjuvetur,
2724 5532 2808 5589 vel
2857 5546 2964 5586 non
3010 5526 3313 5597 adjuvetur,
3365 5517 3546 5575 nescio
3578 5533 3590 5568 :
3619 5512 3674 5567 id

2091 5648 2266 5692 tamen
2288 5637 2453 5691 Deum
2475 5647 2679 5687 summa
2702 5628 2909 5698 sibique
2930 5632 3051 5679 nota
3079 5619 3325 5690 aequitate
3343 5614 3520 5668 facere
3541 5607 3671 5664 scio.

2091 5734 2313 5802 Propter
2343 5730 2431 5785 illa
2461 5744 2590 5784 vero
2627 5742 2743 5798 quae
2771 5736 2930 5794 supra
2955 5709 3390 5776 commemoravi,
3420 5696 3677 5777 quemad-

2093 5826 2309 5882 modum
2336 5822 2620 5879 vivendum
2646 5820 2855 5874 sitcum
2884 5810 3207 5874 hominibus,
3239 5805 3284 5859 si
3311 5799 3435 5873 quid
3461 5794 3553 5852 tibi
3587 5806 3680 5846 ex-

2093 5921 2357 5992 ploratum
2388 5917 2574 5987 liquet,
2612 5913 2776 5969 edoce
2812 5924 2916 5975 me,
2947 5905 3193 5963 obsecro.
3221 5898 3311 5954 Sin
3340 5902 3395 5951 et
3433 5898 3483 5945 te
3513 5887 3584 5941 ita
3621 5891 3679 5973 ut
