4032 6334
468 533 556 580 me
579 525 804 579 movent
825 519 954 589 ista,
975 517 1165 577 confer
1187 527 1250 575 ea
1282 530 1404 575 eum
1433 515 1612 588 aliquo
1634 526 1914 572 mansueto
1939 531 2060 572 cor-

467 615 550 673 dis
587 614 813 682 medico,
852 613 968 669 sive
997 613 1103 668 illic
1138 612 1408 669 inveneris
1431 610 1522 666 abi
1549 609 1762 681 desitis,
1789 609 1901 664 sive
1937 623 2059 664 cum

467 709 693 765 Romam
725 717 841 764 toto
865 706 1230 762 anniversario
1259 706 1499 776 pergitis,
1531 712 1586 760 et
1612 703 1752 774 quod
1787 717 1881 773 per
1909 702 2058 756 illum

468 801 562 858 tibi
604 801 929 877 loquentem,
981 813 1080 856 seu
1125 797 1277 854 vobis
1332 796 1756 867 eolioquentibus
1805 795 2060 850 Dominus

465 897 755 966 aperuerit,
786 895 959 950 scribe
985 893 1135 948 mihi.

401 989 429 1090 ἢ
537 989 588 1042 7.
631 987 706 1044 De
724 987 1116 1044 resurrectione
1141 993 1316 1041 autem
1338 997 1646 1056 corporum,
1673 983 2058 1039 membrorum-

462 1091 566 1150 que
594 1079 648 1134 in
678 1079 767 1134 illa
796 1078 1197 1148 incorruptione
1225 1085 1386 1144 atque
1424 1077 1829 1132 immortalitate
1869 1073 2058 1130 futuris

462 1171 673 1238 officiis,
715 1171 964 1240 quoniam
999 1169 1230 1224 vicissim
1270 1181 1356 1224 me
1392 1168 1730 1238 interrogasti
1768 1167 1898 1238 quid
1935 1181 2059 1222 sen-

460 1265 613 1330 tiam,
638 1263 760 1318 aud’I
786 1263 1020 1319 breviter
1043 1261 1208 1333 quod,
1241 1262 1290 1318 si
1317 1278 1420 1317 non
1453 1263 1582 1315 satis
1612 1262 1732 1325 erit,
1762 1259 1977 1329 poterit,
2011 1258 2056 1313 si

460 1353 714 1412 Dominus
758 1355 1040 1426 adiuverit,
1085 1355 1240 1409 latius
1269 1353 1553 1425 disputari.
1603 1352 1934 1408 Firmissime
1976 1362 2055 1408 te-

459 1447 694 1504 nendum
727 1456 825 1512 est,
871 1447 1013 1502 unde
1059 1445 1348 1516 Scriptura:
1393 1454 1592 1499 sancta:
1635 1458 1794 1498 verax
1835 1453 1886 1498 ct
1915 1443 2054 1497 clara

459 1540 722 1597 sententia
747 1551 849 1604 est,
876 1539 1108 1595 visibilis
1133 1541 1232 1594 ista
1257 1553 1480 1608 corpora
1509 1547 1672 1608 atque
1701 1546 1909 1592 terrena
1935 1551 2054 1604 quae

457 1641 601 1688 nunc
626 1633 872 1688 animalia
904 1631 1176 1698 dicuntur,
1203 1630 1495 1702 spiritualia
1527 1630 1698 1684 futura
1725 1629 1775 1683 in
1807 1641 2049 1684 resurre-

461 1725 642 1781 ctione
667 1723 901 1778 iidclium
929 1733 1090 1793 atque
1113 1723 1398 1794 iustorum.
1429 1722 1596 1776 Porro
1615 1721 1906 1791 spiritualis
1930 1734 2052 1776 cor-

458 1817 607 1887 poris
658 1817 886 1887 qualitas
930 1816 1204 1886 inexperla
1250 1815 1424 1882 nobis,
1470 1814 1920 1884 quemadmodum
1967 1812 2051 1867 vel

457 1907 861 1979 comprehendi,
893 1908 978 1963 vel
1015 1907 1270 1962 insinuari
1310 1910 1495 1977 possit,
1529 1908 1735 1976 ignoro.
1771 1906 2052 1976 Correptio

458 2001 532 2058 ibi
562 2011 710 2057 certe
737 2002 876 2057 nulla
903 2001 1025 2067 erit,
1057 2015 1118 2056 ac
1148 2015 1246 2072 per
1276 2001 1376 2056 hoc
1405 2015 1504 2056 nec
1538 2001 1642 2056 isto
1667 2017 1774 2072 quo
1800 2015 1942 2054 nunc
1967 2001 2050 2054 in-

457 2092 640 2165 digent
664 2094 999 2166 corruptibili
1028 2095 1168 2161 cibo,
1200 2103 1327 2150 tunc
1358 2093 1706 2164 indigebunt;
1745 2107 1844 2148 nec
1874 2102 2050 2149 tamen

458 2197 583 2243 eum
629 2199 821 2256 capere
869 2200 971 2240 non
1021 2195 1294 2256 poterunt,
1335 2185 1702 2256 veraciterque
1739 2199 2052 2241 consumere

455 2287 741 2350 potestate,
767 2293 872 2333 non
899 2279 1234 2348 necessitate.
1260 2277 1505 2348 Alioquin
1530 2293 1628 2332 nec
1655 2278 1909 2333 Dominus
1929 2292 2050 2333 eum

455 2375 578 2446 post
615 2373 1060 2430 resurrectionem
1088 2372 1404 2443 accepisset,
1433 2372 1524 2442 qui
1553 2371 1706 2427 nobis
1732 2373 1800 2425 ita
1828 2371 2052 2441 prmbuit

453 2467 752 2538 corporalis
789 2465 1200 2522 resurrectionis
1235 2466 1557 2536 exemplum,
1584 2476 1641 2519 ut
1671 2466 1792 2519 hinc
1817 2466 2050 2535 Aposto-

456 2559 538 2617 lus
562 2559 704 2615 dicat
729 2578 742 2614 :
769 2559 828 2614 Si
856 2559 1038 2612 mortui
1073 2575 1174 2613 non
1201 2568 1488 2628 resurgunt,
1528 2572 1684 2629 neque
1715 2554 1946 2613 Christus
1973 2573 2054 2612 re-

454 2651 676 2704 surrexit
725 2646 924 2722 (iCor.
953 2663 1043 2712 xv,
1085 2645 1193 2721 i6).
1223 2649 1321 2718 Qui
1356 2664 1478 2704 cum
1511 2648 1764 2704 membris
1804 2649 2051 2704 omnibus

454 2745 764 2814 appareret,
796 2757 1087 2812 eorumque
1110 2739 1298 2796 ofliciis
1329 2749 1583 2807 uteretur,
1617 2741 1735 2796 loca
1755 2741 1914 2797 etiam
1939 2742 2051 2795 vul-

454 2845 642 2892 nerum
672 2834 1077 2890 demonstravit.
1124 2834 1266 2900 Quas
1303 2847 1404 2904 ego
1443 2833 1741 2898 cicatrices,
1788 2847 1894 2886 non
1937 2833 2048 2902 ipsa

455 2927 672 2983 Vulnera
715 2939 929 2996 semper
966 2924 1168 2996 accepi,
1211 2936 1266 2980 et
1306 2941 1400 2981 eas
1445 2926 1584 3002 ipsas
1621 2932 1899 2995 potestate,
1943 2938 2046 2978 non

455 3020 794 3077 necessitate.
833 3019 992 3090 Cujus
1024 3020 1300 3090 potestatis
1329 3020 1632 3074 facilitatem
1667 3030 1790 3075 tunc
1817 3020 2049 3074 maxime

452 3113 701 3179 Ostendit,
735 3127 854 3167 cum
883 3111 968 3168 vel
998 3113 1051 3166 in
1088 3112 1190 3166 alia
1230 3110 1401 3167 forma
1442 3125 1500 3167 se
1528 3112 1933 3179 demonstravit,
1967 3113 2046 3168 vel

451 3204 505 3263 in
528 3207 688 3262 domo
705 3205 980 3276 discipulis
1001 3204 1319 3271 constitutis,
1344 3217 1463 3260 cum
1490 3206 1624 3261 ostia
1646 3207 1821 3261 clausa
1843 3214 2044 3271 essent,

451 3313 610 3354 verus
639 3298 880 3371 apparuit
905 3295 1054 3372 (Luc.
1085 3313 1234 3368 xxiv,
1260 3299 1445 3365 lii-43,
1470 3308 1516 3354 et
1535 3295 1691 3354 Joan.
1718 3313 1813 3367 xx,
1834 3299 2042 3369 lli-29,

448 3400 498 3446 et
527 3389 694 3444 Marc.
726 3406 836 3457 xvr,
871 3390 960 3456 12,
993 3389 1100 3461 14).

522 3481 575 3538 8.
617 3482 752 3538 Hinc
781 3483 952 3538 oritur
980 3482 1046 3538 de
1065 3482 1285 3554 Angelis
1310 3485 1556 3556 quaestio,
1600 3492 1775 3540 utrum
1809 3484 2043 3541 habeant

454 3589 673 3647 corpora
700 3576 808 3632 suis
852 3573 1044 3632 officiis
1090 3587 1145 3633 et
1171 3577 1664 3634 concursationibus
1691 3593 1944 3649 congrua,
1976 3595 2044 3634 an

456 3669 819 3725 Antunnnodo
844 3670 1064 3741 spiritus
1090 3671 1227 3724 sint?
1257 3671 1301 3724 si
1332 3671 1474 3725 cnim
1508 3671 1703 3726 habere
1729 3671 2040 3738 dixerimus,

451 3761 684 3816 occurrit
704 3760 858 3824 nobis
889 3780 902 3816 :
935 3759 1036 3828 Qui
1081 3762 1202 3833 facit
1224 3761 1447 3834 Angelos
1473 3780 1591 3818 suos
1614 3764 1820 3835 spiritus
1852 3761 2021 3836 (Psal.

450 3865 560 3923 ent,
591 3853 668 3928 4).
712 3855 766 3912 Si
793 3863 968 3910 autem
1001 3869 1107 3909 non
1161 3853 1360 3912 habere
1385 3855 1695 3924 dixerimus,
1728 3859 1846 3927 plus
1885 3856 2046 3914 habet

450 3946 708 4017 scrupuli,
741 3944 1010 4017 quomodo
1040 3945 1298 4017 scriptum
1331 3948 1398 4002 sit
1434 3961 1526 4002 eos
1553 3948 1825 4018 corporeis
1868 3949 2042 4004 homi-

454 4051 578 4095 num
604 4040 848 4094 sensibus
874 4038 989 4095 sine
1014 4051 1242 4109 corpore
1260 4047 1626 4110 przcsentatos,
1653 4041 1887 4112 hospitio
1918 4058 2038 4097 sus-

449 4142 653 4202 ceptos,
673 4131 836 4202 pedes
865 4133 943 4188 eis
974 4131 1110 4186 lotos
1130 4173 1145 4199 ,
1168 4130 1449 4188 edentibus
1475 4140 1530 4188 et
1545 4133 1861 4190 'bibcntibus
1887 4135 2043 4190 mini-

449 4229 673 4280 Strattnn
709 4222 862 4296 (Gen.
888 4239 1044 4292 XVIII,
1073 4226 1191 4293 2-9,
1241 4237 1288 4282 et
1313 4242 1426 4295 nx,
1454 4225 1592 4300 i-5).
1627 4226 1856 4284 Facilius
1897 4231 2040 4286 enim

451 4317 618 4372 videri
637 4326 809 4387 potest
833 4318 912 4373 sic
936 4333 1052 4374 esse
1070 4319 1289 4388 spiritus
1311 4320 1539 4391 Angelos
1565 4320 1754 4388 dictos,
1787 4334 1844 4377 ut
1872 4321 2043 4378 homi-

453 4424 552 4465 nes
573 4411 802 4476 animas,
827 4410 965 4464 sicut
989 4411 1244 4480 scriptum
1275 4421 1353 4466 est
1370 4427 1489 4466 cum
1506 4411 1670 4468 Jacob
1688 4415 1737 4468 in
1755 4413 2040 4488 zEgyptum

453 4507 534 4554 tot
562 4499 768 4554 animas
794 4499 1136 4556 descendisse
1183 4500 1332 4571 (Gen.
1361 4518 1508 4568 XLVI,
1551 4503 1643 4576 27)
1673 4504 1867 4577 [neque
1897 4508 2037 4562 enim

450 4605 677 4662 corpora
706 4607 810 4646 non
842 4591 1151 4666 habebant],
1184 4608 1339 4663 quam
1371 4604 1427 4648 ut
1458 4594 1543 4648 illa
1569 4598 1744 4650 omnia
1775 4599 1889 4653 sine
1915 4613 2038 4654 cor-

449 4682 670 4760 poribus
687 4692 833 4756 gesta
856 4683 1163 4739 credantur.
1180 4683 1378 4741 Deinde
1399 4697 1541 4742 certa
1566 4688 1805 4758 quredam
1833 4689 1884 4744 in
1898 4691 2041 4759 Apo-

453 4777 656 4851 calypsi
685 4776 873 4846 Angeli
899 4784 1100 4833 statura
1128 4777 1378 4834 definitur
1402 4778 1584 4851 (Apoc.
1613 4781 1693 4847 λ),
1722 4779 1773 4836 in
1801 4798 1860 4837 ca
1885 4796 2038 4838 Incu-

449 4883 572 4926 sura
617 4886 738 4941 qua:
774 4870 876 4925 nisi
926 4883 1213 4942 corporum
1240 4885 1360 4927 esse
1408 4888 1512 4927 non
1544 4875 1755 4944 possit,
1803 4887 1859 4932 ut
1897 4880 2038 4949 quod

449 4959 759 5019 hominibus
785 4963 1110 5034 apparuerit,
1131 4977 1235 5018 non
1266 4963 1332 5019 ad
1354 4963 1659 5034 falsitatem,
1680 4968 1772 5024 scd
1803 4970 1870 5024 ad
1896 4971 2037 5028 illam

447 5063 764 5128 potestatem
786 5069 849 5112 ac
867 5052 1172 5111 facilitatem
1203 5053 1556 5126 spiritualium
1584 5073 1869 5131 corporum
1895 5064 2036 5122 refe-

447 5157 614 5202 ratur.
633 5147 738 5206 Sed
752 5149 869 5204 sive
892 5149 1121 5204 habeant
1139 5149 1326 5221 Angcli
1357 5163 1604 5223 corpora,
1625 5155 1737 5212 sive
1757 5157 2035 5229 quisquam

448 5242 614 5312 possit
629 5241 912 5300 ostendere
937 5242 1381 5313 quemadmodum
1406 5260 1633 5317 corpora
1653 5265 1757 5304 non
1782 5251 2037 5308 habentes

447 5343 636 5404 gerere
663 5333 752 5390 illa
793 5333 972 5389 omnis
1018 5335 1309 5407 potuerint,
1361 5338 1414 5392 in
1461 5338 1554 5394 illa
1596 5349 1772 5396 tamen
1823 5343 2037 5400 civitate

448 5434 770 5493 sanctorum,
795 5425 886 5482 ubi
915 5426 1076 5482 etiam
1109 5441 1202 5498 per
1228 5427 1500 5487 Christum
1531 5431 1845 5505 redemptis
1869 5449 2035 5505 gene-

449 5516 662 5574 ratione
686 5516 804 5585 hac,
832 5517 886 5573 in
913 5523 1171 5576 internum
1201 5519 1586 5592 coniungentur
1609 5525 1840 5580 millibus
1859 5527 2038 5600 Ange-

453 5603 653 5676 lorum,
686 5621 843 5666 voces
883 5613 1190 5683 corporales
1217 5627 1324 5669 non
1352 5613 1581 5670 latentes
1608 5617 1815 5674 animos
1838 5621 2038 5680 indica-

444 5695 613 5771 bunt;
641 5702 768 5775 quia
817 5704 870 5759 in
899 5705 985 5761 illa
1032 5707 1288 5764 societate
1315 5707 1492 5763 divina
1535 5708 1668 5765 nihil
1704 5713 2036 5784 cogitationis

446 5800 701 5866 proximo
728 5797 924 5869 poterit
949 5799 1227 5869 occultari,
1259 5799 1354 5857 sed
1378 5801 1482 5858 erit
1509 5815 1811 5864 consonans
1859 5808 1912 5865 in
1939 5810 2035 5869 Dei

453 5883 615 5948 laude
633 5890 938 5962 concordia,
958 5907 1063 5950 non
1089 5893 1263 5952 solum
1286 5893 1498 5967 spiritu,
1526 5909 1712 5956 verum
1736 5900 1895 5960 etiam
1919 5906 2032 5979 spi-

1703 393 1760 459 S.
1803 395 2176 460 AUGUSTI!“
2211 398 2520 461 EPiSEOH

2167 517 2350 573 rituali
2373 533 2598 590 corpore
2623 533 2879 592 expressa
2905 537 2924 577 θ
2952 517 3054 580 ια
3081 521 3218 584 liii
3237 522 3470 588 VM.

2237 611 2290 666 ο.
2310 612 2590 669 interitusi
2605 614 2736 685 Qud
2747 616 3128 687 congruentius
3137 618 3440 680 veriutivel
3455 619 3755 693 imbutos,

2165 704 2250 759 vel
2273 719 2304 758 a
2333 704 2648 762 doctoribus
2684 706 2870 763 salire
2891 710 3147 778 potueris,
3169 724 3271 779 per
3289 718 3342 768 te
3361 723 3522 772 nosse
3547 712 3755 772 studio-

2162 797 2384 854 sinsine
2405 811 2677 870 exspecto.
2708 798 2954 857 rimae
2973 816 3103 859 sane
3125 803 3404 874 epistola
3436 819 3614 864 meum
3649 806 3754 877 (a),

2162 889 2248 944 cui
2275 892 2530 961 quoniam
2558 891 2992 952 festiumissime
3013 904 3064 952 te
3091 895 3432 967 respondisse
3451 899 3521 954 de
3543 898 3758 956 diaconi

2163 981 2505 1040 festinatione
2532 997 2780 1042 causatus
2810 1005 2889 1056 es,
2914 989 3034 1045 ideo
3055 1005 3164 1057 non
3191 1005 3512 1061 conqueror,
3534 992 3629 1050 sed
3659 1009 3762 1064 po-

2163 1077 2270 1132 tius
2295 1091 2694 1146 commemro,
2724 1093 2782 1135 ut
2827 1082 2973 1152 Quod
2999 1091 3124 1138 tunc
3159 1084 3416 1140 ostrinum
3457 1093 3570 1152 est,
3614 1102 3760 1142 nunc

2165 1168 2436 1224 reddatur.
2465 1170 2534 1225 Et
2549 1170 2618 1226 de
2637 1173 2748 1227 otio
2761 1173 2955 1243 quippe
2967 1172 3335 1230 christianoad
3360 1176 3760 1246 percipiendam

2161 1259 2248 1314 vel
2298 1261 2666 1318 disserendum
2707 1265 3052 1320 christianum
3099 1266 3414 1336 sapientiam
3455 1266 3583 1338 quid
3631 1283 3762 1328 Sen-

2162 1353 2300 1415 ties,
2349 1363 2401 1407 et
2441 1354 2514 1409 de
2539 1356 2651 1411 otio
2677 1356 2816 1425 quod
2847 1357 3100 1426 putabam
3127 1367 3237 1426 tuo,
3286 1358 3438 1428 cuius
3479 1359 3608 1414 mihi
3658 1376 3760 1417 oc-

2159 1445 2470 1514 cupationes
2499 1448 2838 1504 incredibiles
2865 1450 3121 1507 nuntiata:
3147 1460 3291 1520 sunt,
3321 1453 3611 1523 requireet
3633 1454 3760 1512 vide

2163 1539 2286 1608 quid
2315 1555 2345 1594 a
2374 1549 2424 1594 te
2451 1541 2590 1596 seire
2630 1542 2953 1613 qmicrim.
2984 1541 3090 1611 (Et
3115 1545 3226 1600 alia
3247 1544 3468 1617 quat.)
3490 1544 3757 1605 luentes

2167 1632 2355 1698 nostri,
2401 1632 2588 1690 felices
2608 1634 2788 1700 vivite,
2815 1651 3009 1708 ungue
3030 1635 3224 1707 Μ
3254 1645 3310 1696 0t
3351 1637 3544 1698 solatia
3571 1646 3756 1700 Nn

2163 1724 2340 1780 sueti
2361 1724 2474 1781 Dei.

2603 1797 2935 1854 EPISTOLA
2974 1798 3137 1855 XCVI
3161 1803 3180 1823 ο
3223 1798 3324 1872 (b).

2156 1882 2469 1958 Augustinus
2517 1885 2776 1960 Olympio,
2819 1905 2966 1960 quem
2995 1891 3223 1950 audierat
3266 1900 3554 1960 provectum
3579 1907 3758 1948 recens

2229 1977 2298 2032 ad
2345 1994 2526 2034 nouam
2578 1981 2874 2052 dignitatem
2925 1980 3135 2055 (scilicet
3176 1981 3414 2056 Magistri
3451 1983 3754 2055 oﬂiciorum,

2227 2069 2366 2139 quod
2395 2071 2493 2142 ipsi
2535 2089 2721 2134 manus
2749 2084 2858 2143 post
2886 2074 3184 2130 Stiliclionis
3211 2092 3378 2138 necem
3398 2093 3485 2130 an.
3514 2075 3620 2131 408
3643 2075 3760 2130 ωι-

2228 2162 2387 2216 latum
2417 2163 2569 2234 fuit),
2615 2167 2934 2222 commendat
2982 2165 3206 2238 impense
3244 2184 3451 2222 causam
3495 2155 3757 2238 Bonifacii

2229 2251 2555 2325 Cataquensis
2621 2256 2846 2328 spiswpi
2870 2298 2888 2323 ,
2941 2273 3093 2328 super
3159 2259 3470 2329 possessione
3531 2257 3756 2332 quadarn

2226 2345 2472 2408 Ecclesia:
2489 2347 2552 2402 ab
2578 2348 2738 2420 ipsius
2758 2351 3123 2420 predecessore
3143 2367 3244 2406 non
3269 2352 3379 2406 sine
3401 2351 3584 2424 fraude
3609 2368 3756 2406 com-

2227 2445 2424 2507 parata.

2155 2527 2382 2590 Domino
2410 2529 2776 2600 dilectissimo,
2805 2540 2862 2589 et
2888 2533 2942 2588 in
2958 2531 3158 2589 Christi
3183 2533 3436 2590 membris
3465 2532 3756 2592 honorabi-

2287 2621 2410 2678 liter
2436 2623 2807 2693 amplectendo
2834 2625 2943 2684 lilio
2970 2625 3231 2694 Ouurto,
3257 2627 3613 2682 Auensruws.

2227 2737 2280 2793 ι.
2320 2739 2590 2809 Quidquid
2635 2742 2712 2796 eis
2740 2744 3036 2802 secundum
3073 2746 3257 2803 δίκαιιὶ
3301 2745 3460 2816 huius
3491 2762 3748 2817 cum,

2153 2844 2252 2885 nos
2283 2841 2460 2886 tamen
2480 2831 2804 2889 charissimo.
2821 2844 2878 2890 et
2897 2836 3260 2893 sincerissimo
3286 2852 3552 2899 cottsorvo
3563 2849 3754 2898 nostro

2151 2920 2400 2992 Olympio
2424 2923 2718 2982 christiano
2743 2924 3002 2983 ﬁdissime
3030 2927 3333 2988 scribimus.
3357 2928 3471 2992 Hoc
3489 2930 3636 2992 00in)
3655 2930 3754 2988 tibi

2151 3030 2273 3072 esse
2301 3017 2502 3072 scimus
2520 3020 2666 3074 omni
2675 3020 2844 3090 gloria
2867 3021 3170 3091 gloriosius.
3184 3031 3238 3078 et
3260 3025 3408 3084 ouili
3421 3022 3753 3084 sublimitate

2149 3108 2450 3164 sublimius.
2488 3109 2654 3168 Fama
2679 3112 2876 3184 quippe
2917 3113 2988 3170 ad
3020 3127 3118 3170 nos
3148 3114 3382 3185 pertulit,
3409 3114 3674 3180 honorem
3697 3125 3754 3172 te

2129 3202 2400 3272 adeptum
2427 3218 2550 3259 esse
2573 3205 2888 3272 celsiorem;
2925 3223 3046 3277 qua:
3071 3216 3245 3264 utrum
3267 3223 3393 3266 veru
3416 3219 3582 3274 esset,
3608 3224 3753 3266 non-

2149 3291 2276 3349 dum
2299 3294 2440 3364 apud
2464 3311 2561 3351 nos
2591 3295 2762 3352 fuerat
2785 3298 3181 3367 conﬁrmatum,
3200 3314 3324 3362 cum
3344 3301 3459 3358 haec

2149 3386 2394 3456 provenit
2421 3387 2655 3442 occasio.
2686 3387 2794 3447 Sed
2820 3390 3072 3458 quoniam
3102 3391 3349 3446 novimus
3377 3400 3430 3447 te
3458 3407 3490 3446 a
3522 3391 3751 3456 Domino

2148 3477 2400 3534 didicisse
2422 3494 2530 3532 non
2558 3478 2664 3536 alta
2703 3494 2913 3548 sapore,
2942 3481 3038 3544 sed
3082 3480 3374 3538 humilibus
3395 3483 3710 3548 consentire
3728 3524 3743 3549 ,

2147 3569 2385 3640 quolibet
2411 3569 2646 3626 culmine
2697 3579 2978 3642 provectus
3013 3588 3202 3640 esses,
3241 3588 3350 3628 uou
3392 3573 3549 3630 aliter
3583 3590 3748 3645 quam

2147 3663 2290 3718 soles
2317 3663 2522 3720 litteras
2545 3673 3185 3735 mstrasteaccepturum
3210 3668 3746 3738 essepmstunimns,

2146 3751 2365 3810 domine
2384 3753 2759 3822 dilectissin‘ie,
2783 3763 2838 3812 et
2863 3756 2920 3811 in
2943 3757 3143 3814 Christi
3169 3758 3430 3816 membris
3455 3758 3748 3817 honorabi-

2146 3845 2268 3904 liter
2312 3847 2686 3916 amplectende
2724 3849 2817 3909 iiii.
2849 3849 3155 3921 Temporaii
3199 3867 3326 3908 vero
3372 3850 3629 3910 felicitate
3676 3854 3749 3914 ad

2145 3949 2350 3997 eterna
2373 3941 2523 4003 lucra
2547 3951 2602 3998 te
2627 3941 2916 4012 prudenter
2937 3959 3157 4006 usurum
3174 3945 3396 4008 minime
3416 3945 3746 4014 dubitamus,

2146 4041 2204 4092 ut
2239 4041 2437 4104 quanto
2468 4033 2590 4105 plus
2621 4044 2770 4104 potes
2796 4035 2850 4090 in
2880 4035 2982 4098 hac
3026 4045 3237 4094 terrena
3279 4038 3571 4112 republica,
3598 4048 3748 4094 tanto

2145 4125 2266 4196 plus
2291 4126 2572 4196 impendas
2596 4127 2800 4184 cmlesti
2823 4128 2921 4196 illi,
2946 4144 3066 4199 quae
3091 4130 3220 4186 tein
3258 4129 3471 4186 Christo
3511 4132 3740 4202 peperit,

2144 4220 2366 4287 civitati,
2395 4220 2540 4291 quod
2584 4221 2677 4276 tibi
2720 4221 2934 4282 uberius
2961 4223 3284 4293 rependatur
3315 4225 3368 4279 in
3395 4226 3617 4295 regione
3660 4225 3742 4281 vi-

2145 4314 2402 4379 ventium,
2431 4315 2562 4371 etin
2583 4329 2712 4374 vera
2734 4331 2868 4386 pace
2890 4329 3204 4378 secat-orum
3235 4331 3300 4382 ac
3324 4315 3442 4374 sine
3473 4318 3582 4378 lino
3622 4333 3740 4374 ma-

2144 4405 2386 4462 nentium
2415 4405 2756 4477 gaudiorum.

2213 4495 2268 4552 2.
2309 4496 2493 4554 Sancti
2521 4499 2704 4558 fratris
2715 4509 2769 4557 et
2787 4499 3092 4571 coepiscopi
3121 4500 3228 4556 mei
3250 4499 3502 4558 Banil'acii
3521 4501 3739 4572 petitio-

2144 4603 2268 4644 nem
2299 4598 2401 4646 tuaa
2429 4607 2618 4647 rursus
2646 4592 2892 4656 charitati
2929 4592 3254 4657 commendo
3273 4633 3290 4661 ,
3319 4609 3388 4651 ne
3416 4593 3558 4652 forte
3598 4609 3741 4651 nunc

2143 4679 2258 4736 lieri
2285 4683 2452 4750 possit
2486 4683 2629 4753 quod
2656 4693 2782 4748 ante
2814 4699 2924 4746 non
2962 4685 3153 4756 potuit.
3203 4685 3336 4741 Cum
3379 4686 3521 4742 enim
3558 4696 3740 4758 posset

2141 4772 2262 4830 sine
2303 4773 2411 4832 ulla
2459 4773 2684 4834 forsitan
2731 4778 3028 4848 quaestione
3069 4777 3212 4850 quod
3255 4793 3553 4850 praecessor
3597 4779 3738 4851 ejus,

2142 4867 2386 4937 quamvis
2411 4869 2512 4925 sub
2538 4869 2715 4929 alieno
2743 4873 2976 4937 nomine,
2997 4882 3490 4942 comparaverat,et
3509 4874 3610 4930 sub
3636 4874 3739 4932 Ec-

2141 4958 2317 5016 clesiae
2351 4960 2570 5016 nomine
2602 4961 2878 5031 possidere
2909 4962 3022 5034 iam
3058 4974 3314 5035 ceperat,
3345 4977 3740 5039 consequenter

2140 5055 2302 5110 etiam
2333 5054 2449 5123 ipso
2492 5055 2758 5122 retinere;
2804 5056 3051 5116 nolumus
3082 5067 3294 5126 tamen,
3342 5059 3597 5130 quoniam
3622 5061 3738 5117 fisci

2139 5144 2350 5200 debitor
2375 5144 2473 5200 fuit
2494 5186 2510 5212 ,
2545 5145 2684 5200 hunc
2717 5148 3021 5217 scrupulum
3066 5147 3264 5212 habere
3305 5151 3360 5206 in
3387 5151 3735 5207 conscientia.

2139 5235 2325 5308 Neque
2357 5239 2500 5293 enim
2540 5236 2690 5296 fraus
2731 5239 2829 5298 ista
2853 5281 2869 5307 ,
2905 5241 3028 5313 quia
3069 5242 3197 5298 liueo
3228 5241 3417 5311 erlnt,
3465 5243 3588 5300 ideo
3629 5261 3738 5300 non

2141 5326 2320 5386 ﬁebat.
2369 5329 2435 5386 Et
2475 5329 2568 5386 ille
2615 5331 2829 5402 quidem
2876 5332 3100 5398 Paulus,
3141 5344 3421 5403 postquam
3450 5336 3738 5406 episcopus

2140 5419 2312 5477 laetus
2331 5429 2436 5485 est,
2466 5424 2867 5481 renuntiaturus
2909 5426 3021 5480 suis
3046 5425 3296 5481 omnibus
3323 5425 3483 5484 rebus
3517 5438 3738 5498 propter

2140 5513 2460 5572 immensum
2482 5518 2755 5576 cumulum
2775 5518 3033 5578 iisculium
3049 5519 3374 5590 debitorum,
3386 5531 3569 5578 exacta
3597 5539 3736 5594 qua—

2203 5645 2422 5720 ‘collata
2446 5656 2646 5720 estcum
2667 5663 2714 5701 α.
2736 5649 2864 5720 bl.c_.
2890 5652 3027 5704 celi.
3057 5667 3108 5719 ε.
3133 5654 3277 5720 gv.j.
3299 5666 3350 5705 n.
3375 5655 3567 5705 r.s.sb.
3595 5663 3633 5707 t.
3661 5669 3738 5709 vc.

2140 5719 2346 5774 quanior
2367 5725 2416 5762 ν.
2442 5718 2496 5763 et
2517 5725 2628 5764 cum
2650 5722 2750 5764 Am.
2767 5715 2876 5768 uad.
2900 5723 2975 5767 Er.
2999 5715 3110 5772 toi.

2224 5802 2277 5848 al
2298 5802 2410 5845 Haec
2431 5808 2528 5845 non
2554 5805 2731 5848 exstat.

2224 5807 2256 5844 a
2298 5802 2410 5845 Haec
2431 5808 2528 5845 non
2554 5805 2731 5848 exstat.

2140 5793 2278 5972 At);
2302 5856 2428 5932 {Ilias
2452 5858 2541 5932 ius
2566 5872 2578 5908 :
2603 5872 2714 5922 quae
2736 5868 2903 5936 autem
2923 5860 2987 5912 96
3009 5871 3141 5928 erat,
3164 5877 3295 5916 nunc
3319 5863 3423 5916 185.
3447 5867 3628 5930 Scripta
3654 5878 3740 5918 sn.

2237 5953 2253 5972 .
2277 5931 2407 5972 circa
2427 5921 2617 5972 initum
2636 5925 2949 5972 sentembm.

2237 5953 2253 5982 ,
2277 5921 2407 5972 circa
2427 5921 2949 5985 irritiumseptembris.
