4032 6334
454 445 560 511 359

453 579 686 640 poteras,
717 561 930 636 quando
952 563 1065 634 jam
1085 560 1152 616 de
1187 558 1291 615 tuis
1316 555 1497 612 multis
1544 567 1607 610 ac
1643 554 1849 624 magnis
1873 551 2048 624 operi-

456 661 555 716 bus
586 658 741 712 bonis
769 655 1155 727 gaudebamus.

526 756 580 808 4.
603 753 821 807 Multum
862 765 990 804 sane
1031 749 1099 804 de
1137 743 1508 816 quorumdam,
1550 757 1726 813 neque
1756 751 2046 810 paucorum

457 843 562 900 ﬁde
592 843 742 898 ﬁrma
771 850 826 897 et
860 839 1037 897 stabili
1077 837 1404 909 gratulamur
1429 834 1519 905 qui
1548 849 1615 890 ex
1643 832 1926 888 occasione
1965 829 2044 884 le-

454 953 578 1008 gum
610 937 842 1006 ipsarum
883 933 950 988 ad
986 931 1341 987 Christianam
1372 928 1682 998 religionem
1703 924 1790 980 vel
1819 921 2045 977 catholi-

456 1043 572 1083 cam
605 1041 784 1097 pacem
815 1024 1059 1079 conversi
1083 1030 1240 1086 sunt;
1273 1035 1368 1090 pro
1393 1032 1620 1090 quorum
1650 1017 1820 1070 salute
1849 1011 2047 1082 sempi-

456 1129 605 1176 terna
633 1134 730 1174 nos
757 1119 808 1172 in
837 1119 934 1171 hac
963 1113 1242 1184 temporali
1272 1117 1432 1168 etiam
1461 1108 1751 1182 periclitari
1793 1106 2041 1161 delectat.

459 1214 742 1283 Propterea
767 1210 912 1264 enim
940 1208 1168 1262 maxime
1197 1206 1265 1258 ab
1294 1203 1595 1257 hominibus
1632 1200 1853 1254 nimium
1881 1196 2043 1250 dure-

355 1295 358 1298 ’
457 1321 558 1377 que
587 1302 870 1374 perversis,
904 1315 1044 1355 nunc
1071 1297 1467 1352 inimicitiarum
1501 1292 1774 1365 graviores
1816 1291 2044 1358 impetus

455 1397 797 1462 sustinemus,
828 1408 959 1464 quos
988 1389 1226 1446 nonnulli
1253 1402 1436 1444 eorum
1466 1385 1739 1440 nobiscum
1771 1379 2047 1452 patientis-

455 1489 591 1544 sime
626 1487 892 1543 sustinent
922 1501 937 1538 :
969 1483 1062 1540 sed
1087 1482 1375 1552 plurimum
1405 1474 1698 1533 inﬁrmitati
1737 1473 2042 1538 metuimus,

456 1581 628 1636 donec
649 1579 855 1635 discant
885 1585 940 1633 et
979 1576 1190 1630 valeant
1216 1572 1500 1642 adjuvante
1545 1563 2045 1624 misericordissima

456 1676 621 1746 gratia
659 1673 889 1738 Domini,
935 1669 1188 1725 saeculum
1230 1681 1466 1738 praesens
1497 1672 1552 1718 et
1582 1661 1854 1717 hominum
1901 1657 2045 1713 diem

455 1766 648 1822 robore
673 1765 848 1820 cordis
870 1761 1159 1818 valentiore
1179 1762 1540 1814 contemnere.
1566 1752 2044 1810 Commonitorium

457 1857 598 1928 quod
648 1856 767 1910 misi
813 1853 1064 1909 fratribus
1105 1851 1386 1922 episc0pis,
1420 1849 1483 1913 si,
1520 1855 1578 1902 ut
1618 1855 1762 1917 puto,
1812 1841 2046 1898 nondum

457 1948 530 2002 ibi
559 1957 700 2014 sunt,
738 1947 803 2002 ab
829 1945 1144 2000 Eximietate
1172 1953 1258 1996 tua
1294 1941 1402 1996 illis
1429 1939 1687 2004 tradatur,
1737 1951 1857 1992 cum
1886 1949 2048 1990 vene-

455 2039 581 2094 rint.
605 2035 827 2092 Tantam
853 2037 1047 2108 quippe
1069 2036 1142 2090 tui
1169 2033 1511 2089 sincerissimi
1539 2030 1768 2101 pectoris
1789 2022 2047 2082 habemus

458 2131 725 2197 ﬁduciam,
755 2139 828 2196 ut,
863 2130 1149 2199 adjuvante
1174 2127 1395 2181 Domino
1426 2126 1536 2179 Deo
1566 2130 1772 2188 nostro,
1820 2135 1925 2174 non
1959 2134 2048 2174 so-

456 2223 568 2280 lum
608 2223 991 2293 impertitorem
1031 2220 1211 2275 auxilii
1254 2229 1305 2274 te
1344 2216 1599 2282 velimus,
1657 2228 1841 2270 verum
1883 2211 2045 2268 etiam

456 2314 666 2372 cansilii
697 2313 1027 2386 participem.

878 2416 1208 2474 EPISTOLA
1239 2412 1446 2471 XCVIII
1476 2417 1494 2438 ·
1520 2410 1619 2485 (a).

466 2536 778 2610 Augustinus
815 2532 1080 2607 Bonifacio
1117 2531 1372 2602 episcopo,
1407 2527 1715 2599 respondens
1749 2526 1836 2598 qui
1870 2525 1961 2596 ﬁat
1993 2533 2050 2581 ut

533 2627 812 2699 infantibus
855 2625 907 2678 in
946 2622 1208 2694 Baptismo
1247 2621 1406 2692 prosit
1447 2626 1712 2690 parentum
1741 2617 1886 2687 fides,
1932 2633 2049 2671 cum

532 2729 646 2790 post
669 2718 988 2789 Baptismum
1013 2733 1112 2770 non
1141 2724 1316 2770 noceat
1342 2713 1444 2768 illis
1475 2721 1740 2783 parentum
1781 2711 2049 2781 impietas;

530 2814 710 2869 deinde
741 2813 988 2885 quomodo
1009 2820 1322 2880 susceptores
1345 2811 1398 2862 in
1419 2807 1682 2879 Baptismo
1707 2805 2044 2878 respondeant

528 2906 647 2962 illos
673 2907 891 2972 credere,
921 2921 1036 2961 cum
1063 2903 1260 2974 parvuli
1287 2917 1457 2956 revera
1488 2917 1589 2955 non
1627 2897 1855 2966 credant,
1897 2905 1945 2951 et
1970 2897 2050 2951 in-

533 3008 724 3052 certum
752 2999 815 3053 sit
841 3015 907 3052 an
937 2998 1036 3052 sint
1067 2994 1324 3051 credituri.

459 3088 745 3148 Βοιιιηοιο
775 3093 791 3124 ι
823 3090 898 3163 (b)
937 3090 1280 3160 coepiscopo,
1327 3087 1681 3153 AUGUSTINUS,
1727 3085 1782 3141 in
1825 3083 2050 3139 Domino

1125 3182 1370 3239 salutem.

465 3260 477 3270 ’
532 3275 584 3331 1.
615 3275 821 3345 Qumris
847 3291 879 3330 a
906 3289 1012 3341 me,
1056 3284 1226 3329 utrum
1260 3281 1492 3345 parentes
1521 3269 1786 3341 baptizatis
1828 3265 2050 3340 parvulis

463 3368 571 3424 suis
613 3379 848 3434 noceant,
896 3385 1011 3422 cum
1039 3384 1124 3422 eos
1161 3366 1525 3421 daemoniorum
1567 3361 1828 3430 sacriﬁciis
1871 3375 2053 3414 sanare

460 3471 728 3517 conantur.
769 3461 835 3516 Et
864 3463 907 3516 si
937 3477 1038 3515 non
1075 3469 1273 3526 nocent,
1316 3455 1564 3527 quomodo
1612 3455 1682 3508 eis
1712 3453 1887 3524 prosit,
1936 3466 2053 3505 cum

461 3553 802 3624 baptizan‘tur,
835 3561 1100 3622 parentum
1129 3551 1256 3619 ﬁdes
1289 3565 1501 3619 quorum
1523 3547 1596 3601 eis
1635 3563 1732 3599 non
1762 3552 1920 3614 potest
1958 3542 2050 3596 ob-

459 3657 569 3696 esse
595 3641 829 3713 perﬁdia.
850 3642 950 3697 Ubi
977 3639 1296 3710 respondeo,
1321 3648 1524 3692 tantam
1542 3636 1678 3690 illius
1697 3635 2048 3700 Sacramenti,

465 3730 570 3787 hoc
611 3742 697 3788 est
737 3733 988 3803 Baptismi
1026 3732 1293 3798 salutaris,
1336 3746 1455 3785 esse
1491 3731 1738 3784 virtutem
1776 3728 1828 3784 in
1869 3739 2048 3787 sancta

458 3838 720 3894 compage
740 3825 980 3894 corporis
993 3823 1214 3892 Christi,
1235 3831 1292 3878 ut
1310 3821 1477 3878 semel
1503 3831 1783 3892 generatus
1808 3837 1903 3891 per
1921 3821 2053 3876 alio-

457 3931 577 3972 rum
609 3916 878 3971 carnalem
918 3916 1276 3986 voluptatem,
1323 3930 1444 3970 cum
1493 3913 1658 3969 semel
1707 3923 2051 3984 regeneratus

457 4007 619 4064 fuerit
647 4024 744 4079 per
779 4007 1004 4062 aliorum
1046 4007 1373 4078 spiritualem
1419 4005 1767 4073 voluntatem,
1798 4006 2051 4074 deinceps

456 4114 562 4155 non
630 4097 799 4170 possit
865 4098 1083 4154 vinculo
1147 4099 1337 4153 alienae
1393 4097 1685 4168 iniquitatis
1744 4096 2048 4168 obstringi,

455 4189 543 4245 cui
585 4189 730 4244 nulla
785 4205 879 4244 sua
928 4189 1202 4244 voluntate
1249 4189 1531 4244 consentit.
1584 4187 1650 4242 Et
1689 4190 1859 4243 anima
1905 4189 2051 4244 enim

455 4281 612 4354 patris
655 4299 768 4337 mea
813 4293 906 4352 est,
948 4283 1149 4354 inquit,
1195 4291 1242 4337 et
1282 4283 1454 4336 anima
1495 4281 1590 4352 ﬁlii
1633 4299 1742 4338 mea
1785 4291 1878 4337 est.
1919 4281 2048 4335 Ani-

454 4389 540 4428 ma
563 4389 675 4443 quia
702 4375 1006 4444 peccaverit,
1055 4375 1168 4445 ipsa
1213 4376 1454 4429 morietur
1495 4373 1704 4443 (Ezech.
1738 4389 1902 4441 xvm,
1940 4374 1995 4444 4)
2031 4389 2046 4428 :

457 4481 564 4522 non
612 4477 789 4524 autem
835 4479 1019 4538 peccat
1069 4470 1218 4540 ipsa,
1276 4485 1395 4524 cum
1446 4478 1694 4539 parentes
1735 4470 1783 4524 ei
1829 4469 2050 4524 omnino

457 4558 736 4624 nescienti,
769 4560 853 4614 vel
890 4560 1110 4631 quilibet
1134 4560 1271 4614 alius
1307 4559 1526 4615 adhibet
1552 4559 1825 4630 sacrilegia
1850 4561 2047 4617 daemo-

456 4646 689 4705 niorum.
726 4649 833 4707 Sed
863 4651 984 4706 ideo
1028 4665 1096 4706 ex
1130 4650 1297 4706 Adam
1331 4653 1489 4706 traxit
1527 4651 1670 4722 quod
1719 4651 2047 4709 Sacramenti

454 4739 598 4798 illius
625 4742 795 4813 gratia
823 4743 1142 4808 solveretur,
1182 4743 1303 4813 quia
1330 4744 1564 4798 nondum
1601 4750 1719 4799 erat
1755 4743 1930 4798 anima
1962 4760 2050 4800 se-

457 4833 684 4905 paratim
712 4835 916 4902 vivens,
947 4834 1000 4891 id
1024 4844 1107 4891 est
1134 4833 1299 4891 altera
1329 4835 1499 4890 anima
1526 4834 1596 4892 de
1628 4851 1732 4909 qua
1759 4835 2044 4909 diceretur,

518 5009 536 5042 ⁸
558 5015 612 5060 ιιι
636 5017 742 5061 Mss.
767 5009 1018 5076 plerisque
1039 5018 1315 5062 wnstanter
1333 5011 1558 5062 scribitur
1582 5024 1596 5061 :
1624 5012 1920 5077 [one/acim.

515 5094 537 5114 '
561 5100 613 5144 tn
634 5093 784 5161 hujus
804 5097 1109 5161 recensione
1127 5094 1368 5161 explorati
1384 5103 1498 5146 sunt
1524 5109 1571 5146 a.
1595 5096 1680 5161 bg.
1697 5096 1765 5148 bl.
1795 5099 1879 5148 bn.
1903 5110 1948 5149 c.
1972 5112 2045 5151 oc.

453 5155 506 5206 ff.
533 5171 583 5222 g.
609 5155 754 5222 gvfj.
779 5171 829 5207 ιι.
853 5172 896 5208 r.
920 5171 962 5208 s.
992 5168 1031 5209 t.
1051 5158 1130 5209 vd.
1154 5155 1251 5222 duo
1271 5158 1438 5222 a._dno
1472 5172 1548 5222 vc.
1585 5155 1688 5210 trés
1706 5161 1782 5211 sb.
1799 5173 1889 5212 sex
1915 5175 1963 5214 v.
1997 5169 2050 5215 et

453 5217 560 5270 Am?
580 5217 690 5269 Bid.
715 5217 790 5269 iir.
808 5227 917 5271 Lov.
939 5233 1130 5272 necnon
1149 5217 1371 5271 collectio
1384 5219 1597 5271 Anselmi
1618 5225 1843 5274 Lucensis
1855 5230 1963 5274 Mss.

488 5315 591 5388 .(a)
611 5315 740 5388 _A_lias
760 5317 822 5369 25
845 5332 859 5368 :
884 5330 996 5382 qua:
1017 5324 1184 5370 autem
1203 5316 1267 5368 98
1289 5323 1413 5378 erat,
1437 5331 1566 5370 nunc
1589 5319 1695 5370 163.
1719 5321 1900 5383 Scripta
1921 5319 2048 5374 forte

456 5380 587 5430 circa
608 5380 738 5430 idem
761 5380 970 5444 tempus.

516 5460 604 5574 (εἰ
615 5463 901 5515 Bonifacium
921 5463 1068 5524 hunc,
1093 5462 1348 5536 prmditum
1372 5475 1432 5514 ea
1453 5461 1715 5536 religione,
1732 5469 1790 5536 ut
1818 5481 1841 5510 ι
1862 5463 2049 5519 soleret

516 5538 536 5574 v
606 5533 829 5574 ementer
857 5539 1037 5574 cavere
1059 5527 1390 5574 mendacmm.
1415 5543 1437 5572 ι
1467 5533 1539 5574 uti
1559 5525 1735 5574 dlCllul‘
1757 5525 1896 5574 infra.
1919 5540 1970 5574 ιι.
1994 5529 2043 5574 7.

459 5539 485 5569 ι
506 5525 829 5576 vehementer
857 5539 1037 5577 cavere
1059 5525 1390 5588 mendacium,
1415 5543 1437 5572 ι
1467 5526 1539 5575 uti
1555 5525 1735 5576 dicitur
1757 5525 1896 5586 infra,
1919 5540 1970 5574 ιι.
1994 5529 2043 5590 7,

452 5581 582 5651 haud
622 5587 864 5639 immerito
894 5587 1164 5639 credideris
1197 5600 1309 5651 esse
1341 5588 1477 5638 illum
1510 5587 1667 5651 ipsum
1696 5594 2049 5651 Cataquensem

456 5647 762 5709 episcopum,
794 5651 878 5714 qui
900 5662 1042 5714 agros
1071 5663 1102 5700 a
1123 5650 1492 5722 praedecessore
1521 5647 1610 5699 suo
1631 5662 1743 5699 cum
1765 5647 1926 5714 aliqua
1946 5650 2048 5703 ﬁsci

455 5705 628 5755 fraude
649 5719 946 5755 eomnaratos
962 5712 1204 5755 Emlpsm.
1225 5714 1475 5755 sustinere
1500 5725 1598 5755 ira!
1620 5713 1929 5755 tumscientia!
1950 5715 2048 5755 sin.

455 5712 628 5779 t'raude
649 5712 949 5772 comparatos
962 5712 1475 5788 Ecclesizehsuseipere
1499 5725 1598 5822 rte
1620 5712 1929 5786 conscientia:
1950 5715 2049 5765 sin-

455 5776 661 5843 ceritate
694 5773 974 5843 verebatur.
1009 5781 1243 5843 Bonnacn
1272 5793 1295 5822 α
1316 5783 1468 5843 sancti
1498 5784 1661 5843 rati-ts
1693 5777 2046 5843 et_coepiseppl

462 5845 488 5899 ς
507 5832 585 5899 sui
607 5847 632 5878 ο
659 5834 880 5899 meminit
899 5839 1201 5899 Augustinus
1232 5839 1279 5886 in
1313 5839 1455 5899 epist.
1492 5837 1581 5886 145
1605 5844 1658 5887 et
1689 5838 1797 5888 149.
1827 5832 2049 5890 ιιῐιθιΐιὶὶι

455 5893 819 5958 “marginem
841 5893 1004 5948 collat?
1025 5900 1286 5950 Bonitacius
1305 5893 1630 5971 Cataquensis.

1697 435 1757 496 Β.
1796 427 2165 495 AUGUSTINI
2205 424 2507 491 EPISCOPI

3634 433 3745 498 360

2150 548 2221 603 Et.
2252 549 2421 602 anima
2460 548 2620 621 patris
2663 563 2773 601 mea
2812 553 2902 617 est,
2929 554 2980 601 et
3021 546 3190 602 anima
3215 547 3312 618 ﬁlii
3336 560 3466 604 mea
3490 561 3584 609 est.
3617 554 3742 613 Jatn

2148 639 2326 710 itaque
2353 655 2476 694 cum
2503 639 2660 694 homo
2685 639 2735 692 in
2763 639 2943 708 seipso
2969 647 3070 706 est,
3098 639 3164 693 ab
3193 654 3258 694 eo
3282 641 3372 710 qui
3394 643 3577 712 genuit
3601 645 3745 704 alter

2148 733 2386 792 effectus.
2417 741 2631 802 peccato
2652 731 2870 786 alterius
2891 732 3004 785 sine
3027 745 3121 785 sua
3151 733 3504 789 consensione
3524 752 3630 792 non
3660 747 3745 793 te-

2150 832 2306 878 netur
2332 823 2612 878 obnoxius.
2657 822 2840 877 Traxit
2867 837 2992 892 ergo
3020 820 3250 890 'reatum,
3292 825 3413 892 quia
3451 842 3590 881 unus
3619 841 3740 885 erat
3779 884 3792 888 ,

2149 931 2270 971 cum
2301 916 2392 970 illo
2419 924 2472 970 et
2502 915 2553 969 in
2591 914 2680 968 illo
2709 931 2738 968 a
2788 931 2894 985 quo
2923 915 3099 979 traxit,
3153 915 3366 985 quando
3391 919 3531 987 quod
3577 921 3746 976 traxit

2149 1007 2439 1061 admissum
2481 1016 2581 1061 est.
2632 1007 2746 1061 Non
2794 1014 2972 1062 autern
3019 1006 3180 1060 trahit
3227 1007 3363 1062 alter
3413 1008 3479 1062 ab
3539 1011 3740 1077 abero,

2149 1099 2360 1168 quando
2389 1113 2481 1152 sua
2513 1113 2828 1168 unoquoque
2856 1098 3066 1167 prOpria
3097 1098 3206 1152 vita
3254 1099 3464 1154 vivente
3502 1100 3617 1170 jam
3657 1111 3747 1157 est

2151 1193 2292 1248 unde
2319 1193 2541 1257 dicatur,
2579 1194 2760 1246 Anima
2789 1209 2900 1264 qua:
2933 1194 3228 1266 peccauerit,
3259 1194 3372 1263 ipsa
3403 1197 3663 1250 morietur.

2220 1285 2275 1340 2.
2307 1284 2377 1341 Ut
2399 1294 2575 1340 autem
2605 1286 2769 1354 possit
2812 1285 3117 1354 regenerari
3161 1300 3257 1355 per
3280 1284 3514 1340 ofﬁcium
3543 1287 3744 1342 volun-

2151 1376 2276 1430 tatis
2319 1376 2526 1440 alienm,
2569 1391 2690 1430 cum
2739 1375 2964 1431 oﬁertur
3003 1377 3415 1444 consecrandus,
3461 1377 3589 1432 facit
3637 1379 3748 1434 hoc

2151 1482 2288 1523 unus
2313 1467 2561 1538 Spiritus,
2593 1483 2660 1523 ex
2686 1483 2793 1540 quo
2819 1479 3162 1538 regeneratur
3181 1468 3408 1525 oblatus.
3450 1470 3565 1526 Non
3594 1473 3744 1528 enim

2150 1561 2405 1632 scriptum
2427 1571 2528 1627 est,
2556 1559 2666 1616 Nisi
2693 1561 2811 1632 quis
2836 1570 3052 1616 renatus
3073 1560 3231 1616 fuerit
3255 1577 3320 1616 ex
3349 1572 3625 1632 parentum
3644 1580 3748 1618 vo-

2149 1651 2370 1718 luntate,
2413 1660 2504 1706 aut
2537 1667 2605 1707 ex
2647 1651 2984 1707 offerentium
3013 1651 3098 1706 vel
3145 1651 3555 1707 ministrantium
3603 1654 3744 1720 title;

2150 1745 2264 1807 sed,
2295 1743 2413 1798 Nisi
2437 1745 2547 1814 quis
2584 1754 2786 1798 renatus
2815 1744 2965 1815 fuerit
2993 1760 3057 1798 ex
3084 1760 3217 1815 aqua
3241 1754 3289 1797 et
3317 1743 3516 1815 Spiritu
3546 1745 3747 1800 Sancto

2150 1832 2328 1904 (Joan.
2357 1850 2434 1902 ιιι,
2466 1835 2543 1906 5).
2576 1836 2722 1906 Aqua
2748 1835 2908 1906 igitur
2935 1835 3193 1890 exhibens
3219 1819 3515 1891 forinsecus
3555 1852 3744 1892 sacra-

2151 1936 2389 1983 mentum
2415 1929 2618 1998 gratim,
2651 1937 2704 1982 et
2743 1927 2971 1998 Spiritus
3013 1943 3242 1999 Operans
3283 1931 3602 1986 intrinsecus
3641 1933 3747 1986 be-

2152 2020 2398 2074 nelicium
2443 2021 2646 2090 gratiae,
2693 2021 2906 2075 solvens
2935 2021 3205 2075 vinculum
3252 2022 3442 2092 culpas,
3495 2025 3744 2078 reconci-

2153 2111 2288 2166 lians
2316 2111 2515 2166 bonum
2560 2122 2782 2178 naturae,
2837 2120 3155 2182 regenerant
3212 2111 3483 2167 hominem
3534 2115 3587 2168 in
3633 2131 3747 2170 uno

2152 2198 2384 2266 Christo,
2414 2217 2478 2257 ex
2517 2216 2626 2256 uno
2655 2201 2824 2256 Adam
2873 2210 3201 2272 generatum.
3244 2202 3586 2274 Regenerans
3612 2221 3748 2275 ergo

2153 2291 2384 2364 Spiritus
2421 2298 2474 2349 in
2515 2293 2805 2364 majoribus
2826 2293 3193 2362 offerentibus,
3235 2302 3289 2349 et
3317 2297 3535 2364 parvulo
3561 2296 3747 2352 oblato

2153 2394 2442 2455 renatoque
2478 2385 2774 2440 communis
2808 2393 2891 2441 est
2921 2402 2936 2439 :
2979 2385 3098 2440 ideo
3123 2401 3220 2457 per
3249 2385 3387 2440 hanc
3429 2387 3747 2442 societatem

2154 2477 2311 2534 unius
2353 2478 2698 2550 ejusdemque
2733 2478 2964 2549 Spiritus
3002 2480 3221 2550 prodest
3267 2479 3598 2535 offerentium
3643 2498 3747 2536 vo-

2153 2571 2328 2628 luntas
2369 2570 2587 2642 parvulo
2630 2571 2827 2626 oblato.
2873 2570 3096 2639 Quando
3134 2579 3312 2626 autem
3361 2571 3414 2625 in
3460 2572 3748 2642 parvulum

2154 2667 2384 2738 majores
2409 2676 2649 2737 peccant,
2677 2666 2962 2723 oﬁ‘erentes
3004 2684 3126 2722 eum
3166 2674 3325 2738 atque
3370 2668 3604 2739 obligare
3645 2684 3747 2725 co-

2153 2769 2343 2815 nantes
2365 2759 2668 2815 dzemonum
2700 2760 2976 2831 sacrilegis
3005 2761 3250 2827 vinculis,
3286 2776 3392 2816 non
3439 2771 3522 2816 est
3561 2763 3747 2820 anima

2153 2860 2497 2922 utrorumque
2525 2852 2845 2918 communis,
2877 2852 3120 2908 utetiam
3150 2853 3359 2923 culpam
3394 2853 3600 2924 possint
3642 2855 3746 2908 ba-

2154 2946 2280 3002 bere
2299 2960 2662 3002 communem.
2707 2944 2823 3000 Non
2850 2945 2993 3000 enim
3033 2945 3113 3001 sic
3139 2947 3560 3002 communicatur
3581 2949 3747 3019 culpa

2151 3054 2250 3111 per
2274 3037 2493 3094 alterius
2522 3037 2871 3101 voluntatem,
2901 3037 3350 3109 quemadmodum
3379 3041 3746 3096 communica-

2156 3140 2240 3187 tur
2265 3132 2433 3202 gratia
2463 3147 2559 3202 per
2596 3131 2763 3186 sancti
2813 3129 3042 3199 Spiritus
3072 3132 3347 3186 unitatem.
3381 3133 3559 3188 Potest
3595 3135 3744 3191 enim

2153 3231 2208 3279 et
2231 3223 2283 3277 in
2315 3223 2417 3278 hoc
2445 3230 2499 3277 et
2524 3224 2576 3277 in
2600 3223 2692 3278 illo
2712 3221 2926 3278 homine
2948 3237 3068 3278 esse
3093 3239 3227 3278 unus
3249 3224 3476 3295 Spiritus
3501 3235 3741 3296 sanctus,

2155 3317 2361 3372 etiamsi
2391 3317 2616 3371 invicem
2650 3316 2891 3372 nesciant
2916 3330 3014 3387 per
3040 3331 3199 3387 quem
3228 3318 3296 3372 sit
3322 3320 3592 3390 utriusque
3611 3335 3742 3390 gra-

2156 3407 2228 3463 tia
2264 3408 2582 3463 communis.
2639 3407 2753 3462 Non
2805 3416 2982 3462 autem
3027 3415 3202 3477 potest
3240 3408 3460 3478 spiritus
3507 3409 3745 3468 hominis

2155 3513 2275 3554 esse
2313 3508 2365 3554 et
2395 3499 2551 3569 hujus
2584 3508 2637 3554 ct
2677 3500 2838 3565 illius,
2870 3516 2964 3570 per
2990 3515 3148 3570 quem
3180 3511 3429 3570 peccante
3453 3503 3644 3573 altero,
3686 3512 3745 3563 et

2154 3590 2323 3646 altero
2349 3607 2454 3646 non
2495 3600 2768 3662 peccante,
2810 3591 2880 3646 sit
2913 3601 3087 3646 tamen
3119 3592 3274 3662 culpa
3299 3595 3616 3650 communis.
3660 3599 3745 3653 Ac

2155 3699 2252 3756 per
2276 3682 2379 3739 hoc
2405 3692 2580 3754 potest
2603 3684 2853 3754 parvulus
2877 3684 3045 3740 semel
3073 3701 3137 3740 ex
3171 3697 3446 3755 parentum
3471 3704 3632 3744 carne
3650 3704 3746 3760 ge-

2155 3784 2373 3832 neratus
2409 3775 2503 3830 Dei
2545 3774 2747 3844 Spiritu
2781 3777 3106 3848 regenerari,
3150 3786 3209 3833 ut
3245 3793 3312 3834 ex
3346 3779 3451 3834 illis
3487 3781 3745 3850 obligatio

2154 3879 2425 3925 contracta
2447 3869 2701 3925 solvatur.
2726 3869 2841 3926 Non
2863 3882 3040 3941 potest
3055 3880 3234 3928 autem
3256 3875 3420 3930 semel
3433 3875 3525 3931 Dei
3539 3875 3748 3946 Spiritu

2153 3970 2496 4034 regeneratus
2507 3978 2571 4018 ex
2593 3973 2870 4034 parentum
2890 3979 3052 4020 carne
3074 3967 3401 4036 regenerari,
3419 3975 3476 4022 ut
3489 3967 3751 4040 obligatio

2154 4069 2272 4125 quae
2300 4053 2469 4109 soluta
2511 4063 2615 4121 est,
2661 4055 2850 4110 iterum
2893 4055 3260 4111 contrahatur.
3301 4056 3370 4112 Et
3410 4057 3530 4114 ideo
3569 4059 3747 4117 semel

2156 4153 2458 4215 perceptam
2491 4145 2738 4215 parvulus
2761 4144 2954 4201 Christi
2985 4148 3208 4217 gratiam
3235 4164 3342 4204 non
3364 4151 3582 4218 amittit,
3627 4142 3738 4210 nis'i

2156 4238 2366 4307 propria
2395 4237 2685 4309 impietate,
2727 4239 2772 4293 si
2816 4240 2988 4295 (etatis
3016 4255 3235 4296 accessu
3263 4252 3370 4298 tam
3414 4246 3584 4301 malus
3613 4261 3745 4302 eva-

2155 4328 2305 4383 serit.
2333 4327 2482 4385 Tunc
2509 4331 2650 4385 enim
2679 4330 2837 4385 etiam
2889 4333 3098 4403 pr0pria
3140 4334 3355 4405 incipiet
3396 4336 3590 4392 habere
3620 4353 3749 4408 pec—

2154 4427 2294 4486 cata,
2319 4437 2438 4492 quas
2466 4437 2572 4476 non
2599 4421 3002 4494 regeneratione
3026 4425 3356 4496 auferantur,
3385 4428 3481 4485 sed
3517 4429 3617 4486 alia
3651 4447 3750 4487 cu-

2154 4513 2366 4568 ratione
2390 4522 2664 4569 sanentur.

2226 4606 2279 4661 3.
2312 4604 2692 4663 Verumtamen
2726 4617 2870 4665 recte
2911 4608 3158 4667 dicuntur
3196 4623 3469 4685 parentes,
3500 4615 3580 4672 vel
3627 4617 3747 4688 qui-

2153 4709 2380 4767 cumque
2407 4697 2656 4768 majores,
2687 4699 2824 4755 ﬁlios
2847 4715 2942 4756 seu
2964 4703 3231 4773 quoslibet
3273 4706 3522 4776 parvulos
3565 4708 3744 4778 bapti-

2152 4796 2300 4844 zatos
2327 4787 2710 4846 daemoniorum
2736 4793 3030 4864 sacrilegiis
3055 4795 3292 4868 obligare
3315 4808 3570 4854 conantes
3587 4840 3604 4866 ,
3635 4801 3748 4870 spi-

2151 4879 2410 4937 ritualiter
2423 4880 2721 4937 homicidae.
2741 4881 2872 4938 Nam
2889 4884 2940 4938 in
2959 4885 3066 4940 illis
3081 4887 3294 4956 quidem
3318 4889 3745 4947 interfectionem

2151 4987 2258 5028 non
2296 4973 2512 5039 faciunt,
2557 4972 2650 5028 sed
2677 4983 2930 5044 quantum
2978 4977 3030 5032 in
3075 4978 3205 5049 ipsis
3235 4986 3338 5047 est,
3373 4979 3745 5040 interfectores

2153 5063 2304 5120 ﬁunt.
2333 5065 2496 5121 Recte
2525 5065 2627 5119 illis
2653 5065 2861 5132 dicitur,
2887 5069 3097 5138 quando
3116 5071 3182 5125 ab
3211 5071 3312 5126 hoc
3337 5073 3539 5128 scelere
3561 5073 3744 5143 probi-

2153 5156 2364 5224 bentur,
2403 5155 2578 5213 Nolite
2607 5158 2851 5215 occidere
2879 5161 3128 5232 parvulos
3160 5172 3364 5219 vestros
3394 5181 3407 5217 :
3439 5165 3570 5221 dicit
3593 5168 3742 5222 enim

2151 5255 2206 5301 et
2234 5245 2542 5317 Apostolus,
2589 5248 2841 5320 Spiritum
2869 5252 3026 5308 nolite
3062 5253 3376 5326 exstinguere
3402 5254 3446 5325 (1
3475 5255 3648 5312 Thess.
3682 5273 3740 5327 v,

2153 5339 2282 5415 l9);
2312 5355 2420 5396 non
2453 5341 2574 5413 quia
2620 5343 2711 5398 ille
2740 5345 3006 5416 exstingui
3033 5355 3228 5416 potest,
3273 5348 3367 5404 sed
3396 5358 3652 5420 quantum
3682 5349 3741 5407 in

2152 5432 2282 5503 ipsis
2307 5441 2411 5500 est,
2448 5433 2807 5492 exstinctores
2830 5436 2945 5506 ejus
2992 5437 3184 5493 merito
3229 5437 3495 5507 dicuntur,
3525 5441 3616 5513 qui
3660 5443 3742 5498 sic

2153 5531 2316 5595 agunt
2337 5532 2396 5579 ut
2419 5525 2738 5581 exstinctum
2773 5527 2957 5583 velint.
2989 5526 3096 5583 lsto
3121 5543 3280 5584 sensu
3319 5540 3468 5587 recte
3511 5531 3742 5604 intelligi

2151 5625 2327 5686 potest
2350 5616 2491 5687 quod
2525 5617 2738 5689 scripsit
2764 5618 3099 5676 beatissimus
3118 5620 3417 5694 Cyprianus
3437 5623 3489 5677 in
3509 5625 3740 5694 epistola

2151 5707 2219 5764 de
2246 5707 2454 5779 Lapsis,
2485 5725 2606 5765 cum
2631 5726 2726 5767 eos
2752 5712 2842 5782 qui
2887 5721 3124 5784 tempore
3164 5715 3550 5785 persecutionis
3579 5718 3739 5774 idolis

2150 5799 2555 5857 immolaverunt
2577 5817 2807 5872 arguens
2835 5819 2852 5858 :
2879 5804 2953 5858 Ac
2977 5821 3038 5860 ne
3061 5805 3186 5876 quid
3208 5805 3417 5872 deesset,
3445 5808 3634 5878 inquit,
3667 5811 3742 5865 ad

2153 5893 2382 5949 criminis
2421 5893 2698 5963 cumulum,
2727 5893 2944 5966 infantes
2979 5912 3171 5970 quoque
3195 5906 3457 5971 parentum
3499 5901 3741 5960 manibus
