4090 6356
251 372 353 431 561

250 484 475 551 iinpositi
500 484 577 538 vel
599 483 865 548 altrectati,
894 482 1168 536 amiserunt
1208 481 1403 551 parvuli
1433 481 1567 549 quod
1592 480 1644 533 in
1672 482 1861 550 primo.
1888 506 1899 513 -

248 578 423 634 statim
451 576 721 629 nativitatis
742 574 946 629 exordio
976 578 1174 646 fuerant
1204 573 1474 626 consecuti.
1508 572 1832 635 Amiserunt,

249 668 404 734 dixit,
436 677 685 738 quantum
727 667 939 721 attinuit
981 666 1047 719 ad
1091 666 1300 720 illorum
1332 664 1525 728 scelus,
1566 679 1598 718 a
1643 663 1834 733 quibus

247 760 498 815 amittere
526 760 692 814 coacti
731 766 874 815 sunt.
907 758 1211 812 Amiserunt
1256 758 1308 811 in
1334 773 1518 812 eorum
1549 766 1727 812 mente
1774 772 1835 811 ac

246 854 545 919 voluntate,
590 854 678 923 qui
709 854 760 908 in
808 853 926 907 illos
956 859 1159 906 tantum
1205 851 1405 905 facinus
1430 851 1832 906 commiserunt.

246 943 375 1000 Nam
407 944 457 999 si
486 945 537 999 in
567 944 757 1014 seipsis
783 944 1105 1009 amisissent,
1142 944 1520 998 remansissent
1555 945 1735 1012 utique
1755 943 1837 998 di-

244 1038 363 1091 vina
409 1039 675 1092 sententia
715 1038 830 1092 sine
870 1038 970 1091 ulla
1014 1036 1323 1092 defensione
1352 1035 1655 1090 damnandi.
1682 1034 1835 1102 Quod

244 1127 285 1183 si
312 1137 536 1183 sanctus
563 1128 862 1200 Cyprianus
888 1128 1255 1195 arbitraretur,
1289 1144 1392 1183 non
1424 1143 1607 1182 eorum
1644 1127 1832 1182 defen-

243 1219 454 1273 sionem
482 1220 736 1275 eontinuo
766 1220 1071 1289 subjiceret,
1101 1220 1282 1273 dicens
1316 1238 1327 1272 :
1377 1218 1562 1273 Nonne
1597 1220 1693 1284 illi,
1722 1235 1835 1272 cum

244 1310 422 1375 iudicii
453 1312 559 1365 dies
584 1313 789 1377 venerit,
822 1312 1008 1374 dicent,
1042 1310 1153 1364 Nos
1180 1312 1306 1365 nihil
1335 1313 1560 1381 fecimus,
1610 1326 1699 1363 nec
1744 1310 1833 1363 de—

243 1402 416 1455 relicta
432 1403 543 1456 cibo
567 1412 613 1457 et
635 1404 817 1473 poculo
840 1402 1065 1467 Domini,
1087 1403 1153 1454 ad
1174 1407 1390 1473 profana
1414 1402 1645 1472 contagia
1661 1410 1836 1471 sponte

244 1497 663 1565 properavimus;
711 1496 927 1566 perdidit
974 1513 1066 1549 nos
1108 1495 1275 1549 aliena
1322 1494 1555 1564 perﬁdia,
1606 1504 1835 1564 parentes

242 1588 493 1641 sensimus
525 1588 805 1656 parricidas
837 1604 854 1641 :
893 1586 970 1640 illi
1009 1587 1148 1641 nobis
1175 1585 1455 1640 Ecclesium
1495 1595 1726 1651 matrem,
1758 1585 1835 1637 illi

244 1688 440 1745 patrem
456 1676 729 1730 Dominum
755 1685 1076 1747 negaverunt,
1104 1686 1160 1729 ut
1178 1677 1301 1729 dum
1328 1677 1466 1745 parvi
1483 1685 1528 1729 et
1544 1675 1832 1745 improvidi,

242 1777 285 1820 et
313 1769 451 1820 tanti
479 1770 717 1839 facmoris
739 1769 902 1839 ignari
933 1786 1020 1839 per
1040 1769 1166 1823 alios
1193 1769 1259 1821 ad
1287 1769 1592 1822 consortium
1614 1768 1836 1821 criminis

240 1859 522 1927 iungimur,
554 1861 719 1912 aliena
749 1861 931 1929 fraude
951 1861 1277 1927 caperemur?
1300 1859 1444 1913 Hanc
1469 1859 1835 1914 defensionem

240 1965 341 2004 non
380 1950 743 2014 subnecteret,
798 1950 897 2004 nisi
937 1951 1281 2020 justissimam
1309 1950 1553 2005 crederet
1577 1960 1631 2004 et
1659 1951 1721 2015 in
1742 1949 1834 2005 Dei

241 2040 439 2111 judicio
467 2043 699 2112 parvulis
724 2042 1071 2112 profuturam.
1091 2042 1146 2097 Si
1173 2044 1314 2096 enim
1344 2058 1466 2097 vere
1492 2043 1700 2107 dicitur,
1728 2042 1835 2097 Nos

240 2134 364 2188 nihil
410 2135 668 2199 fecimus;
707 2135 886 2187 Anima
930 2150 1042 2203 quw
1073 2135 1367 2204 peccaverit,
1412 2135 1523 2204 ipsa
1570 2136 1830 2197 morietur,

242 2240 331 2279 nec
362 2225 441 2278 illi
477 2226 725 2293 peribunt
750 2226 848 2279 sub
890 2226 983 2280 Dei
1016 2227 1160 2294 justo
1185 2224 1404 2293 judicio,
1433 2241 1564 2295 quos
1591 2233 1835 2294 parentes

242 2331 329 2371 suo
366 2318 575 2371 scelere
605 2326 858 2386 quantum
888 2317 954 2371 ad
987 2319 1191 2388 seipsos
1222 2319 1428 2384 attinet,
1470 2318 1830 2388 perdiderunt.

303 2411 357 2464 4.
375 2409 509 2464 lllud
538 2425 671 2465 vero
692 2410 832 2479 quod
850 2411 900 2463 in
926 2411 1109 2465 eadem
1124 2422 1573 2466 commemoratur
1589 2413 1830 2481 epistola,

243 2502 525 2573 quamdam
574 2504 849 2571 parvulam
895 2504 1121 2557 turbatis
1167 2504 1217 2556 in
1268 2503 1442 2573 fugam
1486 2503 1831 2572 parentibus,

244 2595 428 2647 nutrici
452 2594 760 2648 derelictam
782 2637 796 2657 ,
820 2603 977 2663 atque
998 2594 1065 2647 ab
1093 2594 1276 2649 eadem
1306 2595 1511 2649 nutrice
1532 2595 1833 2649 dmmonum

245 2685 533 2755 sacrilegiis
565 2685 880 2754 impactum,
925 2694 1106 2753 postea
1146 2686 1199 2739 in
1240 2687 1461 2741 ecclesia
1505 2687 1704 2740 illatam
1734 2687 1834 2741 sibi

246 2777 627 2829 Eurharistiam
655 2777 804 2831 miris
844 2778 1077 2831 motibus
1107 2776 1411 2845 t'e5puisse;
1447 2777 1566 2831 ideo
1592 2778 1722 2831 mihi
1754 2778 1835 2831 vi-

247 2869 391 2924 detur
420 2870 678 2923 divinitus
709 2869 900 2924 factum
919 2911 933 2934 ,
966 2885 1032 2924 ne
1062 2869 1289 2938 majores
1319 2877 1563 2939 putarent
1606 2870 1737 2924 nihil
1777 2885 1837 2925 se

246 2977 288 3014 ιιι
310 2961 565 3029 parvulos
594 2961 645 3013 in
674 2961 760 3014 illa
809 2960 1083 3029 iniquitate
1129 2977 1348 3030 peccare
1369 3002 1382 3027 ,
1417 2961 1509 3015 sed
1540 2962 1715 3029 potius
1756 2963 1836 3016 in-

246 3052 577 3122 telligerent,
610 3068 703 3120 per
731 3052 878 3105 illum
903 3052 1288 3121 significantem
1322 3052 1714 3121 quodatmmido
1740 3068 1834 3121 ge-
1865 3070 1873 3076 '

246 3153 376 3197 stum
420 3144 663 3213 corporis
702 3158 885 3198 eorum
914 3146 1004 3212 qui
1034 3144 1176 3213 loqui
1210 3160 1314 3196 non
1343 3154 1616 3213 poterant,
1647 3159 1705 3198 se
1733 3145 1835 3198 mi-

247 3235 479 3289 rabiliter
526 3234 801 3288 admoneri
848 3236 973 3305 quid
1031 3236 1129 3305 ipsi
1188 3236 1362 3290 facere
1410 3235 1698 3301 deberent,
1747 3238 1836 3306 qui

248 3337 357 3393 post
383 3334 589 3379 tantum
639 3326 765 3381 illud
809 3327 957 3381 nefas
1001 3329 1347 3382 sacramentis
1374 3329 1694 3384 salutaribus
1717 3331 1731 3360 ί
1760 3330 1835 3383 ir-

249 3417 465 3471 ruebant
492 3416 633 3471 unde
653 3432 711 3471 se
737 3418 916 3486 utique
944 3418 1248 3485 pteniteudo
1268 3418 1534 3474 abstinere
1560 3419 1833 3475 deberent.

248 3507 351 3562 Nec
381 3524 503 3562 cum
534 3508 639 3562 tale
666 3508 865 3577 aliquid
886 3508 1060 3563 divina
1086 3509 1413 3578 providentia
1437 3527 1531 3579 per
1553 3511 1838 3567 infantulos

247 3601 384 3669 agit,
423 3601 565 3669 ipsos
594 3600 644 3654 id
676 3616 833 3670 agere
879 3601 1097 3654 scientia
1140 3602 1221 3655 vel
1264 3603 1469 3658 ratione
1509 3604 1838 3658 credendum

247 3704 342 3747 est.
374 3693 561 3762 Neque
593 3693 734 3746 enim
754 3691 875 3761 quia
902 3692 1175 3761 cujusdam
1205 3695 1477 3762 propheta:
1516 3695 1837 3749 dementiam

249 3784 389 3839 Deus
443 3785 609 3838 voluit
645 3785 806 3839 etiam
849 3785 994 3838 asina
1038 3786 1287 3853 loquente
1331 3800 1578 3839 coercere
1626 3784 1836 3857 (Nam.

252 3891 395 3941 nu,
439 3877 571 3949 28),
616 3876 735 3931 ideo
777 3876 1082 3931 admiranda
1126 3886 1207 3931 est
1247 3878 1517 3931 asinorum
1560 3880 1837 3948 sapientia.

251 3967 419 4023 Porro
443 3970 486 4023 si
517 3984 609 4036 per
633 3969 827 4023 animal
865 3969 1166 4023 irrationale
1197 3968 1372 4022 sonuit
1407 3969 1604 4038 aliquid
1641 3970 1842 4024 homini

251 4061 580 4115 simillimum
602 4102 616 4125 ,
644 4061 786 4132 quod
816 4062 1068 4115 miraculo
1092 4061 1299 4125 divino,
1331 4075 1434 4114 non
1463 4061 1610 4115 cordi
1635 4062 1841 4115 asinino

254 4152 593 4207 tribuendum
630 4152 730 4218 sit;
781 4153 852 4207 ita
894 4152 1060 4221 potuit
1103 4152 1450 4220 Omnipotens
1496 4167 1589 4220 per
1631 4152 1844 4208 infantis

254 4245 485 4297 animam
506 4284 521 4305 ,
550 4258 654 4297 non
683 4243 769 4297 ubi
798 4244 929 4297 ratio
960 4243 1100 4296 nulla
1136 4252 1282 4309 erat,
1312 4242 1405 4296 sed
1434 4243 1520 4297 ubi
1550 4244 1724 4298 adhuc
1751 4259 1841 4298 so-

257 4334 361 4401 pita
386 4342 532 4398 erat,
566 4344 714 4404 gestu
754 4334 991 4404 corporis
1017 4334 1132 4403 ejus
1160 4333 1441 4389 ostendere
1466 4335 1593 4406 quid
1624 4336 1728 4404 illi,
1754 4337 1845 4407 qui

258 4436 309 4482 et
333 4427 387 4481 in
411 4442 471 4481 se
501 4427 628 4482 etin
651 4427 897 4497 parvulos
921 4442 1045 4482 suos
1074 4434 1455 4497 peccaverant,
1483 4442 1669 4482 curare
1693 4427 1847 4483 debe-

257 4531 395 4576 rent.
424 4520 693 4575 Cancrum
721 4536 840 4576 cum
872 4519 1045 4576 infans
1079 4536 1188 4575 non
1224 4520 1407 4575 redeat
1446 4521 1499 4575 in
1536 4532 1842 4591 parentem,

262 4621 315 4667 ut
338 4628 461 4667 cum
494 4612 586 4667 illo
616 4621 668 4667 et
695 4613 748 4667 in
776 4612 867 4666 illo
888 4627 1023 4666 unus
1046 4612 1204 4666 homo
1228 4612 1329 4677 sit,
1354 4612 1447 4666 sed
1470 4611 1687 4667 omnino
1712 4613 1850 4667 alter

261 4705 355 4769 sit,
390 4702 594 4758 habens
623 4717 836 4757 carnem
880 4717 1029 4756 suam
1074 4714 1128 4757 et
1166 4703 1396 4757 animam
1440 4716 1624 4768 suam,
1667 4703 1850 4757 Anima

262 4811 373 4865 qua
400 4794 706 4864 peccaverit,
736 4794 849 4863 ipsa
871 4793 1129 4847 morietur.

330 4886 387 4941 5.
419 4884 531 4939 Nec
558 4883 685 4938 illud
710 4894 759 4939 te
780 4892 1019 4949 moveat,
1044 4883 1184 4953 quod
1210 4884 1421 4953 quidam
1444 4900 1550 4939 non
1578 4900 1638 4940 ea
1662 4885 1764 4941 fide
1784 4885 1851 4941 ad

262 4977 593 5048 Baptismnm
627 4975 1017 5045 percipiendum
1052 4974 1304 5043 parvulos
1343 4975 1540 5041 ferunt,
1591 4983 1648 5029 ut
1685 4978 1851 5047 gratia

262 5067 528 5138 spirituali
567 5067 634 5121 ad
659 5066 818 5119 vitam
849 5075 1232 5135 regenerentur
1258 5074 1541 5133 aeternam,
1575 5066 1669 5121 sed
1714 5067 1852 5138 quod

263 5176 359 5216 eos
382 5168 567 5229 putant
585 5158 684 5213 hoc
710 5158 950 5212 remedio
975 5157 1319 5227 temporalem
1347 5158 1576 5212 retinere
1599 5158 1682 5213 vel
1712 5160 1852 5214 reci-

264 5266 396 5320 pere
435 5250 736 5304 sanitatem.
768 5248 881 5303 Non
925 5249 1065 5303 enim
1099 5256 1375 5318 propterea
1403 5249 1477 5303 illi
1504 5264 1605 5303 non
1632 5266 1853 5320 regene-

265 5352 476 5407 rantur,
506 5342 628 5411 quia
666 5355 772 5394 non
811 5340 878 5394 ab
908 5339 1022 5394 istis
1064 5340 1164 5393 hac
1204 5339 1496 5394 intentione
1541 5339 1852 5396 olferuntur.

267 5436 623 5490 Celebrantur
650 5434 790 5488 enim
829 5448 925 5502 per
966 5448 1060 5487 eos
1100 5432 1395 5487 necessaria
1436 5432 1765 5499 ministeria,
1802 5443 1857 5489 et

269 5530 433 5581 verba
478 5534 930 5581 sacramentorum
951 5564 967 5591 ,
1012 5524 1128 5578 sine
1173 5522 1366 5593 quibus
1408 5526 1711 5580 consecrari
1738 5541 1858 5594 par-

336 5725 353 5755 ¹
381 5724 528 5774 vatio.
552 5728 661 5771 Mss.
690 5701 741 5773 et
764 5735 793 5771 e
814 5720 973 5770 Gallic.
998 5726 1203 5774 quatuor
1239 5721 1422 5772 habent
1450 5735 1463 5771 :
1490 5720 1667 5773 Gratia:
1698 5736 1861 5774 sacra-

272 5786 421 5837 menti
440 5784 669 5837 salutaris
691 5782 951 5834 irruebant.
978 5782 1061 5831 Alii
1077 5792 1180 5833 tres
1205 5784 1781 5861 :‘Sacramentosalutari.

638 5909 865 5974 SANCT.
912 5909 1187 5969 Auensr.
1218 5908 1274 5970 Il

1454 359 1936 421 EPISTOLARUM
1974 360 2249 417 CLASSIS
2286 362 2349 417 ll.

3425 377 3533 437 ΜΞ

1948 475 2100 529 vulus
2127 491 2231 530 non
2256 485 2429 546 potest
2457 480 2495 530 ι.
2519 477 2745 549 Spiritus
2769 488 2945 537 autem
2976 483 3064 541 ille
3092 496 3306 543 sanctus
3334 490 3424 560 qui
3450 492 3536 548 ha-

1946 565 2080 620 bitat
2106 568 2156 621 in
2185 570 2380 623 sanctis
2402 612 2416 637 ,
2445 586 2512 625 ex
2539 573 2728 641 quibus
2760 590 2860 629 una
2888 576 2976 631 illa
3006 578 3249 635 columba
3276 583 3537 655 deargen-

1947 666 2055 713 tata
2084 660 2358 717 charitatis
2389 662 2506 733 igne
2534 664 2816 733 conflatur,
2846 669 2953 738 agit
2972 670 3112 739 quod
3131 672 3238 741 agit
3257 674 3417 729 etiam
3447 682 3551 745 per

1947 752 2288 821 servitutem,
2320 754 2606 824 aliquando
2630 773 2734 811 non
2762 760 2933 813 solum
2963 762 3272 832 simpliciter
3296 767 3539 836 ignoran-

1946 843 2077 897 tium
2098 885 2112 908 ,
2140 860 2325 899 verum
2349 848 2506 899 etiam
2532 846 2902 904 damnabiliter
2917 852 3271 922 indignorum.
3297 857 3542 913 Olferun»

1948 945 2035 990 tur
2068 937 2263 1007 quippe
2301 939 2507 1008 parvuli
2532 940 2599 993 ad
2637 942 3028 1010 percipiendam
3067 946 3394 1016 spiritualem
3423 965 3540 1019 gra-

1946 1030 2103 1095 tiam,
2156 1046 2260 1085 non
2310 1040 2417 1086 tam
2464 1033 2531 1087 ab
2574 1034 2651 1088 eis
2698 1051 2920 1104 quorum
2972 1048 3246 1108 gestantur
3296 1044 3543 1099 manibus

1948 1121 2211 1193 (quamvis
2242 1135 2295 1179 et
2340 1125 2407 1179 ab
2443 1126 2601 1195 ipsis,
2635 1129 2679 1181 si
2721 1138 2775 1183 et
2815 1130 2912 1199 ipsi
2961 1132 3083 1186 boni
3133 1134 3315 1189 fideles
3362 1137 3539 1205 sunt),

1944 1228 2103 1282 quam
2130 1215 2197 1268 ab
2228 1216 2470 1271 universa
2497 1218 2749 1273 societate
2769 1230 3069 1276 sanctorum
3097 1235 3254 1295 atque
3279 1226 3538 1282 fidelium.

1944 1304 2027 1361 Ab
2070 1307 2316 1361 omnibus
2366 1324 2592 1377 namque
2621 1309 2800 1365 offerri
2830 1324 2972 1367 recte
3005 1314 3385 1385 intelliguntur,
3417 1320 3540 1388 qui-

1944 1394 2044 1449 bus
2084 1397 2259 1465 placet
2288 1399 2433 1467 quod
2464 1399 2777 1466 offeruntur,
2807 1412 2859 1456 et
2898 1418 3120 1473 quorum
3165 1417 3343 1462 saneta
3381 1420 3538 1479 atque

1944 1486 2211 1543 individua
2237 1490 2503 1549 charitate,
2524 1491 2591 1546 ad
2638 1495 3174 1552 communicationem
3214 1501 3379 1555 sancti
3417 1501 3538 1571 Spi-

1944 1580 2078 1634 ritus
2103 1580 2437 1650 adjuvantur.
2470 1584 2602 1638 Tota
2632 1585 2733 1640 hoc
2774 1602 2902 1657 ergo
2928 1597 3098 1643 mater
3127 1591 3358 1646 Ecclesia
3379 1634 3393 1658 ,
3421 1610 3538 1663 qua:

1945 1669 1996 1723 in
2026 1673 2223 1726 sanctis
2259 1681 2369 1739 est,
2408 1672 2564 1740 facit,
2600 1677 2721 1744 quia
2763 1685 2869 1731 tota
2913 1693 3135 1744 omnes,
3169 1690 3276 1736 tota
3307 1682 3537 1752 singulos

1945 1762 2103 1830 parit.
2166 1762 2297 1816 Nam
2366 1764 2412 1818 si
2477 1765 2750 1820 christiani
2804 1768 3054 1836 baptismi
3103 1781 3536 1841 sacramentum,

1945 1854 2155 1923 quando
2179 1857 2197 1885 ²
2230 1872 2390 1910 unum
2420 1868 2579 1927 atque
2610 1858 2837 1929 idipsum
2878 1870 2991 1927 est,
3020 1864 3179 1918 etiam
3205 1866 3345 1934 apud
3370 1866 3540 1922 haere-

1944 1948 2079 2003 ticos
2102 1949 2244 2004 valet
2270 1959 2324 2005 et
2351 1950 2546 2005 sufﬁcit
2584 1952 2650 2005 ad
2689 1955 3139 2011 consecrationem
3160 1997 3175 2022 ,
3204 1959 3443 2027 quamvis
3468 1960 3535 2014 ad

1943 2039 2066 2094 vita:
2090 2050 2303 2095 aeterna:
2333 2043 2790 2112 participationem
2833 2060 2934 2098 non
2966 2047 3227 2114 sufficiat;
3258 2066 3377 2119 quae
3405 2066 3537 2105 con-

1944 2132 2173 2186 secratio
2212 2149 2361 2187 reum
2396 2134 2608 2202 quidem
2653 2135 2776 2189 facit
2806 2135 3111 2191 htereticum
3141 2148 3289 2193 extra
3330 2141 3536 2196 Domini

1942 2239 2156 2293 gregem
2183 2225 2467 2281 habentem
2498 2227 2823 2283 dominicum
2850 2230 3208 2286 characterem
3227 2274 3241 2297 ,
3265 2234 3538 2304 corrigen-

1943 2316 2069 2371 dum
2102 2326 2276 2373 tamen
2303 2319 2555 2374 admonet
2583 2334 2711 2374 sana
2736 2320 2975 2375 doctrina
2999 2365 3013 2387 ,
3043 2339 3147 2377 non
3169 2328 3359 2380 iterum
3384 2326 3535 2381 simi-

1942 2409 2063 2463 liter
2088 2411 2507 2464 consecrandum
2536 2429 2547 2463 :
2572 2420 2768 2481 quanto
2797 2412 2969 2481 potius
2992 2413 3044 2467 in
3066 2414 3326 2470 catholica
3350 2416 3536 2471 Eccle-

1944 2501 2021 2554 sia
2042 2500 2199 2555 etiam
2230 2517 2324 2571 per
2348 2502 2558 2571 stipulae
2588 2502 2950 2572 ministerium
2977 2503 3241 2560 frumenta
3269 2508 3536 2579 purganda

1944 2600 2243 2660 portantur,
2300 2602 2357 2647 ut
2400 2593 2467 2647 ad
2511 2609 2702 2649 massa:
2747 2595 3056 2651 societatem
3105 2596 3373 2655 mediante
3410 2615 3534 2656 mea

1944 2684 2339 2752 perducantur?
2768 2690 2769 2693 “

2016 2777 2068 2829 6.
2102 2776 2230 2829 lllud
2256 2786 2433 2831 autem
2477 2778 2602 2832 nolo
2646 2785 2696 2832 te
2739 2777 2918 2844 fallat,
2964 2764 3020 2833 ut
3063 2783 3335 2837 existimes
3360 2791 3538 2839 reatus

1943 2865 2212 2920 vinculum
2255 2882 2319 2920 ex
2362 2866 2528 2921 Adam
2568 2876 2794 2922 tractum
2820 2910 2833 2931 ,
2883 2870 3038 2924 aliter
3080 2887 3183 2924 non
3228 2888 3383 2941 posse
3424 2874 3536 2929 dis-

1943 2960 2148 3028 rumpi,
2180 2960 2281 3013 nisi
2311 2961 2513 3029 parvuli
2552 2961 2615 3014 ad
2660 2962 3052 3030 percipiendam
3090 2961 3285 3018 Christi
3313 2967 3535 3035 gratiam

1943 3065 1974 3103 a
2013 3050 2322 3119 parentibus
2348 3051 2638 3106 offerantur
2664 3070 2677 3106 :
2716 3053 2794 3106 sic
2822 3054 2977 3107 enim
3006 3054 3246 3109 scribens
3272 3056 3402 3111 dicis
3423 3098 3436 3120 ,
3470 3056 3540 3112 Ut

1943 3143 2070 3196 sicut
2101 3155 2330 3212 parentes
2369 3146 2574 3213 fuerunt
2599 3153 2829 3199 auctores
2867 3145 2934 3198 ad
2970 3162 3146 3200 eorum
3184 3164 3417 3218 poenam,
3450 3167 3540 3221 per

1943 3234 2098 3302 ﬁdem
2144 3244 2405 3303 parentum
2448 3234 2717 3289 identidem
2751 3237 3095 3306 justiﬁcentur
3134 3254 3151 3292 .'
3190 3254 3311 3293 cum
3358 3240 3539 3296 videas

1944 3327 2138 3380 multos
2167 3342 2273 3380 non
2304 3326 2479 3382 offerri
2510 3342 2539 3380 a
2568 3330 2873 3398 parentibus
2892 3371 2907 3396 ,
2939 3330 3033 3385 sed
3056 3332 3214 3385 etiam
3248 3348 3277 3385 a
3318 3335 3538 3402 quibus—

1945 3416 2072 3471 libet
2096 3418 2391 3483 extraneis,
2419 3418 2557 3472 sicut
2584 3434 2613 3471 a
2640 3419 2868 3474 dominis
2898 3422 3097 3476 servuli
3127 3423 3413 3492 aliquando
3453 3425 3534 3480 of-

1946 3508 2205 3564 feruntur.
2256 3512 2322 3564 Et
2366 3525 2743 3581 nonnunquam
2805 3513 3028 3567 mortuis
3078 3517 3385 3583 parentibus
3428 3518 3539 3572 suis

1946 3602 2151 3670 parvuli
2178 3602 2531 3669 baptizantur,
2572 3601 2639 3655 ab
2667 3603 2746 3657 eis
2785 3602 2949 3657 oblati
2975 3603 3065 3673 qui
3096 3604 3198 3659 illis
3237 3605 3538 3676 hujusmodi

1947 3692 2363 3747 misericordiam
2403 3693 2643 3761 praebere
2685 3701 2987 3762 potuerunt.
3038 3696 3336 3765 Aliquando
3377 3699 3539 3753 etiam

1948 3798 2083 3852 quos
2108 3783 2398 3837 crudeliter
2428 3792 2677 3850 parentes
2713 3794 3074 3852 exposuerunt
3109 3786 3420 3842 nutriendos
3452 3789 3473 3820 ³
3510 3804 3540 3842 a

1948 3874 2301 3944 quibuslibet,
2330 3889 2706 3944 nonnunquam
2729 3890 2758 3928 a
2780 3876 2947 3929 sacris
2968 3876 3261 3945 virginibus
3287 3878 3542 3948 colligun—

1948 3974 2054 4033 tur,
2088 3966 2233 4021 etab
2271 3966 2350 4020 eis
2396 3966 2691 4020 offeruntur
2734 3966 2801 4020 ad
2847 3967 3205 4036 Baptismum;
3250 3986 3365 4037 quae
3395 3980 3540 4025 certe

1948 4060 2191 4129 proprios
2229 4059 2362 4112 lilios
2399 4074 2499 4111 nec
2537 4057 2837 4113 habuerunt
2862 4058 3033 4124 ullos,
3080 4074 3180 4113 nec
3208 4059 3404 4115 habere
3431 4060 3541 4115 dis-

1948 4158 2156 4221 ponunt
2188 4168 2200 4204 :
2231 4166 2293 4204 ac
2325 4166 2418 4218 per
2444 4150 2544 4205 hoc
2574 4150 2705 4203 nihil
2743 4150 2886 4205 aliud
2932 4151 3019 4206 hic
3059 4152 3171 4207 fieri
3204 4153 3384 4219 vides,
3436 4154 3535 4208 nisi

1951 4241 2093 4311 quod
2131 4241 2183 4294 in
2216 4240 2499 4309 Evangelio
2541 4240 2792 4309 scriptum
2832 4249 2946 4307 est,
2990 4255 3110 4296 cum
3160 4243 3413 4298 Dominus
3456 4246 3541 4300 in-

1951 4339 2274 4401 terrogasset
2301 4330 2420 4399 quis
2446 4330 2520 4383 illi
2565 4346 2594 4383 a
2640 4329 2933 4385 latronibus
2979 4332 3249 4397 sauciato,
3286 4342 3342 4388 et
3380 4336 3543 4390 semi-

1953 4422 2074 4477 vivo
2112 4422 2165 4476 in
2204 4421 2288 4475 via
2339 4421 2596 4476 derelicto
2645 4421 2917 4491 proximus
2959 4421 3177 4488 fuisset;
3223 4439 3542 4496 responsum

1952 4521 2035 4568 est
2078 4513 2218 4567 enim
2242 4553 2257 4579 ,
2314 4510 2411 4577 Qui
2462 4512 2516 4565 in
2570 4511 2719 4565 illum
2766 4512 2881 4582 fecit
2936 4513 3330 4568 misericordiam
3381 4513 3542 4587 (Luc.

1956 4622 1992 4662 ι
2012 4648 2028 4675 ,
2069 4607 2179 4677 57).

2028 4701 2079 4755 7.
2125 4700 2495 4757 Difficillimam
2534 4714 2662 4755 sane
2704 4702 3050 4769 quaestionem
3083 4699 3175 4754 tibi
3206 4703 3545 4772 proposuisse

2021 4858 2039 4888 ι
2063 4855 2174 4905 Bad.
2192 4863 2291 4904 Am.
2308 4859 2383 4902 Er.
2402 4860 2455 4903 et
2468 4859 2578 4900 ιον.
2613 4849 2843 4901 nonnulla
2864 4851 2943 4901 hic
2963 4851 3205 4901 admisere
3226 4853 3378 4903 verba
3408 4867 3471 4904 ex
3495 4869 3544 4906 n.

1955 4918 1988 4967 ὅ
2008 4920 2172 4977 ascita,
2196 4929 2305 4979 quae
2328 4927 2527 4964 sensum
2548 4916 2851 4979 perturbant,
2877 4920 2929 4962 et
2940 4926 3059 4979 quas
3082 4927 3279 4976 prorsus
3305 4915 3479 4965 absunt
3518 4929 3547 4966 ι

1956 4986 2064 5029 Mss.
2082 4974 2186 5027 tum
2208 4974 2353 5040 i'atic,
2378 4990 2488 5037 sex,
2512 4974 2615 5040 tum
2638 4974 2743 5040 aliis
2764 4974 3114 5040 septemdecim
3149 4988 3237 5040 per
3260 4989 3348 5025 nos
3389 4979 3549 5040 inspe-

1957 5043 2064 5091 ctis.
2090 5049 2270 5101 Nempe
2295 5035 2533 5101 editiones
2556 5036 2651 5101 illa:
2673 5038 2743 5101 sic
2764 5035 3068 5101 habuerunt:
3094 5035 3400 5101 Celebrmttur
3422 5035 3547 5089 enim

1957 5116 2045 5167 per
2070 5116 2147 5167 eos
2169 5096 2439 5167 necessaria
2452 5097 2733 5167 ministeria:
2753 5096 2898 5167 tilias
2921 5105 3079 5150 autem
3092 5112 3175 5149 seu
3188 5097 3419 5167 quoslilget
3440 5113 3549 5167 pq.

1959 5158 2089 5215 'vnlos
2113 5160 2458 5229 daemoniorum
2489 5158 2758 5229 sacrilegiis
2767 5158 2994 5229 nobligare
3028 5158 3265 5229 conantes,
3290 5158 3548 5229 spirituali-

1959 5234 2032 5277 ter
2055 5232 2163 5277 sunt
2186 5222 2459 5275 homicidae.
2499 5233 2615 5285 nam
2636 5220 2697 5285 iii
2722 5220 2817 5285 illis
2840 5220 3035 5285 quidem
3064 5220 3371 5285 interfection.
3388 5236 3435 5272 m
3458 5235 3548 5273 non

1958 5288 2173 5353 faciunt,
2214 5287 2557 5353 sedquantum
2589 5283 2640 5353 in
2679 5283 2797 5353 ipsis
2837 5282 3292 5353 (ἑδιηἱηιενΐρῖςιριέδΔ
3320 5282 3457 5345 fiunt.
3480 5292 3550 5353 “El

1960 5343 2198 5414 recterillis
2223 5343 2419 5414 dicitur,
2443 5346 2633 5412 quando
2657 5343 2716 5396 ab
2730 5345 2824 5396 "hoc
2847 5343 3025 5395 scelere
3046 5343 3379 5414 propitientur,
3402 5356 3433 5395 ἡ
3443 5345 3551 5414 olite

1960 5412 2181 5479 occidere
2195 5405 2416 5479 parvulos
2430 5405 2622 5479 vestros:
2650 5418 2749 5458 Non
2763 5414 2923 5479 autem
2945 5405 3071 5457 recte
3090 5405 3373 5479 In’s_diriturz
3402 5406 3553 5457 nolite

1962 5474 2105 5526 verba
2124 5469 2552 5534 sacramentorum,
2579 5469 2866 5534 sittequibus
2897 5469 3171 5534 consecrari
3200 5469 3429 5534 parvulus
3460 5482 3554 5534 non

1961 5543 2127 5651 ﬁttest,
2150 5534 2371 5613 recitare.
2392 5528 2598 5605 spiritus
2614 5528 2787 5602 autem,
2816 5540 2910 5581 etc.
2935 5529 3145 5580 Anselm.
3170 5528 3311 5592 paulo
3324 5532 3555 5593 superius

2061 5608 2113 5649 et
2129 5613 2141 5647 :
2160 5608 2188 5647 Α
2198 5609 2435 5647 ecessana
2449 5601 2694 5651 mysteria,
2709 5600 2755 5645 et
2773 5592 2931 5643 verba.

2061 5592 2141 5649 et':
2160 5592 2436 5647 Necessaria"
2449 5592 2694 5658 mysteria,
2709 5600 2755 5645 et
2773 5592 2931 5643 verba.

2028 5664 2048 5693 ³
2070 5660 2201 5717 edd,
2229 5659 2355 5722 quod
2380 5652 2543 5707 nmen.
2563 5664 2618 5707 At
2769 5668 2967 5722 omnes,
2984 5652 3177 5716 quando

2029 5724 2049 5754 ³
2067 5724 2140 5770 sic
2161 5716 2309 5769 Erfet
2336 5726 2446 5770 Lov.
2480 5726 2536 5769 At
2556 5726 2662 5768 Mss.
2683 5717 2907 5780 plerique
2929 5728 3121 5766 necnon
3149 5717 3299 5767 editio
3325 5716 3433 5768 Bad.
3464 5716 3551 5768 his

1963 5785 2102 5845 bent,
2115 5781 2373 5834 nutriendi.

2918 5907 3194 5986 (Dousa.
3219 5910 3235 5961 ι’
