4090 6356
498 362 607 422 863

499 471 644 530 visus
681 485 772 537 es,
819 468 876 525 in
916 474 1156 524 extremo
1185 459 1543 535 inquisitionis
1585 465 1686 512 tuae
1708 499 1721 523 ,
1752 467 1813 510 ea
1842 453 2088 507 videlicet

501 563 802 624 intentione
821 574 926 632 qua
951 558 1096 616 soles
1124 555 1470 612 venarentur
1495 561 1686 605 cavere
1729 546 2085 604 mendacium.

503 658 568 717 Si
589 655 924 720 suum",
947 651 1115 722 inquis
1135 689 1151 713 ,
1176 658 1296 702 ante
1322 657 1370 700 te
1393 645 1656 714 parvulum
1671 685 1685 709 ,
1715 653 1761 697 et
1789 643 2091 712 interrogent

502 758 817 806 utrumn-
845 743 1054 801 umrit
1086 741 1288 810 futurus
1328 739 1390 790 sit
1430 746 1630 801 castus,
1657 733 1736 788 vel
1766 739 1849 805 fur
1888 749 1988 787 non
2026 733 2092 786 sit

505 843 743 915 futurus;
775 840 888 894 sine
917 835 1073 892 dubio
1111 830 1433 904 respondebis
1454 844 1473 883 :
1509 828 1712 882 Nescio.
1750 827 1819 881 Et
1847 833 2016 880 utrum
2040 827 2093 879 in

507 934 683 991 eadem
720 928 932 1003 paruula
964 934 1112 983 tum
1153 923 1485 988 constituit”,
1528 922 1708 992 cogitet
1746 919 1939 989 aliquid
1979 920 2094 973 boni

507 1027 584 1083 vel
612 1025 734 1082 ntali
749 1039 770 1088 ;
788 1023 962 1080 dices:
993 1018 1201 1072 Nescio.
1223 1014 1284 1070 Si
1310 1016 1479 1085 itaque
1494 1013 1558 1067 de
1584 1013 1802 1067 moribus
1826 1015 1933 1082 ejus
1959 1014 2098 1082 futu-

508 1121 581 1175 ris
623 1117 750 1172 nihil
774 1115 928 1169 audes
953 1112 1068 1166 certi
1095 1110 1382 1181 promittere
1401 1149 1415 1174 ,
1451 1117 1498 1161 et
1531 1107 1594 1161 de
1630 1109 1736 1176 ejus
1760 1099 1992 1177 presenti
2014 1119 2098 1157 co-

507 1211 787 1286 gitatione;
809 1205 930 1278 ςιήά
953 1213 1026 1260 est
1055 1201 1182 1258 illud
1200 1199 1333 1272 quod
1357 1201 1558 1268 quando
1585 1201 1651 1252 ad
1681 1197 1994 1268 Baptismnm
2021 1197 2100 1266 of-

514 1306 764 1376 feruntur,
793 1315 885 1371 pro
912 1299 986 1354 eis
1019 1305 1246 1367 parentes
1275 1305 1512 1363 tanquam
1539 1291 1853 1361 ﬁdedictores
1886 1301 2099 1359 respon-

513 1395 665 1462 dent,
696 1403 742 1448 et
775 1393 947 1448 dicunt
973 1390 1089 1444 illas
1115 1393 1279 1460 facere
1306 1386 1440 1456 quod
1475 1385 1567 1439 illa
1605 1393 1728 1439 tetas
1757 1385 1977 1454 cogitare
2000 1399 2102 1437 non

514 1496 705 1561 potest,
731 1492 821 1541 aut
845 1485 891 1540 si
926 1493 1117 1554 potest,
1145 1479 1397 1536 occultum
1421 1480 1532 1533 est?
1556 1477 1936 1548 Interrogantus
1969 1477 2103 1530 enim

515 1594 600 1635 eos
624 1594 657 1632 α
679 1577 860 1650 quibus
893 1573 1190 1642 offeruntur,
1235 1582 1281 1626 et
1325 1571 1539 1625 dicimus
1572 1585 1592 1624 :
1627 1569 1797 1624 Credit
1824 1570 1878 1622 in
1909 1568 2106 1623 Deum?

515 1669 598 1726 De
622 1668 714 1722 illa
745 1675 893 1722 etate
909 1709 922 1732 ,
945 1680 1058 1732 quin
1076 1674 1243 1718 utrum
1267 1664 1331 1717 sit
1355 1662 1492 1715 Deus
1508 1662 1708 1732 ignorat
1727 1703 1740 1725 ,
1769 1663 2105 1731 respondent:

517 1759 721 1825 Credit;
747 1767 792 1814 et
827 1758 894 1812 ad
928 1767 1107 1811 cratera
1132 1757 1205 1810 sic
1229 1753 1560 1825 respondetur
1581 1753 1782 1824 singula
1817 1767 1928 1822 qua
1965 1768 2105 1822 quie—

518 1860 719 1908 rtmtttr.
750 1848 900 1905 Unde
935 1850 1092 1902 miror
1116 1856 1346 1918 parentes
1372 1846 1425 1898 in
1452 1845 1564 1898 istis
1599 1843 1745 1897 rebus
1771 1854 1873 1896 tant
1898 1844 2110 1912 ﬁdenter

522 1961 616 2016 pro
639 1942 848 2012 parvulo
868 1939 1167 2010 respondere
1183 1979 1198 2002 ,
1229 1947 1279 1990 ut
1301 1937 1470 1991 dicunt
1499 1951 1611 1990 eum
1630 1945 1770 1988 tanta
1793 1935 1921 1988 bona
1947 1939 2112 2005 facere

521 2052 636 2107 quae
657 2035 724 2089 ad
749 2035 926 2088 liorem
950 2049 1049 2102 qua
1077 2032 1378 2100 baptizatur,
1402 2029 1684 2099 baptizatur
1701 2029 1974 2099 interrogat
1991 2069 2006 2093 ,
2031 2037 2111 2080 ta-

522 2144 640 2182 men
665 2129 840 2182 eadem
878 2126 1002 2180 hora
1025 2128 1070 2178 si
1095 2123 1358 2194 subjiciam
1378 2165 1393 2188 ,
1422 2121 1537 2175 Erit
1573 2132 1740 2176 castus
1774 2123 1858 2192 qui
1887 2123 2113 2192 baptiza-

527 2227 628 2282 tur,
660 2227 747 2272 aut
767 2233 867 2272 non
896 2218 988 2270 erit
1009 2216 1134 2285 fur?
1162 2215 1328 2269 nescio
1351 2222 1524 2267 utrum
1543 2213 1693 2268 audet
1720 2213 1884 2267 dicere
1912 2213 2112 2282 aliquis,

525 2308 734 2378 Aliquid
762 2309 942 2362 [torum
971 2307 1062 2360 erit
1080 2347 1096 2372 ,
1127 2314 1214 2359 aut
1243 2322 1344 2359 non
1377 2305 1498 2370 erit,
1528 2305 1654 2358 sicut
1683 2305 1804 2357 mihi
1832 2305 1942 2357 sine
1969 2303 2116 2356 dubi-

528 2403 715 2456 tatione
734 2400 998 2472 respondet
1023 2399 1158 2469 quod
1188 2399 1359 2453 credat
1384 2399 1436 2452 in
1465 2397 1656 2460 Deum,
1683 2407 1727 2450 et
1756 2397 1890 2466 quod
1917 2413 1970 2450 se
1994 2413 2117 2450 con-

528 2501 688 2548 uertat
709 2491 776 2545 ad
796 2491 980 2547 Deum.
1008 2489 1206 2544 Deinde
1233 2489 1427 2560 scripta
1450 2497 1539 2542 tua
1565 2483 1906 2550 concludens,
1934 2487 2120 2556 adjun-

529 2584 612 2656 gis
637 2592 690 2640 et
719 2583 850 2638 dicis
880 2601 894 2637 :
923 2582 1002 2638 Ad
1037 2582 1162 2636 istas
1197 2598 1316 2652 ergo
1341 2581 1640 2651 qurestiones
1665 2588 1777 2650 peto
1809 2580 2014 2633 breuiter
2038 2595 2121 2632 re-

531 2677 782 2748 spondere
828 2675 1081 2747 digneris,
1130 2675 1201 2727 ita
1255 2683 1308 2726 ut
1351 2688 1454 2725 non
1497 2672 1620 2725 mihi
1663 2672 1724 2725 de
1771 2671 2126 2725 consuetudine

534 2767 831 2840 primoribus
857 2809 872 2833 ,
896 2765 983 2820 sed
1008 2767 1250 2819 rationem
1280 2760 1482 2816 reddas.

606 2858 662 2914 8.
714 2859 808 2914 llis
851 2857 1041 2913 litteris
1081 2856 1184 2910 tuis
1230 2855 1382 2910 luetis
1424 2866 1478 2908 ct
1519 2855 1760 2919 reiectis,
1793 2862 1848 2909 ct
1873 2863 2124 2924 quantum

535 2951 792 3019 temporis
828 2948 1083 3019 angustia:
1125 2947 1371 3002 sinebant
1411 2947 1788 3012 consideratis,
1819 2947 2128 3002 recordatus

537 3057 656 3099 sum
683 3041 990 3098 Nebridium
1017 3041 1244 3095 amicum
1275 3055 1452 3095 meum
1472 3082 1485 3105 ,
1520 3039 1610 3110 qui
1634 3054 1754 3095 cum
1781 3050 1922 3096 esset
1950 3056 2128 3096 rerum

539 3134 886 3191 obscurarum
917 3131 984 3186 ad
1008 3131 1305 3186 doctrinam
1339 3130 1556 3201 pictatis
1595 3131 1826 3186 maxime
1855 3131 2127 3201 pertinen-

537 3225 672 3282 tium
717 3223 1152 3294 diligentissimus
1197 3231 1252 3278 et
1297 3223 1588 3277 acerrimus
1631 3223 1929 3293 inquisitor,
1977 3223 2130 3278 valde

540 3317 728 3374 oderat
769 3317 836 3372 de
877 3317 1170 3386 qumstione
1210 3330 1398 3386 magna
1441 3316 1844 3385 responsionem
1890 3317 2126 3373 brevem.

540 3410 614 3466 Et
639 3410 876 3480 quisquis
903 3409 1004 3464 hoc
1030 3409 1376 3479 poposcisset,
1407 3410 1682 3478 aegerrime
1725 3405 1956 3473 ferebat,
1984 3425 2133 3464 eum-

542 3518 681 3573 que,
726 3502 772 3557 si
809 3501 924 3571 ejus
951 3515 1174 3570 persona
1203 3507 1490 3569 pateretur,
1519 3501 1664 3555 vultu
1709 3500 2132 3571 indignabundus

543 3602 600 3649 et
627 3607 757 3648 voce
784 3591 1092 3659 cohibebat,
1120 3591 1392 3661 indignum
1417 3592 1680 3661 deputans
1707 3592 1795 3662 qui
1836 3593 1955 3645 talia
1983 3607 2132 3662 qua:-

542 3690 720 3750 reret,
753 3694 875 3738 cum
901 3681 968 3737 de
993 3697 1052 3736 re
1081 3689 1224 3735 tanta
1255 3696 1412 3751 quam
1443 3682 1608 3735 multa
1635 3682 1738 3735 dici
1783 3691 1998 3750 possent
2038 3681 2133 3737 de-

543 3775 839 3844 berentque
863 3773 1114 3829 nesciret.
1145 3771 1250 3827 Sed
1279 3785 1380 3842 ego
1407 3772 1500 3827 tibi
1532 3786 1637 3826 non
1655 3773 1928 3838 ‘similiter,
1963 3781 2020 3826 ut
2047 3787 2135 3826 so-

544 3864 691 3922 lebat
720 3865 810 3920 ille
831 3906 848 3929 ,
876 3877 1168 3918 succenseo
1199 3881 1213 3916 :
1249 3878 1309 3918 es
1335 3863 1476 3917 enim
1513 3863 1793 3934 cpiscopus
1822 3863 2002 3918 multis
2035 3879 2132 3918 cu-

545 3956 623 4013 ris
664 3964 990 4028 occupatus,
1029 3963 1092 4011 ut
1135 3966 1272 4025 ego;
1323 3953 1463 4008 unde
1505 3968 1602 4009 nec
1647 3954 1742 4008 tibi
1787 3954 1939 4009 facile
1983 3965 2135 4010 vacat

546 4049 813 4121 prolixum
839 4047 1036 4119 aliquid
1073 4047 1281 4118 legere,
1309 4060 1408 4100 nec
1435 4044 1564 4099 mihi
1595 4045 1848 4101 scribere.
1877 4045 2010 4100 Nam
2047 4046 2136 4102 ille

548 4149 678 4197 tunc
701 4139 1014 4196 adolescens
1032 4179 1049 4206 ,
1077 4139 1165 4208 qui
1191 4136 1311 4192 talia
1345 4136 1580 4192 breviter
1600 4137 1812 4191 nolebat
1832 4135 2016 4192 audire
2034 4175 2049 4204 ,
2081 4144 2136 4192 et

547 4235 616 4293 de
655 4235 838 4291 multis
894 4233 947 4288 in
1002 4240 1184 4288 nostra
1228 4231 1672 4304 sermocinatione
1717 4230 2018 4299 qmerebat,
2067 4229 2136 4285 ab

548 4327 722 4384 otioso
748 4324 1019 4398 quaerebat
1051 4325 1288 4380 otiosus:
1320 4331 1376 4377 tu
1402 4337 1531 4377 vero
1559 4322 1797 4393 cogitans
1837 4336 1978 4378 nunc
2015 4321 2136 4392 quis

549 4429 605 4476 et
623 4433 656 4474 a
683 4435 790 4491 quo
817 4420 917 4474 ista
952 4418 1158 4489 ﬂagitas
1179 4458 1191 4481 ,
1221 4416 1454 4471 breviter
1471 4415 1539 4472 de
1557 4431 1618 4472 re
1637 4423 1781 4471 tanta
1812 4414 2138 4485 respondere

551 4525 640 4567 me
657 4511 833 4582 iubes.
857 4511 995 4566 Ecce
1019 4509 1154 4564 facio
1183 4513 1441 4580 quantum
1470 4521 1719 4578 possum;
1761 4507 2014 4565 Dominus
2038 4507 2133 4564 ad-

551 4601 699 4676 juvat
713 4610 771 4660 ut
790 4601 932 4674 quod
955 4600 1194 4672 postidea
1219 4597 1439 4671 possim.

624 4714 678 4772 9.
720 4713 920 4785 Nempe
959 4729 1102 4784 saepe
1142 4713 1213 4769 ita
1256 4713 1542 4786 loquimur,
1581 4723 1640 4770 ut
1676 4715 1876 4772 Pascha
1914 4709 2135 4787 propin-

553 4813 751 4884 quante
787 4807 1024 4864 dicamus
1067 4806 1352 4862 crastinam
1392 4806 1476 4863 Vel
1532 4807 1876 4878 perendinam
1929 4809 2139 4866 Domini

555 4901 892 4974 passionem,
921 4914 1045 4958 cum
1085 4898 1174 4956 ille
1208 4911 1340 4958 ante
1372 4907 1484 4959 tam
1524 4900 1723 4958 multos
1758 4916 1929 4960 armos
1951 4916 2140 4973 passus

555 4995 626 5053 sit
642 5036 660 5064 ,
681 5009 783 5051 nos
802 4993 1024 5050 ermine
1046 4992 1150 5048 nisi
1168 4992 1339 5049 seruet
1355 4992 1445 5048 illa
1469 4993 1646 5074 passio
1664 4991 1799 5050 facta
1825 4996 1912 5052 sit.
1939 4996 2140 5069 Nempe

557 5087 678 5159 ipso
704 5084 794 5144 die
830 5083 1099 5142 dominico
1140 5083 1401 5154 dicimus,
1446 5083 1616 5146 llodie,
1657 5082 1913 5145 Dominus
1957 5105 2140 5146 resur-

556 5180 734 5246 rexit;
754 5192 877 5235 cum
903 5191 970 5234 ex
999 5176 1412 5250 quomrr‘exit
1435 5184 1514 5232 tot
1535 5178 1658 5233 anni
1683 5181 2006 5235 transierint.
2034 5181 2144 5239 Cur

559 5284 721 5327 nemo
744 5277 854 5326 tam
883 5269 1093 5340 ineptus
1135 5277 1251 5335 est,
1290 5275 1350 5325 ut
1388 5283 1488 5326 nos
1528 5261 1598 5325 ita
1641 5267 1920 5342 loquentes
1957 5282 2145 5345 arguat

561 5376 683 5420 esse
705 5363 958 5420 mentitos
973 5401 989 5430 ,
1012 5363 1116 5418 nisi
1140 5363 1262 5433 quia
1291 5362 1423 5417 istos
1446 5361 1561 5418 dies
1583 5364 1873 5419 secundum
1895 5365 2104 5422 illorum
2123 5409 2140 5436 ,

562 5453 753 5524 quibus
782 5454 896 5510 haec
923 5459 1070 5526 gesta
1113 5461 1268 5519 sunt,
1304 5451 1708 5511 similitudinem
1741 5471 2141 5527 nuncupamns,

561 5553 622 5600 ut
646 5545 854 5600 dicatur
878 5547 994 5616 ipse
1015 5546 1128 5601 dies
1151 5546 1243 5616 qui
1271 5561 1375 5600 non
1409 5553 1493 5600 est
1520 5546 1632 5614 ipse
1649 5583 1664 5608 ,
1693 5547 1788 5600 sed
1814 5549 2145 5604 rcvolntione

565 5635 826 5705 temporis
858 5637 1043 5691 similis
1080 5636 1224 5707 ejus,
1257 5644 1312 5692 et
1350 5636 1557 5691 dicatur
1590 5637 1681 5692 illo
1717 5637 1804 5693 die
1843 5638 1955 5695 ﬁeri
1977 5682 1991 5706 ,
2025 5657 2148 5711 pro-

563 5731 684 5796 pter
731 5727 1051 5782 sacramenti
1093 5727 1501 5784 celebrationem
1524 5768 1540 5795 ,
1571 5729 1709 5798 quod
1758 5745 1862 5785 non
1902 5731 1994 5786 illo
2028 5732 2142 5800 die,

565 5815 662 5877 sed
685 5813 791 5889 iam
815 5817 945 5875 olim
976 5818 1172 5875 factum
1197 5819 1314 5876 est?
1337 5818 1523 5875 Nonne
1553 5821 1714 5876 semel
1747 5821 2046 5878 ia'nntolatus
2066 5832 2146 5885 est

1736 340 1794 397 S.
1837 334 2205 395 AUGUSTlNl
2242 333 2546 391 EPISCOPI

3669 325 3777 386 86)

2196 447 2438 506 Christus
2466 449 2517 503 in
2545 447 2749 519 seipso,
2778 455 2833 505 et
2859 455 3036 505 tamen
3076 447 3135 502 in
3175 450 3508 504 sacramento
3535 457 3644 500 non
3687 457 3780 499 so-

2196 541 2306 596 lum
2335 557 2431 612 per
2455 555 2642 596 omnes
2671 539 2888 595 Pascha;
2927 538 3325 603 solemnitates,
3364 535 3460 592 sed
3501 535 3648 591 omni
3691 533 3782 590 die

2199 634 2408 704 populis
2435 631 2762 698 immolatur,
2790 647 2889 688 nec
2917 634 3098 702 utique
3127 631 3381 687 mentitur
3417 631 3506 700 qui
3555 631 3783 684 interm“-

2196 736 2350 798 gatus
2375 741 2496 782 eum
2522 726 2859 795 responderit
2882 724 3180 778 immolari?
3207 722 3262 779 Si
3286 724 3426 777 enim
3453 725 3784 777 sacramenta

2198 820 2479 892 quamdam
2505 819 2903 874 similitudinem
2931 832 3112 872 earum
3153 831 3331 870 rerum
3361 821 3582 886 quarum
3609 827 3788 868 sacra-

2200 925 2376 970 menta
2404 923 2560 977 sunt,
2591 925 2696 967 non
2735 913 2992 967 haberent
3015 953 3029 977 ,
3071 912 3291 968 omnino
3315 910 3646 966 sacramenta
3676 925 3784 965 non

2202 1015 2400 1062 essent.
2434 1001 2508 1060 Ex
2537 1006 2636 1061 hac
2663 1014 2836 1059 autem
2867 1005 3212 1060 similitudine
3242 1005 3549 1074 pleramque
3580 1004 3740 1058 etiam
3769 1004 3787 1035 ⁸

2203 1099 2438 1170 ipsarum
2483 1111 2660 1153 rerum
2704 1098 2917 1152 nomina
2943 1097 3227 1168 accipiunt.
3255 1095 3404 1152 Sicut
3444 1101 3573 1166 ergo
3603 1110 3789 1150 secuno

2204 1191 2330 1246 dum
2361 1189 2643 1260 quemdam
2672 1189 2887 1243 modum
2913 1198 3304 1242 sacramentum
3335 1188 3572 1256 corporis
3595 1186 3792 1242 Christi

2205 1297 2398 1353 corpus
2415 1283 2611 1338 Christi
2630 1290 2732 1350 est,
2753 1289 3141 1337 sacramentum
3163 1283 3430 1352 sanguinis
3449 1281 3645 1336 Christi
3666 1296 3792 1337 san-

2206 1373 2529 1446 guisChristi
2541 1383 2644 1440 est,
2661 1375 2730 1428 ita
2748 1385 3135 1429 sacramentum
3149 1373 3272 1429 ildei
3298 1373 3427 1429 ﬁdes
3444 1384 3544 1429 est.
3561 1373 3697 1428 Nihil
3713 1381 3796 1430 est

2207 1477 2384 1522 autem
2397 1466 2537 1520 aliud
2549 1466 2957 1536 credere,quam
2972 1466 3129 1521 ﬁdem
3145 1465 3441 1520 babere.Ac
3454 1479 3548 1535 per
3561 1463 3662 1519 hoc
3673 1479 3792 1519 cum

2208 1557 2563 1627 respondetur
2592 1558 2842 1628 parvulus
2875 1557 3126 1623 credere,
3153 1558 3240 1628 qui
3277 1556 3396 1612 fidei
3428 1557 3660 1612 nondum
3697 1555 3796 1609 ha-

2210 1649 2299 1706 bet
2322 1650 2599 1714 aﬂ‘ectum,
2629 1651 2980 1721 respondetur
3009 1651 3163 1705 ﬁdem
3205 1651 3402 1707 habere
3433 1665 3646 1721 propter
3676 1650 3797 1705 lidei

2211 1751 2601 1799 sacramentum
2623 1787 2639 1811 ,
2668 1753 2721 1798 ct
2749 1753 3061 1799 convertere
3081 1759 3138 1799 se
3159 1745 3223 1798 ad
3250 1745 3413 1800 Deum
3436 1753 3648 1814 preptcr
3673 1759 3801 1798 con-

2213 1839 2472 1892 versionis
2500 1846 2889 1892 sacramentum
2909 1879 2925 1906 ,
2952 1839 3071 1909 quia
3097 1847 3148 1895 et
3179 1839 3287 1908 ipsa
3313 1840 3588 1909 responsio
3615 1837 3680 1892 ad
3705 1853 3801 1892 cc-

2215 1928 2563 1984 lebrationctn
2599 1931 2828 1999 pertinet
2869 1931 3206 1986 sacramenti.
3254 1931 3401 1985 Sicut
3443 1931 3507 1985 de
3549 1931 3663 2002 ipso
3688 1929 3802 2000 Ba-

2217 2020 2413 2091 ptismo
2431 2022 2736 2089 Apostolus,
2757 2019 3068 2090 Consepalti,
3089 2022 3276 2091 inquit,
3300 2039 3471 2076 sumus
3499 2021 3695 2074 Christo
3717 2037 3806 2087 per

2218 2109 2536 2180 Baptismum
2548 2111 2598 2164 in
2612 2120 2819 2166 mortem
2837 2111 3010 2184 (Rom.
3029 2129 3102 2179 Vl,
3118 2111 3194 2183 4).
3213 2110 3328 2166 Non
3346 2114 3448 2178 ait,
3469 2113 3807 2181 Sepulturatn

2222 2201 2675 2271 signiﬁcavimus;
2708 2203 2800 2258 sed
2830 2219 3044 2272 prorsus
3072 2203 3165 2271 ait,
3186 2203 3475 2275 Consepulti
3501 2221 3690 2258 sumus.
3711 2201 3804 2259 Sa-

2224 2305 2556 2349 crumentum
2591 2311 2719 2365 ergo
2750 2307 2910 2351 tanta:
2945 2299 3018 2352 rei
3052 2299 3261 2353 nonnisi
3305 2298 3541 2369 ejusdem
3587 2299 3664 2353 rei
3716 2313 3810 2352 vo-

2221 2385 2407 2440 cabulo
2430 2387 2769 2458 nuncupavit.

2296 2477 2384 2531 l0.
2417 2477 2599 2548 Itaque
2629 2479 2940 2549 parvulum,
2973 2479 3072 2536 etsi
3113 2480 3349 2535 nondum
3395 2480 3528 2537 ﬁdes
3568 2479 3650 2535 illa
3692 2497 3811 2551 qua:

2226 2566 2280 2622 in
2305 2568 2636 2624 credentium
2665 2572 2935 2626 voluntate.
2969 2573 3212 2627 consistit
3232 2614 3245 2637 ,
3286 2573 3394 2642 jam
3442 2581 3616 2628 tamen
3647 2573 3814 2644 ipsius

2229 2659 2352 2713 iidci
2392 2671 2780 2716 sacramentum
2829 2663 3035 2718 ﬁdelem
3087 2663 3231 2719 facit.
3271 2665 3402 2718 Nam
3433 2665 3569 2720 sicut
3593 2665 3814 2721 credere

2233 2753 2604 2821 respondetur,
2637 2756 2708 2812 ita
2738 2756 2895 2810 etiam
2931 2757 3097 2812 fidelis
3125 2768 3364 2822 vocatur,
3393 2773 3495 2813 nou
3545 2774 3656 2813 rem
3702 2759 3814 2829 ipsa

2231 2854 2408 2899 mente
2434 2849 2744 2915 annuendo,
2772 2849 2862 2903 sed
2892 2850 3055 2918 ipsius
3097 2851 3171 2905 rei
3213 2861 3602 2907 sacramentum
3643 2852 3816 2925 perci-

2231 2933 2444 3006 piendo.
2474 2937 2607 2993 Cum
2639 2948 2812 2994 autem
2843 2940 3002 2995 homo
3028 2957 3214 3011 sapere
3252 2943 3509 3012 cmperit,
3539 2957 3642 2997 non
3684 2943 3813 2998 illud

2233 3039 2620 3085 sacramentum
2651 3043 2880 3102 repetet,
2913 3033 3005 3087 sed
3035 3035 3322 3106 intelliget,
3367 3035 3584 3106 ejusque
3606 3036 3815 3092 veritati

2233 3137 2467 3177 consona
2513 3125 2670 3180 etiam
2717 3127 2984 3182 voluntate
3028 3129 3377 3197 coaptabitur.
3427 3129 3535 3184 lloc
3582 3129 3817 3200 quandiu

2234 3228 2339 3268 non
2368 3223 2575 3284 potest,
2603 3217 2800 3272 valebit
2822 3229 3210 3274 sacramentum
3241 3219 3308 3275 ad
3343 3221 3455 3292 ejus
3484 3223 3697 3276 tutelam
3723 3222 3818 3276 ad-

2234 3315 2420 3362 verSus
2457 3309 2747 3362 contrarias
2778 3318 3103 3379 potestates;
3147 3321 3200 3368 et
3240 3320 3441 3368 tantum
3469 3314 3662 3370 valebit
3692 3327 3749 3368 ut
3774 3313 3819 3370 si

2234 3409 2358 3453 ante
2405 3400 2625 3455 rationis
2667 3415 2819 3458 usum
2857 3403 2877 3434 '
2917 3419 2983 3458 ex
3023 3405 3121 3460 hac
3160 3405 3262 3460 vita
3307 3405 3675 3478 emigraverit,
3725 3422 3820 3476 per

2235 3489 2409 3560 ipsum
2436 3503 2824 3548 sacramentum
2842 3497 3247 3552 commendante
3264 3497 3517 3552 Ecclesia:
3541 3497 3817 3564 charitate,

2235 3584 2302 3639 ab
2329 3585 2415 3639 illa
2440 3587 2898 3656 condemnatione,
2925 3607 3042 3662 quae
3068 3608 3161 3662 per
3182 3609 3342 3647 unum
3373 3593 3634 3648 hominem
3656 3593 3822 3647 intra-

2235 3675 2311 3730 vit
2333 3675 2386 3730 in
2408 3678 2662 3732 mundum
2692 3677 2800 3750 (Id.
2820 3697 2871 3747 v,
2899 3683 3010 3753 12),
3034 3684 3322 3739 christiano
3343 3684 3604 3754 adjutorio
3629 3684 3824 3741 libero-

2236 3772 2340 3821 tur.
2370 3767 2481 3823 Hoc
2497 3769 2585 3839 qui
2607 3785 2710 3825 non
2732 3773 2919 3841 credit,
2953 3783 3006 3827 et
3039 3773 3150 3830 ﬁeri
3181 3790 3284 3830 non
3312 3791 3468 3846 posse
3510 3779 3820 3848 arbitratur,

2237 3861 2473 3930 profecto
2503 3862 2732 3920 inﬁdelis
2757 3875 2870 3930 est,
2897 3867 2993 3922 etsi
3023 3867 3214 3922 habeat
3241 3869 3358 3925 ﬁdei
3393 3880 3822 3940 sacramentum;

2237 3951 2498 4024 longeque
2526 3956 2713 4010 melior
2736 3966 2816 4012 cst
2843 3958 2934 4013 illo
2958 3958 2978 3990 ³
3009 3961 3284 4030 parvulus,
3315 3963 3402 4033 qui
3434 3965 3638 4019 etiamsi
3661 3965 3823 4022 ﬁdem

2237 4047 2471 4102 nondum
2504 4048 2692 4104 habent
2731 4051 2784 4104 in
2814 4051 3129 4122 cogitatione
3148 4095 3165 4122 ,
3193 4070 3300 4109 non
3331 4055 3378 4112 ei
3410 4064 3584 4112 tamen
3613 4059 3824 4114 obicem

2237 4139 2516 4194 contraria:
2559 4142 2894 4212 cogitationis
2947 4145 3198 4214 opponit,
3251 4145 3391 4204 unde
3431 4160 3824 4205 sacramentum

2238 4232 2356 4302 ejus
2393 4233 2674 4290 salubriter
2719 4237 2961 4308 percipit.
3014 4238 3317 4310 Respondi,
3363 4243 3501 4298 sicut
3536 4244 3783 4299 existimo
3807 4286 3820 4308 ,

2237 4328 2621 4398 quaestionibus
2648 4331 2752 4385 tuis
2771 4372 2788 4399 ,
2820 4342 3072 4403 quantum
3101 4337 3288 4391 attinet
3313 4336 3380 4392 ad
3405 4337 3580 4393 minus
3599 4353 3825 4412 capaces

2239 4427 2294 4473 et
2317 4417 2383 4473 ad
2409 4423 2771 4479 contentiosos
2789 4465 2804 4489 ,
2839 4440 2942 4479 non
2969 4426 3128 4492 satis;
3159 4437 3414 4498 quantum
3437 4439 3617 4487 autem
3645 4430 3714 4486 ad
3739 4444 3827 4502 pa-

2238 4521 2388 4567 catos
2423 4520 2479 4568 et
2507 4513 2893 4587 intelligentes,
2931 4518 3050 4588 plus
3093 4519 3226 4574 forte
3262 4535 3420 4591 quam
3459 4530 3542 4580 sat
3575 4531 3677 4580 est.
3713 4521 3828 4580 Nec

2241 4603 2333 4658 tibi
2357 4603 2423 4660 ad
2450 4609 2842 4665 excusationem
2891 4626 3062 4666 meam
3101 4611 3269 4683 objeci
3309 4613 3665 4673 ﬁrmissimam
3689 4630 3826 4678 con-

2241 4698 2614 4767 suetudinem,
2659 4701 2752 4757 sed
2781 4703 3143 4762 saluberrimae
3181 4708 3582 4766 consuetudinis
3617 4712 3826 4769 reddidi

2239 4807 2396 4863 quam
2423 4793 2567 4865 potui
2595 4796 2875 4853 rationem.

2681 4887 3007 4946 EPISTOLA
3048 4891 3211 4948 XCIX
3237 4895 3260 4918 ⁶
3280 4893 3377 4969 (α).

2245 4975 2329 5030 Ea:
2370 4973 2721 5034 Romanorum
2756 4981 3041 5042 calamitate
3077 4995 3362 5060 susceptum
3398 5003 3567 5045 animo
3600 4990 3838 5049 dolorem

2601 5071 3179 5146 commiserationemque
3200 5077 3474 5149 signiﬁcat.

2244 5158 2674 5232 Religiosissimae
2698 5173 2856 5234 atque
2902 5165 2954 5220 in
2982 5165 3178 5224 Christi
3203 5171 3458 5228 membris
3485 5172 3679 5230 merito
3705 5187 3812 5232 san

2321 5261 2509 5325 cteque
2538 5255 2785 5312 laudabili
2807 5256 3017 5316 famulae
3047 5259 3144 5318 Dei
3177 5259 3434 5336 ιωωιι,
3459 5264 3826 5336 Auensrtsus,

2317 5348 2372 5402 in
2402 5347 2627 5404 Domino
2656 5350 2900 5406 salutem.

2309 5459 2328 5527 ἒ
2345 5459 2791 5527 κεε-νιείηιίνὶωηο

2309 5521 2445 5590 {Mss
2469 5521 2618 5588 prope
2641 5521 2812 5590 omnes
2832 5525 3029 5586 habent,
3058 5535 3166 5581 ante
3189 5531 3730 5590 majorisusumtelatt's.

2311 5586 2423 5656 {sic
2442 5586 2569 5656 unus
2588 5600 2622 5637 e
2635 5589 2780 5656 vatio.
2807 5591 2935 5656 Mss”
2954 5599 2998 5639 ct
3026 5601 3178 5643 recte.
3199 5586 3336 5656 [ἱΙῑι-Ἵ.

2313 5648 2329 5719 ξ
2356 5651 2611 5719 Recognita
2638 5651 2705 5719 ad
2741 5666 2787 5700 tt.
2833 5653 2878 5700 Ι).
3016 5656 3079 5703 Μ.
3107 5648 3258 5719 bufo.
3297 5648 3369 5712 cc,
3393 5657 3446 5712 ff.
3471 5674 3521 5719 κ,
3549 5674 3626 5717 av.
3658 5665 3686 5716 ἱ.
3717 5677 3763 5710 η.
3793 5675 3819 5711 ι·

2248 5722 2291 5760 s.
2314 5716 2353 5780 t.
2370 5713 2689 5780 _vc.__duo_s_§b.
2715 5713 3008 5776 quatuorfv.
3035 5725 3088 5780 et
3099 5717 3158 5769 ad
3181 5725 3281 5770 Am.
3537 5713 3654 5780 tm.

2315 5773 2650 5852 (triennalia?)
2663 5773 2817 5852 Effuge
2839 5779 3087 5852 autemgi‘l
3112 5793 3232 5843 eat,
3260 5773 3384 5834 nunc
3408 5773 3515 5837 ιαμ
3749 5800 3841 5836 cx-

2257 5843 2408 5888 c-unte
2429 5849 2508 5886 an.
2531 5835 2643 5898 408,
2658 5835 2742 5887 sui
2767 5840 2967 5890 ineunte
2989 5841 3096 5893 409.
