4032 6334
280 351 386 411 365

346 472 398 527 l.
421 469 561 525 Tres
591 468 846 539 epistolas
869 475 971 523 tum
999 464 1344 537 Benignitatis
1379 477 1711 532 acceperam,
1742 475 1862 513 cum

279 567 372 624 ista
391 563 667 632 rescripsi.
689 563 856 617 Unam
883 577 998 631 quae
1015 559 1187 613 adhuc
1209 573 1354 611 meas
1375 556 1580 610 litteras
1601 552 1860 623 exigebat,

277 659 496 712 alteram
523 672 645 725 qua:
671 654 736 708 ad
769 663 820 709 te
849 652 956 723 jam
995 651 1296 722 pervenisse
1326 646 1610 710 indicabat,
1651 645 1862 698 tertiam

283 764 395 818 quae
425 745 988 800 benevolentissimaut
1015 757 1113 812 pro
1136 743 1287 796 nobis
1315 755 1494 794 curam
1521 747 1664 791 tuam
1703 736 1861 790 etiam

274 839 339 894 de
381 837 548 894 domo
598 835 880 890 claris.~imi
926 844 980 888 et
1025 833 1222 905 egregii
1269 831 1479 902 juvenis
1505 825 1718 896 Juliaui,
1746 843 1863 900 quae

276 932 474 989 nostris
521 930 763 984 adhaeret
803 929 1112 1001 parietibus,
1155 925 1475 982 continebat.
1509 921 1619 990 Qua
1646 931 1864 991 accepta

274 1026 531 1082 continuo
563 1024 888 1094 respondere
918 1038 1022 1077 non
1041 1021 1239 1082 distuli,
1259 1019 1380 1092 quia
1405 1027 1710 1089 procurator
1739 1013 1863 1070 Exi-

270 1115 507 1172 mietatis
538 1124 642 1171 ture
671 1117 778 1169 cito
803 1128 862 1170 se
891 1113 1114 1168 Romam
1165 1126 1322 1182 posse
1349 1110 1578 1174 mittere,
1612 1107 1859 1178 scripsit:

269 1209 420 1278 cujus
451 1206 648 1261 litteris
683 1205 913 1278 graviter
937 1199 1232 1260 contristati
1262 1217 1464 1264 sumus,
1490 1199 1630 1269 quod
1656 1215 1716 1254 ea
1741 1215 1861 1269 qua:

270 1300 377 1354 illic
405 1299 464 1353 in
487 1296 636 1353 Urbe
663 1297 746 1350 vel
787 1296 929 1350 circa
954 1295 1142 1351 Urbem
1170 1301 1426 1364 geruntur
1447 1291 1546 1364 (a),
1573 1307 1674 1346 non
1709 1291 1862 1346 nobis

271 1393 544 1447 insinuare
574 1389 804 1452 curavit,
829 1398 885 1442 ut
909 1398 1111 1444 certum
1131 1387 1269 1458 apud
1317 1402 1414 1442 nos
1442 1388 1591 1440 fieret
1613 1385 1750 1455 quod
1781 1387 1862 1440 in-

270 1493 430 1542 certa:
475 1481 635 1537 tanta:
661 1481 880 1536 credere
909 1480 1238 1535 nolebamus.
1271 1478 1514 1534 Fratrum
1553 1477 1747 1548 quippe
1770 1477 1858 1531 lit-

271 1577 397 1631 teris
417 1583 548 1629 ante
571 1573 918 1638 transmissis,
943 1572 1182 1644 quamvis
1210 1571 1432 1624 molesla
1461 1580 1512 1624 et
1542 1569 1692 1632 dura,
1724 1568 1858 1621 mul-

273 1679 325 1724 to
355 1679 535 1724 tamen
575 1669 776 1724 leviora
824 1667 1065 1722 nuntiata
1093 1674 1233 1722 sunt.
1268 1665 1389 1720 Plus
1415 1681 1545 1720 sane
1569 1680 1726 1735 quam
1755 1663 1858 1716 dici

274 1771 448 1833 potest
482 1763 710 1818 miratus
729 1777 868 1828 sum,
896 1759 1035 1830 quod
1071 1775 1170 1814 nec
1207 1766 1346 1814 tanta
1370 1757 1646 1813 occasione
1685 1755 1878 1836 liomi-_

272 1869 396 1908 num
444 1865 659 1907 tuorum
687 1852 878 1908 fratres
926 1852 1094 1907 sancti
1124 1851 1356 1922 episcopi
1399 1849 1730 1919 scripserint,
1761 1864 1860 1903 nec

273 1946 495 2015 epistola
527 1954 616 1998 tua
642 1946 929 2015 quidquam
970 1944 1122 1997 nobis
1149 1941 1217 1997 de
1245 1943 1404 1996 tantis
1434 1941 1858 1995 tribulationibus

273 2041 464 2095 vestris
479 2040 829 2096 insinuaverit
850 2054 866 2103 ;
891 2054 1010 2107 qua:
1030 2037 1211 2106 utique
1245 2051 1341 2108 per
1363 2035 1564 2092 viscera
1587 2033 1860 2088 charitatis

275 2144 325 2189 et
345 2142 544 2189 nostrae
564 2142 688 2188 sunt
711 2147 728 2198 ;
760 2131 858 2186 nisi
881 2130 1016 2185 forte
1041 2129 1337 2185 faciendum
1353 2143 1458 2183 non
1484 2127 1698 2197 putasti,
1720 2125 1861 2196 quod

281 2227 404 2282 nihil
434 2226 693 2296 prodesse
722 2224 938 2288 duxisti,
968 2231 1059 2278 aut
1078 2237 1176 2276 nos
1205 2222 1306 2276 tuis
1328 2220 1517 2277 litteris
1537 2218 1862 2275 mmstiiicari

279 2319 510 2374 noluisti.
540 2318 768 2374 Prodest
790 2317 1010 2388 aliquid,
1037 2324 1290 2386 quantm
1315 2330 1415 2384 ego
1433 2314 1682 2377 arbitror,
1702 2312 1862 2368 etiam

278 2412 376 2468 ista
404 2426 762 2483 cognoscere.
815 2410 1016 2478 Primo,
1056 2411 1174 2481 quia
1222 2409 1474 2478 injustum
1503 2415 1586 2461 est
1625 2403 1860 2475 gaudere

278 2506 412 2560 velle
434 2521 560 2560 cum
579 2504 952 2575 gaudentibus,
970 2512 1026 2559 et
1045 2505 1172 2558 ﬂere
1199 2516 1302 2556 non
1320 2500 1456 2556 velle
1471 2514 1592 2556 cum
1613 2496 1865 2552 flentibus

215 2619 220 2624 ’
279 2597 468 2666 (Rcui.
511 2595 1021 2669 xrr,l$):deinde,
1066 2595 1189 2665 quia
1239 2594 1506 2648 tribulatio
1554 2591 1863 2662 patientiam

281 2696 551 2758 operatur,
583 2688 838 2757 patientia
867 2687 1254 2756 probationem,
1281 2685 1522 2757 probatio
1538 2700 1712 2754 spem,
1740 2698 1865 2752 spes

281 2789 456 2834 autem
488 2794 600 2833 non
622 2778 924 2846 confundit,
953 2780 1076 2849 quin
1099 2780 1331 2834 cliaritas
1361 2779 1451 2834 Dei
1481 2779 1672 2834 ditiusa
1698 2789 1780 2834 est
1808 2779 1864 2832 in

281 2873 528 2926 cordibus
556 2872 758 2926 nostris
800 2887 894 2940 per
919 2871 1173 2942 Spiritum
1199 2883 1463 2940 sanctum,
1484 2872 1574 2943 qui
1606 2871 1762 2927 datus
1781 2878 1867 2927 est

283 2965 429 3020 nobis
455 2963 584 3038 (Id.
605 2979 663 3030 ν,
691 2965 789 3019 5-5
808 2962 852 3035 ).

348 3057 402 3110 2.
445 3058 605 3112 Absit
651 3057 830 3125 itaque
875 3064 931 3111 ut
960 3071 1272 3111 recusemus
1314 3055 1700 3124 audireetiam
1746 3072 1868 3126 qua

287 3163 460 3204 amara
479 3157 539 3204 et
564 3148 734 3202 tristia
761 3158 1021 3218 sunterga
1055 3148 1394 3202 citarissimos
1409 3156 1642 3205 nostros.
1674 3147 1868 3205 Nescio

289 3256 387 3310 quo
427 3241 576 3296 enim
605 3240 769 3295 modo
813 3241 990 3295 minus
1019 3242 1076 3294 tit
1094 3241 1234 3310 quod
1280 3241 1474 3311 patitur
1507 3255 1668 3296 unum
1697 3257 1865 3297 mem-

287 3331 460 3396 brum,
487 3333 533 3386 si
558 3333 952 3401 compatiuntur
976 3331 1078 3386 alia
1117 3333 1352 3387 membra
1381 3334 1395 3398 (
1423 3331 1442 3386 l
1475 3331 1592 3387 Cor.
1620 3348 1718 3402 ιιι,
1738 3332 1809 3388 26
1822 3334 1862 3405 ).

294 3424 404 3480 Nec
430 3426 538 3495 ipsa
563 3425 688 3478 mali
730 3424 983 3478 relevatio
1007 3423 1064 3477 fit
1095 3440 1191 3493 per
1212 3427 1640 3480 communionem
1675 3425 1864 3491 cladis,

295 3517 386 3571 sed
411 3531 510 3585 per
539 3517 787 3570 solatium
834 3515 1129 3579 cbaritatis,
1161 3526 1218 3569 ut
1254 3517 1494 3585 quamvis
1539 3517 1630 3571 alii
1648 3517 1868 3572 ferendo

290 3607 584 3678 patiuntur,
613 3607 705 3661 alii
731 3607 1101 3676 cognoscendo
1131 3609 1542 3676 compatiuntur,
1569 3609 1868 3664 communis

288 3702 352 3756 sit
381 3711 566 3756 nmen
595 3701 888 3768 tribulatio,
933 3702 1125 3772 quibus
1153 3702 1414 3771 probatio,
1460 3717 1604 3772 spes,
1629 3701 1863 3768 dilectio,

290 3794 609 3863 spiritusque
631 3794 931 3847 communis
952 3802 1052 3848 est.
1081 3793 1279 3849 Omnes
1299 3805 1476 3850 autem
1497 3810 1594 3850 nos
1615 3796 1872 3850 Dominus

290 3886 616 3946 consolatur,
662 3884 754 3953 qui
782 3893 835 3938 et
877 3883 992 3938 haec
1018 3885 1328 3960 temporalia
1354 3886 1491 3939 mala
1522 3886 1783 3954 praedixit,
1817 3893 1872 3941 et

290 3984 403 4044 post
429 3975 550 4029 hac
567 3975 704 4028 bona
733 3984 933 4030 aeterna
957 3975 1200 4044 promisit
1231 3994 1243 4029 :
1277 3991 1375 4031 nec
1394 3977 1552 4033 debet
1579 3993 1699 4034 cum
1731 3995 1869 4048 prie~

290 4065 442 4121 liatur
464 4066 700 4136 infringi,
747 4068 840 4136 qui
873 4068 984 4121 vult
1009 4076 1127 4136 post
1153 4068 1392 4136 prtulium
1431 4071 1697 4128 coronari.
1731 4072 1876 4125 vires-

296 4158 380 4214 illo
410 4161 853 4215 subministrante
876 4162 1222 4230 certantibus,
1263 4163 1356 4232 qui
1383 4175 1645 4233 praeparat
1685 4164 1874 4218 inetia-

295 4250 415 4306 bliia
441 4252 582 4306 dona
609 4251 920 4306 victoribus.

357 4347 412 4400 ὅ.
439 4344 721 4414 Rescripta
745 4345 831 4398 illa
855 4351 1034 4399 nostra
1053 4359 1156 4399 non
1173 4343 1265 4399 tibi
1288 4345 1353 4399 ad
1382 4360 1478 4400 nos
1493 4346 1728 4400 auferant
1745 4347 1873 4403 scri-

291 4437 444 4495 bendi
464 4439 736 4505 fiduciam,
772 4439 1061 4508 praesertim
1082 4439 1203 4508 quia
1235 4439 1475 4493 timorem
1504 4449 1740 4494 nostrum
1765 4455 1870 4495 non

293 4531 629 4601 improbabili
670 4531 978 4586 delensione
1009 4531 1204 4586 lenisti.
1234 4531 1486 4585 Parvulos
1521 4541 1637 4586 tuos
1664 4533 1872 4587 resalu-

296 4632 485 4690 tamus,
527 4633 584 4678 et
613 4625 666 4677 in
704 4623 919 4679 Christo
966 4623 1056 4678 tibi
1096 4624 1448 4694 grandescere
1484 4633 1748 4694 optamus,
1781 4629 1870 4696 qui

293 4718 396 4786 jam
425 4717 478 4770 in
505 4717 608 4771 hac
637 4724 792 4771 :etate
820 4718 1044 4771 cernunt
1059 4727 1216 4786 quam
1243 4719 1312 4771 sit
1338 4728 1487 4771 amor
1508 4717 1666 4788 hujus
1693 4720 1872 4774 saeculi

301 4812 636 4881 periculosus
671 4819 726 4865 et
764 4811 985 4875 noxius;
1017 4820 1173 4880 atque
1213 4812 1411 4865 utinam
1448 4827 1566 4866 cum
1597 4825 1782 4882 magna
1819 4819 1878 4869 et

303 4901 435 4956 dura
455 4902 821 4972 quatiuntur‘,
853 4917 1010 4971 parva
1048 4911 1101 4956 et
1143 4901 1387 4958 flexibilia
1417 4904 1764 4974 corrigantur.
1800 4907 1878 4962 Ds

306 4994 468 5050 domo
511 4995 600 5048 illa
639 4995 762 5064 quid
795 4995 988 5059 dicam,
1021 4994 1124 5050 nisi
1157 4995 1549 5066 benignissimae
1591 5005 1693 5051 ture
1731 5007 1878 5054 citra

300 5088 498 5158 gratias
527 5087 719 5157 agam?
747 5086 876 5142 Nam
903 5103 1042 5153 eam,
1074 5103 1230 5157 quam
1272 5088 1399 5143 dare
1445 5103 1741 5158 possumus,
1775 5103 1874 5146 no-

305 5179 452 5247 lunt;
482 5193 643 5249 quam
671 5180 1065 5246 voluntautem,
1095 5179 1224 5234 dare
1241 5195 1344 5234 non
1368 5196 1665 5250 possumus.
1692 5184 1879 5254 Nequ.

361 5315 378 5380 ξ
403 5314 537 5380 illd,
561 5314 822 5380 patiatur.
848 5322 904 5366 At
924 5321 1051 5373 MSS.,
1075 5313 1368 5380 quatiuntur.

359 5375 428 5439 (a)
451 5375 624 5450 Tangit
641 5378 720 5428 hic
738 5375 928 5450 allatam
951 5375 1154 5427 Romano
1174 5379 1349 5450 populo
1371 5377 1554 5450 cladem
1578 5383 1730 5444 prima
1752 5383 1879 5450 obsis

292 5436 440 5489 ilione
463 5436 614 5503 Urbis,
632 5452 722 5503 per
751 5438 986 5503 Alarlcum
1009 5454 1022 5490 :
1049 5436 1388 5503 quic'quidem
1418 5441 1476 5492 ad
1509 5436 1653 5493 finem
1684 5460 1764 5496 an.
1787 5449 1880 5499 400

292 5503 551 5566 pertinere
571 5502 781 5566 videtur.
806 5502 987 5566 Quippe
1010 5502 1255 5566 τις-(ξριτιρθ
1281 5505 1494 5552 Romanis
1525 5517 1643 5556 auro
1665 5522 1773 5558 cum
1795 5523 1879 5562 re.

293 5563 528 5612 cessissm
544 5562 769 5623 Alarlcus,
795 5562 1177 5624 «mediocrcjain
1195 5563 1520 5614 laxamentum
1537 5567 1627 5616 hoc
1650 5570 1881 5622 malorum

300 5641 325 5671 ι
350 5639 463 5674 esse
489 5624 768 5693 videbatur,_
783 5635 881 5687 Quo
904 5633 1122 5693 tempore
1146 5629 1380 5693 Honorius
1402 5628 1598 5693 quidem
1621 5633 1882 5693 imperator

301 5703 326 5734 ι
349 5694 584 5736 Ravenna:
606 5687 905 5737 consulatum
927 5688 1096 5745 inibat,
1120 5691 1272 5738 octies
1296 5687 1529 5738 honorem
1551 5687 1881 5747 hunc'conse-

302 5765 325 5794 ι
349 5757 489 5798 cutus
499 5763 516 5815 ξ
542 5749 589 5797 iu
613 5750 1267 5815 Orientevero_'i‘hen3iosius
1301 5759 1538 5815 .‘sugustus
1562 5754 1658 5815 jam
1684 5761 1883 5810 tertium

303 5786 328 5859 ἰ
351 5786 852 5874 ὂὸἱὲἶιί,ἶύἷίἐῖἑιῖὶὖίί
867 5786 1151 5865 iii
1163 5786 1325 5875 15875,
1335 5786 1395 5862 iii
1404 5786 1658 5867 ἓίἷιιῖἷίὶῗ
1668 5786 1733 5869 εἶὲ
1734 5786 1751 5867 Γ

1484 337 1806 394 EPISTOLA
1816 335 1960 393 RUI
1998 336 2263 398 CLASSIS
2289 339 2353 397 11.

3460 349 3564 410 368

1975 462 2115 515 enim
2146 463 2278 519 sicut
2324 463 2458 521 falso
2498 468 2798 538 audierunt,
2839 485 2868 524 a
2895 471 3178 530 decessore
3218 489 3343 533 meo
3371 474 3561 532 relicta

1973 565 2054 610 est
2077 558 2347 626 Ecclesiae,
2371 562 2464 616 sed
2487 563 2622 617 inter
2649 567 2859 636 antiqua
2885 567 2999 636 ejus
3016 569 3208 638 praedia
3229 567 3552 640 possidetur.

1971 659 2024 704 et
2048 651 2273 721 antiquae
2300 652 2450 707 alteri
2478 656 2717 712 ecclesia:
2737 658 2814 713 sic
2834 659 3084 727 cohaeret,
3103 660 3553 732 quemadmodum

1973 740 2071 796 ista
2102 741 2168 798 de
2196 759 2296 814 qua
2319 746 2508 817 agitur,
2534 747 2704 803 alteri.
2861 749 2866 753 ’

2461 859 2789 916 EPISTULA
2828 860 2870 918 ο
2895 866 2913 887 θ
2946 853 3041 936 (α).

1969 968 2276 1043 Augustinus
2317 971 2519 1028 Donato
2566 976 2852 1044 proconsuli
2897 977 3106 1048 Africa,
3149 987 3207 1035 ut
3251 979 3552 1038 Donatius

2452 1077 2694 1132 coerceat,
2723 1085 2826 1123 non
2849 1071 3066 1124 occidat.

1969 1177 2196 1233 Domino
2242 1179 2438 1234 eximio
2487 1181 2781 1252 meritoque
2827 1181 3122 1239 honorabili
3166 1184 3546 1256 insigniterque

2040 1271 2288 1326 laudabili
2323 1271 2430 1363 filio
2476 1274 2803 1345 Dom-rom,
2843 1276 3192 1344 Aucusrmus,
3234 1277 3287 1332 in
3318 1277 3564 1334 Domino

2037 1361 2283 1417 salutem.

2037 1475 2087 1528 l.
2113 1474 2317 1531 Nollem
2346 1476 2561 1546 quidem
2589 1477 2638 1530 in
2668 1475 2750 1532 liis
2769 1475 3192 1534 afﬂictationibus
3206 1491 3324 1535 esse
3340 1477 3543 1534 Africa-

1964 1582 2086 1621 nam
2117 1568 2405 1624 Ecclesiam
2448 1570 2808 1638 constitutam,
2837 1580 2893 1626 ut
2951 1581 3177 1627 terrente
3205 1573 3360 1628 ullius
3389 1583 3539 1644 pote-

1963 1658 2114 1713 statis
2134 1660 2387 1733 indigeret
2405 1661 2619 1718 auxilio.
2645 1662 2746 1718 Sed
2764 1665 2905 1734 quia,
2929 1664 3065 1719 sicut
3093 1665 3371 1736 Apostolus
3391 1665 3535 1731 dicit,

1966 1750 2087 1807 Non
2139 1763 2212 1809 est
2260 1765 2476 1825 potestas
2528 1740 2626 1809 nisi
2654 1773 2686 1809 a
2724 1755 2830 1810 Deo
2859 1757 3047 1826 (Rom.
3083 1774 3200 1824 xm,
3233 1757 3327 1830 l);
3359 1759 3540 1827 procul

1964 1845 2147 1913 dubio,
2193 1863 2312 1902 cum
2341 1865 2437 1920 per
2464 1865 2557 1903 vos
2607 1849 2996 1905 sincerissimos
3041 1847 3327 1906 Catholica;
3357 1853 3542 1908 matris

1965 1936 2102 1994 ﬁlios
2130 1937 2299 1993 eidem
2324 1939 2649 2004 subvenitur,
2700 1941 2950 1996 auxilium
2983 1951 3220 1997 nostrum
3250 1943 3301 1997 in
3332 1944 3542 1998 nomine

1971 2030 2173 2084 Domini
2193 2040 2293 2097 est,
2322 2033 2409 2102 qui
2439 2032 2562 2088 fecit
2591 2032 2783 2088 ccelum
2808 2045 2860 2089 et
2883 2045 3073 2088 terram
3097 2036 3114 2104 (
3139 2031 3283 2089 Psal.
3316 2051 3444 2100 cxx,
3463 2033 3539 2103 ‘2).

1965 2122 2096 2191 Quis
2124 2125 2263 2178 enim
2294 2140 2396 2180 non
2449 2126 2644 2181 sentiat
2692 2129 2743 2180 in
2776 2124 2934 2180 tantis
2982 2127 3133 2180 malis
3177 2143 3281 2182 non
3329 2143 3541 2198 parvam

1966 2217 2120 2273 nobis
2135 2219 2549 2277 consolationem
2571 2219 2822 2274 divinitus
2855 2220 3092 2285 missam,
3121 2236 3240 2274 cum
3273 2231 3325 2273 tu
3353 2222 3433 2273 vir
3458 2228 3540 2273 ta-

1966 2307 2032 2362 lis
2075 2319 2126 2364 et
2151 2309 2347 2364 Christi
2378 2313 2606 2367 nominis
2635 2311 3047 2370 amantissimus,
3078 2311 3545 2382 proconsularibus

1967 2415 2025 2455 es
2045 2401 2359 2457 sublimatus
2390 2404 2699 2474 insignibus,
2730 2413 2784 2457 ut
2811 2401 2877 2456 ab
2901 2403 3172 2458 sceleratis
3197 2411 3252 2458 et
3271 2403 3542 2474 sacrilegis

1966 2492 2181 2546 ausibus
2202 2493 2441 2547 inimicos
2475 2491 2724 2549 Ecclesia:
2774 2494 2928 2548 honre
2975 2503 3077 2548 tua:
3107 2495 3365 2548 voluntati
3399 2503 3548 2564 pote-

1967 2593 2076 2638 stas
2105 2579 2300 2640 sociata
2331 2585 2622 2650 cohiberet,
2656 2588 2871 2643 domine
2911 2589 3103 2644 eximie
3133 2589 3424 2661 meritoque
3447 2589 3548 2644 ho-

1968 2675 2220 2731 norabilis
2264 2677 2644 2750 insigniterque
2683 2679 2958 2734 laudabilis
2987 2679 3091 2732 fili?
3117 2679 3352 2750 Denique
3383 2695 3543 2734 unmn

1967 2767 2137 2821 solum
2164 2777 2244 2823 est
2267 2773 2405 2840 quod
2427 2771 2479 2825 in
2508 2781 2589 2825 tua
2608 2769 2808 2840 justitia
2834 2771 3278 2843 pertimescimus,
3303 2786 3369 2825 ne
3389 2769 3544 2837 forte,

1968 2863 2220 2934 quoniam
2243 2863 2495 2934 quidquid
2523 2864 2643 2917 mali
2665 2874 2846 2918 contra
2866 2863 3208 2919 christianum
3241 2865 3546 2918 societatem

1967 2954 2035 3008 ab
2062 2951 2367 3010 hominibus
2392 2955 2564 3025 impiis
2609 2955 2929 3026 ingratisque
2969 2956 3333 3020 committitur,
3368 2953 3546 3025 profe-

1969 3052 2055 3100 cto
2079 3046 2290 3114 gravius
2317 3057 2395 3102 est
2425 3058 2477 3102 et
2506 3049 2735 3102 atrocius
2763 3062 2919 3117 quam
2944 3047 2986 3102 si
3019 3046 3070 3101 in
3101 3048 3232 3100 alios
3261 3047 3381 3102 talia
3408 3063 3545 3102 com-

1971 3138 2266 3205 mittantur,
2295 3148 2350 3193 tu
2377 3155 2583 3210 quoque
2630 3156 2726 3211 pro
2755 3141 3080 3196 immanitate
3113 3141 3425 3208 facinorum,
3479 3157 3542 3198 ac

1970 3244 2075 3282 non
2136 3229 2307 3298 potius
2360 3246 2454 3299 pro
2505 3232 2732 3287 lenitatis
2781 3231 3081 3286 christiana:
3125 3231 3548 3288 consideratione

1970 3334 2190 3376 censeas
2218 3323 2600 3391 coercendum;
2630 3324 2769 3394 quod
2810 3332 2860 3378 te
2887 3340 2981 3394 per
3008 3325 3187 3379 Jesum
3231 3325 3247 3356 ¹
3279 3324 3546 3380 Christum

1969 3426 2040 3466 ne
2065 3410 2225 3465 facias
2263 3413 2620 3467 obsecramus.
2655 3414 2836 3484 Neque
2861 3418 2999 3469 enim
3042 3415 3324 3470 vindictam
3356 3415 3420 3470 de
3451 3416 3550 3470 iui-

1975 3503 2126 3556 micis
2151 3503 2202 3556 in
2224 3503 2322 3558 hac
2352 3513 2490 3558 terra
2518 3506 2858 3574 requirimus,
2895 3512 2986 3560 aut
3007 3521 3132 3560 vero
3176 3507 3242 3561 ad
3267 3521 3357 3562 eas
3387 3522 3550 3577 angu-

1971 3594 2100 3648 stias
2114 3595 2274 3649 animi
2299 3607 2392 3649 nos
2417 3596 2612 3652 debent
2631 3606 2902 3653 coarctare
2923 3611 3041 3668 quae
3062 3599 3308 3667 patimur,
3337 3604 3396 3653 ut
3417 3599 3554 3653 obli-

1973 3687 2239 3741 viscamur
2260 3688 2383 3758 quid
2404 3688 2557 3742 nobis
2585 3691 2911 3758 praeceperit,
2942 3705 3040 3760 pro
3067 3692 3218 3759 cujus
3244 3691 3468 3746 Veritato
3487 3706 3550 3747 ac

1973 3779 2188 3834 nomine
2221 3781 2452 3850 patimur
2482 3797 2493 3833 :
2525 3781 2789 3850 diligimus
2826 3782 3068 3835 inimicos
3109 3790 3320 3837 nostros
3349 3785 3404 3837 et
3426 3794 3550 3837 ora-

1973 3885 2091 3925 mus
2124 3887 2217 3941 pro
2233 3873 2340 3953 .eis.
2371 3871 2524 3928 Unde
2554 3887 2616 3927 ex
2650 3875 2930 3927 occasione
2977 3874 3290 3928 terribilium
3312 3876 3549 3944 judicum

1973 3978 2036 4018 ac
2064 3963 2257 4034 legum,
2293 3980 2357 4018 ne
2384 3966 2435 4018 in
2468 3966 2649 4018 iUlCI'lll
2674 3965 2858 4035 judicii
2887 3977 3069 4033 pinnas
3102 3961 3355 4033 incidant,
3377 3969 3548 4024 corri-

1973 4056 2025 4126 gi
2054 4072 2150 4111 eos
2186 4057 2447 4126 cupimus,
2492 4069 2600 4111 non
2647 4055 2860 4121 necari;
2889 4070 2989 4109 nec
3033 4055 3362 4125 disciplinam
3408 4059 3554 4118 circ!

1973 4161 2066 4202 eos
2096 4147 2282 4216 negligi
2305 4147 2568 4210 volumus,
2586 4161 2684 4200 nec
2705 4147 2981 4216 suppliciis
2999 4148 3021 4178 ³
3051 4147 3242 4214 quibus
3260 4148 3404 4219 digni
3425 4159 3552 4215 sunt

1975 4239 2236 4293 exerceri.
2265 4237 2352 4292 Sic
2383 4237 2540 4307 igitur
2579 4247 2767 4294 eorum
2793 4250 3010 4307 peccata
3036 4253 3338 4311 compesce,
3361 4250 3420 4298 ut
3441 4243 3550 4298 sint

1971 4348 2104 4403 quos
2132 4332 2382 4401 pmniteat
2403 4345 2670 4399 peccasse.

2042 4424 2098 4479 2.
2132 4424 2447 4492 Quaesumus
2475 4425 2629 4496 igitur
2663 4433 2719 4479 ut
2745 4439 2864 4481 cum
2895 4409 3143 4481 Ecclesiae
3167 4415 3354 4482 causas
3376 4413 3554 4498 audis,

1979 4517 2267 4588 quamlibet
2282 4517 2496 4571 nefariis
2519 4516 2720 4586 injuriis
2746 4519 3029 4588 appetitam
3056 4521 3136 4573 vel
3162 4519 3412 4578 afﬂictam
3436 4538 3555 4580 esse

1982 4609 2313 4680 cognoveris,
2343 4618 2651 4680 potestatem
2669 4611 2942 4666 occidendi
2977 4622 3026 4666 te
3053 4609 3252 4668 habere
3276 4615 3554 4672 oblivisca-

1980 4703 2074 4778 ris,
2100 4711 2152 4756 et
2179 4699 2486 4772 petitionem
2528 4711 2766 4757 nostram
2804 4719 2909 4758 non
2938 4704 3282 4760 obliviscaris.
3315 4707 3428 4762 Non
3463 4707 3556 4762 tibi

1981 4796 2084 4850 vile
2111 4794 2196 4859 sit,
2231 4809 2404 4863 neque
2447 4796 2865 4864 contemptibile,
2898 4795 2968 4850 fili
3014 4797 3391 4852 honorabiliter
3416 4799 3553 4852 dile-

1979 4885 2233 4954 ctissimo,
2261 4885 2402 4954 quml
2422 4899 2516 4939 vos
2541 4898 2786 4956 rogamus
2815 4901 2880 4941 ne
2903 4889 3228 4951 occidantur,
3255 4903 3349 4956 pro
3365 4889 3555 4956 quibus

1986 4979 2263 5034 Dominum
2312 4992 2559 5048 rogamus
2618 4986 2668 5031 ut
2718 4976 3068 5048 corrigantur.
3119 4977 3350 5047 Excepto
3393 4979 3552 5034 etiam

2044 5159 2063 5194 ί
2088 5166 2192 5209 ιιι.
2216 5166 2406 5217 omnes,
2427 5162 2774 5221 unoexcepto,
2801 5167 2887 5221 per
2904 5156 3064 5221 ipsum
3082 5152 3340 5204 Christum.

2045 5223 2065 5254 ι
2088 5222 2234 5271 vatio.
2260 5227 2365 5271 tres
2387 5215 2438 5270 et
2459 5217 2572 5268 Gali.
2599 5215 2811 5269 totidem'
2829 5215 2933 5268 uss;
2959 5219 3167 5277 habent,
3192 5229 3280 5267 nec
3301 5215 3556 5281 mppticio.

2041 5303 2063 5324 θ
2085 5303 2262 5354 Oollata
2285 5309 2359 5353 est
2381 5315 2490 5352 cum
2511 5312 2558 5351 a.
2595 5299 2682 5366 bg.
2715 5301 2781 5350 bl.
2820 5313 2862 5350 c.
2899 5309 2969 5350 cc.
2994 5299 3043 5366 tl‘.
3070 5312 3118 5366 g.
3147 5311 3225 5366 gr.
3250 5299 3283 5360 i.
3310 5311 3358 5347 n.
3385 5312 3426 5347 r.
3451 5313 3494 5349 s.
3518 5306 3557 5350 t.

1982 5375 2055 5420 vc.
2080 5367 2269 5417 duobus
2288 5366 2362 5415 ει).
2387 5371 2590 5430 quatuor
2611 5362 2660 5414 γ’.
2685 5377 2792 5414 cum
2817 5371 2914 5410 Am.
2939 5362 3047 5409 und.
3073 5362 3145 5408 Er.
3172 5365 3280 5408 Lor.

2047 5449 2119 5511 (a)
2146 5447 2267 5498 Alias
2292 5445 2378 5496 127
2403 5461 2416 5498 :
2441 5458 2552 5510 quae
2582 5454 2746 5496 autem
2783 5445 2895 5504 lOO,
2929 5451 3059 5503 erat,
3085 5454 3212 5492 nunc
3242 5443 3348 5494 159.
3382 5443 3561 5507 scripti

1983 5513 2107 5564 circa
2127 5513 2254 5560 idem
2277 5517 2485 5570 tempus.

2071 5575 2120 5636 ὸ)
2152 5565 2964 5636 ῡςνηιυιιιείνιοοοηδιιιειῐιιιη-.Αΐι-ἱοω
2992 5565 3202 5636 gerebat
3233 5574 3451 5636 exeunte
3481 5577 3562 5618 an.

2071 5577 2120 5636 ὸ)
2152 5581 2357 5624 Donatus
2388 5577 2772 5633 proconsulatum
2804 5577 2964 5616 .All‘ica}
2994 5577 3202 5627 gerebat
3233 5577 3451 5616 exeunte
3481 5577 3562 5618 an.

1984 5577 2094 5695 ιοὲ,
2118 5637 2187 5684 uti
2218 5634 2455 5694 colligitur
2487 5645 2552 5682 ex
2594 5632 2708 5695 lege
2740 5632 2800 5680 ad
2832 5644 2943 5695 eum
2974 5631 3081 5679 data
3114 5628 3443 5695 2_i_i_iovcmb.,
3467 5639 3564 5695 quo

1985 5691 2191 5748 munere
2217 5691 2405 5746 functus
2437 5709 2527 5744 non
2553 5704 2630 5744 est.
2650 5691 2772 5742 ultra
2795 5691 3004 5742 nicdium
3028 5706 3104 5739 an.
3133 5691 3248 5754 lli);
3274 5693 3451 5754 quippe
3475 5691 3565 5742 hoc

1989 5822 2236 5875 Consulcin
2256 5820 2551 5870 iiacrobium.
