4032 6334
448 416 552 472 567

448 530 592 603 quod
638 546 669 585 a
722 538 976 603 perpetuo
1025 526 1295 599 proposito
1328 521 1577 579 recedere
1621 536 1725 576 non
1766 519 2022 575 debemus

451 624 698 682 vincendi
726 624 778 679 in
808 625 948 679 bono
974 622 1205 685 malum;
1239 618 1367 673 illud
1400 630 1610 687 quoque
1637 613 1913 684 prudentia
1939 620 2025 666 tua

452 719 667 789 cogitet,
708 716 849 787 quod
898 729 1087 770 causas
1125 708 1511 768 ecclesiasticas
1559 707 1831 761 insinuare
1876 703 2028 757 vobis

452 824 613 865 nemo
639 816 832 879 praeter
854 804 1240 862 ecclesiasticos
1260 807 1432 855 curat.
1458 797 1705 862 Proinde,
1726 796 1772 850 si
1788 794 2032 850 occiden-

450 901 551 958 dos
578 902 630 956 in
659 899 742 955 bis
762 898 1051 954 sceleribus
1075 895 1316 949 homines
1336 890 1666 962 putaveritis,
1696 885 2030 943 deterrebitis

450 1007 551 1048 nos
573 1006 643 1047 ne
671 1006 765 1061 per
779 1003 993 1059 operam
1027 995 1267 1042 nostram
1305 983 1371 1037 ad
1394 990 1628 1037 vestrum
1652 979 1907 1050 judicium
1931 976 2051 1030 ali-a

450 1084 581 1157 quid
620 1084 725 1138 tale
769 1082 1087 1153 perveniat:
1120 1093 1224 1148 quo
1274 1084 1549 1146 comperto
1578 1073 1651 1128 illi
1693 1072 1747 1126 in
1791 1078 2028 1126 nostram

454 1176 744 1248 perniciem
772 1172 1049 1228 licentiore
1074 1170 1291 1225 audacia
1316 1166 1717 1237 grassabuntur,
1738 1161 2029 1218 necessita-

448 1278 505 1325 te
528 1268 683 1323 nobis
710 1266 939 1335 impacta
966 1272 1021 1319 et
1043 1261 1259 1326 indicta,
1286 1269 1345 1314 ut
1370 1259 1527 1315 etiam
1556 1255 1721 1312 occidi
1744 1254 1811 1309 ab
1836 1254 1912 1308 eis
1936 1251 2029 1305 eli-

450 1375 658 1432 gamus,
681 1374 837 1428 quam
863 1371 957 1411 eos
991 1352 1309 1410 occidendos
1351 1351 1543 1406 vestris
1577 1348 1791 1418 judiciis
1816 1346 2023 1415 ingera-

450 1468 590 1507 mus.
615 1451 761 1506 llanc
779 1448 1219 1517 admonitionem,
1247 1443 1580 1513 petitionem,
1598 1438 2027 1493 obsecrationem

448 1559 624 1600 meam
655 1557 741 1605 ne,
771 1554 970 1611 quaeso,
1019 1543 1365 1606 aSpernanter
1387 1532 1634 1601 accipias.
1660 1529 1842 1599 Neque
1878 1527 2025 1581 enim

448 1646 505 1692 te
524 1634 758 1691 arbitror
799 1647 905 1686 non
952 1629 1209 1692 recolere,
1224 1628 1476 1697 magnam
1502 1638 1589 1679 me
1614 1621 1679 1676 ad
1706 1630 1758 1675 te
1783 1629 1834 1674 et
1865 1618 2028 1672 multo

451 1742 611 1797 quam
653 1738 799 1778 nunc
834 1735 893 1775 es
935 1720 1097 1774 altius
1140 1718 1478 1773 sublimatum
1508 1712 1715 1769 etiamsi
1749 1712 2027 1779 episcOpus

449 1834 556 1872 non
578 1830 772 1879 essem,
796 1812 1036 1867 liduciam
1061 1821 1236 1865 tamen
1262 1808 1458 1863 habere
1484 1804 1735 1875 potuisse.
1753 1802 1874 1856 Cito
1894 1802 2030 1856 inte-

449 1910 553 1966 rim
599 1924 692 1978 per
722 1906 950 1961 edictum
980 1901 1325 1958 Excellentize
1351 1909 1455 1953 tuae
1502 1895 1748 1952 noverint
1790 1891 2026 1949 hmretici

452 1998 766 2061 Donatista),
798 2010 1015 2050 manere
1036 1994 1178 2064 leges
1206 1998 1392 2046 contra
1432 2004 1670 2045 errorem
1698 2001 1851 2041 suum
1871 1985 2025 2047 latas,

452 2111 585 2167 quas
602 2094 710 2164 jam
734 2092 866 2147 nihil
889 2090 1063 2144 valere
1090 2086 1414 2142 arbitrantur
1434 2095 1487 2140 et
1502 2085 1722 2153 jactant,
1755 2095 1821 2134 ne
1849 2079 1931 2134 vel
1952 2078 2029 2132 sic

450 2187 604 2241 nobis
639 2199 857 2255 parcere
886 2182 1221 2251 aliquatenus
1254 2178 1475 2248 possint.
1526 2173 1820 2228 Plurimum
1849 2177 2027 2225 autem

450 2277 660 2332 labores
686 2284 741 2330 et
764 2273 991 2344 pericula
1020 2280 1220 2337 nostra,
1249 2285 1353 2340 quo
1374 2268 1640 2323 fructuosa
1667 2267 1793 2331 sint,
1824 2264 2031 2333 adjuva-

450 2368 554 2433 his,
584 2366 629 2421 si
654 2380 837 2420 eorum
868 2363 1207 2417 vanissimam
1234 2370 1287 2416 et
1308 2361 1480 2430 impia:
1500 2358 1761 2429 superbia:
1785 2356 2028 2426 plenissi-

451 2474 591 2513 mam
622 2465 821 2512 sectam
849 2471 953 2509 non
976 2454 1047 2508 ita
1071 2467 1227 2508 cures
1258 2450 1617 2521 imperialibus
1648 2449 1848 2519 legibus
1878 2461 2026 2500 com-

450 2551 630 2621 primi,
664 2557 721 2604 ut
745 2549 843 2603 sibi
869 2550 951 2603 vel
976 2548 1086 2602 suis
1121 2546 1399 2600 videantur
1419 2543 1830 2614 qualescumque
1860 2538 2027 2594 mole-

448 2642 578 2697 stias
608 2656 703 2710 pro
745 2641 964 2694 veritate
1002 2648 1160 2707 atque
1201 2636 1402 2705 justitia
1450 2634 1749 2688 sustinere:
1779 2630 1872 2686 sed
1911 2645 2027 2696 eos,

449 2748 571 2789 cum
594 2732 695 2787 hoc
720 2732 817 2785 abs
846 2740 897 2785 te
919 2730 1133 2801 petitur,
1171 2743 1347 2783 rerum
1374 2737 1636 2782 certarum
1662 2721 2027 2777 manifestissi-

452 2826 557 2880 mis
604 2822 944 2879 documentis
985 2819 1123 2890 apud
1170 2820 1302 2872 Acta
1328 2817 1410 2871 vel
1453 2814 1778 2870 Praestantia:
1818 2821 1919 2866 tua:
1944 2810 2029 2866 vel

448 2917 715 2971 minorum
745 2913 980 2985 judicum
1033 2908 1273 2965 convinci
1310 2915 1466 2977 atque
1507 2904 1693 2959 instrui
1719 2903 1954 2973 patiaris,
1973 2909 2032 2956 ut

449 3018 506 3065 et
525 3008 624 3078 ipsi
642 3008 731 3078 qui
756 3016 807 3062 te
823 3006 1041 3075 jubente
1058 3004 1368 3069 attinentur,
1391 3001 1597 3065 duram,
1621 3000 1664 3053 si
1692 2998 1805 3053 ﬁeri
1833 3004 2023 3067 potest,

451 3098 668 3155 ﬂectant
688 3099 740 3153 in
768 3098 959 3152 melius
987 3096 1331 3159 voluntatem,
1356 3102 1410 3148 et
1428 3107 1488 3148 ea
1518 3091 1725 3147 caeteris
1750 3089 2031 3144 salubriter

449 3190 648 3262 legant.
680 3188 968 3244 Onerosior
998 3195 1080 3241 est
1117 3186 1311 3257 quippe
1345 3198 1501 3253 quam
1528 3182 1705 3236 utilior
1734 3179 2027 3250 diligentia,

448 3282 693 3352 quamvis
734 3289 791 3335 ut
839 3293 1087 3349 magnum
1126 3276 1402 3331 deseratur
1437 3273 1653 3341 malum,
1704 3281 1757 3327 et
1781 3284 2030 3339 magnum

450 3384 691 3430 teneatur
717 3373 935 3439 bonum,
965 3369 1081 3440 cogi
1108 3376 1311 3422 tantum
1339 3366 1600 3433 homines,
1629 3379 1735 3419 non
1754 3361 1955 3418 doceri.

942 3477 1272 3536 EPISTOLA
1299 3478 1365 3532 c1
1388 3482 1404 3500 ·
1438 3478 1536 3548 (a).

451 3598 758 3670 Augustinus
778 3593 1022 3649 Memorio
1038 3593 1272 3663 episcopo
1288 3590 1439 3643 libros
1459 3590 1617 3659 ipsius
1636 3588 1697 3641 de
1718 3586 1916 3641 Μυσίδα
1936 3588 2034 3657 ﬂa-

523 3689 732 3762 gitanti,
758 3696 951 3742 sextum
985 3684 1168 3739 librum
1186 3682 1357 3747 mittit,
1382 3690 1427 3735 et
1463 3691 1664 3734 crateras
1697 3680 1741 3733 si
1773 3678 2030 3748 repererit,

522 3777 790 3833 mittendos
815 3775 1109 3846 pollicetur;
1135 3787 1290 3841 eaque
1308 3770 1565 3825 occasione
1592 3768 1694 3837 agit
1718 3767 1781 3820 de
1809 3766 2035 3836 discipli-

526 3873 606 3928 nis
624 3882 655 3941 ,‘
670 3887 795 3942 quas
824 3869 953 3940 falso
982 3866 1207 3921 liberales
1241 3864 1341 3917 dici
1369 3861 1601 3927 ostendit,
1636 3861 1735 3915 nisi
1758 3859 1891 3942 adsit
1922 3868 2032 3913 stu-

525 3938 1204 4031 άίαέηὶιινίεὶίαηωρίειαιίε.
1764 3938 1788 3960 ⁸

460 4076 691 4133 Domino
739 4072 1043 4129 beatissimo
1090 4078 1145 4124 et
1185 4065 1558 4124 venerabiliter
1599 4064 1940 4129 charissima,
1982 4073 2037 4120 et

528 4168 808 4226 sinceriter
834 4162 1321 4222 desiderantissimo
1332 4159 1489 4216 fratri
1515 4168 1569 4215 et
1589 4143 1903 4230 coepiscopo
1927 4157 2038 4214 Με-

532 4276 694 4317 ιιοιιιο
723 4258 823 4330 (b),
852 4260 1203 4322 AUGUSTINUS,
1236 4253 1291 4308 in
1317 4252 1540 4308 Domino
1564 4250 1808 4307 salutem.

526 4375 599 4430 ιι
621 4373 802 4430 Nullas
824 4372 932 4440 jam
961 4370 1185 4425 reddere
1211 4367 1367 4423 debui
1395 4368 1596 4422 litteras
1625 4377 1821 4422 sancta:
1844 4366 2034 4422 Chari-

459 4465 556 4519 tati
584 4473 686 4518 tuae
715 4462 830 4517 sine
859 4460 942 4514 his
969 4460 1136 4525 libris,
1164 4473 1296 4527 quos
1324 4472 1355 4509 a
1388 4472 1473 4511 me
1502 4457 1669 4510 sancti
1697 4457 1892 4510 amoris
1916 4457 2036 4526 jure

460 4553 847 4611 violentissimo
886 4550 1166 4622 ﬂagitasti,
1199 4557 1256 4603 ut
1288 4549 1387 4603 hac
1412 4548 1596 4602 saltem
1632 4549 1928 4603 obedientia
1955 4567 2036 4604 rc—

462 4643 783 4717 sponderem
818 4642 1058 4714 epistolis
1094 4640 1231 4709 tuis,
1266 4640 1456 4709 quibus
1495 4654 1582 4694 me
1610 4640 1777 4710 magis
1811 4654 2036 4694 onerare

457 4754 619 4810 quam
646 4736 908 4792 honorare
927 4734 1170 4807 dignatus
1193 4748 1269 4788 es.
1289 4732 1596 4803 Quanquam
1618 4730 1707 4785 ubi
1727 4731 2032 4799 succumbo,

521 4895 542 4915 ¹
568 4895 632 4945 Λᾶ
652 4907 702 4945 a.
724 4894 808 4957 bg.
834 4894 900 4957 bl.
924 4892 1009 4942 bu.
1033 4904 1082 4957 c._
1102 4903 1173 4940 cc.
1210 4904 1260 4952 g.
1285 4903 1366 4957 gv.
1386 4889 1424 4951 j.
1450 4901 1500 4957 ῃ.
1524 4901 1567 4936 r.
1591 4900 1635 4938 s.
1656 4887 1733 4937 ab.
1758 4893 1796 4937 t.
1819 4900 1895 4938 vc.
1918 4899 2036 4952 qua-

456 4965 567 5009 tuor
591 4971 637 5006 v.
662 4952 929 5018 recognita,
954 4960 1007 5003 et
1026 4952 1085 5002 ad
1107 4961 1207 5001 Am.
1233 4952 1338 4999 uad.
1363 4957 1435 4999 Fr.
1459 4955 1569 4999 ιον.

519 5039 592 5103 (a)
628 5037 751 5087 Alias
790 5038 909 5103 ibi:
931 5050 1051 5103 q0$_
1078 5042 1241 5085 autem
1276 5034 1363 5103 10}
1409 5041 1537 5094 erat,
1572 5047 1700 5085 nunc
1723 5033 1827 5085 162.
1856 5037 2035 5100 Scripta

460 5096 678 5152 exeunte
700 5111 777 5150 an.
803 5099 911 5159 408,
936 5096 1020 5148 aut
1040 5099 1241 5147 ineunte
1263 5096 1370 5159 409.

520 5162 593 5226 (b)
615 5163 688 5226 sic
717 5161 767 5210 in
788 5162 1011 5226 omnibus
1041 5168 1144 5226 Mss.
1171 5165 1223 5226 et
1253 5158 1397 5226 editis
1425 5159 1648 5226 scribitur
1672 5158 1926 5226 hoc__looo:
1950 5162 2035 5226 ubi

458 5218 584 5275 Ior'te'
623 5223 911 5286 legendum,
936 5220 1158 5281 Mentori,
1176 5221 1314 5282 juxta
1331 5218 1477 5286 _lib:__t
1510 5229 1676 5286 contra
1704 5220 1963 5286 Julian.,c.
1984 5224 2033 5286 4,

459 5301 595 5335 necui
616 5302 646 5335 n
675 5281 940 5345 secundum
973 5281 1303 5345 mercatorem,
1326 5282 1377 5331 in
1414 5281 1498 5331 lib.
1523 5284 1785 5345 Subnotat.,
1810 5296 1854 5334 c.
1878 5281 1927 5344 ὂ,
1950 5281 2034 5337 ubi

456 5349 530 5397 Jul
538 5352 693 5397 iaziuiu
715 5344 996 5409 interpellat
1008 5345 1085 5394 his
1105 5344 1301 5409 verbis:
1325 5351 1496 5409 g_'rune
1513 5351 1689 5409 sanctae
1704 5358 1762 5394 ac
1774 5344 1938 5396 beatas
1960 5361 2037 5398 re-

466 5427 488 5455 α
511 5410 799 5480 conlationis
831 5404 1054 5480 Memoris
1079 5406 1288 5480 episcopi
1319 5404 1473 5480 filius?
1496 5415 1547 5457 tu
1569 5406 1768 5480 Julianae
1798 5409 2036 5480 primaria;

465 5487 489 5515 ι
511 5472 723 5529 feminae,
749 5477 801 5520 et
821 5483 917 5533 qua
939 5466 1058 5517 nihil
1079 5466 1329 5533 honestius
1351 5468 1475 5517 inter
1496 5466 1917 5533 reverentissimas
1938 5483 2038 5520 ma-

466 5548 490 5576 ι
513 5540 675 5580 tronas
709 5530 938 5590 invenias,
972 5539 1112 5581 utero
1145 5530 1402 5592 editus?.._._
1424 5536 1756 5592 Degenerasse
1789 5543 1875 5581 eos
1905 5532 1954 5580 in
1985 5539 2037 5583 te

466 5608 489 5636 ι
514 5592 640 5666 nulli
652 5593 849 5666 dubium
872 5588 991 5653 erit,
1130 5598 1326 5666 sanctos
1354 5588 1543 5666 tuoin
1572 5590 2035 5666 hominummores,

466 5668 491 5696 ι
514 5662 725 5702 sanctam
755 5655 925 5714 vitam,
957 5654 1337 5714 institutumque
1357 5654 1612 5714 noverit.»
1649 5654 1924 5704 Memorium
1950 5654 2036 5707 Ca4-

460 5716 636 5824 Ἐρυθηὶς
658 5716 895 5778 episcopis
912 5710 1142 5765 accenset
1172 5710 1401 5777 Ugbellus
1422 5714 1487 5785 in”
1500 5713 1644 5763 Italiae
1665 5727 1813 5788 sacra}
1835 5725 1965 5788 torno
1985 5719 2034 5779 6,

527 5776 828 5824 udouauuam
851 5777 944 5824 ulla
968 5784 1287 5824 meterauam
1310 5781 1489 5824 Baronn
1515 5782 1566 5824 et
1588 5775 1852 5824 Bellarmim
1876 5788 2034 5824 auem.

491 5775 836 5886 πὲιὶιᾳῖῐῗξιᾶἒώ
851 5777 944 5825 ulla
968 5775 1287 5842 [materquam
1310 5776 1489 5826 Baronii
1515 5782 1566 5826 et
1588 5775 1852 5828 Bellarmini
1876 5775 2038 5832 aucto;

576 5850 605 5886 ο
785 5873 795 5886 ,
1684 5864 1687 5865 ν

1648 406 1705 463 S.
1749 402 2107 463 AUGUSTINI
2148 402 2446 459 El’lSCtil’l

3604 400 3706 459 568

2134 516 2252 586 quia
2279 531 2506 581 oneror;
2539 516 2608 570 ibi
2633 516 2811 581 etiam,
2842 515 2961 586 quia
2991 514 3199 586 diligor,
3230 513 3500 570 sublevor.
3528 513 3707 586 Neque

2131 608 2271 663 enim
2302 623 2331 661 a
2368 608 2605 679 quolibet
2648 607 2875 677 diligor,
2905 607 3182 674 sublevor,
3213 608 3383 678 eligor
3429 607 3479 671 ¹;
3523 606 3615 661 sed
3640 609 3709 664 ab

2132 714 2199 755 eo
2230 700 2341 754 viro
2372 708 2425 755 et
2456 699 2662 753 Domini
2688 698 2987 764 sacerdote,
3016 713 3172 769 quem
3198 698 3276 753 sic
3302 705 3575 767 acceptum
3601 697 3710 753 Deo

2131 791 2338 857 sentio,
2381 801 2439 845 ut
2473 805 2593 846 cum
2626 790 2857 845 animam
2898 799 3039 844 tuam
3083 800 3186 844 tam
3233 788 3425 843 bonam
3459 787 3603 842 levas
3645 788 3711 843 ad

2132 882 2438 950 Dominum,
2474 882 2725 952 quoniam
2767 881 2819 935 in
2860 881 2945 935 illa
2985 896 3072 935 me
3113 879 3299 946 babes,
3331 879 3476 934 leves
3516 887 3569 933 et
3604 893 3710 933 me.

2132 973 2299 1029 Debui
2341 989 2469 1044 ergo
2507 989 2646 1028 nunc
2682 974 2845 1028 libros
2883 974 3123 1039 mittere,
3155 986 3288 1042 quos
3310 969 3713 1025 emendaturum

2132 1080 2217 1119 me
2257 1080 2377 1119 esse
2420 1065 2771 1135 promiseram
2810 1083 2824 1120 :
2869 1072 2924 1119 et
2961 1064 3082 1119 ideo
3120 1079 3228 1118 non
3265 1063 3405 1130 misi,
3442 1063 3564 1132 quia
3604 1076 3713 1117 non

2136 1154 2447 1218 emendavi;
2479 1170 2582 1208 non
2610 1157 2730 1224 quia
2759 1154 2902 1209 nolui
2920 1195 2935 1221 ,
2966 1153 3060 1209 sed
3089 1153 3211 1222 quia
3242 1167 3345 1206 non
3374 1146 3541 1221 patui,
3570 1150 3716 1205 curis

2130 1245 2376 1301 videlicet
2400 1245 2579 1300 multis
2607 1256 2660 1301 et
2701 1246 2925 1300 multum
2952 1243 3367 1315 praevalentibus
3404 1250 3713 1311 occupatus.

2131 1338 2300 1394 Nimis
2319 1349 2495 1393 autem
2523 1340 2782 1408 ingratum
2818 1353 2881 1392 ac
2908 1337 3136 1393 ferreum
3164 1335 3297 1402 fuit,
3330 1345 3388 1390 ut
3418 1346 3469 1390 te
3496 1335 3586 1405 qui
3616 1348 3717 1388 nos

2132 1431 2210 1485 sic
2230 1447 2377 1485 amas
2398 1472 2414 1499 ,
2447 1431 2535 1485 hic
2563 1440 2777 1485 sanctus
2814 1429 2980 1485 frater
3006 1439 3060 1485 et
3083 1429 3287 1500 collega
3326 1436 3506 1483 noster
3530 1426 3719 1482 Possi-

2132 1522 2250 1576 dius
2275 1564 2289 1587 ,
2323 1522 2375 1575 in
2406 1538 2511 1592 quo
2538 1532 2774 1577 nostram
2803 1537 2909 1576 non
2938 1536 3152 1592 parvam
3186 1521 3521 1591 przesentiam
3560 1533 3719 1590 repe-

2130 1616 2256 1680 ries,
2276 1616 2358 1671 vel
2388 1633 2494 1672 non
2518 1616 2765 1681 disceret,
2792 1616 2873 1672 vel
2894 1616 3009 1671 sine
3034 1615 3221 1669 litteris
3245 1615 3441 1669 nostris
3460 1614 3715 1668 disceret.

2131 1703 2227 1759 Est
2254 1706 2395 1760 enim
2425 1722 2520 1775 per
2562 1715 2802 1761 nostrqu
2840 1705 3189 1761 ministerium
3225 1720 3328 1760 non
3358 1704 3548 1759 litteris
3577 1703 3716 1770 illis,

2130 1811 2262 1865 quas
2292 1797 2553 1851 variarum
2595 1798 2734 1852 servi
2775 1797 3046 1853 libidinum
3082 1794 3327 1851 liberales
3352 1802 3575 1861 vocant,
3618 1793 3719 1850 sed

2132 1884 2400 1941 dominico
2423 1902 2556 1956 pane
2582 1888 2830 1955 nutritus,
2860 1895 3087 1958 quantus
3111 1885 3159 1940 ei
3187 1885 3357 1956 potuit
3383 1900 3477 1956 per
3504 1894 3719 1940 nostras

2131 1977 2402 2046 angustias
2424 1978 2740 2047 dispensari.

2208 2067 2261 2120 2.
2300 2068 2433 2135 Quid
2465 2070 2603 2122 enim
2634 2069 2775 2123 aliud
2803 2068 3085 2124 dicendum
3112 2076 3193 2125 est
3219 2069 3317 2135 eis,
3348 2068 3437 2137 qui
3464 2083 3584 2123 cum
3609 2068 3719 2123 sint

2132 2157 2294 2229 iniqui
2322 2169 2377 2214 et
2404 2160 2587 2231 impii,
2641 2161 2925 2215 liberaliter
2952 2161 3050 2215 sibi
3081 2160 3324 2216 videntur
3347 2159 3535 2216 eruditi
3554 2201 3569 2224 ,
3612 2160 3719 2215 nisi

2133 2250 2271 2321 quod
2293 2250 2345 2304 in
2366 2250 2557 2305 litteris
2580 2266 2702 2305 vere
2728 2250 3034 2306 liberalibus
3058 2250 3281 2320 legimus
3305 2267 3317 2302 :
3344 2248 3404 2305 Si
3435 2266 3521 2305 vos
3547 2248 3721 2306 Filius

2132 2342 2443 2408 liberaverit,
2486 2352 2605 2396 tunc
2641 2359 2754 2397 vere
2794 2341 2937 2396 liberi
2970 2341 3146 2395 eritis?
3186 2340 3287 2395 Per
3322 2355 3443 2395 eum
3486 2354 3721 2411 namque

2133 2442 2416 2503 praestatur
2436 2442 2492 2486 ut
2511 2434 2622 2501 ipse
2638 2431 2818 2498 etiam,
2835 2448 2953 2501 qua:
2973 2431 3219 2487 liberales
3235 2430 3530 2506 disciplina:
3548 2431 3617 2485 ab
3641 2432 3721 2487 eis

2135 2525 2224 2594 qui
2260 2525 2312 2577 in
2342 2523 2639 2578 libertatem
2670 2523 2841 2576 vocati
2865 2538 2969 2577 non
2990 2531 3113 2576 sunt
3132 2521 3484 2592 appellantur,
3509 2521 3644 2591 quid
3668 2523 3718 2575 in

2133 2629 2191 2669 se
2219 2614 2446 2667 habeant
2472 2613 2691 2668 liberale
2714 2621 2984 2667 noscatur.
3007 2611 3188 2683 Neque
3203 2613 3347 2667 enim
3368 2612 3568 2667 habent
3586 2627 3719 2668 con-

2132 2720 2319 2774 gruum
2346 2703 2599 2766 libertati,
2630 2704 2730 2757 nisi
2759 2703 2899 2772 quod
2928 2703 3124 2758 habent
3148 2716 3439 2772 c0ugruum
3466 2703 3719 2759 veritati:

2137 2795 2275 2849 unde
2302 2793 2392 2848 ille
2419 2794 2532 2863 ipse
2567 2792 2760 2857 Filius,
2804 2792 2872 2847 Et
2910 2794 3115 2861 veritas,
3143 2792 3345 2863 inquit,
3374 2792 3601 2847 liberabit
3634 2810 3722 2847 vos

2136 2884 2311 2960 (Joan.
2331 2899 2442 2950 vni,
2468 2884 2555 2950 56,
2580 2882 2699 2957 52).
2715 2884 2829 2938 Non
2846 2883 3512 2955 ergoillteinnumerabiles
3540 2894 3597 2939 et
3624 2885 3722 2939 im-

2133 2982 2234 3051 pia:
2256 2982 2464 3049 fabula,
2488 2984 2678 3052 quibus
2701 2998 2953 3037 vanorum
2970 2982 3121 3051 plena
3136 2989 3262 3035 sunt
3277 2980 3510 3035 carmina
3533 2989 3720 3050 poeta-

2134 3090 2273 3143 rum,
2295 3076 2401 3129 ullo
2422 3075 2580 3129 modo
2606 3086 2800 3129 nostne
2820 3082 3114 3128 consonant
3130 3072 3358 3128 libertati
3379 3088 3394 3137 ;
3416 3087 3520 3127 non
3538 3087 3636 3126 ora
3646 3080 3718 3126 to-

2133 3182 2251 3221 rum
2265 3166 2438 3222 inﬂata
2456 3177 2506 3222 et
2524 3168 2753 3236 expolita
2776 3165 3080 3231 mendacia;
3105 3181 3208 3219 non
3230 3164 3457 3235 denique
3471 3165 3721 3234 ipsorum

2136 3258 2570 3329 philosophorum
2590 3260 2815 3329 garrulae
2832 3261 3071 3327 argutize,
3089 3256 3178 3326 qui
3197 3256 3280 3310 vel
3306 3256 3472 3311 Deum
3494 3270 3725 3325 prorsus

2136 3365 2239 3405 non
2266 3360 2664 3421 cognoverunt,
2694 3350 2779 3404 vel
2824 3364 2945 3403 cum
2983 3349 3356 3418 cognovissent
3385 3348 3572 3413 Deum,
3607 3363 3720 3403 non

2135 3440 2272 3494 sicut
2296 3441 2460 3495 Deum
2495 3439 2951 3511 gloriﬁcaverunt,
2987 3447 3079 3493 aut
3110 3439 3307 3508 gratias
3333 3447 3559 3506 egerunt
3580 3479 3596 3504 ,
3627 3438 3724 3495 sed

2137 3541 2466 3585 evanuerunt
2492 3532 2545 3585 in
2574 3530 2981 3601 cogitationibus
3005 3530 3149 3592 suis,
3179 3538 3233 3584 et
3269 3529 3613 3583 obscuratum
3641 3539 3725 3584 est

2136 3621 2394 3693 insipiens
2428 3638 2522 3678 cor
2560 3638 2780 3689 eorum,
2810 3630 2864 3676 et
2900 3620 3137 3676 dicentes
3174 3634 3233 3675 se
3270 3632 3390 3675 esse
3427 3619 3720 3690 sapientes,

2137 3716 2285 3770 stulti
2313 3715 2437 3771 facti
2463 3724 2587 3770 sunt
2614 3732 2627 3768 :
2658 3724 2713 3769 et
2740 3714 3155 3769 immutaverunt
3175 3711 3395 3781 gloriam
3424 3709 3724 3780 incorrupti

2139 3806 2234 3861 Dei
2263 3807 2314 3860 in
2344 3805 2741 3860 similitudinem
2772 3805 3015 3873 imaginis
3038 3801 3393 3871 corruptibilis
3412 3800 3650 3855 hominis
3670 3806 3727 3854 et

2137 3899 2411 3952 volucrum
2436 3905 2595 3967 atque
2621 3894 3025 3966 quadrupedum
3052 3903 3106 3946 et
3131 3893 3487 3962 serpentium;
3516 3892 3604 3946 vel
3632 3891 3726 3962 qui

2137 3988 2254 4044 istis
2275 3987 2570 4042 simulacris
2595 4002 2701 4041 non
2725 3986 2889 4041 dediti
2916 4027 2931 4052 ,
2962 3994 3054 4040 aut
3080 4000 3185 4039 non
3213 3984 3369 4039 nimis
3402 3983 3603 4049 dediti,
3626 3999 3724 4039 co-

2137 4078 2353 4134 luerunt
2391 4087 2569 4132 tamen
2607 4087 2662 4132 et
2699 4075 2996 4131 servierunt
3033 4083 3293 4129 creatura:
3332 4074 3507 4144 potius
3556 4089 3724 4143 quam

2137 4172 2376 4227 Creatori
2402 4170 2576 4241 (Rom.
2596 4186 2634 4237 ι,
2649 4168 2857 4240 21-25).
2872 4168 3254 4224 Absitomnino
3272 4176 3328 4221 ut
3342 4168 3564 4221 istorum
3584 4169 3725 4221 vani-

2140 4272 2274 4317 tates
2294 4272 2348 4316 ct
2368 4262 2586 4316 insania:
2607 4260 2890 4316 mendaces
2904 4300 2919 4325 ,
2942 4267 3175 4314 ventosa:
3203 4273 3353 4329 uaga:
3373 4273 3435 4313 ac
3454 4260 3727 4328 superbus

2139 4368 2321 4417 error,
2355 4362 2500 4407 recte
2530 4351 2775 4405 liberales
2814 4351 3002 4405 litterae
3043 4350 3399 4413 nominentur,
3442 4348 3724 4405 hominum

2139 4446 2340 4500 scilicet
2365 4444 2671 4509 infelicium,
2691 4444 2779 4513 qui
2798 4443 2890 4497 Dei
2905 4443 3124 4513 gratiam
3145 4458 3240 4511 per
3254 4441 3432 4496 .Iesum
3447 4441 3725 4497 Christum

2139 4535 2419 4590 Dominum
2460 4545 2733 4598 nostrum,
2771 4551 2875 4605 qua
2914 4535 3027 4589 sola
3066 4534 3355 4589 liberamur
3389 4534 3456 4589 de
3493 4548 3729 4605 corpore

2137 4628 2325 4681 mortis
2351 4625 2505 4696 hujus
2533 4624 2645 4695 (Id.
2669 4640 2763 4692 vn,
2793 4624 2885 4693 24,
2913 4624 3006 4695 25)
3027 4667 3042 4691 ,
3074 4640 3180 4680 non
3203 4635 3590 4696 cognoverunt,
3626 4642 3729 4683 nec

2137 4716 2190 4770 in
2218 4717 2296 4771 eis
2325 4717 2453 4786 ipsis
2478 4732 2595 4787 qua:
2624 4730 2743 4772 vera
2772 4718 3107 4771 senserunt'.
3134 4716 3361 4771 llistoria
3386 4731 3533 4783 sane,
3569 4718 3729 4788 cuius

2136 4808 2426 4877 scriptores
2464 4807 2622 4863 [idem
2656 4822 2714 4863 se
2752 4807 3015 4877 praecipue
3050 4808 3439 4863 narrationibus
3474 4808 3588 4862 suis
3622 4809 3725 4865 de-

2136 4900 2265 4958 bere
2304 4901 2617 4971 protitentur
2660 4900 2896 4955 fortassis
2941 4900 3129 4955 habeat
3180 4899 3373 4970 aliquid
3417 4902 3731 4970 cognitione

2137 4993 2353 5064 dignum
2390 4993 2588 5055 liberis,
2620 5008 2740 5048 cum
2782 4993 2891 5047 sive
2928 4992 3065 5047 bona
3104 4993 3215 5047 sive
3254 4992 3390 5047 mala
3418 4992 3725 5061 hominum,

2137 5094 2313 5140 tamen
2348 5100 2471 5139 vera
2499 5096 2800 5138 narrantur.
2831 5084 3083 5150 Quamvis
3110 5084 3164 5139 in
3200 5085 3277 5139 eis
3310 5086 3724 5157 cognoscendis,

2137 5178 2227 5248 qui
2250 5176 2447 5247 Spiritu
2475 5186 2657 5229 sancto
2683 5191 2788 5230 nou
2819 5176 2983 5245 adjuti
3012 5184 3164 5242 sunt,
3196 5192 3542 5247 rumoresque
3566 5179 3728 5233 colli-

2136 5284 2266 5340 gere
2303 5269 2415 5338 ipsa
2460 5267 2704 5321 humana:
2749 5267 3071 5323 inﬁrmitatis
3112 5270 3416 5324 conditione
3460 5272 3726 5341 compulsi

2139 5365 2296 5424 sunt,
2343 5355 2788 5428 quemadmodum
2836 5373 2941 5412 non
2988 5358 3298 5414 fallerentur
3341 5361 3391 5413 iu
3440 5359 3727 5429 plurimis,

2139 5453 2355 5507 omnino
2382 5467 2487 5506 non
2513 5450 2669 5507 video
2694 5470 2707 5507 :
2731 5461 2812 5508 est
2840 5462 3013 5508 tamen
3034 5453 3087 5508 in
3109 5454 3189 5509 eis
3213 5456 3387 5524 aliqua
3413 5454 3731 5524 propinqui-

2142 5551 2221 5599 tas
2249 5543 2541 5612 libertatis,
2586 5544 2629 5599 si
2669 5546 2991 5601 voluntatem
3030 5545 3323 5603 mentiendi
3362 5562 3469 5601 non
3503 5545 3729 5613 habent,

2206 5722 2223 5789 ξ
2248 5728 2384 5789 Forte
2405 5721 2528 5785 leg,
2551 5724 2726 5789 erigor.

2143 5784 2381 5895 ωέιεειάη
2407 5784 2518 5834 rem
2539 5784 2664 5837 szm't.
2688 5786 2777 5836 Sed
2803 5786 2961 5838 verior
2982 5792 3089 5841 Mss.
3124 5785 3289 5851 lectio,
3314 5792 3553 5853 expunet:
3572 5796 3726 5851 νοοθι
