4090 6356
388 381 491 441 369

386 518 487 559 nec
515 501 763 560 homines
788 501 1011 571 fallunt,
1043 500 1143 557 nisi
1168 515 1291 557 cum
1314 500 1384 557 ab
1411 500 1715 558 hominibus
1744 501 1974 557 humana

387 593 694 650 inﬁmitate
720 592 996 650 falluntur.

456 687 509 743 ὅ.
550 687 747 743 Verum
794 688 914 759 quia
948 687 1001 742 in
1049 687 1295 743 omnibus
1347 701 1525 741 rerum
1578 685 1809 740 motibus
1848 685 1974 755 quid

386 779 591 834 numeri
613 779 842 846 valeant,
867 779 1069 835 facilius
1087 779 1457 836 consideratur
1474 779 1527 833 in
1547 778 1783 845 vocibus,
1807 792 1973 848 eaque

380 870 738 927 consideratio
764 871 1080 941 quibusdam
1100 871 1251 942 quasi
1285 870 1516 941 gradatis
1549 872 1825 926 itincribus
1848 869 1973 924 niti-

381 970 472 1018 tur
494 962 562 1018 ad
583 977 812 1033 superna
839 963 1021 1019 intima
1057 962 1322 1030 veritatis,
1356 964 1408 1017 in
1435 963 1625 1032 quibus
1656 962 1754 1017 viis
1786 971 1970 1017 osten-

378 1053 460 1110 dit
493 1070 554 1111 se
590 1056 849 1126 sapientia
889 1055 1153 1121 hilariter,
1184 1064 1240 1111 et
1270 1055 1321 1109 iu
1344 1055 1486 1110 omni
1527 1054 1853 1124 providentia
1878 1068 1970 1108 oc-

377 1145 550 1201 currit
571 1128 873 1202 amantibus
906 1146 1063 1217 (Sap.
1091 1160 1165 1213 vr,
1196 1144 1285 1215 17)
1320 1163 1333 1200 :
1362 1144 1510 1198 initio
1541 1144 1706 1198 nostri
1728 1144 1821 1199 otii
1846 1159 1967 1198 cum

377 1252 408 1291 a
436 1238 578 1293 curis
605 1239 897 1308 majoribus
926 1240 1202 1310 magisque
1238 1237 1550 1294 necessariis
1592 1238 1813 1293 vacabat
1854 1237 1971 1291 ani-

379 1345 533 1397 mus,
561 1332 705 1387 volui
736 1348 830 1403 per
853 1332 983 1400 ista,
1010 1346 1128 1403 quae
1158 1347 1188 1386 a
1216 1330 1368 1386 nobis
1393 1331 1742 1398 desiderasti,
1771 1330 1967 1400 scripta

375 1423 661 1493 proludere
679 1466 695 1491 ,
723 1424 934 1495 quando
957 1424 1249 1493 conscripsi
1274 1422 1341 1478 de
1360 1424 1475 1477 solo
1502 1422 1751 1494 rhythmo
1776 1437 1865 1477 sex
1898 1422 1966 1475 li-

376 1517 503 1573 bros
526 1557 543 1585 ,
566 1525 621 1572 et
655 1517 722 1573 de
746 1518 889 1573 melo
929 1518 1164 1573 scribere
1204 1517 1339 1572 alios
1369 1515 1588 1570 forsitan
1617 1531 1738 1578 sex,
1773 1514 1963 1579 fateor,

373 1607 741 1678 disponebam,
770 1624 893 1664 cum
922 1610 1053 1665 mihi
1084 1610 1248 1664 otium
1274 1608 1506 1663 futurum
1537 1607 1834 1677 sperabam.
1860 1604 1965 1662 Sed

371 1708 716 1771 posteaquam
760 1702 891 1756 mihi
940 1716 1186 1756 curarum
1237 1699 1715 1756 ecclesiasticarum
1756 1696 1962 1751 sarcina

372 1793 624 1867 imposita
656 1802 755 1861 est,
793 1809 980 1850 omnes
1019 1794 1121 1847 illa:
1160 1792 1363 1848 delicia:
1390 1791 1569 1861 fugere
1605 1791 1671 1845 de
1698 1789 1960 1858 manibus,

368 1888 443 1943 ita
463 1898 521 1944 ut
536 1890 619 1943 vix
644 1904 782 1944 nunc
800 1888 971 1958 ipsum
989 1886 1227 1942 codicem
1241 1885 1527 1949 inveniam,
1548 1882 1794 1954 quoniam
1818 1891 1961 1936 tuam

366 1980 720 2046 voluntatem,
740 1995 838 2035 nec
856 1978 1163 2053 petitionem
1178 1977 1269 2031 sed
1280 1976 1593 2045 jussionem,
1618 1983 1963 2029 contemnere

366 2089 598 2145 nequeo.
621 2072 772 2140 Quod
798 2088 925 2127 sane
945 2071 1259 2143 opusculum
1284 2070 1327 2124 si
1352 2078 1573 2139 potuero
1599 2069 1828 2131 mittere,
1854 2081 1960 2121 non

366 2164 587 2235 quidem
623 2179 707 2219 me
746 2164 837 2218 tibi
871 2164 1267 2232 obtemperasse
1286 2203 1301 2227 ,
1333 2168 1695 2214 verumtamen
1726 2166 1775 2211 te
1805 2156 1904 2211 hoc
1929 2170 1960 2210 a

366 2270 454 2310 me
485 2263 761 2324 tantopere
800 2254 1067 2325 ﬂagitasse
1095 2253 1388 2323 paenitebit.
1417 2251 1737 2305 Difficillime
1766 2249 1960 2319 quippe

365 2346 730 2418 intelliguntur
764 2346 819 2400 itt
854 2360 921 2401 eo
941 2347 1173 2417 quinque
1201 2344 1341 2411 libri,
1365 2345 1408 2399 si
1435 2358 1539 2398 non
1569 2343 1707 2398 adsit
1735 2342 1824 2412 qui
1851 2356 1957 2396 non

362 2441 539 2495 solum
559 2440 941 2510 diSputantium
976 2440 1145 2510 possit
1172 2453 1422 2509 separare
1450 2451 1739 2508 personas,
1770 2450 1954 2490 verum

363 2533 528 2588 etiam
550 2533 942 2604 pronuntiando
969 2533 1040 2587 ita
1065 2547 1257 2586 sonare
1277 2531 1509 2586 morulas
1533 2530 1875 2601 syllabarum,
1898 2535 1958 2582 ut

360 2627 443 2682 eis
461 2628 829 2698 exprimantur
849 2640 1172 2696 sensumque
1197 2624 1401 2678 aurium
1431 2622 1617 2677 feriant
1642 2636 1835 2692 genera
1859 2636 1956 2673 nu-

359 2735 633 2775 merorum
662 2737 675 2773 :
705 2719 935 2774 maxime
964 2718 1084 2789 quia
1129 2718 1186 2772 in
1226 2715 1543 2787 quibusdam
1588 2714 1747 2770 etiam
1788 2714 1952 2768 silen-

357 2814 557 2869 tiorum
603 2814 842 2870 dimensa
883 2812 1158 2868 intervalla
1205 2811 1524 2876 miscentur,
1571 2824 1689 2878 qure
1734 2805 1952 2861 omnino

358 2905 549 2960 sentiri
564 2911 852 2976 nequeunt,
871 2903 972 2959 nisi
988 2902 1283 2958 auditorem
1298 2900 1664 2971 pronuntiator
1680 2898 1949 2953 informet.

430 2997 486 3052 4.
526 2996 746 3051 Sextum
775 3010 903 3051 sane
941 2995 1135 3051 librum
1171 3009 1329 3064 quem
1371 2991 1710 3048 emendatum
1739 2989 1948 3059 reperi,

356 3086 451 3141 ubi
479 3094 563 3142 est
585 3086 759 3142 omnis
783 3085 984 3141 fructus
1009 3092 1324 3140 casterorum
1345 3124 1359 3147 ,
1395 3097 1500 3137 non
1529 3081 1710 3136 distuli
1738 3080 1950 3135 mittere

354 3178 621 3235 Cbaritati
649 3189 752 3234 tuae
781 3179 1060 3234 :fortassis
1094 3179 1207 3249 ipse
1232 3186 1375 3232 tuam
1412 3191 1517 3231 non
1552 3175 1775 3229 multum
1804 3172 1949 3228 refu-
2042 3241 2049 3245 _

353 3271 465 3341 giet
508 3271 843 3341 gravitatem.
900 3268 1035 3325 Nam
1079 3268 1381 3338 superiores
1428 3266 1659 3337 quinque
1705 3264 1791 3319 vix
1840 3264 1948 3319 tilio

352 3372 546 3419 nostro
589 3373 643 3419 et
680 3364 1009 3419 condiacono
1044 3362 1277 3428 Juliano,
1316 3360 1563 3433 quoniam
1606 3369 1659 3414 et
1697 3359 1809 3431 ipse
1832 3357 1946 3428 jam

353 3459 633 3515 nobiscum
662 3458 1001 3522 commilitat,
1036 3456 1263 3512 lectione
1289 3465 1341 3510 et
1368 3454 1667 3526 cognitione
1693 3453 1837 3523 digni
1860 3450 1943 3506 vi-
2040 3514 2046 3519 ,

351 3550 638 3606 debuntur.
671 3552 839 3619 Quem
868 3550 1079 3622 quidem
1108 3565 1212 3604 non
1240 3548 1409 3603 audeo
1431 3547 1609 3603 dicere
1627 3588 1643 3613 ,
1681 3548 1798 3617 plus
1820 3560 1944 3602 amo

350 3656 513 3712 quam
536 3653 608 3711 te,
637 3643 760 3713 quia
787 3658 886 3697 nec
904 3642 1164 3697 veraciter
1185 3639 1326 3707 dico,
1350 3639 1442 3694 sed
1464 3648 1639 3694 tamen
1668 3637 1837 3692 audeo
1859 3635 1942 3692 di-

344 3720 499 3801 cere,
515 3734 631 3804 plus
650 3734 896 3790 desidero
918 3750 1073 3804 quam
1090 3742 1160 3788 te.
1176 3732 1363 3787 Mirum
1385 3732 1549 3787 videri
1564 3739 1736 3801 potest
1751 3745 1939 3801 quem—

348 3824 638 3879 admodum
692 3841 847 3894 quem
898 3826 1095 3895 pariter
1131 3840 1286 3890 amo,
1342 3823 1566 3892 amplius
1601 3822 1935 3888 desiderem;

346 3917 443 3972 sed
486 3918 586 3972 hoc
628 3918 758 3973 mihi
799 3918 918 3973 facit
960 3933 1081 3988 spes
1118 3919 1343 3989 amplior
1371 3916 1581 3972 videndi
1611 3933 1732 3971 eum
1762 3934 1774 3970 :
1809 3925 1937 3986 puto

346 4010 491 4064 enim
518 4009 657 4080 quod
690 4010 732 4063 si
769 4009 832 4064 ad
861 4026 957 4064 nos
986 4019 1035 4064 te
1069 4009 1289 4079 jubente
1317 4010 1395 4064 vel
1429 4009 1669 4063 mittente
1696 4008 1930 4074 venerit,

345 4112 404 4155 et
426 4100 529 4154 hoc.
565 4100 723 4157 faciet
760 4102 900 4172 quod
940 4101 1329 4157 adolescentem
1355 4100 1528 4166 decet,
1554 4102 1783 4156 maxime
1812 4100 1935 4171 quia

344 4193 583 4248 nondum
615 4192 758 4247 curis
794 4193 1084 4263 majoribus
1124 4192 1418 4257 detinetur,
1448 4201 1501 4246 et
1539 4192 1763 4261 teipsum
1804 4190 1933 4246 mihi

341 4286 646 4356 expeditius
669 4287 990 4356 apportabit.
1023 4284 1224 4354 Quibus
1243 4284 1475 4338 numeris
1498 4285 1790 4338 consistant
1810 4298 1932 4338 ver-

342 4390 436 4430 sus
466 4375 700 4431 Davidici
723 4390 827 4431 non
857 4375 1073 4445 scripsi,
1105 4375 1226 4444 quia
1251 4375 1450 4428 nescio.
1489 4372 1672 4444 Neque
1697 4373 1838 4428 enim
1866 4389 1933 4428 ex

342 4466 559 4522 hebraaa
593 4467 789 4538 lingua,
818 4482 976 4537 quam
1009 4467 1223 4537 ignoro,
1264 4467 1434 4536 potuit
1474 4466 1633 4520 etiam
1678 4481 1932 4522 numeros

341 4558 609 4629 interpres
628 4559 946 4629 exprimere,
969 4574 1036 4613 ne
1056 4560 1210 4614 metri
1239 4558 1553 4614 necessitate
1578 4559 1645 4614 ab
1670 4559 1933 4629 interpre-

342 4652 490 4706 tandi
502 4652 725 4708 veritate
737 4652 964 4722 amplius
976 4667 1133 4722 quam
1150 4653 1285 4707 ratio
1302 4654 1682 4708 sententiarum
1699 4652 1927 4718 sinebat,

339 4742 546 4813 digredi
567 4752 845 4816 cogeretur
869 4762 882 4799 :
905 4745 1064 4799 certis
1084 4752 1258 4799 tamen
1284 4760 1377 4799 cos
1401 4754 1648 4801 constare
1671 4746 1924 4810 numeris,

341 4834 503 4891 :redo
545 4835 649 4891 illis
691 4837 781 4907 qui
810 4852 927 4891 eam
973 4836 1203 4908 linguam
1246 4835 1411 4907 probe
1452 4838 1668 4892 callent.
1718 4838 1930 4892 Amavit

339 4928 482 4981 enim
519 4926 602 4981 vir
633 4928 719 4983 ille
762 4937 975 4983 sanctus
1004 4929 1279 4982 musicam
1300 4928 1440 4998 piam
1485 4938 1539 4983 et
1579 4929 1631 4982 in
1660 4944 1721 4982 ea
1753 4929 1929 4983 studia

341 5032 439 5072 nos
465 5019 635 5088 magis
664 5019 776 5090 ipse
806 5034 961 5089 quam
994 5019 1131 5073 ullus
1156 5019 1291 5073 alius
1313 5028 1498 5075 auctor
1525 5018 1781 5075 accendit.
1825 5020 1930 5073 lla-

342 5108 522 5163 bitetis
542 5124 730 5164 omnes
750 5110 801 5164 in
824 5120 1077 5164 :eternum
1101 5110 1151 5163 in
1180 5110 1441 5179 adjutorio
1471 5111 1724 5166 Altissimi
1753 5110 1923 5182 (Psal.

342 5214 432 5265 xc,
458 5199 533 5265 i),
551 5200 641 5270 qui
659 5200 905 5255 habitatis
928 5201 1201 5255 unanimes
1222 5202 1271 5255 in
1299 5201 1458 5256 domo
1478 5201 1646 5273 (Psal.
1667 5219 1825 5269 van,
1847 5204 1923 5273 7),

341 5300 495 5361 pater
516 5301 789 5363 materque
813 5292 1007 5348 fratres
1025 5293 1272 5361 filiorum,
1295 5304 1350 5351 et
1375 5295 1555 5351 cuncti
1582 5297 1736 5351 unius
1756 5296 1926 5351 Patris

342 5384 469 5467 filii,
497 5401 763 5441 memores
790 5387 977 5441 nostri.

702 5524 789 5578 DE
829 5522 1189 5590 SEQUENTE
1225 5522 1571 5579 EPISTOLA.

728 5637 893 5707 (LIBJI
924 5652 1342 5705 RETRACT.,CAP.
1373 5635 1547 5709 χχχι.)

416 5746 561 5803 Inter
587 5748 693 5803 haec
728 5750 890 5804 missa!
926 5759 1039 5803 sunt
1079 5749 1200 5802 mihi
1240 5766 1269 5801 a
1304 5747 1605 5818 Carthagine
1631 5748 1934 5823 qua’stiones

344 5855 454 5911 sea,
470 5857 596 5913 quas
617 5842 877 5913 proposuit
896 5843 1082 5899 amicus
1109 5843 1331 5913 quidam,
1359 5858 1503 5912 quem
1531 5839 1787 5914 cupiebam
1816 5842 1927 5911 ﬁeri

1557 382 2034 442 EPISTOLARUM
2072 385 2346 446 CLASSIS
2382 389 2444 445 ll.

3562 409 3668 467 570

2086 497 2435 574 christianum,
2467 514 2522 560 ut
2552 516 2729 563 contra
2763 504 3001 582 Paganos
3024 513 3365 586 ulcerentur,
3393 524 3670 590 prasertint

2081 598 2201 667 quia
2219 600 2489 654 nonnullas
2516 617 2690 655 earum
2720 619 2752 657 a
2784 599 3074 677 Porphyrio
3102 606 3406 681 philosopho
3434 616 3668 685 praposi-

2081 698 2156 744 tas
2181 690 2326 746 dixit.
2348 692 2455 748 Sed
2479 710 2577 749 non
2607 712 2719 750 eum
2736 699 3061 754 essearbitror
3074 698 3419 774 Porphyrium
3431 705 3669 763 Siculum

2078 781 2241 850 illum,
2269 785 2414 856 cujus
2450 786 2767 842 celeberrima
2803 800 2874 844 est
2918 794 3075 862 fama.
3109 791 3307 847 Harum
3332 797 3666 866 quastionum

2077 874 2437 944 disputationes
2473 878 2525 931 in
2565 894 2722 932 unum
2766 880 2946 935 librant
2983 884 3207 949 contuli,
3245 902 3344 939 non
3373 887 3660 955 prolixum,

2075 968 2223 1038 cujus
2267 978 2337 1025 est
2379 970 2551 1025 titulus
2588 987 2608 1025 :
2662 992 2680 1025 ι
2714 973 2821 1028 Sea:
2870 978 3167 1045 quwstioncs
3208 987 3383 1032 contra
3428 978 3666 1051 Paganos

2075 1063 2332 1132 expositae.
2364 1083 2382 1115 ›
2423 1064 2614 1118 Earum
2651 1076 2816 1122 autem
2853 1070 3015 1138 prima
3052 1079 3123 1124 est
3166 1071 3229 1126 de
3258 1070 3658 1141 Resurrectione,

2073 1153 2292 1207 secunda
2323 1154 2385 1207 de
2428 1164 2648 1225 tempore
2676 1159 2965 1214 christiana:
2994 1162 3279 1232 religionis,
3316 1165 3461 1218 tertia
3488 1165 3551 1220 de
3573 1184 3661 1220 sa-

2073 1244 2377 1310 criﬁciorum
2416 1246 2749 1315 distinctione,
2794 1259 2973 1321 quarta
3005 1253 3086 1325 _de
3130 1270 3187 1307 eo
3236 1256 3370 1324 quod
3418 1257 3662 1327 scriptum

2073 1345 2165 1402 est,
2200 1355 2217 1388 ι
2240 1337 2305 1391 In
2337 1356 2436 1407 qua
2464 1357 2697 1395 mensura
2722 1344 2880 1397 mensi
2904 1346 3128 1415 fueritis,
3155 1349 3439 1402 remetietur
3471 1349 3608 1405 vobis
3636 1369 3657 1403 ι

2074 1425 2285 1495 (Matth.
2309 1445 2402 1497 vn,
2425 1428 2507 1501 2),
2534 1433 2708 1499 quinta
2733 1435 2795 1488 de
2824 1433 2960 1488 Filio
2992 1435 3086 1490 Dei
3115 1440 3387 1493 secundum
3418 1439 3660 1495 Salomo-

2073 1532 2205 1583 nem,
2234 1529 2373 1573 sexta
2405 1521 2465 1574 de
2492 1520 2627 1575 Jona
2656 1524 2918 1593 prapheta.
2948 1524 3013 1578 In
3041 1508 3251 1597 quarum
3281 1531 3499 1583 secunda
3526 1531 3662 1602 quod

2073 1607 2198 1673 dixi,
2241 1628 2259 1660 ί
2288 1610 2443 1666 Salus
2486 1614 2741 1685 religionis
2777 1616 2949 1685 hujus,
2991 1634 3080 1687 per
3102 1634 3250 1683 quam
3293 1621 3452 1674 solam
3493 1639 3661 1677 ueram

2078 1717 2097 1750 ‹
2126 1700 2263 1755 salus
2292 1717 2408 1755 vera
2428 1704 2760 1776 veraciterque
2779 1690 3090 1775 promittitur
3110 1703 3137 1770 ,‘
3152 1710 3277 1763 nulli
3307 1728 3527 1780 unquam
3565 1712 3658 1767 de-

2077 1809 2095 1841 t
2127 1793 2252 1862 fuit,
2276 1795 2361 1864 qui
2389 1796 2571 1866 dignus
2595 1797 2713 1865 fuit,
2744 1808 2792 1851 et
2823 1799 2904 1851 cui
2934 1798 3118 1869 defuit.
3145 1799 3327 1869 dignus
3353 1818 3451 1855 non
3480 1803 3655 1872 [μίαν

2070 1900 2171 1937 non
2208 1885 2279 1938 ita
2312 1887 2421 1941 dixi
2458 1898 2696 1959 tanquam
2734 1907 2797 1944 ea;
2826 1892 3014 1949 meritis
3050 1894 3157 1946 suis
3187 1895 3446 1963 quisquam
3478 1895 3660 1967 digna

2069 1977 2250 2046 fuerit,
2280 1980 2369 2032 sed
2388 1982 2811 2050 quemadmodum
2839 1985 2909 2037 ait
2930 1985 3219 2056 Apostolus,
3256 2006 3273 2037 ι
3302 1985 3420 2040 Νοη
3441 2004 3504 2042 ea:
3532 2004 3657 2059 ape-

2068 2069 2224 2137 ribus,
2243 2071 2329 2124 sed
2353 2088 2414 2126 ea:
2440 2083 2643 2127 t'ocante
2664 2075 2853 2128 dictum
2876 2092 3002 2142 esse,
3026 2076 3196 2148 Major
3220 2080 3397 2133 serviet
3412 2080 3608 2141 minori
3626 2098 3650 2134 υ

2073 2159 2247 2231 (Rom.
2278 2179 2357 2228 ιχ,
2389 2164 2456 2218 i2
2475 2206 2488 2227 ,
2510 2166 2599 2234 15)
2627 2185 2638 2220 :
2662 2182 2812 2236 quam
2843 2169 3150 2222 vocationem
3187 2170 3254 2223 ad
3288 2170 3385 2225 Dei
3419 2174 3654 2242 proposi-

2067 2261 2172 2307 tum
2202 2254 2379 2308 asserit
2400 2256 2665 2331 pertinere.
2699 2256 2846 2312 Unde
2866 2259 2987 2312 dicit
3010 2275 3029 2314 :
3057 2279 3076 2312 ι
3108 2259 3227 2314 Non
3247 2263 3518 2317 secundum
3536 2280 3655 2332 ope.

2065 2361 2124 2398 ra
2162 2355 2362 2413 nostra,
2395 2347 2483 2400 sed
2496 2348 2774 2402 secundum
2795 2366 2941 2403 suum
2972 2353 3283 2421 propositum
3312 2362 3359 2405 et
3389 2353 3603 2423 gratiam
3627 2372 3649 2405 ι

2066 2433 2132 2502 (li
2152 2433 2284 2488 Tim.
2304 2452 2342 2503 ι,
2359 2437 2436 2505 9).
2476 2436 2622 2493 Unde
2637 2439 2749 2492 item
2770 2440 2889 2493 dicit
2906 2456 2923 2494 :
2942 2460 2959 2492 ι
2983 2440 3184 2496 Scimus
3200 2443 3317 2512 quia
3337 2444 3655 2513 diligentibus

2062 2524 2229 2580 Deum
2255 2529 2424 2582 omnia
2465 2540 2798 2598 cooperantur
2821 2532 2874 2584 in
2907 2532 3109 2605 bonum,
3156 2533 3219 2585 iis
3253 2535 3335 2604 qui
3378 2535 3653 2591 secundum

2063 2622 2373 2689 propositum
2405 2622 2563 2675 vocati
2596 2631 2712 2676 sunt
2731 2623 2895 2697 sancti
2914 2643 2931 2675 ι
2964 2623 3139 2697 (Rom.
3167 2641 3282 2691 vut,
3312 2624 3427 2696 $8).
3456 2625 3529 2681 De
3552 2644 3652 2696 qua

2060 2713 2319 2766 vocatione
2359 2714 2430 2766 ait
2472 2729 2491 2766 :
2540 2733 2557 2765 ι
2585 2713 2652 2768 Ut
2692 2715 2869 2785 dignos
2915 2730 3000 2769 vos
3045 2715 3222 2769 habeat
3258 2718 3515 2772 vocatione
3557 2734 3651 2774 sua

2058 2814 2233 2857 sancta
2258 2824 2277 2855 ι
2315 2803 2376 2875 (ll
2408 2804 2581 2861 Thess.
2613 2821 2650 2869 ι,
2685 2806 2794 2874 il).
2818 2805 2915 2859 llic
2945 2808 3066 2860 liber
3095 2817 3205 2876 post
3224 2809 3506 2877 epistolam,
3537 2825 3650 2880 qui:

2059 2898 2377 2964 postmodum
2413 2915 2444 2950 a
2487 2898 2649 2967 capite
2692 2897 2867 2952 addita
2909 2882 3016 2966 est,
3061 2900 3133 2953 sic
3174 2900 3391 2971 incipit:
3419 2917 3437 2950 t
3478 2898 3647 2958 Movet

2056 2989 2317 3057 quosdam,
2350 3000 2397 3044 et
2428 2992 2700 3061 requirunt.
2738 3011 2758 3044 ›
3372 2988 3381 2991 7⁷

2198 3172 2333 3228 sax
2370 3173 2822 3242 QUIESTIONES
2859 3175 3133 3233 CONTRA
3171 3148 3485 3234 ιιΑςᾸΝοε

2689 3306 2958 3348 εχιιοειτδ
2977 3334 2992 3358 ,

2530 3417 2823 3475 LIBER
2896 3420 3177 3488 UNUS,

2796 3549 2892 3590 εευ

2515 3645 2847 3703 EPISTOLA
2882 3646 2973 3705 Cll
2997 3651 3015 3673 ⁹
3033 3647 3133 3721 (α).

2047 3755 2359 3827 Augustinus
2403 3755 2704 3830 Deogratias
2760 3761 3045 3831 presbytero
3091 3762 3293 3816 mittens
3338 3763 3636 3820 solutionem

2114 3848 2448 3917 quastionum
2471 3865 2561 3903 sea:
2588 3850 2961 3920 propositarum
2988 3868 3019 3904 a
3046 3868 3245 3923 pagano
3269 3853 3485 3925 quodam
3505 3870 3632 3926 quas

2113 3939 2221 4010 ipse
2248 3941 2530 4013 Augustino
2556 3942 2884 3996 exsolvendas
2907 3944 3269 3999 transmiserat.

2101 4028 2472 4087 Sincerissimo
2486 4031 2648 4087 fratri
2677 4040 2731 4088 et
2760 4036 3207 4106 compresbytero'
3222 4026 3580 4100 Deoonntss.

2346 4138 2703 4213 Accusamus,
2734 4146 2787 4200 in
2816 4146 3041 4207 Domino
3068 4150 3312 4205 salutem.

2113 4254 2161 4308 l.
2203 4254 2534 4322 Qumstiones
2582 4258 2673 4313 tibi
2712 4260 3008 4331 pr0positas
3049 4260 3184 4318 mihi
3226 4262 3626 4335 delegaremav

2043 4344 2203 4413 luisti,
2238 4363 2343 4402 non
2364 4389 2380 4415 ,
2414 4356 2469 4403 ut
2497 4349 2727 4420 Opinior,
2760 4353 2967 4423 pigritia
2988 4394 3004 4421 ,
3035 4354 3131 4409 sed
3159 4355 3297 4426 quod
3323 4371 3387 4412 ea
3411 4373 3624 4428 quoque

2038 4436 2148 4507 ipsa
2194 4455 2312 4508 quae
2349 4442 2519 4507 nosti,
2564 4442 2814 4499 libentius
2848 4461 2946 4517 per
2995 4461 3094 4501 nos
3139 4448 3327 4515 audis,
3357 4448 3484 4505 dum
3522 4466 3623 4511 nos

2036 4530 2193 4585 nimis
2234 4531 2425 4602 diligis.
2468 4532 2537 4588 At
2578 4550 2677 4606 ego
2721 4546 2997 4607 propterea
3040 4540 3297 4596 malebam
3335 4556 3365 4596 a
3390 4550 3469 4609 ,te
3502 4544 3619 4599 illas

2036 4624 2251 4693 aperiri,
2266 4624 2407 4694 quod
2429 4624 2517 4680 ille
2540 4618 2652 4696 ipse
2672 4629 2894 4693 amicus,
2909 4629 2997 4699 qui
3023 4645 3114 4687 eas
3135 4632 3428 4702 proposuit,
3445 4648 3617 4703 quatis

2036 4723 2145 4769 tum
2164 4732 2225 4770 ex
2246 4714 2350 4770 hoc
2365 4716 2552 4786 conjici
2570 4716 2745 4785 datur,
2761 4719 2902 4789 quod
2922 4720 3050 4775 mihi
3067 4720 3133 4776 ad
3154 4723 3407 4795 quasdam
3427 4724 3620 4794 cpisto-

2034 4806 2112 4861 las
2155 4821 2260 4861 non
2307 4808 2607 4878 rescripsit,
2653 4810 2802 4879 quasi
2845 4825 2944 4866 nos
2988 4814 3375 4871 verecundatur
3421 4817 3614 4886 sequi:

2033 4898 2222 4952 viderit
2250 4914 2405 4967 quam
2428 4900 2496 4953 ob
2517 4914 2754 4954 causam.
2788 4900 2898 4955 iioc
2925 4911 3101 4956 tamen
3126 4905 3386 4977 suspicor,
3409 4919 3509 4977 nec
3525 4920 3619 4961 su-

2033 4991 2200 5060 Spieio
2243 5005 2359 5045 mea
2405 4990 2489 5043 vel
2531 4991 2788 5046 malevola
2835 5002 2916 5047 est
2965 4993 3049 5047 vel
3090 4993 3359 5061 absurda,
3396 5011 3518 5049 cum
3560 5004 3619 5053 et

2030 5084 2231 5152 Optime
2251 5082 2462 5138 noveris
2482 5091 2733 5153 quantum
2756 5099 2875 5139 eum
2898 5086 3130 5156 diligam,
3157 5098 3456 5159 quantoque
3483 5088 3615 5144 mihi

2030 5173 2202 5230 dolori
2232 5173 2332 5239 sit,
2364 5172 2504 5244 quod
2548 5173 2784 5228 nondum
2824 5175 3144 5230 christianus
3186 5188 3304 5243 est;
3349 5188 3401 5232 et
3434 5179 3616 5250 utique

2033 5280 2139 5322 non
2179 5266 2611 5322 inconvenienter
2654 5268 2883 5323 arbitror
2926 5284 3077 5335 eum,
3105 5285 3261 5340 quem
3303 5270 3457 5325 video
3485 5271 3617 5329 mihi

2031 5356 2328 5414 rescribere
2375 5357 2626 5421 noluisse,
2655 5356 2782 5412 nihil
2828 5357 2928 5413 sibi
2966 5374 2998 5413 a
3038 5375 3123 5413 me
3153 5360 3312 5415 scribi
3359 5360 3615 5420 voluisse.

2035 5446 2263 5504 Proinde
2294 5448 2516 5504 obsecro
2545 5457 2618 5517 te,
2648 5457 2703 5502 ut
2726 5449 3171 5521 quemadmodum
3203 5467 3300 5523 ego
3326 5452 3419 5506 tibi
3441 5453 3613 5523 parui,

2097 5585 2116 5599 ‘
2138 5583 2383 5656 castigata
2393 5581 2607 5631 subsidio
2629 5596 2677 5656 a_.
2700 5582 2783 5643 bg.
2809 5582 2883 5656 bl.
2900 5596 3040 5656 c.-cc.
3063 5597 3148 5646 gg.
3172 5597 3255 5646 gv.
3269 5585 3306 5647 j.
3322 5599 3382 5656 _u.
3409 5599 3449 5635 r.
3474 5599 3516 5638 s.
3538 5600 3615 5639 vc.

2033 5644 2338 5753 duoruggqlbg.
2355 5646 2555 5754 dtltorum
2577 5656 2617 5692 s.
2642 5644 2845 5694 duorum
2870 5651 2907 5695 t.
2931 5644 3135 5717 duorum
3156 5644 3231 5697 vc.
3250 5644 3466 5713 quinque
3490 5665 3537 5701 v.
3564 5659 3617 5705 et

2072 5719 2135 5754 m.
2259 5742 2269 5753 .
2314 5719 2363 5754 r.
2419 5720 2506 5754 .ov.

2039 5850 2085 5901 Δ
2099 5788 2171 5851 (a)
2191 5788 2428 5903 aliasliii:
2455 5803 2563 5853 qua}
2583 5795 2745 5839 autem
2768 5788 2855 5838 {0'2
2874 5796 2997 5854 erat,
3020 5802 3149 5842 nunc
3169 5791 3275 5844 169.
3295 5794 3475 5862 scripta
3488 5795 3616 5850 circa

2086 5865 2164 5900 cm
2242 5865 2303 5903 nn
2370 5865 2395 5901 '.

2086 5865 2164 5900 om
2191 5865 2307 5915 tem,
2321 5865 2395 5901 us.
