4032 6334
411 419 422 426 ’
475 422 567 477 371
1685 423 1744 481 S.
1787 421 2150 478 AUGUSTINI
2191 421 2494 482 EPISCOPI

422 528 428 532 ’
473 546 628 606 atque
655 535 791 590 inter
812 552 958 593 meas
981 538 1306 594 arctissimas
1331 539 1728 609 occupationes,
1756 546 1901 592 tuam
1926 551 2048 591 san-

471 635 608 680 ctam
656 627 890 698 mihique
935 628 1302 685 charissimam
1332 629 1654 686 voluntatem
1685 628 1953 685 oiiendere
1982 629 2051 683 tir

471 719 602 783 mui,
627 719 669 774 si
697 736 802 774 non
834 720 1061 777 facerem
1078 721 1216 792 quod
1247 722 1442 792 petisti,
1467 722 1537 778 ita
1569 731 1624 777 tu
1650 736 1862 792 quoque
1889 721 2053 775 facias

469 811 610 881 quod
639 819 777 882 peto.
808 811 922 868 lloc
942 822 1026 869 est
1047 822 1246 880 autem,
1269 821 1327 869 ut
1355 814 1588 870 breviter
1607 813 2048 885 quemadmodum

415 974 418 976 γ
470 919 498 956 a
529 913 580 960 te
600 946 615 969 ,
645 905 780 960 sicut
823 905 953 961 mihi
1000 906 1272 974 indicasti,
1302 907 1622 978 postulavit,
1653 906 1721 961 ad
1756 906 1932 961 omnia
1974 905 2050 960 illi

470 994 798 1064 respondere
818 1011 924 1052 non
953 997 1206 1068 graveris,
1232 997 1374 1067 quod
1397 1005 1451 1052 et
1473 1007 1595 1052 ante
1616 995 1791 1052 facere
1811 995 2047 1067 potuisti.

471 1083 618 1140 Scies
645 1086 787 1140 enim
814 1103 934 1141 cum
959 1086 1174 1159 legeris,
1203 1088 1332 1142 nihil
1359 1104 1494 1158 pene
1523 1104 1552 1142 a
1579 1104 1664 1143 me
1689 1089 1885 1143 dictum
1912 1087 2051 1158 quod

469 1174 584 1244 ipse
616 1192 717 1231 non
750 1193 996 1245 noveras,
1025 1189 1114 1234 aut
1137 1180 1276 1249 quod
1309 1196 1393 1236 me
1421 1189 1626 1235 tacente
1648 1195 1805 1234 nosse
1827 1196 1932 1234 non
1954 1194 2050 1249 po-

469 1275 629 1321 teras.
664 1268 768 1324 Sed
800 1269 900 1325 hoc
927 1285 1060 1340 opus
1091 1287 1264 1326 meum
1296 1288 1424 1341 rogo
1458 1272 1651 1328 habeas
1671 1288 1794 1328 cum
1817 1273 2048 1340 caneris,

467 1374 692 1427 quorum
723 1360 900 1414 studio
926 1361 1030 1417 scis
1063 1363 1365 1418 convenire.
1399 1363 1566 1416 Tuum
1599 1379 1724 1417 vero
1750 1363 1875 1418 illud
1912 1363 2050 1433 quod

466 1447 643 1519 ﬂagito
664 1492 679 1518 ,
710 1452 899 1507 habeat
923 1453 1037 1524 ipse
1064 1455 1148 1509 cui
1190 1455 1293 1510 hoc
1321 1455 1656 1524 potissimum
1693 1456 1968 1524 congruit,
1998 1463 2052 1510 et

467 1542 646 1596 crcteri
675 1558 807 1611 quos
832 1559 935 1597 non
955 1559 1145 1615 parum
1177 1545 1275 1599 ista
1298 1544 1586 1612 delectant,
1604 1545 2048 1615 quemadmodum

465 1630 566 1685 dici
615 1641 834 1702 possunt
871 1635 966 1689 abs
1009 1643 1093 1700 te,
1125 1633 1265 1690 inter
1308 1651 1440 1706 quos
1480 1644 1535 1692 et
1571 1635 1686 1706 ipse
1713 1651 1851 1691 sum.
1894 1636 2051 1691 Vives

464 1737 679 1796 semper
706 1725 760 1780 in
784 1724 1000 1781 Christo
1027 1728 1193 1782 nostri
1222 1743 1445 1784 memor.

924 1855 1266 1905 00881³10
1321 1857 1574 1898 PRIIA.

1003 1949 1086 2006 De
1119 1950 1520 2008 Rssurreetione.

531 2057 590 2111 2.
621 2055 795 2113 Movet
815 2059 1074 2130 quosdam
1095 2101 1110 2125 ,
1137 2069 1196 2115 et
1221 2061 1500 2132 requirunt
1535 2061 1602 2117 de
1630 2062 1834 2118 duabus
1861 2077 2048 2118 resur-

463 2148 792 2204 rectionibus
836 2165 957 2221 quat
999 2153 1280 2208 conveniat
1321 2153 1600 2224 promissa:
1648 2155 2046 2219 resurrectioni,

464 2251 766 2297 utrumnam
813 2244 1013 2300 Christi
1051 2262 1116 2300 an
1163 2246 1390 2302 Lazari?
1433 2247 1496 2303 Si
1536 2245 1752 2311 Christi,
1785 2249 2044 2318 inquiunt,

462 2336 708 2402 quomodo
738 2343 896 2405 potest
922 2337 1029 2392 haec
1057 2340 1319 2393 convenire
1346 2341 1698 2394 resurrectioni
1726 2352 1959 2395 natorum
1989 2361 2051 2398 ea:

461 2426 665 2491 semine,
693 2428 801 2495 ejus
829 2428 916 2498 qui
940 2429 1083 2483 nulla
1110 2432 1313 2486 seminis
1341 2432 1626 2486 conditione
1651 2445 1798 2487 natus
1835 2436 1951 2488 est?
1989 2436 2052 2490 Si

461 2525 630 2570 autem
672 2517 854 2572 Lazari
895 2522 1191 2576 resurrectio
1238 2524 1497 2577 convenire
1539 2527 1780 2578 asseritur
1803 2567 1816 2588 ,
1849 2543 1909 2579 ne
1943 2525 2050 2579 hare

437 2609 662 2676 'quidem
690 2626 961 2682 congruere
987 2613 1183 2668 videtur
1205 2629 1225 2669 :
1250 2614 1494 2687 siquidem
1523 2613 1714 2670 Lazari
1755 2617 2048 2672 resurrectio

433 2737 435 2739 ι
463 2699 601 2769 facta
627 2703 693 2755 sit
717 2703 780 2757 de
803 2719 1013 2774 corpore
1039 2705 1263 2760 nondum
1305 2707 1582 2762 tabescente
1600 2751 1613 2774 ,
1644 2708 1705 2761 de
1731 2724 1786 2762 eo
1817 2727 2044 2776 corpore,

462 2809 560 2864 quo
580 2793 806 2850 Lazarus
825 2797 1115 2866 dicebatur;
1135 2809 1306 2854 nostra
1335 2811 1501 2854 autem
1523 2800 1691 2855 multis
1717 2801 1913 2855 saeculis
1940 2812 2050 2870 post

439 2901 528 2940 rex
549 2891 764 2959 confuso
790 2900 1006 2944 emetur.
1040 2890 1234 2945 Deinde
1255 2891 1302 2946 si
1327 2900 1439 2962 post
1462 2877 1868 2948 resurrectionem
1893 2903 2049 2947 status

465 2975 637 3032 beatus
666 2981 864 3051 futurus
890 2991 981 3048 est,
1009 2981 1153 3036 nulla
1173 2985 1396 3055 corporis
1423 2984 1633 3055 injuria,
1666 2986 1807 3039 nulla
1838 2983 2053 3040 necessi-

465 3077 565 3123 tate
591 3070 739 3139 famis
761 3073 926 3144 ,quid
968 3074 1062 3127 sibi
1091 3075 1193 3128 vult
1238 3075 1452 3130 cibatum
1491 3073 1746 3131 Christum
1783 3080 1971 3150 fuisse,
2003 3086 2050 3131 et

463 3162 673 3216 vulnera
713 3166 1112 3222 monstrauisse!
1151 3166 1256 3222 Sed
1294 3168 1338 3222 si
1385 3178 1588 3241 propter
1621 3170 1937 3225 incredutum
1969 3171 2050 3242 [e-

465 3254 551 3319 cit,
575 3255 724 3323 finxit
749 3272 767 3310 :
785 3257 829 3310 si
849 3267 1014 3311 autem
1032 3275 1202 3318 verum
1215 3261 1452 3329 ostendit,
1475 3278 1593 3333 ergo
1618 3263 1671 3317 in
1691 3265 2051 3319 resurrectione

467 3354 670 3414 accepta
698 3348 871 3417 futura
905 3359 1022 3402 sunt
1049 3349 1275 3406 vulnera.

537 3436 589 3491 5.
617 3436 820 3502 Quibus
847 3441 1217 3510 respondetur,
1238 3442 1359 3500 ideo
1379 3432 1684 3500 nouLazari
1703 3447 2048 3502 resurrectio-

467 3540 589 3578 nem
610 3565 625 3590 ,
655 3527 748 3581 sed
779 3529 952 3596 potius
990 3529 1185 3586 Christi
1215 3545 1508 3604 congruere
1548 3537 1826 3607 promissa:
1864 3554 2048 3592 resur-

466 3615 709 3684 rectioni,
735 3618 858 3689 quia
888 3620 1122 3679 Laurus
1149 3624 1222 3678 ita
1245 3626 1543 3682 resurrexit
1570 3635 1628 3682 ut
1657 3630 1847 3683 iterum
1873 3644 2049 3684 more-

461 3715 614 3762 retur
634 3749 653 3777 ,
671 3708 900 3778 Christus
927 3722 1128 3782 autem,
1151 3715 1289 3770 sicut
1309 3715 1378 3771 de
1401 3716 1496 3772 illo
1521 3717 1776 3788 scriptu
1801 3729 1902 3785 est,
1927 3731 2046 3775 ssr-

459 3814 585 3870 gens
611 3816 644 3854 a
667 3804 908 3868 mortuis,
923 3804 1039 3874 jam
1065 3821 1166 3858 non
1195 3807 1425 3871 moritur,
1448 3815 1497 3862 et
1520 3824 1654 3863 mors
1677 3809 1760 3864 illi
1785 3809 1918 3862 ultra
1941 3826 2044 3864 non

467 3888 802 3944 dominabitur
834 3891 1008 3965 (Rom.
1030 3908 1105 3960 vt,
1127 3892 1208 3966 9).
1249 3895 1402 3963 Quod
1429 3898 1591 3953 etiam
1616 3900 1936 3968 promissum
1959 3909 2048 3956 est

465 3981 843 4038 resurrecturis
871 3982 924 4037 in
954 3982 1060 4039 fine
1087 3985 1288 4053 saeculi,
1317 3995 1376 4042 et
1397 4001 1517 4044 cam
1546 3988 1642 4044 illo
1666 3992 1962 4060 regnawris
1991 3993 2045 4047 in

466 4078 737 4126 aeternum.
779 4073 867 4129 Sic
905 4083 1081 4130 autem
1110 4093 1214 4134 non
1243 4080 1472 4149 pertinet
1501 4082 1568 4137 ad
1600 4085 2043 4139 resurrectionem

465 4160 762 4218 diﬂ‘erentia
793 4165 1082 4224 nativitatis
1107 4167 1300 4225 Christi
1332 4181 1386 4226 et
1407 4183 1624 4239 nostrae,
1648 4175 1785 4245 quod
1816 4175 1907 4229 ille
1930 4177 2046 4231 sine

463 4253 601 4308 virili
629 4257 833 4312 semine
852 4301 866 4325 ,
897 4275 994 4314 nos
1019 4269 1194 4318 autem
1227 4280 1290 4319 ex
1320 4266 1436 4321 viro
1463 4276 1517 4322 et
1541 4266 1731 4322 femina
1761 4270 1923 4323 creati
1953 4285 2044 4325 su-

462 4355 607 4409 mus,
634 4346 771 4424 sicut
799 4349 954 4402 etiam
987 4366 1092 4405 non
1131 4355 1360 4421 pertinet
1390 4357 1456 4411 ad
1485 4358 1648 4428 ipsius
1678 4362 1862 4414 mortis
1888 4359 2045 4416 dilic-

463 4435 711 4487 rentiam.
752 4437 867 4491 Non
911 4441 1052 4494 enim
1083 4452 1366 4512 propterea
1409 4447 1548 4503 illius
1589 4467 1694 4506 non
1732 4470 1856 4508 vera
1899 4473 2046 4515 mors

463 4523 580 4589 fuit,
613 4526 735 4596 quia
759 4529 872 4584 sine
893 4531 1033 4584 virili
1056 4533 1258 4587 semine
1283 4543 1438 4590 natus
1465 4547 1574 4605 est;
1603 4542 1738 4596 sicut
1758 4560 1855 4599 nec
1882 4548 2046 4616 ipsius

465 4618 623 4687 primi
653 4619 879 4675 hominis
907 4621 1062 4677 aliter
1087 4633 1268 4679 exorta
1294 4642 1418 4682 caro
1446 4645 1603 4699 quam
1645 4644 1824 4689 nostra
1852 4635 2045 4710 (quan-

463 4711 749 4781 doquidem
773 4713 861 4769 ille
884 4714 998 4771 sine
1030 4720 1332 4786 parentibus
1353 4721 1420 4777 de
1438 4731 1576 4779 terra
1596 4737 1805 4783 creatus
1825 4741 1924 4798 cst,
1949 4749 2048 4790 nos

473 4809 602 4857 vero
649 4817 715 4858 ex
757 4805 1100 4876 parentibus)
1147 4809 1341 4880 aliquid
1386 4815 1557 4869 attulit
1593 4817 1657 4872 ad
1696 4817 2045 4880 differentiam

464 4892 674 4960 mortis,
699 4902 755 4947 ut
773 4894 925 4950 aliter
943 4895 1033 4951 ille
1053 4909 1369 4969 moreretur,
1389 4903 1541 4959 aliter
1559 4924 1676 4963 nos.
1700 4908 1847 4966 Sicut
1865 4924 2044 4971 autem

465 4981 531 5037 ad
558 4984 746 5039 mortis
768 4984 846 5041 sic
868 5000 971 5043 nec
991 4987 1061 5044 ad
1085 4993 1493 5050 resurrectionis
1519 4995 1870 5058 differentiam
1905 5004 2048 5063 valet

462 5073 670 5131 diversa
699 5077 967 5135 nativitas.

535 5168 592 5224 4.
621 5166 730 5225 Sed
758 5184 826 5226 ne
867 5170 970 5228 hoc
1010 5173 1183 5243 ipsum
1221 5177 1360 5246 quod
1389 5179 1642 5252 scriptum
1672 5194 1754 5241 est
1781 5185 1849 5242 de
1873 5189 2045 5259 primo

468 5257 719 5333 homine,
748 5263 993 5322 similiter
1029 5267 1270 5326 infideles
1310 5271 1553 5330 homines
1592 5278 1764 5334 nolint
1798 5257 2042 5354 credere,

464 5362 706 5446 quazrant
727 5355 810 5411 vel
832 5357 1278 5432 animadvertant,
1308 5364 1354 5419 si
1379 5367 1460 5423 vel
1487 5367 1590 5425 hoc
1614 5384 1853 5440 possunt,
1887 5392 2044 5446 quam

465 5443 752 5501 multorum
777 5450 1083 5508 animalium
1111 5467 1306 5524 genera
1334 5457 1449 5513 sine
1476 5462 1782 5528 parentibus
1807 5481 1875 5519 ex
1904 5443 2043 5522 terra

463 5547 842 5605 procreentur,
869 5556 990 5612 qua
1014 5553 1190 5600 tamen
1214 5547 1454 5602 coeundo
1495 5553 1699 5618 pariant
1738 5555 1895 5608 etiam
1932 5558 2042 5627 ipsa

463 5625 555 5681 sui
580 5627 773 5698 simile,
795 5645 897 5688 nec
913 5645 1129 5706 propter
1148 5637 1504 5694 diversitatem
1531 5643 1818 5700 nativitatis
1839 5625 2046 5706 intersit

475 5715 671 5802 aliquid
705 5719 776 5775 ad
819 5731 1060 5782 naturam
1097 5742 1282 5784 eorum
1304 5768 1322 5797 ,
1349 5746 1468 5800 quae
1505 5747 1778 5802 procreata
1816 5751 1940 5794 sunt
1977 5757 2045 5797 ex

467 5801 636 5882 terra,
656 5820 928 5871 eteorum
953 5831 1074 5888 qua:
1100 5817 1207 5876 illis
1231 5801 1544 5883 coeuntibus
1565 5837 1681 5884 orta
1710 5841 1849 5888 sunt.
1881 5833 2042 5891 Simi-

3644 429 3748 486 372

2156 535 2280 592 liter
2321 553 2464 594 enim
2503 541 2712 605 vivunt,
2753 540 3117 611 similiterque
3137 544 3472 614 moriuntur,
3495 549 3746 619 quamvis

2156 627 2483 686 dissimiliter
2510 639 2633 686 nata
2657 640 2785 687 sint.
2819 632 2894 686 lta
2921 647 3024 690 non
3051 642 3133 690 est
3164 635 3451 694 absurdum
3468 678 3488 705 ,
3509 647 3572 692 ut
3593 640 3748 695 simi-

2156 719 2279 774 liter
2306 731 2582 794 resurgant
2609 738 2870 793 corpora,
2911 740 3031 796 quae
3067 726 3396 784 dissimiliter
3435 739 3555 785 orta
3598 740 3742 788 sunt.

2156 810 2467 878 Huiusmodi
2506 822 2683 869 autem
2727 814 2970 870 homines
3013 833 3122 872 non
3166 819 3402 874 valentes
3440 821 3638 878 intueri
3678 823 3744 878 ad

2155 920 2312 975 quam
2341 921 2454 960 rem
2482 906 2687 960 intersit
2708 907 2904 976 aliquid
2935 907 3203 966 diversum
3230 952 3243 975 ,
3271 919 3325 964 et
3345 910 3415 966 ad
3441 925 3602 981 quam
3639 927 3746 969 Ion

2155 995 2383 1062 intersit,
2401 995 2486 1050 ubi
2509 997 2826 1052 adverterint
2842 998 3072 1068 aliquam
3090 999 3399 1056 distantiam
3421 1002 3745 1072 primordio-
3782 995 3789 1035 ‘

2152 1101 2268 1148 rum
2293 1128 2306 1148 ,
2329 1089 2487 1142 etiam
2515 1088 2692 1144 omnia
2719 1091 3095 1159 consequentia
3119 1090 3321 1146 distare
3339 1089 3596 1162 ‘oportere
3619 1109 3749 1150 con-

2156 1177 2396 1232 tendunt.
2440 1178 2668 1234 Possunt
2695 1179 2824 1234 tales
2853 1190 3041 1250 putare
3069 1182 3247 1238 oleum
3277 1199 3342 1238 ex
3366 1183 3614 1253 adipibus
3633 1200 3747 1242 non

2159 1268 2357 1324 debere
2389 1280 2569 1324 natare
2595 1287 2756 1340 super
2778 1288 3003 1342 aquam,
3031 1273 3166 1330 Sicut
3185 1275 3314 1330 illud
3343 1277 3484 1346 quod
3505 1293 3574 1332 ex
3605 1279 3747 1338 oliva

2155 1368 2270 1425 est,
2323 1361 2571 1430 quoniam
2619 1363 2772 1430 longe
2815 1372 2898 1418 est
2949 1366 3221 1435 utriusque
3258 1367 3408 1438 origo
3447 1367 3743 1436 dissimilis,

2156 1450 2367 1519 quando
2395 1451 2521 1504 illud
2551 1467 2614 1507 ex
2647 1453 2811 1522 ligno,
2843 1455 2942 1507 hoc
2968 1471 3030 1508 ex
3058 1470 3215 1509 carne
3243 1457 3574 1527 proﬂuxerit.

2225 1544 2276 1595 5.
2319 1543 2581 1609 Quantum
2628 1555 2800 1600 autem
2849 1548 3033 1600 attinet
3078 1549 3145 1602 ad
3186 1549 3326 1603 illam
3367 1550 3744 1618 differentiam,

2155 1634 2292 1701 quod
2323 1633 2517 1689 Christi
2550 1651 2774 1704 corpus,
2809 1654 2915 1692 non
2945 1638 3259 1693 dissolutum
3310 1641 3430 1697 tabe
3455 1651 3617 1712 atque
3642 1658 3749 1712 pu-

2156 1723 2382 1788 trcdinc,
2412 1724 2497 1779 die
2525 1728 2682 1780 tertio
2705 1729 3012 1796 resurrexit,
3035 1739 3215 1784 nostra
3243 1747 3371 1788 vero
3392 1743 3514 1802 post
3532 1735 3750 1804 longum

2154 1823 2399 1882 tempus,
2425 1831 2489 1870 ex
2517 1816 2780 1885 quadam,
2811 1833 2917 1888 quo
2945 1819 3121 1874 soluta
3147 1820 3532 1887 discesserant,
3559 1823 3752 1879 coniu-

2154 1908 2303 1961 sione
2332 1909 2746 1977 rcparahuutur;
2781 1911 3024 1966 humana:
3051 1911 3286 1967 facultati
3325 1924 3613 1985 utrumque
3640 1917 3748 1971 im-

2155 1993 2402 2062 possibile
2428 2002 2542 2058 est,
2571 1994 2763 2048 divina:
2793 2007 2966 2050 autem
2999 1998 3248 2068 potestati
3283 2008 3562 2068 utrumque
3591 1999 3748 2056 facil-

2156 2082 2365 2138 limum.
2408 2083 2476 2140 Ut
2504 2084 2644 2138 enim
2687 2085 2865 2140 radius
2895 2087 3035 2140 oculi
3068 2089 3230 2142 iIOstri
3253 2131 3266 2152 ,
3290 2104 3395 2143 non
3430 2091 3584 2145 citius
3623 2106 3752 2160 per-

2153 2175 2297 2228 venit
2332 2173 2398 2228 ad
2438 2176 2815 2246 propinquiora
2839 2220 2852 2244 ,
2884 2178 3082 2233 tardius
3121 2180 3187 2235 ad
3231 2181 3625 2251 longinquiora,
3653 2181 3753 2241 sed

2155 2277 2376 2336 utraque
2405 2268 2677 2321 intervalla
2709 2269 2861 2338 parili
2892 2270 3162 2325 celeritate
3191 2274 3485 2344 contingit;
3529 2274 3597 2326 ita
3626 2289 3752 2329 cum

2152 2357 2203 2409 in
2230 2362 2328 2409 ictu
2357 2358 2488 2411 oeuli
2517 2357 2572 2431 (Ι
2599 2355 2713 2413 Cor.
2747 2377 2834 2426 xv,
2862 2359 2984 2432 52),
3014 2363 3149 2416 sicut
3179 2363 3467 2433 Apostolus
3495 2363 3662 2430 dicit,
3690 2364 3754 2421 ﬁt

2155 2450 2480 2504 resurrectio
2509 2460 2871 2518 mortuorum,
2896 2456 3291 2525 omnipotenti-.13
3336 2457 3428 2511 Dei
3469 2466 3524 2513 et
3563 2457 3753 2512 inclia-

2154 2538 2245 2593 bili
2273 2541 2420 2594 nutui
2453 2550 2558 2595 tam
2588 2541 2742 2597 facile
2785 2552 2866 2598 est
2894 2561 3116 2616 quicque
3147 2547 3376 2602 recentia
3399 2589 3414 2614 ,
3437 2563 3598 2619 quam
3624 2548 3751 2604 diu-

2154 2640 2310 2686 turno
2343 2645 2580 2703 tempore
2602 2635 2798 2704 dilapsa
2823 2635 3078 2691 cadavera
3105 2639 3380 2694 suscitare.
3416 2638 3753 2695 Incredibilia

2154 2733 2277 2776 sunt
2303 2722 2416 2778 lia-c
2445 2723 2780 2794 quibusdam,
2814 2726 2935 2798 quia
2966 2727 3278 2796 inexperta;
3307 2743 3426 2782 cum
3457 2729 3629 2782 omnis
3650 2744 3753 2784 na-

2155 2825 2268 2870 tura
2300 2834 2475 2870 rerum
2509 2828 2610 2872 tam
2639 2819 2708 2873 sit
2736 2820 2887 2888 plena
2910 2820 3200 2885 miraculis,
3227 2828 3283 2874 ut
3308 2837 3413 2875 non
3436 2821 3582 2891 quasi
3603 2819 3754 2876 facili

2152 2907 2593 2979 pervestigatione
2647 2909 2896 2978 rationis,
2952 2909 3043 2965 sed
3086 2909 3292 2965 ridendi
3343 2911 3751 2980 consuetudine,

2153 2999 2284 3052 inira
2332 3016 2435 3052 non
2482 2999 2618 3068 sint,
2667 3009 2823 3070 atque
2865 3000 2932 3055 ob
2977 2999 3108 3069 hoc,
3145 3018 3241 3056 nec
3284 2999 3751 3072 consideratione,

2154 3107 2253 3146 nec
2298 3089 2640 3162 inquisitione
2680 3092 2836 3164 digna
2877 3093 3172 3147 videantur.
3218 3091 3348 3147 Nam
3389 3109 3519 3163 ego,
3547 3101 3754 3148 etme-

2151 3200 2272 3240 cum
2305 3185 2623 3256 quicumque
2654 3183 2935 3240 invisibilia
2980 3187 3071 3241 Dei
3103 3202 3197 3256 per
3221 3202 3282 3240 ea
3309 3203 3425 3256 quze
3457 3184 3591 3239 facta
3619 3191 3755 3241 sunt

2153 3276 2447 3348 intelligere
2493 3277 2784 3332 moliuntur
2829 3278 2999 3351 (Rom.
3032 3295 3088 3347 ι,
3118 3276 3206 3351 20)
3233 3320 3247 3345 ,
3287 3287 3377 3332 aut
3416 3294 3520 3333 non
3566 3279 3752 3333 minus

2151 3375 2243 3421 aut
2295 3369 2521 3437 amplius
2565 3369 2918 3437 admiramur,
2949 3367 3001 3424 in
3057 3387 3162 3424 uno
3210 3370 3428 3424 seminis
3472 3377 3578 3424 tam
3622 3385 3752 3440 par-

2151 3460 2272 3512 vulo
2299 3475 2465 3529 grano
2487 3503 2501 3527 ,
2526 3461 2701 3514 omnia
2729 3478 2846 3531 qua:
2875 3459 3152 3514 laudamus
3187 3459 3238 3514 in
3269 3459 3461 3515 arbore
3488 3468 3750 3530 tanquam

2147 3545 2322 3603 liciata
2350 3548 2592 3618 latuisse,
2621 3567 2776 3621 quam
2808 3551 2986 3604 mundi
3025 3550 3180 3622 hujus
3219 3560 3324 3604 tam
3357 3551 3622 3620 ingentem
3663 3551 3749 3605 si-

2151 3655 2295 3703 num,
2329 3656 2447 3711 qua:
2468 3641 2535 3696 de
2561 3641 2874 3711 corporibus
2902 3643 3147 3697 humanis
3171 3643 3296 3698 dum
3321 3642 3623 3698 dilabuntur
3647 3659 3750 3699 a9-

2149 3733 2328 3806 sumit,
2348 3734 2721 3787 resurrectioai
2744 3732 2935 3788 futurae
2959 3745 3063 3790 tota
3086 3746 3139 3790 et
3161 3738 3360 3808 integra
3383 3736 3744 3792 redditurum.

2220 3824 2274 3877 6.
2317 3823 2596 3891 Quomodo
2643 3835 2816 3880 autem
2855 3829 3178 3882 contrarium
3219 3837 3334 3896 est,
3376 3840 3430 3884 et
3469 3828 3748 3886 Christum

2149 3921 2269 3985 post
2296 3918 2738 3971 resurrectionem
2766 3919 3016 3983 cibatum,
3049 3928 3104 3973 et
3135 3921 3185 3973 in
3208 3920 3597 3975 resurrectione
3618 3937 3746 3991 qua:

2149 4006 2472 4078 promittitur
2511 4007 2747 4062 ciborum
2782 4009 3119 4078 indigentiam
3162 4027 3265 4065 non
3313 4011 3580 4078 futuram;
3615 4027 3744 4068 cum

2149 4105 2202 4153 et
2219 4098 2447 4167 Angelos
2474 4099 2708 4168 legamus
2730 4099 3112 4168 ejusdemmodi
3133 4117 3282 4156 escas
3301 4103 3592 4174 eodemque
3617 4119 3742 4157 mo-

2152 4186 2220 4241 do
2241 4189 2551 4258 sumpsisse,
2571 4205 2675 4242 non
2703 4189 2824 4244 ﬁcto
2845 4200 2898 4245 et
2925 4191 3064 4246 inani
3095 4191 3477 4261 phantasmate,
3504 4193 3595 4248 scd
3619 4210 3742 4249 ma-

2152 4279 2489 4335 nifestissima
2511 4283 2757 4340 veritate:
2788 4297 2884 4336 nec
2909 4291 3082 4337 tamen
3110 4283 3450 4350 necessitate,
3471 4283 3562 4338 sed
3584 4294 3743 4355 pote-

2149 4379 2283 4425 state
2305 4371 2329 4424 Τ
2354 4372 2520 4426 Aliter
2541 4374 2682 4426 enim
2705 4372 2951 4427 absorbet
2971 4383 3108 4428 terra
3138 4390 3327 4444 aquam
3350 4375 3556 4442 sitiens,
3579 4377 3743 4432 aliter

2150 4463 2279 4516 solis
2323 4463 2502 4517 radius
2549 4463 2820 4517 candens:
2853 4464 2939 4517 illa
2971 4464 3288 4535 indigentia,
3327 4465 3428 4520 iste
3476 4468 3737 4537 potentia.

2149 4553 2364 4609 Futurae
2393 4570 2519 4625 ergo
2549 4555 2955 4610 resurrectionis
2981 4571 3192 4625 corpus,
3221 4555 3540 4626 imperfecta:
3567 4558 3742 4614 felici-

2151 4647 2272 4698 tatis
2299 4644 2430 4712 crit,
2458 4645 2502 4699 si
2531 4646 2680 4701 cibos
2717 4661 2926 4701 sumere
2975 4662 3078 4701 non
3119 4649 3378 4717 potuerit;
3409 4648 3738 4719 imperfectae

2149 4736 2413 4791 felicitatis
2433 4779 2448 4804 ,
2480 4737 2524 4792 si
2552 4738 2686 4793 cibis
2715 4740 2936 4807 eguerit.
2975 4739 3194 4795 Possem
3231 4741 3316 4796 hic
3347 4743 3411 4796 de
3441 4752 3738 4797 commuta-

2150 4827 2380 4884 tionibus
2405 4831 2758 4899 corporalium
2784 4829 3111 4900 qualitatum,
3138 4839 3192 4887 et
3215 4832 3283 4887 de
3309 4836 3618 4904 prmpotenti
3641 4851 3734 4890 va-
3788 4865 3798 4918 ε

2150 4922 2310 4976 lentia
2329 4923 2379 4976 in
2404 4921 2650 4977 inferiora
2673 4937 2892 4992 corpora
2914 4939 3194 4996 corporum
3217 4925 3546 4998 superiorum
3573 4928 3740 4984 latius
3795 4941 3798 4943 λ

2148 5012 2420 5083 disputare
2445 5029 2458 5078 ;
2487 5014 2579 5068 sed
2623 5013 2853 5068 breviter
2881 5015 3006 5069 mihi
3049 5017 3370 5088 respondere
3399 5020 3736 5090 propositum

2149 5114 2262 5171 est,
2300 5115 2350 5159 et
2380 5105 2570 5158 talibus
2598 5104 2820 5175 ingeniis
2849 5106 2952 5162 hoc
2989 5107 3267 5178 scribitur,
3291 5127 3406 5182 quae
3441 5110 3735 5168 admonere

2148 5195 2433 5251 suﬂ‘ecerit.
3267 5267 3277 5277 _

2221 5286 2274 5342 7.
2314 5285 2458 5342 Sciat
2485 5299 2614 5342 sane
2641 5288 2732 5357 qui
2766 5287 2863 5344 bas
2892 5292 3164 5360 proposuit
3189 5294 3508 5362 quaestiones
3527 5336 3541 5360 ,
3567 5292 3732 5350 Chri-

2151 5383 2291 5432 stum
2323 5386 2441 5446 post
2469 5379 2914 5435 resurrectionem
2943 5381 3236 5448 cicatrices,
3260 5400 3364 5438 non
3393 5385 3610 5440 vulnera
3636 5383 3735 5440 de-

2150 5476 2479 5524 monstrasse
2522 5469 2916 5539 dubitantibus,
2943 5482 3157 5542 propter
3192 5487 3329 5545 quos
3364 5477 3522 5531 etiam
3551 5476 3733 5531 cibum

2149 5575 2213 5614 ac
2239 5569 2421 5630 potum
2449 5574 2661 5618 sumere
2684 5563 2885 5629 voluit,
2915 5579 3019 5618 non
3049 5567 3215 5620 semel
3238 5610 3252 5633 ,
3276 5567 3371 5623 sed
3411 5569 3632 5638 sapius,
3658 5583 3735 5624 ne

2150 5650 2277 5706 illud
2307 5666 2413 5705 non
2445 5665 2640 5722 corpus
2659 5692 2674 5716 ,
2701 5653 2794 5707 sed
2829 5653 3071 5722 Spiritum
3112 5671 3230 5711 eSse
3270 5658 3654 5713 arbitrarentur
3675 5667 3739 5716 et

2150 5744 2249 5800 sibi
2279 5759 2383 5799 non
2413 5743 2609 5810 solide,
2637 5744 2733 5801 sed
2773 5744 3122 5817 imaginalitcr
3147 5764 3419 5820 apparere.
3454 5748 3608 5806 Tunc
3629 5767 3733 5806 au-

2151 5845 2269 5894 tem
2305 5837 2408 5892 illa:
2450 5835 2599 5892 falsae
2638 5836 2912 5894 cicatrices
2953 5837 3211 5913 fuissent,
3241 5841 3290 5898 si
3328 5841 3471 5902 nulla
3504 5842 3735 5922 vulnera
