4090 6356
287 421 390 478 5'5

287 531 720 608 praesumant;
750 537 806 585 et
833 536 1012 585 tamen
1037 539 1136 584 nec
1161 527 1290 599 ipsae
1312 531 1526 592 essent,
1555 523 1603 579 si
1638 534 1733 578 eas
1755 534 1876 576 esse

289 625 569 682 noluisset.
608 621 789 678 Voluit
828 631 1005 677 autem
1041 629 1202 676 certa:
1237 615 1647 691 dispensationis
1685 613 1875 688 gratia,

290 725 353 773 nt
376 717 458 772 eis
485 730 621 787 quos
648 713 943 772 aediﬁcabat
970 713 1025 769 in
1053 711 1159 768 ﬁde
1182 727 1288 768 non
1317 712 1460 779 licta,
1487 725 1593 765 non
1619 705 1760 763 aliud
1784 720 1880 777 pro

287 809 416 874 alio,
448 808 542 864 sed
569 807 672 863 hoc
715 806 858 879 quod
885 805 1194 864 cruciﬁxum
1218 804 1492 872 viderant,
1523 801 1882 860 resurrexisse

289 909 636 956 monstraret.
661 900 798 967 Quid
818 908 900 957 est
923 914 1049 972 ergo
1074 899 1215 971 quod
1243 897 1461 965 dicitur,
1483 896 1544 953 Si
1569 905 1772 968 prapter
1796 894 1879 948 in-

290 991 552 1046 credulum
580 993 718 1065 fecit,
752 991 940 1062 ﬁnxit?
967 992 1117 1064 quasi
1140 1006 1267 1047 vero
1290 991 1334 1046 si
1361 991 1637 1062 quisquam
1668 987 1748 1042 vir
1774 987 1881 1042 tor-

288 1087 358 1141 tis
387 1102 485 1156 pro
513 1085 680 1158 patria
707 1085 986 1152 dimicans,
1017 1085 1183 1140 multa
1225 1084 1442 1140 adversa
1481 1083 1699 1137 vulnera
1738 1079 1879 1136 exci-

291 1188 468 1250 peret,
492 1187 545 1233 et
566 1177 883 1249 peritissimo
903 1177 1132 1245 medico,
1161 1177 1250 1248 qui
1275 1175 1389 1232 haec
1417 1174 1487 1230 ita
1517 1189 1702 1230 curare
1729 1173 1877 1226 vale-

292 1281 376 1326 ret
406 1279 464 1325 ut
490 1271 764 1327 cicatrices
789 1269 946 1325 nulla:
973 1277 1310 1340 apparerent,
1338 1269 1450 1339 ipse
1477 1267 1652 1339 potius
1679 1266 1882 1321 diceret

289 1363 371 1417 sic
403 1378 462 1418 se
485 1363 621 1418 velle
647 1362 822 1418 sanari
849 1371 906 1418 ut
933 1363 1099 1434 magis
1127 1369 1309 1418 essent
1334 1361 1390 1416 in
1418 1375 1641 1430 corpore
1665 1374 1763 1414 suo
1785 1374 1880 1412 ve-

291 1455 449 1526 stigia
479 1456 758 1510 vulnerum
777 1499 791 1524 ,
826 1463 1072 1526 tanquam
1105 1455 1240 1510 tituli
1283 1454 1566 1525 gloriarum
1588 1495 1601 1518 ,
1631 1451 1752 1507 ideo
1793 1451 1881 1506 ille

291 1547 536 1604 medicus
557 1545 832 1603 cicatrices
857 1549 1076 1602 tinxisse
1096 1546 1378 1612 diceretur,
1402 1547 1521 1615 quia
1544 1560 1662 1599 cum
1686 1559 1779 1612 per
1799 1559 1886 1597 ar-

293 1649 401 1694 tem
447 1639 661 1695 ellicere
695 1640 926 1710 potuerit
963 1649 1018 1694 ut
1065 1655 1169 1693 non
1212 1645 1422 1704 essent,
1450 1647 1592 1692 certa
1623 1637 1884 1692 existente

291 1745 474 1793 causa,
499 1747 594 1800 per
609 1741 777 1786 artem
793 1730 968 1786 eﬁ‘ecit
989 1731 1163 1802 potius
1189 1739 1246 1785 ut
1269 1738 1446 1785 essent
1471 1747 1482 1782 :
1506 1746 1624 1799 quae
1645 1743 1750 1784 uno
1771 1728 1886 1782 solo

292 1821 490 1883 modo,
515 1822 654 1883 sicut
690 1823 934 1892 superius
978 1822 1122 1888 dixi,
1151 1821 1298 1876 falsa:
1337 1821 1812 1885 convincerentur,
1840 1817 1887 1875 si

293 1917 441 1970 nulla
470 1915 688 1970 vulnera
719 1924 1051 1971 sanarentur.
1327 1927 1330 1930 ‘

827 2042 1060 2092 QUASSTIO
1099 2041 1352 2082 SECUNDA.

601 2139 682 2196 De
719 2149 939 2212 tempore
973 2142 1262 2196 christiana:
1297 2138 1573 2212 religionis.

365 2258 421 2313 8.
463 2257 591 2312 Item
637 2257 738 2312 alia
782 2266 1209 2326 proposuerunt,
1241 2273 1359 2327 quae
1386 2255 1626 2310 dicerent
1652 2252 1720 2309 de
1748 2253 1884 2309 Por-

296 2350 486 2421 pbyrio
510 2359 695 2405 contra
714 2350 1040 2407 Christianos
1067 2360 1314 2419 tanquam
1337 2347 1592 2402 validiora
1611 2346 1881 2415 decerpta.

298 2443 359 2496 Si
387 2443 618 2497 Christus
645 2457 697 2497 se
715 2483 728 2505 ,
749 2442 1018 2512 inquiunt,
1041 2442 1219 2496 salutis
1242 2441 1371 2494 viam
1401 2440 1520 2492 dicit
1542 2479 1554 2503 ,
1578 2439 1812 2510 gratiam,
1837 2444 1884 2490 et

298 2536 574 2598 veritatem,
596 2540 646 2588 in
674 2551 822 2605 seque
847 2534 956 2589 solo
982 2535 1122 2605 ponit
1142 2533 1324 2586 animis
1352 2532 1443 2587 sibi
1469 2529 1780 2584 credentibus
1806 2544 1884 2582 re-

298 2629 456 2681 ditum
484 2629 662 2696 (Joan.
685 2627 896 2697 x1v,6);
921 2627 1044 2698 quid
1070 2636 1273 2697 egerunt
1299 2635 1368 2679 tot
1396 2624 1692 2680 saeculorum
1721 2621 1886 2676 homi-

296 2735 383 2772 nes
408 2729 526 2774 ante
553 2717 850 2774 Christum?
880 2717 944 2772 Ut
985 2719 1263 2783 dimittam,
1291 2716 1481 2786 inquit,
1512 2724 1738 2786 tempora
1768 2722 1884 2766 ante

297 2807 505 2872 Latium
525 2821 805 2881 regnatum,
818 2811 882 2864 ab
903 2812 1012 2883 ipso
1027 2810 1172 2864 Latio
1189 2811 1331 2881 quasi
1353 2810 1653 2880 principium
1674 2806 1884 2862 humani

298 2905 516 2959 nominis
556 2920 834 2964 sumamus.
876 2903 942 2958 In
973 2906 1086 2973 ipso
1123 2903 1270 2957 Latio
1299 2912 1413 2957 ante
1437 2901 1614 2956 Albam
1654 2901 1724 2954 dii
1761 2899 1886 2953 culti

296 3007 434 3052 sunt.
475 2995 544 3051 In
570 2997 699 3052 Alba
723 3013 862 3071 teque
890 2999 1154 3069 religiones
1194 2999 1414 3067 ritusque
1441 2995 1642 3050 valuere
1669 2993 1883 3064 templo-

293 3104 427 3144 rum.
473 3088 598 3144 Non
625 3090 944 3160 paucioribus
971 3091 1166 3144 sarculis
1194 3091 1306 3160 ipsa
1337 3088 1519 3154 Roma,
1551 3088 1700 3158 longo
1725 3102 1884 3142 stew-

297 3182 460 3236 lornm
510 3192 672 3238 tractu
720 3185 828 3238 sine
873 3184 1148 3239 christiana
1189 3186 1297 3256 lege
1345 3185 1458 3256 fuit.
1503 3183 1656 3250 Quid,
1689 3183 1879 3253 inquit,

297 3286 465 3328 actum
484 3277 549 3329 de
565 3285 667 3330 tam
682 3278 955 3331 inmtmeris
970 3279 1170 3342 animis,
1186 3279 1270 3347 qui
1289 3277 1490 3330 omnino
1509 3277 1562 3330 in
1575 3275 1727 3345 culpa
1743 3276 1885 3329 nulla

293 3378 445 3431 sunt;
474 3369 718 3438 siquidem
746 3370 790 3422 is
831 3371 914 3423 cui
951 3371 1088 3422 credi
1128 3380 1328 3439 posset,
1357 3368 1580 3422 nondum
1621 3368 1885 3422 adventum

295 3475 449 3513 nunc
481 3460 766 3515 hominibus
803 3462 1184 3516 emnmodarat?
1225 3459 1374 3514 Orbis
1412 3475 1606 3532 quoque
1631 3477 1746 3515 cum
1773 3461 1887 3531 ipsa

297 3549 467 3605 Rom
493 3552 544 3604 in
574 3553 748 3607 ritibus
771 3553 1067 3623 templorum
1093 3552 1267 3606 caluit.
1311 3552 1510 3620 Quare,
1543 3553 1733 3623 inquit,
1763 3552 1885 3609 Sal-

297 3653 443 3698 sator
467 3645 558 3712 qui
587 3643 749 3700 dictus
775 3657 844 3699 est
867 3688 882 3711 ,
909 3663 1014 3701 sese
1040 3653 1108 3700 tot
1144 3647 1340 3701 seculis
1367 3646 1651 3702 subduxit?
1675 3647 1780 3702 Sed
1803 3663 1883 3714 ne,

299 3733 496 3804 inquit,
526 3737 694 3788 dicant
717 3738 822 3807 tege
848 3736 1068 3790 Iudaica
1096 3747 1254 3791 vetere
1268 3738 1524 3791 hominum
1553 3749 1781 3794 curatum
1800 3756 1887 3810 ge-

297 3843 396 3880 nus
416 3867 430 3891 ,
463 3828 615 3897 longo
646 3838 754 3897 post
781 3839 1003 3900 tempore
1031 3830 1113 3885 lea:
1137 3829 1436 3885 Judteorum
1465 3832 1703 3903 apparuit
1726 3848 1784 3885 ac
1810 3834 1886 3886 vi-

299 3922 406 3992 guit
435 3931 651 3991 angusta
684 3922 850 3992 Syria:
874 3925 1092 3995 regione,
1124 3936 1290 3994 postea
1319 3941 1433 3979 vero
1464 3927 1708 3997 prorepsit
1737 3927 1889 3981 etiam

300 4013 353 4066 in
384 4015 508 4081 ﬁnes
537 4013 698 4070 Italos
715 4031 735 4080 ,°
762 4017 850 4072 sed
881 4027 990 4085 post
1019 4017 1265 4072 Ctesarem
1291 4017 1488 4082 Caium,
1519 4029 1605 4072 aut
1626 4028 1753 4073 certe
1777 4021 1887 4090 ipso

300 4105 600 4174 imperante.
640 4107 781 4172 Quid
801 4111 959 4181 igitur
983 4121 1148 4164 actum
1169 4110 1231 4164 de
1264 4111 1505 4164 Romanis
1528 4111 1789 4165 animabus
1816 4112 1890 4166 vel

301 4197 522 4267 Latinis,
554 4217 668 4270 qua:
691 4204 854 4272 gratia
880 4203 1102 4258 nondum
1124 4204 1430 4258 advenientis
1458 4203 1644 4260 Christi
1672 4205 1890 4260 viduata

300 4305 438 4357 sunt,
467 4313 621 4365 usque
645 4297 697 4349 in
722 4295 980 4350 Caesarum
1007 4299 1248 4368 tempus?

307 4416 316 4428 -
371 4385 426 4442 9.
463 4388 595 4447 Huic
626 4389 968 4458 propositioni
998 4389 1370 4462 respondetur,
1402 4399 1458 4444 ut
1485 4388 1656 4460 primo
1683 4387 1784 4460 ipsi
1813 4390 1892 4446 di-

304 4491 432 4535 cant
459 4491 634 4536 utrum
657 4482 951 4552 profuerint
977 4480 1280 4540 hominibus
1306 4484 1525 4540 deorum
1557 4498 1775 4540 suorum
1806 4499 1892 4540 sa—

301 4585 415 4640 era,
445 4591 564 4644 qua:
603 4584 811 4631 constat
849 4575 1010 4631 certis
1038 4577 1365 4647 temporibus
1392 4577 1649 4634 instituta.
1677 4577 1806 4645 Quae
1844 4575 1891 4632 sl

301 4677 503 4734 negant
543 4668 739 4739 aliquid
783 4671 1045 4742 profuisse
1090 4669 1156 4725 ad
1187 4671 1480 4726 animarum
1512 4672 1756 4736 salutem,
1790 4685 1888 4725 no-

301 4749 510 4808 biseum
541 4769 603 4807 ea
633 4753 929 4817 destruunt,
961 4764 1016 4810 et
1053 4769 1172 4810 esse
1203 4754 1386 4810 inania
1416 4756 1756 4812 conﬁtentur.
1782 4754 1892 4811 Nos

300 4846 516 4914 quidem
539 4846 698 4900 etiam
727 4847 1018 4916 perniciosa
1043 4853 1433 4913 monstramus;
1456 4847 1548 4904 sed
1577 4864 1759 4918 parum
1785 4863 1889 4902 non

302 4947 388 4993 est
417 4947 474 4992 ut
501 4939 603 5008 ipsi
629 4939 836 4995 interim
879 4940 1026 5011 prius
1061 4939 1239 4996 inania
1287 4939 1568 4996 fateantur.
1596 4939 1654 4996 Si
1675 4957 1802 4995 vero
1828 4955 1890 4996 ea

304 5031 621 5102 defundunt,
653 5042 708 5090 et
735 5035 1002 5105 sapienter
1030 5045 1190 5106 atque
1229 5037 1429 5092 utiliter
1454 5047 1697 5094 asserunt
1735 5035 1891 5092 iusti.-

301 5131 452 5190 tnta;
481 5139 668 5194 qumro
691 5126 817 5196 quid
843 5135 1018 5181 actum
1055 5128 1125 5181 sit
1150 5127 1218 5182 de
1244 5125 1328 5183 bis
1353 5128 1442 5198 qui
1471 5135 1750 5198 antequam
1777 5127 1894 5185 hmc

305 5212 553 5271 instituta
579 5224 783 5288 essent,
807 5223 977 5273 morte
1004 5217 1249 5272 obierunt
1272 5236 1284 5272 :
1311 5219 1410 5273 hac
1433 5220 1576 5274 enim
1603 5217 1782 5289 utique
1807 5235 1894 5274 sa.-

302 5307 419 5366 Ittte
443 5321 603 5381 atque
626 5313 850 5368 utilitate
876 5313 1101 5367 trattdati
1127 5320 1268 5367 sunt.
1307 5313 1376 5368 Si
1401 5321 1578 5368 autem
1611 5323 1896 5385 potuerunt

307 5400 418 5465 alio
457 5403 619 5458 modo
645 5405 876 5476 purgari,
903 5420 1134 5470 curnon
1158 5405 1297 5461 idem
1325 5405 1514 5470 taedas
1537 5410 1896 5477 perseveravit

307 5494 363 5550 in
390 5496 674 5565 posteros?
701 5497 827 5567 quid
856 5511 992 5568 Opus
1017 5506 1131 5552 erat
1153 5498 1428 5552 instituere
1453 5499 1684 5555 novitias
1705 5515 1895 5558 conse-

306 5588 604 5654 cratioues,
634 5603 754 5660 qua:
779 5589 1068 5661 antiquitus
1090 5604 1196 5646 non
1223 5588 1474 5646 fuerunt?

309 5667 314 5670 ”
381 5677 469 5736 10.
493 5679 597 5738 ,Πίο
616 5681 661 5735 si
680 5678 862 5738 dicunt
888 5681 1022 5740 deos
1048 5682 1261 5755 quidem
1291 5683 1434 5755 ipsos
1469 5699 1684 5755 semper
1707 5685 1893 5756 fuisse,

307 5776 365 5824 st
389 5771 456 5823 sd
487 5770 795 5827 liberandos
817 5773 1053 5830 cultores
1070 5789 1198 5830 suos
1218 5775 1419 5846 pariter
1437 5776 1630 5848 ubique
1647 5777 1892 5845 valuisse,

1459 397 1938 466 EPISTOLARUII
1971 395 2247 462 GLASSB
2280 403 2346 462 ll.

3451 401 3558 460 δτι

1980 533 2100 588 qute
2129 518 2326 573 scirent
2352 516 2516 573 certis
2544 514 2873 587 temporibus
2895 514 3136 586 locisque
3157 505 3470 588 conﬂuere,
3501 516 3558 570 in

1982 608 2064 663 bis
2089 607 2220 664 alias
2245 615 2404 678 atque
2428 609 2580 673 alias,
2601 607 2729 664 alibi
2755 616 2918 679 atque
2933 607 3084 674 albi,
3103 601 3262 664 aliter
3275 614 3434 679 atque
3455 608 3560 662 ali-

1981 707 2066 756 ter
2104 700 2203 756 sibi
2247 701 2480 755 voluisse
2507 700 2727 766 serviei;
2755 713 2853 756 cur
2875 698 3016 756 hanc
3039 702 3390 771 uenationem
3413 700 3562 755 chri-

1981 793 2166 848 stiana:
2193 793 2435 864 religioni
2480 793 2750 864 ingerunt,
2778 790 2834 849 in
2859 807 2966 864 qua
2993 791 3149 848 nobis
3187 790 3292 862 ipsi
3330 805 3429 862 pro
3457 790 3564 847 diis

1981 885 2092 940 suis
2112 893 2202 939 aut
2222 885 2546 956 respondere
2563 900 2670 941 non
2691 897 2933 956 possunt,
2961 897 3050 939 aut
3072 885 3120 940 si
3144 891 3386 956 possunt,
3415 886 3470 941 in
3500 901 3566 941 eo

1981 977 2097 1047 ipso
2130 977 2230 1033 sibi
2266 977 2425 1032 etiam
2465 991 2566 1048 pro
2593 987 2774 1033 nostra
2801 977 3058 1049 religione
3083 975 3463 1048 respondeant,
3490 977 3567 1034 ita

1983 1067 2114 1123 nihil
2134 1070 2391 1124 interesse
2415 1084 2510 1139 pro
2527 1068 2736 1124 diversa
2756 1076 3058 1139 temporum
3077 1069 3419 1144 locorumque
3438 1085 3568 1128 con-

1981 1160 2245 1230 gruentia,
2280 1175 2437 1230 quam
2461 1159 2687 1216 diversis
2710 1162 3060 1216 sacramentis
3081 1162 3306 1226 colatur,
3338 1162 3384 1218 si
3422 1161 3566 1234 quod

1982 1253 2173 1308 colitur
2201 1263 2441 1306 sanctum
2468 1261 2578 1316 est,
2609 1254 2748 1308 sicut
2793 1251 2922 1308 nihil
2961 1252 3183 1310 interest
3221 1269 3319 1324 pro
3354 1254 3566 1310 diversa

1984 1344 2276 1413 linguarum
2317 1344 2720 1414 auditorumque
2762 1346 3124 1414 congruentia,
3156 1361 3312 1417 quam
3342 1346 3567 1402 diversis

1984 1437 2130 1489 sonis
2169 1434 2396 1501 dicatur,
2440 1435 2487 1489 si
2527 1434 2667 1504 quod
2705 1435 2900 1490 dicitur
2937 1451 3120 1491 verum
3159 1446 3271 1492 est:
3297 1437 3422 1493 dum
3465 1437 3570 1493 hoc

1985 1541 2116 1582 sane
2146 1528 2372 1593 intersit,
2409 1527 2549 1597 quod
2579 1528 2770 1596 lingua:
2799 1542 2977 1592 sonos,
3011 1528 3202 1598 quibus
3225 1530 3366 1585 inter
3389 1546 3447 1586 se
3472 1546 3568 1586 sua

1988 1634 2140 1674 sensa
2164 1621 2576 1686 communicent,
2605 1621 2764 1675 etiam
2793 1620 3035 1676 homines
3055 1630 3209 1692 pacto
3225 1607 3460 1693 quodam
3481 1641 3569 1679 so-

1989 1711 2197 1766 cietatis
2242 1711 2340 1768 sibi
2385 1711 2662 1767 instituere
2702 1722 2955 1782 possunt;
2984 1713 3175 1783 quibus
3200 1724 3376 1770 autem
3404 1718 3569 1773 sacris

1989 1801 2247 1856 divinitati
2273 1812 2648 1873 congruerent,
2676 1803 3008 1859 voluntatem
3035 1805 3128 1860 Dei
3157 1807 3323 1861 secuti
3345 1808 3571 1878 suntqui

1989 1903 2135 1947 recte
2163 1902 2470 1962 sapuerunt.
2503 1894 2634 1960 Qua:
2662 1895 2880 1949 omnino
2907 1912 3175 1966 nunquam
3207 1897 3369 1952 defuit
3394 1899 3460 1953 ad
3487 1914 3574 1954 sa-

1992 1987 2148 2041 lutem
2169 1987 2384 2056 justiti-.1:
2409 1988 2694 2058 pietatique
2719 1989 3044 2057 mortalium,
3065 1997 3118 2043 et
3145 1989 3188 2043 si
3220 2005 3322 2060 qua
3362 1991 3413 2044 in
3453 1991 3571 2046 aliis

1990 2086 2147 2147 atque
2197 2079 2246 2132 in
2290 2079 2406 2132 aliis
2443 2079 2811 2148 populis,una
2866 2081 3158 2152 eademque
3199 2082 3456 2153 religione
3484 2099 3571 2138 so-

1990 2171 2141 2224 ciatis
2171 2171 2317 2225 varie
2358 2171 2712 2236 celebrantur,
2754 2179 3015 2241 quatenus
3061 2177 3148 2226 liat
3177 2174 3460 2242 plurimum
3487 2191 3572 2229 re-

1990 2263 2113 2329 fert,
2137 2280 2242 2334 quo
2280 2273 2332 2318 et
2361 2264 2590 2318 humana
2613 2263 2928 2320 exhortetur
2955 2264 3040 2322 vel
3065 2267 3325 2322 toleretur
3346 2267 3572 2322 inﬁrmi-

1993 2365 2090 2419 tas,
2119 2364 2174 2410 et
2194 2354 2369 2409 divina
2397 2371 2502 2409 non
2529 2363 2863 2427 oppugnetur
2891 2356 3199 2412 auctoritas.

2065 2448 2150 2500 ll.
2181 2447 2539 2514 Quamobrem
2584 2464 2705 2503 cum
2749 2447 3018 2505 Christum
3061 2449 3300 2506 dicamus
3339 2451 3573 2511 Verbum

1993 2541 2085 2596 Dei
2118 2557 2212 2611 per
2236 2541 2377 2612 quod
2424 2539 2561 2596 facta
2604 2551 2729 2597 sunt
2773 2543 2970 2611 omnia,
3000 2553 3056 2600 et
3085 2545 3204 2600 ideo
3229 2545 3420 2601 Filium
3451 2547 3574 2618 quia

1994 2633 2245 2696 Verbum,
2277 2647 2374 2687 nec
2402 2632 2632 2688 Verbum
2667 2633 2865 2688 dictum
2911 2644 3070 2706 atque
3107 2645 3452 2704 transactum,
3481 2639 3575 2694 sed

1991 2723 2127 2793 apud
2174 2723 2663 2781 incommutabilem
2699 2725 2909 2782 Patrem
2941 2728 3372 2784 incommutabile
3402 2729 3573 2799 ipsum

1991 2826 2149 2886 atque
2197 2817 2702 2871 incommutabiliter
2750 2831 2994 2885 manens,
3023 2819 3120 2872 sub
3143 2820 3294 2888 cujus
3321 2820 3577 2888 regimine

1991 2910 2236 2963 universa
2281 2917 2523 2963 creatura
2567 2909 2855 2978 spiritualis
2895 2919 2947 2963 et
2977 2912 3290 2978 corporalis,
3325 2927 3418 2980 pro
3442 2926 3574 2966 con-

1989 3001 2226 3071 gruentia
2285 3007 2586 3070 temporum
2630 2999 2972 3070 locorumque
3024 3002 3442 3066 administratur,
3491 3002 3574 3058 cui

1991 3091 2330 3146 moderanda:
2370 3101 2424 3146 et
2460 3090 2852 3161 gubernanda,
2905 3092 3051 3161 quid,
3097 3092 3307 3162 quando
3355 3101 3410 3148 et
3460 3094 3573 3161 ubi,

1991 3184 2130 3238 circa
2175 3199 2292 3237 eam
2342 3182 2454 3238 ﬁeri
2501 3190 2761 3252 oporteat,
2792 3184 3050 3253 sapientia
3080 3193 3136 3238 et
3164 3185 3383 3240 scientia
3415 3200 3576 3255 penes

1992 3276 2164 3345 ipsum
2195 3283 2305 3336 est;
2335 3275 2572 3344 profecto
2591 3282 2645 3331 et
2669 3282 2955 3346 antequam
2983 3287 3297 3347 propagaret
3327 3277 3577 3332 Hebrch-

1995 3383 2115 3422 rum
2145 3376 2378 3437 gentem,
2398 3381 2496 3437 per
2519 3383 2678 3437 quam
2699 3368 2779 3422 sui
2810 3368 3069 3423 adventus
3098 3369 3576 3424 manifestationem

1994 3457 2241 3527 congruis
2285 3459 2637 3513 sacramentis
2679 3459 3062 3530 prmﬁguraret,
3091 3469 3144 3514 et
3171 3459 3298 3529 ipsis
3328 3461 3579 3531 tempori-

1994 3551 2093 3606 bus
2121 3551 2391 3608 lsraelitici
2422 3552 2594 3623 regni,
2626 3561 2681 3608 et
2721 3551 2914 3608 deinde
2957 3568 3079 3608 cum
3123 3565 3181 3608 se
3223 3553 3277 3608 In
3320 3567 3481 3608 carne
3509 3552 3580 3610 de

1993 3645 2199 3714 virgine
2225 3653 2442 3714 accepta
2469 3644 2780 3700 mortalibus
2806 3645 3104 3700 mortaliter
3130 3645 3581 3702 demonstravitet

1993 3735 2244 3805 deinceps
2275 3749 2443 3804 usque
2464 3751 2624 3803 nunc,
2647 3749 2769 3791 cum
2801 3734 2985 3807 implet
3005 3741 3180 3790 omnia
3200 3751 3316 3807 quae
3338 3751 3432 3806 per
3449 3737 3582 3792 Pro-

1995 3829 2183 3899 phetas
2208 3838 2333 3884 ante
2361 3828 2620 3900 praedixit,
2640 3837 2695 3884 et
2719 3829 2911 3884 abhinc
2931 3844 3098 3899 usque
3115 3830 3180 3883 ad
3203 3829 3359 3884 tinem
3376 3829 3577 3894 saeculi,

1995 3933 2101 3992 quo
2129 3931 2341 3978 sanctos
2369 3921 2436 3976 ab
2463 3923 2640 3994 impiis
2666 3922 3023 3992 diremptnrus
3055 3933 3160 3990 θεῖ,
3187 3931 3240 3978 et
3264 3937 3360 3979 sua
3389 3923 3581 3994 cuique

1994 4017 2372 4084 retributurus,
2401 4016 2542 4072 idem
2581 4018 2695 4087 ipse
2723 4026 2804 4072 est
2841 4017 3009 4073 Filius
3039 4015 3153 4084 Dei,
3183 4017 3329 4072 Patri
3353 4028 3580 4072 coaeter-

1995 4125 2115 4174 nus,
2141 4119 2194 4166 et
2221 4107 2668 4165 incommutabilis
2689 4107 2979 4179 Sapientia,
3009 4124 3104 4178 per
3125 4123 3280 4177 quam
3303 4119 3479 4162 creata
3499 4117 3582 4164 est

1997 4203 2243 4256 universa
2271 4212 2479 4275 natura,
2509 4209 2564 4255 et
2592 4201 2744 4270 cujus
2782 4197 3184 4272 participatione
3221 4197 3394 4254 omnis
3421 4197 3582 4254 ratio-

1995 4293 2133 4349 nalis
2161 4291 2335 4347 anima
2366 4295 2424 4347 tit
2452 4291 2626 4346 beata.

1947 4382 1979 4408 ⁴
2069 4384 2158 4442 12.
2191 4386 2372 4456 Itaque
2400 4385 2466 4440 ab
2505 4383 2722 4439 exordio
2757 4382 2970 4456 generis
2995 4383 3235 4451 humani,
3263 4383 3581 4456 quicumque

1996 4477 2050 4537 ln
2081 4496 2202 4538 eum
2223 4479 2585 4544 crediderunt,
2611 4493 2838 4548 eumque
2869 4487 3156 4548 utcumque
3179 4477 3578 4546 intellexerunt,

1997 4583 2051 4630 et
2087 4571 2379 4629 secundum
2416 4569 2530 4643 eius
2559 4580 2823 4643 praecepta
2876 4571 2960 4641 pie
3014 4580 3068 4626 et
3118 4571 3256 4641 iuste
3307 4571 3579 4638 vixerunt,

1999 4665 2344 4738 quandolibet
2362 4675 2415 4720 et
2456 4662 2675 4720 ubilibet
2699 4661 2916 4732 iuerint,
2945 4678 3040 4734 per
3063 4680 3184 4718 eum
3213 4664 3396 4735 procul
3421 4664 3584 4721 dubio

1999 4757 2131 4812 salvi
2164 4756 2286 4811 facti
2315 4766 2457 4812 sunt.
2484 4753 2634 4810 Sicut
2661 4758 2803 4810 enim
2832 4769 2928 4810 nos
2963 4754 3016 4808 in
3065 4767 3186 4810 eum
3227 4757 3494 4812 credimus
3531 4765 3586 4811 et

1999 4847 2139 4919 apud
2171 4847 2378 4903 Patrem
2406 4853 2731 4909 manentem,
2760 4853 2814 4901 et
2833 4845 2922 4918 qui
2947 4845 3003 4901 in
3033 4859 3192 4902 carne
3215 4844 3324 4918 jam
3357 4849 3578 4915 venerit,

1997 4941 2079 4996 sic
2124 4940 2416 4996 credebant
2460 4940 2512 4996 in
2549 4955 2671 4996 eum
2714 4940 2937 5014 antiqui,
2969 4947 3023 4995 et
3050 4939 3188 5010 apud
3217 4940 3427 4996 Patrem
3467 4956 3584 4994 ma-

2000 5043 2236 5098 nentem,
2265 5042 2318 5090 et
2347 5029 2401 5087 in
2427 5047 2586 5088 carne
2612 5039 2909 5096 venturum.
2941 5029 3052 5088 Nec
3092 5031 3211 5104 quia
3253 5047 3350 5103 pro
3379 5040 3586 5102 tempo-

1999 5142 2122 5182 rum
2163 5127 2418 5182 varietate
2461 5141 2602 5182 nunc
2644 5124 2842 5182 laetum
2877 5127 3247 5192 annuntiatur,
3274 5125 3414 5197 quod
3459 5135 3586 5181 tunc

1997 5216 2235 5274 futurum
2263 5217 2732 5289 prmnuntiabatur,
2773 5215 2895 5276 ideo
2931 5215 3064 5274 ﬁdes
3095 5218 3206 5289 ipsa
3250 5217 3471 5286 variata,
3498 5217 3586 5272 vel

1999 5313 2148 5370 salus
2193 5312 2306 5383 ipsa
2331 5311 2542 5368 diversa
2567 5320 2668 5368 est.
2693 5311 2802 5367 Nec
2825 5311 2946 5382 quia
2986 5327 3090 5368 una
3132 5311 3427 5382 eademque
3473 5327 3583 5380 res,

2002 5407 2122 5464 aliis
2166 5416 2326 5480 atque
2367 5405 2485 5462 aliis
2512 5405 2680 5462 sacris
2708 5413 2762 5461 et
2788 5403 3134 5461 sacramentis
3160 5401 3244 5460 vel
3268 5403 3587 5476 praedicatur

2002 5509 2096 5556 aut
2119 5499 2488 5570 propnat-tur,
2518 5496 2644 5552 ideo
2675 5497 2807 5553 alias
2852 5505 3017 5566 atque
3052 5497 3184 5552 alias
3206 5510 3314 5561 res,
3345 5497 3428 5552 vel
3451 5496 3586 5553 alias

2002 5599 2162 5662 atque
2175 5591 2306 5646 alias
2323 5589 2520 5646 salutes
2537 5596 2744 5660 oportet
2761 5586 2999 5658 intelligi.
3017 5585 3152 5654 Quid
3173 5589 3347 5643 autem
3369 5587 3584 5658 quando

2003 5684 2098 5740 ﬁat
2137 5683 2281 5755 quod
2327 5683 2395 5738 ad
2450 5698 2606 5739 unam
2643 5681 2992 5750 eamdemque
3040 5679 3272 5735 ﬁdelium
3301 5689 3356 5735 et
3379 5682 3586 5751 piorum

2004 5777 2375 5836 liberationem
2407 5777 2688 5848 pertineat,
2715 5773 2993 5830 consilium
3019 5772 3129 5830 Deo
3155 5771 3468 5840 tribuamus,
3490 5787 3586 5828 no-

307 5862 406 5923 ted
434 5879 533 5937 pro
560 5867 818 5928 varietate
843 5883 1028 5928 rerum
1054 5869 1427 5944 temporalium
1455 5887 1520 5929 ac
1543 5880 1894 5943 terrenarum,
1957 5932 1967 5938 ,
2005 5872 2092 5932 bis
2109 5869 2465 5930 obedientiam
2492 5878 2786 5926 teneamus.
2808 5863 3037 5925 Proinde
3061 5864 3181 5923 aliis
3205 5875 3331 5924 tunc
3355 5864 3586 5925 nomini-

1922 5973 1966 6045 ς
2061 6019 2067 6028 ,
