4032 6334
479 363 589 423 575

482 478 583 536 bus
614 483 673 534 et
707 475 894 548 signis,
932 473 1052 530 aliis
1097 479 1274 528 autem
1320 482 1484 534 nunc,
1516 473 1572 522 et
1598 465 1744 535 prius
1784 461 2063 525 occultius,

483 578 669 641 postea
695 567 1049 634 manifestius,
1079 574 1134 622 et
1168 564 1314 636 prius
1356 576 1388 615 a
1434 557 1796 632 paucioribus,
1829 560 2010 624 postea
2036 564 2069 604 a

485 661 752 732 pluribus,
790 674 894 715 una
952 666 1129 713 tamen
1173 654 1465 724 eademque
1506 650 1691 721 religio
1717 662 1840 704 vera
1865 641 2069 715 signiﬁ-

485 760 637 820 catur
662 760 718 807 et
737 750 1067 805 observatur.
1570 764 1573 767 λ

562 844 648 897 15.
680 840 791 915 Nec
816 826 916 896 nos
945 840 1025 895 eis
1049 838 1328 909 objicimus
1352 834 1495 906 quod
1524 832 1677 887 aliter
1707 828 1879 885 Numa
1907 826 2069 915 Pomp-

491 932 647 1005 pilius
670 912 811 1001 deos
827 928 1082 985 colendos
1103 927 1357 982 Romanis
1385 923 1627 987 instituit,
1649 930 1809 990 atque
1822 918 1976 972 aliter
2004 912 2072 968 ab

490 1026 568 1079 eis
597 1023 682 1079 vel
714 1023 858 1079 Italis
879 1028 1037 1077 antea
1063 1020 1409 1087 colebantur,
1426 1032 1526 1072 nec
1554 1013 1694 1085 quod
1727 1007 2077 1083 Pythagoreis

491 1116 816 1187 temporibus
855 1116 947 1171 illa
993 1112 1324 1185 philosophia
1351 1110 1613 1166 celebrata
1641 1114 1743 1170 est,
1774 1118 1893 1175 quae
1917 1109 2074 1156 antea

492 1208 577 1262 vel
618 1207 835 1262 omnino
874 1221 979 1261 non
1025 1212 1158 1269 erat,
1190 1203 1275 1257 vel
1310 1201 1365 1255 in
1392 1197 1720 1270 paucissimis
1747 1193 1932 1249 eadem
1953 1205 2074 1245 sen-

494 1298 769 1357 tientibus,
796 1312 904 1369 non
947 1305 1123 1350 tamen
1162 1292 1351 1348 eodem
1385 1292 1490 1345 ritu
1523 1286 1820 1342 viventibus
1849 1284 2075 1339 fortasse

491 1389 732 1445 latitabat
754 1406 769 1442 :
789 1388 882 1444 sed
911 1395 1085 1442 utrum
1117 1384 1193 1438 illi
1220 1384 1312 1450 dii,
1344 1381 1477 1447 veri,
1509 1386 1598 1434 aut
1625 1376 1833 1433 colendi
1862 1376 1990 1441 siut,
2021 1379 2076 1427 et

493 1460 670 1537 utrum
701 1480 789 1534 illa
819 1476 1149 1550 phiIOSOphia
1179 1476 1474 1530 animarum
1518 1471 1673 1526 saluti
1713 1468 1907 1540 aliquid
1944 1480 2073 1536 pro-

492 1573 593 1638 sit;
622 1573 722 1627 hoc
741 1586 860 1627 cum
887 1570 964 1625 eis
984 1568 1212 1640 agimus,
1234 1567 1337 1623 hoc
1360 1567 1411 1621 in
1435 1565 1782 1636 qumstionem
1803 1574 2074 1624 vocamus,

494 1664 596 1720 hoc
621 1664 940 1737 disputando
963 1663 1328 1719 convellimus.
1357 1661 1610 1717 Desinant
1652 1657 1810 1727 igitur
1843 1653 2077 1723 objiccre

494 1756 649 1811 nobis
674 1736 814 1827 quod
843 1756 987 1811 omni
1012 1765 1193 1820 sectae,
1221 1762 1276 1809 et
1298 1751 1442 1809 omni
1467 1749 1666 1804 nomini
1694 1745 1965 1816 religionis
1984 1743 2080 1799 ob-

491 1847 582 1917 jici
615 1855 806 1918 potest.
835 1846 967 1902 Cum
1010 1846 1151 1900 enim
1197 1858 1299 1898 non
1342 1841 1558 1896 fortuito
1597 1838 1732 1903 labi,
1760 1836 1853 1891 sed
1901 1834 2079 1889 divina

495 1938 825 2011 providentia
870 1946 1106 2007 tempora
1151 1934 1386 1990 ordinari
1425 1932 1708 1994 fateantur,
1735 1926 1861 1999 quid
1889 1926 2080 1996 cuique

497 2031 722 2101 tempori
768 2038 947 2101 aptum
986 2037 1039 2084 et
1081 2036 1438 2098 opportunum
1468 2024 1557 2088 sit,
1584 2023 1874 2077 humanum
1900 2017 2079 2073 consi-

495 2125 625 2191 lium
656 2118 1107 2195 praetergreditur,
1132 2130 1207 2191 pet
1246 2120 1393 2174 illinc
1433 2116 1763 2188 dispertitur,
1791 2111 1932 2168 unde
1967 2110 2081 2181 ipsa

497 2216 828 2287 providentia
858 2215 1016 2269 rebus
1040 2212 1290 2267 consulit.

572 2310 657 2365 l4.
682 2309 734 2365 Si
761 2309 901 2363 cnim
924 2306 1152 2361 dixerint
1177 2311 1454 2375 propterea
1477 2316 1581 2356 non
1606 2313 1817 2367 semper
1843 2312 1943 2352 nec
1967 2294 2086 2351 ubi-

499 2418 604 2475 que
632 2401 790 2457 fuisse
808 2398 1208 2473 Pytltagoricam
1235 2396 1588 2465 disciplinam,
1612 2392 1731 2464 quia
1756 2390 2085 2460 Pythagoras

502 2497 664 2550 homo
707 2493 843 2569 fuit,
874 2508 1048 2563 neque
1094 2490 1195 2546 hoc
1238 2491 1291 2545 in
1329 2496 1590 2559 potestate
1636 2483 1835 2571 habere
1878 2482 2082 2553 potuit;

504 2570 757 2659 numquid
789 2586 890 2640 hoc
917 2585 1075 2655 etiam
1106 2583 1283 2639 dicere
1311 2588 1552 2653 possunt,
1585 2593 1651 2633 co
1689 2577 1805 2648 ipso
1846 2583 2087 2643 tempore

503 2680 716 2753 quando
742 2678 860 2745 fuit,
887 2686 941 2734 et
974 2678 1028 2732 in
1067 2676 1147 2731 Itis
1179 2684 1437 2730 terrarum
1465 2671 1596 2727 locis
1621 2670 1710 2724 ubi
1738 2668 1824 2723 illa
1851 2666 2087 2737 philoso-

504 2777 626 2848 phia
654 2775 838 2847 viguit,
862 2786 1049 2828 omnes
1077 2770 1165 2842 qui
1196 2784 1315 2826 eum
1359 2766 1546 2821 audire
1587 2769 1891 2834 potuerunt,
1925 2759 2087 2815 etiam

504 2870 725 2927 credere
777 2868 1075 2937 sectarique
1118 2861 1387 2918 voluisse?
1427 2861 1505 2914 Ac
1547 2872 1643 2928 per
1685 2856 1787 2911 hoc
1832 2853 2000 2921 magis
2043 2850 2089 2907 si

505 2970 665 3017 tantze
702 2958 979 3031 potestatis
1023 2956 1207 3011 fuisset
1246 2951 1595 3024 Pythagoras,
1624 2955 1685 3002 ut
1707 2946 1797 3002 ubi
1831 2944 2010 3007 vellet,
2038 2950 2092 2997 et

506 3050 719 3123 quando
746 3050 928 3117 vellet,
956 3064 1048 3104 sua
1079 3047 1323 3118 dogmata
1350 3041 1688 3113 praedicaret,
1727 3038 1826 3093 etsi
1870 3036 2093 3091 haberet

507 3145 666 3199 etiam
682 3157 805 3199 cum
820 3156 882 3198 ea
903 3146 1163 3211 potestate
1188 3149 1450 3192 summam
1473 3147 1651 3187 rerum
1678 3128 2093 3202 praescientiam,

509 3250 766 3307 nusquam
814 3243 868 3288 et
917 3245 1183 3301 nunquam
1228 3234 1527 3298 appareret,
1555 3224 1655 3278 nisi
1684 3222 1771 3277 ubi
1803 3229 1857 3307 et
1882 3219 2094 3291 quando

508 3327 608 3382 sibi
636 3306 882 3381 homines
929 3323 1223 3379 credituros
1269 3334 1388 3375 esse
1439 3323 1815 3388 praenosceret.
1838 3306 2091 3380 Proinde,

510 3434 631 3476 cum
661 3418 875 3474 Christo
905 3431 1009 3471 non
1042 3413 1313 3484 obiiciant,
1342 3409 1487 3482 quod
1513 3409 1630 3480 ejus
1658 3408 1956 3463 doctrinam
1987 3419 2095 3458 non

510 3523 698 3566 omnes
734 3514 1063 3578 sequuntur;
1094 3505 1328 3559 sentiunt
1354 3502 1497 3557 enim
1525 3509 1583 3556 et
1624 3500 1724 3569 ipsi
1763 3510 2097 3567 nequaquam

512 3599 615 3654 hoc
640 3607 782 3655 recte
807 3596 967 3667 objici
1006 3609 1181 3665 posse,
1210 3593 1293 3648 vel
1324 3591 1767 3662 philosophorum
1797 3586 2093 3657 sapientiae,

510 3691 599 3745 vel
624 3690 785 3744 etiam
805 3686 1010 3743 nttmini
1030 3684 1249 3740 deorum
1272 3697 1522 3747 suorum;
1552 3680 1678 3751 quid
1702 3678 2100 3749 respondebunt

513 3784 558 3839 si
583 3790 803 3852 excepta
834 3781 922 3835 illa
948 3778 1225 3834 altitudine
1244 3776 1517 3846 sapientia:
1534 3783 1588 3829 et
1610 3773 1846 3829 scientia:
1871 3771 1987 3839 Dei,
2007 3771 2098 3827 ubi

514 3874 756 3931 fortassis
783 3871 925 3928 aliud
952 3870 1187 3925 divinum
1213 3868 1494 3923 consilium
1533 3866 1691 3935 longe
1731 3861 1988 3920 secretius
2015 3861 2100 3917 la-

516 3962 611 4033 tet,
641 3966 757 4021 sine
795 3961 1103 4035 [raejudicio
1146 3960 1304 4016 etiam
1347 3958 1570 4012 aliarum
1615 3956 1752 4012 forte
1794 3969 2096 4025 causarum,

518 4039 638 4131 quae
676 4073 707 4112 a
761 4053 1106 4127 prudentibus
1148 4049 1453 4120 investigari
1503 4055 1725 4118 queunt,
1775 4045 1877 4102 hoc
1906 4046 2100 4121 solum

515 4150 594 4205 eis
662 4147 935 4204 brevitatis
982 4143 1174 4216 gratia,
1231 4142 1286 4197 in
1343 4139 1501 4210 hujus
1554 4138 1864 4209 quaestionis
1916 4137 2100 4207 dispu-

516 4242 715 4298 tatione
755 4220 1016 4305 dicamus,
1058 4230 1183 4292 tunc
1224 4233 1455 4289 voluisse
1499 4229 1805 4287 hominibus
1845 4243 2101 4301 apparere

517 4332 810 4399 Christum,
847 4339 902 4387 et
946 4328 1087 4403 apud
1128 4341 1222 4384 eos
1270 4325 1548 4397 prmdicari
1592 4323 1901 4399 doctrinam.
1927 4337 2099 4389 suam,

519 4423 731 4497 quando
751 4423 967 4487 sciebat,
988 4431 1041 4477 et
1062 4420 1150 4476 ubi
1177 4419 1380 4474 sciebat
1404 4432 1523 4471 esse
1550 4416 1639 4486 qui
1666 4416 1722 4470 in
1746 4431 1868 4471 cum
1894 4413 2104 4470 fuerant

521 4504 777 4573 credituri
803 4513 918 4589 (a)?
945 4513 1040 4568 His
1076 4510 1220 4565 enim
1264 4507 1590 4577 temporibus
1619 4515 1673 4561 et
1702 4506 1784 4561 his
1810 4506 1961 4574 locis,
1990 4505 2108 4576 qui-

522 4608 621 4663 bus
644 4607 985 4677 Evangelium
1005 4603 1119 4674 ejus
1138 4616 1242 4656 non
1268 4610 1351 4655 est
1373 4598 1738 4671 praedicatum,
1764 4599 1895 4653 tales
1918 4614 2105 4657 omnes

525 4703 577 4759 in
625 4702 742 4772 ejus
786 4696 1160 4770 praedicatione
1188 4692 1392 4749 futuros
1418 4707 1538 4748 esse
1563 4691 1894 4767 praesciebat,
1923 4692 2106 4761 quales

586 4799 659 4864 (a)
690 4793 1060 4860 Semipelagiani
1090 4789 1409 4864 massilienses
1436 4789 1596 4864 locum
1624 4788 1755 4862 hunc
1778 4788 2112 4861 producebant

526 4862 574 4913 lu
605 4862 681 4911 sui
716 4859 895 4909 erroris
926 4854 1219 4919 praesidiun)1
1238 4860 1381 4919 Cujus
1395 4865 1484 4919 _ret
1515 4851 1785 4919 admonitus
1816 4856 2110 4919 pugnamus

525 4911 586 4973 ab
622 4921 798 4971 Hilario
831 4920 882 4968 in
911 4911 1257 4985 Epistolajig,
1279 4911 1350 4985 sic
1373 4911 1854 4985 demum'vindicavit
1876 4911 2110 4985 ét‘expli-

526 4985 627 5036 cuit
646 4994 785 5033 suam
804 4974 1097 5030 sententiam
1117 4978 1169 5026 in
1187 4974 1274 5026 lib.
1290 4975 1356 5025 de
1372 4975 1796 5036 Predestiuatione
1816 4974 2047 5036 sanctor.,
2062 4987 2108 5026 c.

525 5033 586 5096 ἒς
611 5033 643 5091 ⁷ι
661 5041 927 5093 Cernitisue
950 5050 1030 5089 me
1047 5039 1153 5110 sine
1176 5036 1448 5110 praajudicio
1470 5033 2113 5110 proicimus-intuentu-

533 5124 559 5155 ι
579 5117 790 5216 {umque
809 5113 1080 5173 causarum,
1102 5097 1196 5191 hoc
1222 5097 1290 5148 de
1318 5097 1620 5169 prascientia
1640 5098 1810 5170 Christi
1833 5098 2002 5171 dicere
2025 5112 2112 5148 vo-

531 5188 557 5218 ι
598 5181 749 5233 uisse,
769 5165 897 5230 quod
914 5160 1256 5233 convincenda:
1277 5168 1569 5233 Win
1585 5158 1872 5233 infidelitatt,
1890 5160 1974 5233 qui
1990 5159 2113 5233 hanc

534 5248 558 5279 ι
579 5220 861 5293 objecerint
870 5226 1206 5293 qumstioxtem,
1221 5220 1443 5293 subicere
1462 5220 1873 5293 videreturmuid
1889 5220 2018 5293 enim
2036 5227 2114 5293 est

534 5309 559 5342 ι
580 5282 765 5353 vei-ius.
786 5282 932 5353 quain
954 5286 1205 5353 praescisse
1222 5283 1597 5353 ,Chﬁsstmaaui
1626 5287 1682 5353 βε
1701 5282 1895 5353 quando
1926 5283 2114 5353 ειηφιὲ·

535 5373 561 5404 ι
581 5354 677 5404 bus
696 5344 820 5404 locis
834 5351 885 5400 in
908 5344 1021 5401 etim
1043 5346 1236 5408 fuerant
1256 5344 1519 5408 credituri?
1534 5344 1641 5408 sed
1656 5344 1826 5408 uti-um
1857 5344 2114 5408 praedicata

537 5432 561 5463 ι
582 5403 675 5465 sibi
697 5403 879 5463 Christo
901 5423 929 5460 a
961 5409 1136 5470 seipsis
1163 5406 1373 5456 habituri
1406 5412 1574 5455 essent
1606 5403 1789 5470 fidem,
1812 5403 1875 5454 an
1902 5413 2004 5456 Deo
2025 5405 2113 5470 ὀρ-

538 5495 564 5526 ι
582 5483 731 5526 mute
750 5472 1005 5534 sumpturi,
1022 5466 1167 5534 idest
1185 5476 1347 5534 utrum
1369 5466 1697 5516 tantummodo
1719 5479 1808 5516 eos
1829 5467 2113 5534 prtescierit,

539 5556 564 5586 ι
585 5550 646 5587 an
679 5538 826 5587 etiam
859 5528 1275 5598 praedestinaverit
1306 5537 1462 5598 Deus,
1486 5540 1745 5598 _quaarcre‘
1774 5528 2115 5598 ac'_disserere

542 5618 563 5645 ι
588 5604 702 5646 tunc
724 5588 1051 5645 necessarium
1073 5606 1168 5640 non
1191 5590 1370 5653 putavi,
1397 5588 1597 5653 tjroinde
1619 5588 1746 5649 quod
1768 5590 1886 5653 dixi,
1911 5595 2022 5640 tunc
2039 5603 2117 5653 vo-

542 5676 563 5707 ε
587 5654 1014 5722 Mssehomimws
1043 5649 1279 5718 apparere
1307 5649 1581 5722 chrisippi,
1598 5656 1645 5699 et
1820 5664 1898 5722 eos
1921 5652 2106 5722 prtedi‘

544 5739 566 5767 ι
589 5717 694 5769 cari
714 5716 984 5769 doctrinam
998 5707 1159 5775 stabit,
1185 5711 1378 5776 quando
1404 5707 1608 5772 sciebat,
1634 5718 1680 5776 et
1698 5707 1788 5762 ubi
1817 5707 1992 5776 sciebat
2013 5728 2116 5768 esse

547 5798 569 5831 ι
594 5779 672 5845 qui
700 5778 749 5831 in
781 5790 892 5829 eum
916 5779 1103 5844 (iterant
1126 5771 1391 5837 credituri,
1420 5778 1585 5837 posset
1618 5774 1762 5824 etiam
1791 5776 1860 5825 sic
1888 5775 1980 5827 dici
2002 5782 2118 5839 tunc

1688 352 1747 407 s.
1791 339 2157 406 AUGUSTINI
2197 338 2505 413 EPISCOPl

3647 338 3756 403 376

2178 471 2282 510 non
2302 453 2518 526 quidem
2538 467 2750 532 omnes,
2776 454 2871 511 sed
2895 463 3073 513 tamen
3091 457 3244 514 multi
3271 458 3323 514 in
3349 456 3468 528 ejus
3489 461 3758 530 corporali

2174 546 2452 616 praesentia
2494 545 2726 613 fuerunt,
2758 547 2848 618 qui
2892 548 2946 603 in
2990 563 3111 604 eum
3161 563 3262 606 nec
3298 551 3564 607 suscitatis
3591 551 3662 606 ab
3690 566 3759 608 eo

2175 639 2397 694 mortuis
2423 639 2642 695 credere
2661 639 2942 695 voluerunt
2966 656 2979 692 :
3003 641 3190 711 quales
3207 644 3367 697 etiam
3397 658 3539 699 nunc
3557 644 3759 699 multos

2175 729 2437 796 videmus,
2466 745 2584 785 cum
2616 739 2757 784 tanta
2784 732 3210 788 manifestatione
3233 733 3301 789 de
3328 734 3421 789 illo
3449 735 3762 804 complean-

2177 832 2262 878 tur
2301 824 2564 894 praeconia
2609 823 3023 895 Prophetarum,
3052 825 3192 881 nolle
3229 826 3404 881 adhuc
3431 827 3671 893 credere,
3703 837 3763 883 et

2175 915 2333 971 malle
2357 915 2585 970 humana
2605 917 2800 994 astutia
2825 916 3092 982 resistere,
3115 930 3274 987 quam
3301 926 3407 994 tam
3422 918 3580 972 clarae
3596 927 3763 988 atque

2176 1008 2469 1081 perspicuae
2496 1014 2709 1077 tamque
2732 991 2944 1062 Sublimi
2961 1008 2973 1039 ¹
2993 991 3356 1085 etsublimiter
3371 1008 3653 1064 diifamata:
3677 1010 3763 1064 di-

2176 1097 2314 1151 vina:
2339 1097 2900 1153 cedere'auctoritati.
2934 1098 3177 1167 Quandiu
3202 1115 3397 1170 parvus
3433 1110 3487 1156 et
3514 1102 3762 1157 infirmus

2176 1196 2260 1243 est
2290 1189 2588 1243 intellectus
2616 1187 2865 1253 hominis,
2898 1189 3091 1245 divinae
3119 1190 3277 1246 debet
3305 1174 3496 1247 cedere
3522 1194 3760 1247 veritati.

2178 1279 2314 1346 Quid
2363 1296 2490 1351 ergo
2534 1285 2727 1335 mirum
2762 1270 2821 1336 lsi
2866 1289 2970 1336 tam
3011 1282 3309 1338 inﬁdelibus
3331 1285 3545 1355 plenum
3572 1284 3766 1340 orbem

2180 1378 2438 1425 terrarum
2468 1358 2712 1427 Christus
2750 1373 3014 1441 prioribus
3060 1376 3271 1430 saeculis
3312 1386 3553 1443 noverat,
3586 1385 3644 1430 ut
3683 1377 3769 1431 eis

2178 1477 2453 1532 apparere,
2483 1463 2569 1517 vel
2604 1464 2879 1533 praadicari
2917 1466 3107 1521 merito
3142 1467 3328 1535 nollet,
3355 1484 3490 1538 quos
3520 1484 3619 1524 nec
3643 1484 3769 1524 ver-

2180 1553 2280 1618 bis,
2307 1570 2404 1609 nec
2426 1548 2699 1612 miraculis
2712 1556 2821 1610 suis
2838 1557 3131 1613 credituros
3150 1574 3268 1614 esse
3289 1561 3634 1629 przesciehat?
3658 1560 3771 1616 Nc-

2180 1661 2284 1717 que
2309 1647 2448 1700 enim
2477 1648 2785 1703 incredibile
2804 1660 2884 1703 est
2911 1650 3043 1704 tales
3071 1650 3233 1707 fuisse
3254 1661 3378 1707 tunc
3402 1667 3607 1718 omnes,
3627 1669 3771 1723 qua-

2182 1736 2260 1791 les
2289 1738 2356 1791 ab
2380 1738 2497 1807 ejus
2520 1738 2748 1793 adventu
2776 1756 2941 1809 usque
2968 1741 3036 1795 ad
3066 1741 3166 1797 hoc
3182 1750 3410 1812 tempus,
3436 1752 3544 1798 tam
3565 1745 3771 1800 multos

2181 1826 2343 1884 fuisse
2371 1837 2425 1884 et
2450 1845 2569 1886 esse
2596 1831 2867 1886 miramur.

2255 1920 2341 1975 15.
2376 1921 2438 1974 Et
2466 1930 2640 1975 tamen
2676 1922 2744 1976 ab
2783 1923 2935 1977 initio
2972 1910 3183 1993 generis
3220 1924 3457 1991 humani,
3483 1905 3631 1981 alias
3675 1942 3775 1982 oc-

2182 2013 2400 2080 cultius,
2424 2016 2557 2070 alias
2583 2016 2900 2083 evidentius,
2945 2019 3084 2073 sicut
3121 2034 3413 2090 congruere
3439 2022 3775 2092 temporibus

2184 2104 2436 2162 divinitus
2460 2107 2631 2161 visum
2659 2116 2760 2170 est,
2802 2123 2899 2163 nec
2938 2110 3246 2179 prophetari
3272 2111 3494 2178 destitit,
3536 2127 3635 2167 nec
3679 2113 3776 2183 qui

2182 2195 2239 2253 in
2287 2212 2409 2252 eum
2452 2200 2735 2254 crederent
2782 2199 3100 2267 defuerunt,
3151 2201 3219 2256 ab
3265 2202 3435 2257 Adam
3483 2218 3653 2272 usque
3704 2203 3777 2258 ad

2186 2288 2423 2361 Moysen,
2442 2298 2492 2345 et
2523 2290 2575 2343 in
2604 2291 2717 2360 ipso
2743 2292 2940 2360 populo
2960 2291 3143 2359 Israel,
3161 2308 3281 2362 quae
3300 2294 3520 2363 speciali
3539 2294 3780 2363 quodam

2186 2383 2442 2452 mysterio
2470 2397 2600 2452 gens
2624 2383 2933 2453 prophetica
2963 2383 3079 2451 fuit,
3108 2393 3162 2439 et
3190 2385 3242 2439 in
3267 2386 3386 2441 aliis
3409 2386 3657 2456 gentibus
3680 2401 3783 2440 an-

2189 2480 2401 2543 tequam
2438 2473 2671 2527 venisset
2714 2474 2766 2528 in
2806 2488 2985 2529 carne.
3027 2475 3162 2530 Cum
3194 2478 3337 2549 enim
3362 2479 3599 2532 nonnulli
3622 2493 3781 2534 com-

2189 2575 2554 2618 memorantur
2600 2564 2650 2618 in
2687 2566 2884 2620 sanctis
2914 2565 3174 2621 hebraicis
3197 2566 3372 2623 Libris
3394 2568 3504 2639 jam
3533 2585 3600 2623 ex
3637 2578 3784 2625 tem-

2190 2674 2320 2728 pore
2340 2658 2588 2725 Abrahae,
2613 2674 2713 2714 nec
2731 2659 2798 2714 de
2818 2660 2982 2729 stirpe
3002 2660 3179 2715 carnis
3208 2660 3346 2729 ejus,
3373 2677 3472 2717 nec
3492 2676 3556 2718 ex
3580 2664 3784 2732 populo

2192 2746 2374 2813 Israel,
2426 2763 2523 2802 nec
2550 2764 2613 2802 ex
2654 2749 2941 2805 adventitia
2974 2750 3227 2805 societate
3256 2753 3309 2806 in
3345 2751 3539 2821 populo
3566 2750 3779 2820 Israel,

2192 2838 2283 2909 qui
2310 2848 2486 2893 tamen
2513 2839 2669 2909 hujus
2706 2842 3027 2896 sacramenti
3069 2842 3350 2914 participes
3393 2842 3639 2909 fuerunt;
3679 2858 3782 2899 cur

2194 2947 2299 2987 non
2326 2932 2606 2988 credamus
2631 2933 2791 2987 etiam
2828 2935 2880 2988 in
2913 2935 3122 2990 cteteris
3151 2935 3248 2991 hac
3276 2944 3435 3006 atque
3461 2937 3578 2992 illac
3603 2938 3785 3008 genti-

2195 3024 2316 3090 bus,
2340 3024 2471 3080 alias
2495 3025 2628 3083 alios
2654 3025 2838 3093 fuisse,
2870 3027 3111 3096 quamvis
3139 3039 3233 3082 eos
3258 3039 3704 3084 commemoratos
3725 3030 3786 3085 in

2196 3118 2399 3197 eisdem
2425 3118 2831 3173 auctoritatibus
2861 3133 2965 3172 non
2990 3117 3369 3189 legamus?,lta
3399 3120 3541 3174 salus
3569 3120 3787 3190 religio-

2198 3209 2279 3264 nis
2300 3208 2478 3278 hujus,
2503 3224 2766 3280 perquam
2789 3211 2954 3265 solam
2982 3225 3162 3265 veram
3187 3209 3332 3267 salus
3352 3225 3475 3267 vera
3497 3212 3788 3266 veraciter-

2198 3314 2301 3370 que
2330 3300 2672 3370 promittitur,
2702 3300 2830 3354 nulli
2861 3316 3091 3371 unquam
3126 3300 3291 3356 defuit
3317 3301 3407 3371 qui
3441 3301 3635 3372 dignus
3660 3301 3783 3370 fuit,

2199 3398 2253 3445 ct
2279 3391 2363 3445 cui
2390 3390 2577 3457 defuit,
2602 3390 2793 3461 dignus
2815 3405 2919 3445 non
2947 3392 3041 3446 fuit
3070 3391 3167 3464 (a).
3213 3393 3281 3448 Et
3317 3390 3386 3447 ab
3410 3392 3633 3447 exordio
3662 3407 3788 3462 pro-

2201 3481 2493 3551 pagationis
2531 3481 2798 3549 humanae,
2846 3497 3011 3553 usque
3048 3483 3101 3537 in
3141 3484 3322 3550 linem,
3364 3484 3683 3554 quibusdam
3716 3484 3788 3542 ad

2201 3573 2501 3641 praemium,
2533 3571 2849 3641 quibusdam
2872 3574 2939 3627 ad
2956 3572 3214 3643 judicium
3236 3575 3571 3645 praedicatur.
3590 3578 3669 3632 Ac
3686 3590 3789 3647 per

2202 3662 2306 3719 hoc
2334 3672 2390 3720 et
2425 3664 2615 3734 quibus
2649 3666 2867 3719 omnino
2904 3667 3213 3722 annuntiata
3249 3681 3357 3723 non
3393 3675 3496 3733 est,
3528 3683 3636 3722 non
3667 3683 3792 3724 cre-

2203 3756 2365 3813 dituri
2388 3759 2836 3829 praesciebantur;
2869 3769 2922 3814 et
2950 3761 3140 3831 quibus
3166 3776 3271 3816 non
3301 3762 3582 3817 credituris
3608 3772 3791 3821 tamen

2205 3851 2516 3904 annuntiata
2543 3860 2643 3915 est,
2668 3852 2720 3905 in
2752 3851 2961 3906 illorum
2986 3852 3288 3923 exemplum
3315 3852 3790 3910 demonstrantur:

2205 3943 2398 4014 quibus
2416 3950 2594 3998 autem
2615 3943 2894 3998 credituris
2914 3943 3313 4011 annuntiantur,
3337 3944 3389 3998 hi
3425 3959 3590 4016 regno
3617 3945 3793 4001 caelo-

2205 4051 2324 4090 rum
2355 4043 2409 4090 et
2436 4044 2739 4090 sanctorum
2763 4035 3086 4105 Angelorum
3105 4036 3342 4092 societati
3361 4047 3757 4107 praeparantur.
3788 4090 3793 4095 .

2760 4143 2997 4194 ουιετιο
3024 4145 3235 4186 TERTIA.

2618 4221 2697 4277 De
2725 4223 3088 4292 sacriﬁciorum
3113 4223 3449 4278 distinctione.

2210 4380 2221 4387 ρ
2280 4317 2369 4373 16.
2396 4316 2514 4373 Jam
2534 4316 2808 4371 videamus
2825 4329 2964 4381 eam,
2987 4330 3105 4385 qua:
3131 4315 3390 4386 sequitur,
3417 4315 3799 4385 quaestionem.

2213 4414 2485 4479 Accusant,
2515 4410 2703 4481 inquit,
2734 4408 2863 4463 ritus
2889 4424 3169 4475 sacrorum,
3197 4407 3406 4476 hostias,
3429 4407 3598 4475 thura,
3625 4419 3675 4464 α
3695 4425 3801 4466 σαι

2213 4513 2339 4569 tera,
2370 4518 2484 4574 qua:
2509 4500 2810 4573 templorum
2834 4500 2998 4555 cultus
3019 4502 3269 4565 exercuit;
3297 4516 3412 4555 cum
3450 4498 3586 4554 idem
3627 4501 3802 4558 cultus

2212 4580 2274 4667 ab
2295 4596 2436 4667 ipsis,
2456 4577 2660 4665 inquit,
2688 4592 2767 4649 vel
2792 4610 2825 4647 a
2846 4592 2956 4647 Deo
2980 4608 3127 4664 quem
3149 4593 3320 4646 colunt
3348 4608 3555 4647 exorsus
3576 4602 3651 4648 est
3670 4602 3802 4648 tem-

2211 4686 2415 4758 poribus
2441 4687 2639 4758 priscis,
2670 4703 2785 4741 cum
2820 4684 3079 4739 inducitur
3104 4682 3246 4739 Deus
3284 4684 3518 4751 primitiis
3542 4686 3761 4755 eguisse.
3788 4698 3793 4703 ·

2284 4778 2371 4832 l7.
2402 4777 2535 4833 Huic
2560 4775 2946 4851 respondetur,
2975 4775 3225 4846 quoniam
3258 4788 3328 4830 ex
3369 4774 3459 4829 illo
3496 4774 3805 4845 Scriptura-

2213 4885 2332 4925 rum
2360 4878 2663 4925 nostrarum
2690 4868 2808 4923 loco
2836 4867 2950 4923 lucc
2978 4866 3201 4939 quzestio
3246 4874 3514 4936 proposrta
3554 4865 3802 4937 agnosci-

2221 5022 2246 5053 ι
2267 5003 2481 5075 valuisse
2500 5003 2775 5075 hominibus
2793 5013 3032 5065 apparere
3334 5008 3390 5075 εει
3410 5000 3545 5075 apud.
3559 5013 3649 5075 eos
3669 5012 3807 5075 rte:

2221 5085 2246 5116 ι
2266 5067 2414 5116 dicari
2444 5065 2707 5129 doctrinam
2726 5077 2913 5129 suam,
2944 5065 3136 5129 quando
3164 5065 3375 5125 sciebat,
3408 5072 3464 5129 et
3498 5067 3584 5114 ubi
3612 5065 3808 5129 sciebat

2223 5146 2246 5176 ι
2269 5141 2383 5178 esse
2413 5129 2497 5191 qui
2538 5126 2688 5178 electi
2718 5126 2908 5178 fuerant
2939 5126 2990 5177 in
3018 5127 3123 5190 ipso
3162 5134 3276 5177 ante
3305 5127 3469 5175 mundi
3498 5126 3810 5207 constitutio:

2222 5203 2516 5325 ἷὲῗὲἐὲξμι.
2776 5253 3003 5313 vocibus,
3026 5248 3219 5303 sublimi
3249 5256 3325 5315 et,
3350 5263 3472 5316 quas
3499 5251 3687 5302 habent
3720 5248 3808 5302 ,ω

2415 5320 2523 5426 gas.
2547 5376 2765 5428 melioris
2783 5382 2929 5427 noue.
2955 5383 3011 5427 At
3028 5374 3145 5425 ω.
3167 5375 3248 5426 hic
3269 5381 3321 5425 et
3343 5374 3465 5427 infra
3486 5376 3809 5438 habent,cre-

2282 5454 2307 5491 r
2338 5476 2352 5489 .

2282 5454 2352 5491 τε.

2282 5522 2353 5586 (a)
2376 5532 2426 5572 tn
2438 5523 2544 5573 haec
2566 5523 2717 5575 verba
2739 5529 2786 5572 s.
2810 5522 3100 5586 Augustinus
3120 5523 3170 5571 in
3184 5521 3385 5586 libron
3399 5521 3611 5586 Prazdest
3650 5527 3807 5586 s$.,_e.

2220 5587 2280 5637 10
2291 5582 2318 5635 ’τ
2335 5582 2374 5632 ἀ
2391 5586 2431 5633 si
2456 5586 2755 5644 discutiatur,
2774 5582 2944 5647 inquit,
2971 5591 3022 5635 et
3035 5592 3278 5647 qumratur
3289 5583 3417 5633 unde
3432 5584 3642 5646 quisque
3659 5582 3810 5633 sitdi-

2226 5600 2280 5637 ιυ
2306 5600 2318 5635 ἓ
2352 5603 2374 5632 α
2391 5600 2431 5633 Si
2456 5600 2755 5644 (llSi‘lll-lalllt',
2774 5600 2823 5633 in
2856 5600 2944 5644 ιιιι,
2971 5600 3022 5635 ει
3035 5600 3278 5647 quzeratur
3289 5600 3417 5633 unuc
3432 5600 3642 5646 qulsquc
3659 5600 3810 5633 ειιω-

2226 5663 2404 5710 sgnus,
2424 5661 2521 5698 non
2540 5650 2719 5697 desunt
2729 5649 2812 5710 qui
2824 5600 3002 5705 θῆσθαι,
3019 5648 3266 5710 voluntate
3281 5647 3484 5694 humana
3502 5660 3521 5710 :A
3534 5658 3626 5710 nos
3642 5650 3814 5696 autem

2218 5707 2665 5826 {satsat}:
2678 5707 2763 5821 sf
2787 5709 3210 5790 ναεειίηλιίοηε
3230 5709 3444 5760 ἀπίω-³
3605 5708 3815 5823 W'

2237 5776 2304 5827 ib.
2330 5774 2361 5828 9.
2385 5780 2606 5835 uetraet.,
2622 5773 2757 5821 c.5t.
2931 5773 2951 5790 ‘
3718 5812 3723 5823 .

3781 5882 3807 5906 ὸ
