4090 6356
277 437 388 495 επ

281 563 394 620 tur,
423 549 512 606 ubi
555 549 806 619 scriptum
847 549 930 600 est
965 540 1094 598 Cain
1140 549 1206 594 ex
1240 531 1496 592 fructibus
1532 539 1706 594 terrae,
1741 523 1872 620 ﬁbcl

283 617 460 699 autem
491 658 554 696 ex
581 617 864 712 primitivis
880 635 1057 690 ovium
1078 630 1333 686 obtulisse
1365 639 1558 680 munus
1589 624 1695 676 Deo
1718 617 1867 692 (Ceu.

285 753 356 802 tv,
393 738 446 799 3,
495 733 574 805 4),
623 731 745 787 hinc
783 730 961 801 potius
991 741 1108 781 esse
1152 717 1549 789 intelligendum
1599 730 1754 786 quam
1804 713 1871 766 sit

283 844 376 884 res
406 828 618 896 antiqua
655 821 971 878 sacriﬁcium
991 861 1006 886 ,
1035 814 1176 887 quod
1208 829 1310 868 non
1341 811 1441 865 nisi
1471 809 1560 862 uni
1595 808 1702 860 Deo
1742 817 1870 858 vero

285 917 464 975 offerri
507 925 752 987 oportere
789 926 1006 967 veraces
1047 917 1099 964 et
1141 921 1306 961 sacrae
1352 903 1564 958 Litterae
1613 907 1866 953 monent:

285 1027 396 1066 non
421 1009 561 1080 quod
591 1008 679 1062 illo
711 1013 860 1077 egeat
889 1005 1044 1067 Dens,
1075 1016 1194 1056 cum
1223 997 1274 1051 in
1305 996 1502 1051 eisdem
1533 993 1660 1062 ipsis
1680 988 1870 1043 litteris

283 1103 618 1170 apertissime
645 1101 715 1154 sit
741 1099 990 1167 scriptum
1011 1138 1025 1161 ,
1058 1094 1181 1147 Dixi
1211 1089 1457 1150 Domino,
1491 1085 1625 1138 Deus
1657 1099 1794 1136 meus
1819 1097 1870 1135 es

289 1207 360 1260 tu,
389 1195 626 1264 quoniam
653 1190 896 1246 bonorum
923 1203 1143 1241 meorum
1182 1199 1282 1236 non
1312 1179 1422 1252 eges
1454 1177 1624 1248 (Psal.
1661 1191 1747 1238 xv,
1773 1172 1865 1244 2);

287 1288 381 1344 sed
413 1285 552 1358 quod
579 1285 738 1340 etiam
765 1284 816 1336 in
845 1281 956 1347 his,
985 1278 1066 1332 vel
1100 1272 1436 1358 acceptandis
1464 1269 1546 1324 vel
1575 1266 1870 1358 reproban-

289 1380 370 1434 dis
419 1377 504 1432 vel
562 1371 940 1444 percipiendis,
992 1357 1232 1424 nonnisi
1275 1362 1574 1417 hominibus
1609 1357 1866 1413 consulat.

287 1471 447 1526 Nobis
475 1469 615 1525 enim
647 1467 862 1538 prodest
889 1463 1065 1518 colere
1095 1461 1280 1522 Deum,
1313 1471 1416 1510 non
1447 1455 1542 1524 ipsi
1578 1453 1702 1505 Deo.
1735 1450 1869 1504 Cum

289 1579 416 1633 ergo
441 1561 666 1630 inspirat
693 1566 746 1613 et
773 1559 927 1612 docet
955 1551 1220 1624 quomodo
1244 1547 1495 1603 colendus
1534 1545 1621 1610 sit,
1653 1559 1755 1596 nou
1786 1555 1870 1595 so-

289 1657 398 1710 lum
439 1669 531 1709 sua
575 1652 716 1707 nulla
757 1647 1047 1716 indigentia
1089 1644 1243 1706 facit,
1291 1641 1382 1696 sed
1423 1647 1599 1693 nostra
1641 1635 1870 1689 maxima

290 1749 534 1802 utilitate.
568 1741 922 1814 Signiﬁcativa
968 1747 1092 1792 sunt
1134 1743 1309 1788 autem
1335 1731 1511 1786 omnia
1548 1727 1670 1781 talia
1702 1723 1868 1778 sacri-

289 1841 434 1905 ﬁcia,
489 1847 542 1892 et
597 1833 939 1907 quarumdam
993 1844 1172 1884 rerum
1221 1822 1628 1886 similitudines,
1680 1817 1871 1888 quibus

287 1931 560 1986 admoneri
591 1944 685 1982 nos
708 1935 916 1996 oportet
945 1923 1009 1976 ad
1035 1937 1096 1977 ea
1127 1921 1236 1990 ipsa
1255 1931 1477 1988 quorum
1500 1911 1870 1968 similitudines

287 2033 442 2082 sunt.
488 2025 597 2076 sive
627 2018 930 2082 scrutanda,
964 2015 1078 2070 sive
1109 2010 1390 2073 noscenda,
1426 2009 1535 2062 sive
1567 2003 1870 2060 recolenda.

287 2115 360 2168 Dc
389 2129 490 2183 qua
521 2128 598 2176 re,
627 2119 878 2182 quantum
910 2107 1036 2161 satis
1070 2114 1171 2170 est,
1203 2101 1532 2162 disserenda,
1561 2113 1666 2152 non
1697 2096 1872 2152 brevis

287 2221 466 2260 sermo
495 2202 809 2273 ﬂagitandus
857 2207 958 2266 est,
1003 2213 1108 2265 quo
1159 2211 1301 2249 nunc
1349 2191 1672 2262 respondere
1719 2187 1872 2242 nobis

286 2299 614 2368 propositum
659 2303 741 2349 est
780 2312 793 2347 :
835 2290 1126 2362 pra‘sertim
1164 2289 1284 2358 quia
1333 2287 1384 2340 in
1439 2285 1556 2339 aliis
1607 2281 1872 2352 opusculis

287 2389 487 2443 nostris
510 2387 608 2460 (α),
639 2387 703 2440 de
737 2386 832 2439 hac
855 2400 915 2438 re
939 2383 1100 2437 multa
1123 2383 1229 2450 jam
1257 2379 1506 2434 diximus.
1541 2377 1606 2430 Et
1634 2376 1721 2445 qui
1749 2383 1872 2462 ante

287 2498 386 2536 nos
407 2482 500 2536 Dei
531 2481 738 2550 eloquia
770 2485 1144 2542 tractaverunt,
1168 2474 1232 2528 de
1254 2469 1683 2526 similitudiniluts
1711 2467 1873 2522 sacri-

289 2575 530 2630 ﬁciorum
576 2573 780 2627 Veteris
831 2568 1187 2630 Tcstamenti,
1225 2573 1472 2633 tanquam
1506 2561 1707 2615 umbris
1739 2559 1872 2629 ﬁgu-

287 2669 469 2738 risque
497 2667 794 2719 futurorum
824 2662 1036 2732 copiose
1061 2659 1219 2713 locuti
1252 2665 1392 2712 sunt.

361 2759 446 2812 18.
491 2757 603 2810 lloc
639 2771 764 2810 sane
803 2769 899 2808 nec
929 2753 978 2805 in
1011 2753 1108 2806 ista
1151 2749 1407 2803 brevitate
1446 2743 1872 2816 praetereundum

288 2859 388 2914 est,
421 2849 563 2918 quod
595 2845 863 2913 templum,
899 2841 1270 2904 sacerdotium,
1305 2838 1640 2900 sacriﬁcium,
1687 2847 1737 2891 et
1772 2829 1874 2888 alia

289 2952 638 3010 qumcumque
666 2936 730 2990 ad
761 2936 872 2988 lucc
911 2933 1258 3004 pertinentia,
1309 2931 1408 2983 nisi
1453 2930 1542 2982 nni
1590 2943 1716 2982 vero
1765 2927 1873 2980 Deo

288 3031 470 3084 deberi
505 3035 723 3083 nossent
767 3025 838 3080 dii
879 3025 1014 3090 falsi,
1049 3025 1149 3078 hoc
1181 3033 1261 3078 est
1304 3023 1593 3086 dzcmoncs,
1627 3020 1714 3089 qui
1753 3027 1873 3098 sunt

287 3129 722 3200 praevaricatores
743 3128 937 3198 angeli,
967 3141 1233 3196 nunquam
1264 3125 1376 3177 haec
1404 3123 1502 3176 sibi
1531 3137 1556 3174 a
1579 3119 1872 3175 cultoribus

288 3223 415 3284 suis,
450 3237 584 3290 quos
625 3221 928 3289 decipiunt,
979 3217 1324 3288 expetissent.
1373 3213 1567 3267 Verum
1611 3211 1723 3264 hmo
1751 3224 1870 3262 cum

287 3313 607 3368 exhibentur
633 3314 760 3378 Deo,
793 3311 1082 3366 secundum
1114 3307 1228 3376 ejus
1271 3304 1667 3375 inspirationem
1713 3311 1872 3370 atque

289 3403 584 3458 doctrinam
606 3446 620 3468 ,
653 3419 774 3457 vera
806 3402 990 3471 religio
1021 3408 1101 3455 est
1131 3418 1144 3454 :
1172 3413 1291 3452 cum
1320 3407 1492 3451 autem
1521 3394 1868 3459 daemonibus,

289 3495 580 3550 secundum
605 3511 786 3550 eorum
819 3494 1030 3562 impiam
1058 3489 1359 3561 superbiam
1382 3529 1397 3555 ,
1429 3487 1584 3542 noxia
1613 3483 1871 3554 supersti-

291 3586 382 3639 tio.
435 3586 768 3656 Quapropter
819 3585 906 3654 qui
955 3583 1270 3637 christianas
1317 3579 1543 3634 Litteras
1599 3577 1871 3646 utriusque

291 3675 620 3731 Testamenti
646 3677 836 3740 sciunt,
867 3691 968 3730 non
1001 3675 1100 3728 hoc
1125 3673 1338 3741 culpant
1367 3673 1420 3725 in
1449 3669 1718 3738 sacrilegis
1753 3668 1870 3721 riti-

291 3765 387 3820 bus
417 3767 749 3836 Paganorum
779 3765 918 3835 quod
946 3761 1496 3831 construant‘templa,
1525 3771 1575 3815 et
1598 3760 1872 3814 instituant

291 3857 583 3910 sacerdotia
603 3900 618 3922 ,
650 3865 704 3912 et
736 3857 928 3912 faciant
957 3855 1247 3918 sacriﬁcia;
1279 3853 1372 3909 sed
1404 3853 1543 3923 quod
1572 3852 1686 3905 hrcc
1716 3851 1870 3904 idolis

292 3947 348 4002 et
388 3950 668 4004 daemoniis
691 3949 994 4004 exhibeant.
1029 3947 1096 4002 Et
1125 3947 1262 4001 idola
1287 3945 1497 4016 quidem
1528 3947 1671 3999 onmi
1713 3958 1871 3997 sensu

291 4055 492 4104 carere,
536 4045 656 4113 quis
685 4041 925 4098 dubitet?
951 4043 1327 4096 Verumtamen
1367 4055 1484 4093 cum
1515 4037 1597 4093 bis
1630 4037 1871 4091 locantur

290 4133 527 4200 Sedibus,
553 4134 848 4188 honorabili
873 4133 1215 4198 sublimitate,
1237 4141 1291 4184 nt
1311 4146 1338 4183 a
1358 4129 1693 4200 precantibus
1714 4135 1871 4195 atque

291 4225 690 4281 immolantibus
719 4227 1076 4290 attenduntur,
1104 4226 1216 4295 ipsa
1243 4223 1583 4279 similitudine
1611 4217 1878 4276 animato-J

291 4335 406 4376 rum
437 4321 796 4375 membrorum
828 4329 985 4389 atque
1011 4333 1281 4382 sensuum,
1327 4317 1566 4386 quamvis
1604 4315 1872 4369 insensata

292 4421 342 4466 et
371 4411 648 4475 exanima,
677 4411 913 4465 afﬁciunt
942 4409 1179 4463 inﬁrmos
1225 4407 1448 4472 animos,
1477 4415 1534 4460 ut
1589 4406 1766 4458 vivere
1808 4417 1872 4458 ac

289 4503 496 4572 spirare
529 4502 846 4568 videantur;
877 4502 1161 4556 accedente
1199 4499 1491 4569 prtesertim
1530 4497 1894 4566 veneratione

290 4593 643 4648 multitudinis
662 4637 677 4662 ,
708 4609 808 4664 qua
837 4601 1013 4646 tantus
1041 4591 1120 4646 eis
1148 4592 1320 4646 cultus
1348 4589 1688 4658 impenditur.

361 4684 451 4739 l9.
473 4683 680 4750 Quibus
705 4683 957 4737 morbidis
984 4693 1036 4736 et
1063 4681 1434 4751 pestilentiosis
1460 4679 1735 4735 affectibus
1763 4693 1880 4752 me-_

291 4773 442 4830 detur
467 4775 736 4843 Scriptura
767 4773 941 4828 divina
964 4813 979 4840 ,
1007 4787 1125 4843 quae
1152 4788 1266 4828 rem
1295 4771 1508 4843 quidem
1545 4781 1744 4836 notam,
1778 4769 1873 4826 sed

293 4875 468 4921 tamen
499 4867 697 4921 salubri
721 4866 958 4920 remedio
981 4865 1353 4920 admonitionis
1381 4864 1625 4930 inculcat,
1655 4864 1835 4918 dicens
1854 4877 1878 4930 ,'

297 4959 482 5013 Oculos
526 4957 706 5012 habent
751 4967 796 5012 et
833 4975 932 5012 non
963 4957 1165 5022 vident,
1196 4973 1341 5010 aures
1367 4955 1548 5010 habent
1576 4965 1622 5010 et
1655 4972 1754 5008 non
1784 4971 1876 5006 au-

295 5053 438 5106 diunt
478 5050 662 5122 (Psal.
711 5047 868 5115 cxur,‘
910 5049 1001 5120 5).
1055 5057 1108 5106 et
1162 5057 1350 5103 caetera
1398 5049 1539 5102 talia.
1582 5047 1704 5102 Hzec
1732 5047 1872 5101 enim

295 5145 475 5206 verba.
505 5159 612 5214 quo
639 5144 805 5212 magis
833 5151 1014 5214 aperta
1044 5151 1098 5196 et
1127 5141 1448 5212 populariter
1485 5155 1609 5196 vera
1639 5147 1780 5204 sunt,
1809 5153 1874 5194 eo

295 5238 462 5307 magis
494 5237 754 5290 incutiunt
779 5235 1045 5291 salubrem
1069 5235 1324 5304 pudorem
1357 5235 1461 5290 illis
1490 5235 1599 5305 qui,
1641 5249 1759 5288 cum
1793 5244 1881 5304 ta-g

297 5327 434 5383 libus
457 5327 758 5384 simulacris
774 5327 1014 5382 divinum
1030 5343 1151 5382 cum
1168 5327 1356 5382 timore
1380 5329 1578 5382 cultum
1601 5327 1872 5392 exhibent,

299 5433 466 5491 eaque
516 5419 812 5475 viventibus
865 5419 1058 5476 similia
1121 5429 1438 5475 venerantes
1490 5419 1876 5491 adorantcsque

299 5520 636 5576 contuentur,
665 5513 850 5583 eisque
873 5509 1390 5582 velut'prmsentibus
1416 5529 1599 5584 preces
1625 5516 1869 5585 allegant,

301 5603 542 5657 victimas
581 5603 892 5668 immolant,
933 5612 1056 5658 vota
1085 5605 1421 5674 persolvunt,
1462 5607 1539 5659 sic
1577 5605 1877 5660 afﬁciuntur

301 5695 514 5749 omnino
539 5703 598 5748 ut
628 5709 690 5750 ea
719 5711 880 5750 sensu
902 5699 1143 5751 carentia
1175 5703 1359 5766 putare
1391 5710 1492 5753 non
1528 5697 1772 5753 audeant.
1800 5698 1876 5754 Ne

319 5811 328 5818 ’
357 5847 431 5912 (α)
443 5831 498 5898 to
517 5848 606 5902 lib.
629 5848 692 5902 22
709 5857 840 5904 cont.
853 5813 1096 5908 satiatum.
1375 5887 1403 5910 ..

1503 403 1982 468 EPISTOLARUM
2018 405 2292 468 CLASSIS
2327 409 2390 468 ll.

3449 421 3554 482 378

1977 525 2300 581 arbitrentur
2323 535 2500 584 autem
2526 528 2612 584 isti
2638 529 2739 586 hoc
2763 530 2933 586 solum
2961 540 3174 589 nostros
3201 533 3390 592 Libros
3417 537 3557 596 velle

1977 633 2188 684 sonare,
2217 621 2354 691 quod
2386 621 2746 693 hujuscemodi
2790 626 3007 682 affectus
3047 627 3279 684 humano
3309 631 3454 686 cordi
3486 648 3554 688 ex

1979 709 2132 762 idolis
2163 709 2472 779 innascitur,
2513 716 2847 786 apertissime
2877 719 3128 789 scriptum
3159 730 3239 776 est
3258 763 3271 786 ,
3307 723 3556 788 Quoniam

1978 819 2147 857 omnes
2181 804 2253 857 dii
2287 809 2508 876 gentium
2542 809 2790 863 drembm'a
2819 810 2986 880 (Psal.
3034 829 3155 880 xcv,
3196 815 3274 884 5).
3315 815 3466 872 Unde
3504 825 3560 872 et

1977 895 2278 980 apostolica.
2315 897 2590 968 disciplina
2643 916 2748 955 non
2807 902 2978 957 solum
3024 904 3168 968 dicit,
3227 905 3365 975 quod
3417 904 3554 976 apud

1975 983 2229 1039 Joannem
2252 987 2462 1056 legitur,
2501 989 2723 1054 Fratres,
2750 1001 2912 1046 cavete
2942 1011 2972 1046 α
3009 995 3290 1049 simulacris
3320 993 3338 1068 (
3355 995 3372 1050 Ι
3395 995 3551 1050 Joan.

1977 1093 2028 1142 ν,
2055 1077 2178 1150 21);
2213 1096 2397 1134 verum
2425 1081 2580 1136 etiam
2611 1084 2749 1153 quod
2782 1085 2916 1154 apud
2945 1087 3166 1141 Paulum
3197 1107 3208 1142 :
3237 1087 3374 1152 Quid
3401 1089 3557 1159 ergo?

1979 1169 2090 1221 dico
2117 1171 2250 1239 quod
2276 1171 2428 1226 idolis
2460 1173 2770 1227 immolatum
2809 1179 2870 1229 sit
2901 1179 3112 1248 aliquid,
3155 1189 3238 1232 aut
3269 1181 3460 1234 idolum
3486 1189 3556 1234 est

1977 1261 2170 1330 aliquid
2187 1263 2210 1314 ἶ)
2228 1262 2332 1315 Sed
2355 1279 2466 1332 qua:
2487 1265 2746 1318 immolant
2768 1276 2953 1336 gentes,
2974 1267 3235 1323 dwmoniis
3255 1281 3300 1323 et
3328 1287 3428 1323 non
3447 1269 3555 1323 Deo

1977 1352 2238 1408 immolant
2293 1371 2310 1408 :
2351 1357 2466 1408 nolo
2507 1365 2674 1411 autem
2714 1375 2798 1412 vos
2841 1362 3000 1414 socios
3043 1363 3152 1430 ﬁeri
3192 1363 3555 1417 dwmoniorum

1978 1443 2028 1512 (Ι
2053 1444 2166 1497 Cor.
2199 1463 2251 1512 x,
2279 1447 2362 1512 19,
2382 1445 2493 1518 r2.0).
2519 1449 2670 1504 Unde
2691 1451 2819 1504 satis
2847 1445 3063 1522 intelligi
3091 1461 3283 1522 potest,
3313 1469 3416 1508 non
3447 1463 3552 1508 tam

1977 1537 2140 1606 ipsam
2173 1539 2582 1617 immolatitntem
2607 1541 2749 1613 (nam
2776 1561 2902 1600 vero
2935 1547 3041 1601 Deo
3070 1549 3226 1617 prisci
3254 1549 3418 1605 sancti
3451 1551 3554 1604 im-

1979 1629 2356 1701 molaverunt),
2388 1615 2479 1686 sed
2523 1635 2662 1704 quod
2704 1635 2802 1690 diis
2830 1635 2974 1691 falsis
3005 1615 3257 1710 etimpiis
3281 1639 3556 1698 dmmoniis

1979 1721 2299 1791 immolatur,
2330 1727 2644 1796 reprehendi
2684 1747 2712 1783 a
2755 1745 2876 1785 vera
2914 1732 3170 1802 religione
3211 1735 3260 1787 in
3293 1735 3554 1804 supersti-

1981 1813 2210 1870 tionibus
2225 1819 2480 1886 gentium.
2507 1819 2653 1874 Sicut
2673 1817 2812 1875 enim
2840 1825 3036 1878 veritas
3059 1825 3298 1880 hortatur
3315 1825 3555 1880 homines

1979 1905 2092 1960 ﬁeri
2137 1910 2308 1962 socios
2356 1921 2657 1966 sanctorum
2690 1917 3041 1984 Angelorum;
3086 1917 3156 1971 ita
3194 1917 3397 1974 seducit
3451 1919 3554 1972 im-

1979 1996 2146 2067 pibtas
2191 1999 2256 2053 ad
2305 2003 2610 2058 societatem
2655 2005 3056 2074 dmmoniorum,
3099 2009 3182 2062 cui
3231 2017 3562 2079 praeparatur

1979 2090 2112 2158 ignis
2152 2099 2401 2160 :eternus,
2435 2095 2568 2150 sicut
2597 2111 2812 2166 regnum
2851 2107 3107 2153 teternum
3147 2100 3386 2155 societati
3430 2114 3560 2154 san-

1977 2191 2204 2237 ctorum.

2048 2274 2134 2330 20.
2159 2275 2338 2346 Neque
2369 2277 2512 2334 illinc
2542 2289 2792 2334 excusant
2821 2281 2968 2351 impii
2999 2297 3091 2337 sua
3123 2267 3378 2354 sacrilega
3408 2296 3558 2338 sacra

1978 2375 2030 2420 et
2059 2367 2359 2435 simulacra,
2379 2371 2518 2438 quod
2543 2371 2813 2441 eleganter
2833 2373 3247 2442 interpretantur
3266 2373 3390 2444 qttid
3410 2389 3560 2445 qua:-

1977 2475 2080 2529 que
2127 2461 2439 2530 significent.
2488 2465 2669 2518 Omnis
2712 2467 2906 2536 quippe
2949 2467 3036 2522 illa
3085 2467 3450 2536 interpretatio
3491 2465 3560 2522 ad

1979 2563 2271 2607 creaturam
2291 2555 2535 2620 refertur,
2555 2573 2658 2612 nou
2681 2557 2747 2611 ad
2768 2559 3092 2622 Creatorem,
3119 2559 3206 2614 cui
3230 2559 3320 2614 uni
3339 2558 3560 2614 debetur

1979 2647 2202 2701 servitus
2229 2648 2498 2718 religionis
2524 2651 2628 2715 illa,
2661 2667 2776 2721 quae
2807 2668 2912 2706 uno
2937 2653 3148 2707 nomine
3171 2653 3364 2724 λατριίά.
3387 2667 3560 2723 graece

1979 2737 2294 2805 appellatur.
2335 2739 2442 2794 Nec
2469 2755 2565 2795 nos
2595 2741 2818 2797 dicimus
2851 2752 3065 2810 terram,
3105 2744 3292 2811 maria,
3320 2745 3513 2799 cadum
3541 2785 3557 2810 ,

1979 2827 2164 2894 solem,
2209 2828 2408 2895 lunam,
2449 2831 2649 2898 stellas,
2695 2841 2748 2887 et
2775 2827 3032 2903 quasdam
3060 2849 3163 2890 non
3211 2835 3262 2898 in
3313 2843 3560 2904 promptu

1978 2920 2107 2973 sitas
2127 2921 2331 2976 cmlites
2351 2931 2640 2992 potestates
2659 2939 2778 2979 esse
2804 2925 3061 2979 dmmonia
3092 2943 3103 2978 :
3134 2925 3228 2980 sed
3250 2939 3368 2979 cum
3386 2925 3558 2979 omnis

1977 3011 2217 3069 creatura
2239 3017 2426 3085 partim
2455 3019 2740 3086 corporalis
2763 3019 2850 3085 sit,
2883 3019 3073 3088 partim
3095 3033 3221 3073 vero
3247 3019 3558 3086 incorpora-

1977 3105 2064 3171 lis,
2105 3121 2260 3176 quam
2307 3109 2464 3162 etiam
2524 3109 2848 3178 spiritualem
2899 3125 3171 3176 vocamus,
3219 3108 3558 3164 manifestum

1977 3204 2077 3262 est,
2112 3197 2162 3250 id
2192 3197 2328 3266 quod
2357 3213 2385 3251 a
2416 3199 2569 3253 nobis
2599 3201 2680 3268 pie
2708 3214 2769 3254 ac
2807 3201 3053 3270 religiose
3095 3201 3172 3266 ﬁt,
3217 3213 3246 3254 a
3287 3200 3560 3254 voluntate

1977 3289 2138 3343 animi
2167 3291 2449 3360 proﬁcisci,
2475 3309 2591 3360 qua:
2621 3301 2861 3347 creatura
2897 3293 3183 3362 spiritualis
3206 3302 3304 3356 est,
3337 3301 3389 3347 et
3415 3291 3560 3346 omni

1976 3383 2234 3452 corporali
2253 3383 2627 3452 praeponenda.
2647 3384 2799 3439 Unde
2821 3385 3086 3455 colligitur
3113 3385 3374 3454 corporali
3407 3398 3562 3438 crea-

1979 3481 2109 3525 turze
2151 3487 2256 3526 non
2293 3488 2411 3528 esse
2441 3474 2866 3528 sacriﬁcandum.
2901 3475 3084 3530 Restat
3107 3476 3413 3545 spiritualis,
3442 3489 3562 3545 quzc

1974 3563 2056 3616 vel
2087 3563 2170 3632 pia
2200 3549 2287 3618 vel
2315 3564 2470 3634 impia
2504 3574 2583 3619 est
2630 3583 2642 3618 :
2689 3565 2774 3634 pia
2805 3567 3041 3631 scilicet,
3083 3567 3138 3621 in
3179 3566 3482 3622 hominibt’ts
3508 3572 3563 3620 et

1975 3655 2193 3724 Angelis
2216 3655 2393 3724 justis,
2441 3665 2492 3711 et
2539 3657 2647 3711 Deo
2693 3659 2794 3713 rite
2825 3659 3213 3724 servientibus;
3247 3660 3404 3729 impia
3434 3673 3562 3713 vero

1977 3748 2027 3800 in
2055 3748 2360 3803 hominibus
2388 3761 2436 3804 et
2466 3751 2666 3820 angelis
2695 3751 2907 3822 iniquis,
2936 3767 3069 3822 quos
3098 3753 3256 3808 etiam
3293 3753 3561 3808 dmmones

1975 3839 2219 3894 dicimus.
2251 3841 2328 3893 Ac
2371 3857 2462 3909 per
2503 3841 2603 3896 hoc
2647 3859 2746 3898 nec
2789 3845 3048 3913 spirituali
3073 3886 3088 3911 ,
3127 3846 3368 3914 quamvis
3405 3845 3562 3914 justas

1976 3933 2672 4010 creaturaevsacriﬁcandum
2714 3945 2814 3990 est.
2860 3935 3119 4001 Quoniam
3170 3946 3366 4006 quanto
3396 3936 3561 4005 magis

1976 4022 2060 4091 pia
2101 4031 2184 4077 est
2231 4033 2283 4077 et
2330 4025 2539 4079 subdita
2589 4026 2716 4093 Deo,
2765 4035 2910 4080 tanto
2949 4027 3124 4080 minus
3154 4043 3210 4081 se
3239 4029 3326 4081 tali
3357 4027 3560 4082 honore

1976 4111 2237 4182 dignatur,
2272 4129 2428 4182 quem
2455 4117 2554 4169 scit
2573 4132 2678 4169 non
2701 4115 2879 4171 deberi
2907 4117 3005 4171 nisi
3035 4119 3163 4172 Deo.
3195 4117 3403 4186 Quanto
3431 4132 3559 4186 ergo

1977 4205 2327 4274 perniciosius
2357 4215 2439 4260 est
2463 4206 2762 4261 sacriﬁcare
2791 4207 3090 4272 dazmoniis,
3127 4207 3230 4262 hoc
3260 4217 3341 4262 est
3367 4207 3560 4278 iniquae

1977 4294 2234 4363 spirituali
2263 4305 2540 4361 creaturae,
2568 4311 2686 4366 quae
2714 4297 2764 4350 in
2795 4297 2898 4351 hoc
2925 4298 3169 4367 proximo
3194 4307 3246 4352 et
3270 4297 3558 4368 caliginoso

1977 4387 2114 4440 coelo
2163 4386 2425 4450 habitans,
2474 4395 2721 4458 tanquam
2743 4375 2746 4378 ’
2769 4390 2820 4443 in
2853 4391 3000 4444 aerio
3027 4405 3243 4445 carcere
3271 4407 3387 4456 suo,
3419 4405 3568 4460 pra:-

1977 4477 2232 4532 destinata
2253 4487 2335 4532 est
2357 4479 2614 4551 supplicio
2629 4467 2980 4550 sempiterno!
3009 4481 3383 4550 Quamobrem,
3399 4484 3561 4540 etiam

1978 4585 2098 4626 cum
2131 4587 2188 4626 se
2217 4571 2459 4628 homines
2487 4567 2849 4643 superioribus
2866 4577 3168 4632 ccelestibus
3188 4577 3558 4648 potestatibus,

1978 4677 2095 4732 qua:
2145 4678 2250 4718 non
2303 4674 2424 4719 sunt
2459 4665 2747 4730 daemonia,
2782 4666 3076 4722 sacriﬁeare
3110 4667 3292 4722 dicunt
3316 4677 3370 4723 et
3394 4668 3559 4724 solius

1977 4753 2208 4808 nominis
2233 4753 2490 4810 interesse
2515 4755 2854 4822 arbitrantur,
2884 4757 3022 4828 quod
3053 4757 3130 4814 illi
3159 4757 3308 4826 deos,
3338 4773 3433 4813 nos
3459 4773 3553 4816 eos

1979 4845 2210 4916 Angelos
2237 4849 2583 4916 appellamus,
2618 4864 2720 4902 non
2743 4863 2801 4904 se
2827 4859 3100 4920 Opponunt
3125 4851 3202 4906 eis
3227 4849 3560 4906 ludiﬁcandis

1980 4938 2254 5006 multiplici
2286 4938 2512 5004 fallacia,
2541 4939 2642 4994 nisi
2669 4939 2959 5004 daemones,
2983 4943 3070 5012 qui
3087 4957 3268 4998 errore
3294 4941 3535 4998 delectan

1981 5035 2068 5082 tur
2109 5036 2163 5082 et
2217 5029 2606 5097 quodammodo
2657 5041 2948 5100 pascuntur
2990 5032 3243 5087 humano.
3299 5033 3559 5099 Quoniam

1980 5121 2147 5174 sancti
2172 5122 2354 5192 Angeli
2381 5137 2487 5176 non
2518 5124 2810 5194 approbant
2835 5127 3172 5194 sacriﬁcium,
3206 5129 3306 5182 nisi
3331 5127 3470 5198 quod
3491 5123 3562 5184 ex

1907 5237 1910 5240 ι
1981 5209 2216 5265 doctrina
2241 5226 2382 5266 verre
2423 5213 2729 5282 sapientiae,
2760 5231 3003 5286 vera-que
3041 5219 3307 5289 religionis
3342 5219 3562 5275 offertur

1982 5303 2070 5357 uni
2087 5317 2214 5356 vero
2235 5303 2362 5368 Deo,
2381 5305 2464 5358 cui
2485 5315 2667 5361 sancta
2685 5307 2937 5364 societate
2959 5311 3281 5366 deserviunt.
3311 5313 3557 5382 Proinde,

1982 5393 2116 5447 sicut
2147 5391 2302 5462 impia
2327 5395 2593 5465 superbia,
2624 5399 2734 5454 sive
2762 5399 3052 5466 hominum,
3081 5404 3197 5458 sive
3236 5403 3554 5472 daemonum,

1983 5485 2080 5541 sibi
2111 5487 2205 5542 hos
2233 5487 2438 5542 divinos
2461 5488 2695 5546 honores
2723 5492 2958 5548 exhiberi
2989 5495 3070 5550 vel
3094 5496 3243 5564 jubet
3273 5499 3356 5552 vel
3383 5499 3554 5568 cupit;

1983 5578 2055 5631 ita
2077 5578 2160 5647 pia
2189 5577 2456 5634 humilitas
2472 5583 2556 5636 vel
2580 5583 2868 5651 hominum,
2893 5587 2974 5641 vel
3006 5587 3321 5657 Angelorum
3350 5600 3561 5647 sancto-

1983 5684 2134 5733 rum,
2183 5669 2300 5723 lunc
2351 5671 2451 5725 sibi
2501 5671 2674 5727 oblata
2723 5677 3015 5743 recusavit,
3047 5687 3099 5732 et
3127 5679 3210 5732 cui
3240 5680 3560 5737 deberentur

1984 5759 2230 5814 ostendit.
2264 5763 2426 5832 Cujus
2461 5765 2538 5818 rei
2581 5766 3007 5824 manifestissima
3048 5770 3101 5825 in
3138 5771 3302 5828 sacris
3342 5769 3560 5842 Litteris

1987 5851 2182 5910 nostris
2203 5855 2443 5920 exempla
2471 5853 2846 5918 menso-antur.
3495 5855 3504 5880 ⁵
