4032 6334
507 356 612 416 379

577 475 672 534 2i.
709 475 990 550 Dispertita
1020 484 1199 536 autem
1221 474 1418 536 divinis
1445 475 1674 546 eloquiis
1701 476 1957 531 sacrificia
1998 491 2093 545 pro

508 576 807 638 temporum
837 569 1201 638 congruentia,
1221 575 1283 626 ut
1310 568 1412 624 alia
1441 570 1766 624 tierentante
1781 566 2092 623 manifesta-

509 663 704 718 tionem
735 661 866 718 Novi
897 661 1220 718 Testamenti
1244 703 1260 728 ,
1289 661 1431 733 quod
1460 677 1526 718 ex
1554 662 1666 726 ipsa
1695 677 1818 716 vera
1848 672 1901 716 et
1937 663 2094 720 unius

504 753 800 810 sacerdOtis
827 753 1060 817 victima,
1085 752 1186 808 hoc
1201 760 1305 822 est,
1328 769 1393 812 ex
1419 752 1586 810 ciliiso
1609 753 1808 810 Christi
1837 755 2092 824 sanguine

505 845 868 910 ministratur,
901 853 956 901 et
982 845 1124 901 aliud
1154 861 1295 900 nunc
1333 846 1473 916 quod
1517 846 1638 902 huic
1679 846 2091 902 manifestationi

503 953 813 1010 congruum,
835 939 922 1009 qui
945 938 1054 1008 jam
1076 938 1344 994 declarato
1370 939 1583 994 nomine
1610 938 1880 994 christiani
1905 940 2090 1009 appel-

505 1028 694 1092 lamur,
724 1029 1014 1094 offerimus,
1038 1046 1146 1085 non
1172 1030 1344 1085 solum
1364 1031 1704 1100 evangelicis,
1727 1047 1912 1086 verum
1929 1032 2086 1086 etiam

503 1123 828 1193 propheticis
876 1123 1088 1180 Litteris
1153 1124 1566 1180 demonstratur.
1628 1123 1845 1178 Mutatio
1893 1123 2090 1193 quippe

504 1229 608 1268 non
637 1215 750 1278 Dei,
795 1230 897 1270 non
945 1215 1108 1284 ipsius
1143 1215 1434 1285 religionis,
1467 1215 1560 1270 sed
1607 1215 1987 1270 sacrificiorum
2033 1223 2090 1269 et

501 1316 952 1364 sacramentorum
982 1308 1314 1377 impudenter
1339 1323 1478 1361 nunc
1495 1307 1764 1362 videretur
1783 1308 2084 1376 praedicata,

502 1399 602 1452 nisi
633 1398 818 1452 fuisset
847 1408 970 1455 ante
1001 1399 1271 1469 praedicta.
1300 1398 1755 1464 Quemadmodum
1784 1400 1924 1451 enim
1951 1412 2088 1452 unus

503 1489 751 1560 idemque
799 1489 979 1554 homo,
1025 1491 1068 1544 si
1099 1491 1207 1543 Deo
1237 1507 1390 1548 tuane
1420 1491 1558 1544 aliud
1587 1491 1793 1556 offerat,
1822 1490 1961 1544 aliud
1994 1505 2086 1546 ve-

501 1597 676 1651 stiere,
710 1598 805 1652 pro
835 1585 1177 1651 congruentia
1206 1584 1378 1638 diurni
1425 1583 1712 1652 tempori's,
1764 1599 1869 1638 non
1922 1585 2085 1638 Deum

503 1684 692 1741 nttttat,
713 1691 810 1728 nec
832 1675 1161 1742 religionem,
1182 1674 1314 1728 sicut
1333 1691 1429 1729 nec
1455 1675 1676 1730 salutem
1699 1675 1786 1743 qui
1811 1675 1910 1727 alio
1929 1674 2087 1729 modo

502 1779 692 1831 tuane,
737 1765 840 1818 alio
885 1781 1104 1835 vespere
1143 1765 1334 1819 salutat
1383 1781 1398 1819 :
1446 1766 1512 1818 ita
1551 1766 1603 1818 in
1645 1766 1891 1819 'universo
1919 1775 2085 1820 tractu

501 1855 973 1922 sanettlorum,cutu
993 1857 1131 1910 aliud
1153 1857 1386 1909 oblatum
1411 1866 1490 1910 cst
1519 1856 1585 1912 ab
1609 1858 1840 1924 antiquis
1867 1857 2083 1924 sanctis,

500 1945 640 2002 aliud
671 1947 738 2000 ab
763 1947 840 2001 eis
866 1948 951 2016 qui
986 1963 1126 2002 nunc
1152 1958 1271 2002 sunt
1295 1950 1534 2011 otl'ertur,
1565 1965 1668 2001 non
1702 1949 1927 2002 humana
1952 1965 2087 2017 prai-

500 2039 830 2110 sumptione,
872 2037 965 2091 sed
1006 2040 1318 2094 auctoritate
1356 2039 1563 2104 divina,
1600 2041 1925 2109 temporibus
1955 2057 2084 2094 con-

500 2142 626 2196 grua
653 2143 800 2182 sacra
831 2131 1080 2201 mysteria
1109 2131 1464 2196 celebrantur,
1489 2147 1595 2185 non
1618 2131 1756 2186 Deus
1785 2141 1876 2186 aut
1905 2133 2087 2204 religio

501 2229 878 2280 commutatur.

1033 2353 1273 2403 01185⁸1³10
1322 2353 1553 2403 ουΑιιτΑ.

501 2447 580 2504 De
629 2465 690 2505 eo
741 2451 878 2521 quod
915 2453 1159 2524 scriptum
1202 2462 1273 2508 est
1318 2469 1337 2507 :
1377 2455 1432 2508 In
1478 2469 1578 2524 qua
1622 2467 1871 2507 mensura
1915 2451 2086 2507 mensi

681 2541 907 2611 fueritis,
941 2547 1255 2599 remetietur
1283 2546 1434 2600 vobis
1466 2544 1676 2617 (Matth.
1704 2561 1798 2609 vn,
1827 2543 1906 2615 2).

575 2678 664 2736 22.
709 2679 823 2734 Jam
855 2697 994 2736 nunc
1021 2681 1214 2738 deinde
1241 2683 1512 2738 videamus
1542 2683 1694 2752 quale
1733 2683 1802 2736 sit
1838 2681 1978 2751 quod
2020 2679 2086 2736 de

503 2786 752 2826 mensura
784 2772 981 2840 peccati
1007 2787 1164 2844 atque
1189 2775 1433 2842 supplicii
1467 2775 1735 2842 proposuit
1756 2815 1769 2837 ,
1802 2773 1877 2828 sic
1906 2773 2084 2824 Evan-

501 2865 636 2934 gclio
665 2865 1014 2922 calumniatus
1052 2885 1064 2920 :
1110 2866 1358 2932 Minatur,
1385 2867 1580 2936 inquit,
1605 2866 1834 2921 Christus
1862 2866 1954 2919 sibi
1984 2881 2085 2920 non

501 2955 830 3022 credentibus,
859 2967 1045 3012 a’lerna
1072 2958 1288 3025 suplicia
1319 2957 1472 3029 (Joan
1501 2975 1576 3024 ιιι,
1608 2958 1692 3029 l8)
1716 2977 1728 3022 ;
1757 2968 1801 3011 et
1828 2956 1948 3011 alibi
1973 2957 2042 3010 ait
2066 2971 2086 3010 :

507 3048 601 3103 «1η
622 3066 721 3120 qua
742 3068 975 3106 mensura
996 3053 1152 3105 mensi
1174 3053 1390 3122 fueritis,
1412 3053 1694 3105 remetietur
1715 3051 1867 3105 vobis.
1884 3070 1901 3103 ι
1921 3051 2082 3116 Satis,

503 3144 691 3212 Inquit,
731 3143 942 3198 ridicule
980 3154 1128 3216 atque
1164 3147 1414 3200 contrarie
1443 3161 1460 3200 :
1490 3163 1602 3199 nam
1628 3148 1671 3200 si
1699 3148 1766 3198 ad
1797 3161 2086 3199 mensuram

499 3234 788 3288 redditurus
823 3244 893 3288 est
929 3252 1148 3304 pa’nam,
1187 3246 1232 3290 ct
1258 3238 1419 3292 omnis
1451 3253 1680 3290 mensura
1707 3236 2087 3306 circumscripta

499 3336 568 3377 est
615 3334 716 3395 [ine
762 3328 1032 3397 temporis,
1074 3329 1196 3397 quid
1231 3328 1326 3383 sibi
1355 3327 1528 3384 volunt
1559 3330 1708 3383 mina:
1735 3329 1920 3398 inﬁniti
1955 3345 2085 3398 sup-

500 3417 638 3486 ριίσιε
653 3419 678 3471 γ

571 3511 659 3566 23.
705 3510 859 3570 Istam
898 3511 1246 3580 quaestionem
1286 3527 1316 3564 a
1355 3513 1723 3582 qualicumque
1767 3512 2086 3582 philosopho

501 3616 620 3656 esse
646 3604 908 3671 objectam
930 3613 1088 3672 atque
1112 3605 1456 3674 prepositam,
1480 3603 1692 3659 difficile
1723 3614 1805 3658 est
1828 3605 2081 3661 credere:

501 3695 694 3762 quippe
724 3693 811 3762 qui
842 3694 946 3759 ait,
980 3693 1158 3747 Omnis
1205 3711 1439 3749 mensura
1487 3695 1912 3750 circumscribitur
1959 3707 2085 3750 tem-

503 3799 642 3852 pore,
674 3783 822 3852 quasi
852 3799 955 3840 non
982 3785 1153 3839 soleat
1186 3785 1287 3844 nisi
1328 3795 1625 3855 temporum
1663 3802 1782 3842 esse
1811 3804 2081 3855 mensura,

501 3863 639 3928 sicut
674 3874 922 3930 horarum
952 3885 1005 3930 et
1034 3874 1236 3931 dierum
1273 3886 1326 3934 et
1359 3892 1652 3945 annorum;
1678 3880 1760 3933 vel
1787 3880 1922 3934 sicut
1950 3881 2083 3937 dici-

503 3980 623 4020 mus
651 3965 866 4022 brevem
899 3969 1155 4039 syllabam
1186 3970 1436 4040 simplum
1473 3971 1670 4028 habere
1705 3974 1986 4042 temporis,
2017 3973 2084 4030 ad

503 4057 766 4128 syllabam
796 4059 1027 4130 longam.
1061 4061 1192 4116 Puto
1217 4063 1360 4120 enim
1391 4065 1597 4120 modios
1625 4074 1678 4119 et
1707 4066 1964 4132 rabones,
1992 4083 2086 4122 ur—

507 4165 602 4206 nas
627 4159 682 4204 et
705 4151 1012 4222 amphoras,
1038 4169 1145 4209 non
1177 4164 1474 4225 temporum
1495 4172 1616 4212 esse
1636 4174 1929 4214 mensuras.
1945 4160 2088 4228 Quo-

504 4241 664 4296 modo
693 4259 820 4314 ergo
847 4245 1022 4302 omnis
1051 4262 1299 4304 mensura
1329 4249 1784 4306 circumscribitur
1813 4251 2086 4322 tempore?

505 4331 691 4388 Nonne
732 4335 832 4404 ipsi
871 4336 1085 4403 dicunt,
1117 4339 1285 4396 solem
1324 4340 1482 4395 istum
1522 4336 1904 4413 sempiternum
1935 4343 2086 4399 esse?

504 4425 593 4494 qui
625 4433 802 4480 tamen
830 4435 1061 4498 quantus
1087 4429 1155 4483 sit
1178 4430 1241 4484 ad
1271 4439 1488 4494 terram,
1515 4437 1779 4489 mensuris
1803 4437 2090 4505 geometri-

503 4515 580 4568 cis
624 4521 944 4585 perscrutari
985 4520 1180 4578 audent
1213 4532 1268 4577 et
1301 4526 1626 4580 renuntiare.
1649 4527 1800 4592 Quod
1824 4529 1936 4584 sive
1967 4543 2088 4598 pos-

507 4608 647 4672 sint,
676 4611 787 4664 sive
815 4627 920 4668 non
951 4614 1186 4682 possint,
1225 4625 1435 4671 constat
1462 4633 1582 4672 eum
1614 4629 1788 4674 tamen
1821 4623 2084 4691 propriam

505 4701 585 4754 sui
610 4700 754 4760 orbis
776 4701 970 4762 habere
993 4721 1314 4764 mensuram.
1337 4708 1468 4776 Quia
1491 4719 1544 4765 et
1564 4710 1608 4764 si
1633 4712 2088 4781 wiuprehendunt

504 4805 734 4868 quantus
779 4795 879 4860 sit,
925 4813 1232 4856 mensuram
1281 4801 1397 4870 ejus
1443 4803 1930 4872 comprehendunt;
1959 4814 2014 4861 et
2040 4806 2088 4863 si

509 4881 611 4939 hoc
657 4901 764 4940 non
811 4898 1186 4960 assequuntur,
1229 4907 1532 4950 mensuram
1585 4895 1702 4965 ejus
1753 4897 1934 4968 utique
1979 4914 2084 4953 non

505 4978 968 5050 cortiprehetidttttt
995 4999 1008 5037 :
1039 4997 1139 5038 nec
1177 4984 1300 5042 ideo
1339 4987 1482 5042 nulla
1525 4999 1639 5052 est,
1681 4990 1803 5058 quia
1844 4987 2089 5046 homines

509 5086 626 5126 eam
657 5088 816 5130 nosse
843 5090 946 5130 non
973 5085 1214 5145 possunt.
1243 5077 1425 5133 Potest
1454 5081 1611 5149 igitur
1637 5081 1833 5151 aliquid
1866 5089 1920 5137 et
1946 5097 2090 5138 sem-

509 5163 774 5231 piternum
802 5181 940 5231 esse,
964 5176 1017 5222 et
1035 5180 1234 5224 certam
1255 5169 1336 5224 sui
1368 5171 1512 5226 modi
1539 5172 1734 5228 habere
1760 5189 2085 5230 mensuram.

509 5252 809 5312 Secundum
839 5257 983 5330 ipsos
1001 5259 1139 5316 enim
1163 5259 1230 5314 de
1251 5260 1381 5316 solis
1399 5263 1698 5320 aeternitate
1720 5265 1927 5320 locutus
1944 5280 2084 5332 sum,

511 5357 566 5403 ut
601 5365 695 5403 sua
734 5351 995 5406 sententia
1023 5351 1428 5416 convincantur,
1456 5360 1614 5424 atque
1642 5354 1934 5410 concedant
1967 5369 2088 5411 esse

507 5453 665 5508 posse
689 5440 883 5511 aliquid
911 5456 1033 5496 cum
1063 5457 1313 5498 mensura
1345 5445 1749 5513 sernpiternum.
1773 5448 1849 5500 Ac
1877 5445 1955 5500 sic
1981 5461 2085 5502 non

510 5531 628 5585 ideo
654 5541 837 5602 putent
864 5549 968 5588 non
995 5549 1114 5588 esse
1147 5535 1470 5592 credendum
1501 5537 1568 5591 de
1597 5538 1855 5607 supplicio
1885 5541 2086 5608 sempi-

507 5627 662 5688 terno
685 5621 824 5692 quod
850 5623 1081 5682 minatus
1103 5635 1182 5681 est
1203 5625 1470 5695 Christus,
1496 5630 1616 5697 quia
1649 5629 1786 5684 idem
1815 5630 1950 5686 dixit
1977 5648 1991 5686 :
2019 5630 2086 5687 In

505 5727 605 5800 qua
633 5728 866 5769 mensura
889 5717 1049 5773 mensi
1072 5718 1290 5790 fueritis,
1317 5722 1606 5777 remetietur
1628 5723 1782 5778 vobis.

574 5802 666 5861 24.
705 5803 765 5863 Si
785 5807 927 5863 enim
951 5807 1191 5882 dixisset,
1214 5811 1370 5882 Quod
1392 5815 1566 5874 mensi
1589 5813 1819 5888 fueritis,
1850 5817 1951 5876 hoc
1973 5835 2088 5877 nte-

1687 359 1745 415 8.
1788 356 2153 420 Αυιιιιδτιιιι
2191 352 2492 414 EPISCOPI

2209 473 2368 530 lictor
2394 473 2578 541 vobis;
2601 473 2768 536 etiam
2793 474 2872 532 sic
2896 491 3004 540 non
3028 477 3250 539 omnino
3280 475 3350 540 ad
3382 477 3626 538 eamdem
3666 495 3784 546 rem

2204 580 2269 619 ex
2295 565 2442 620 comi
2471 574 2620 634 parte
2651 581 2870 624 necesse
2897 578 3039 628 esset
3061 568 3259 626 referre
3281 569 3618 628 sententiam.
3647 571 3783 628 Pos-

2200 670 2384 710 sumus
2411 659 2552 712 enim
2584 667 2730 716 recte
2753 659 2932 716 dicere
2950 698 2968 726 ,
2997 658 3147 732 Quod
3179 659 3524 729 plantaveris,
3555 661 3658 720 hoc
3682 662 3783 720 de-

2198 763 2426 818 cerpes;
2453 752 2696 820 quamvis
2731 767 2888 808 nemo
2915 753 3116 824 plantet
3149 768 3367 824 pomum
3408 753 3501 814 sed
3542 755 3742 827 lignum
3763 798 3782 828 ,

2198 840 2452 910 decerpat
2477 853 2655 900 autem
2683 858 2896 914 pomum
2927 845 3094 915 magis
3127 860 3284 914 quam
3323 846 3521 916 lignum
3551 866 3564 901 :
3591 847 3688 904 sed
3717 848 3785 905 il-

2197 932 2285 989 lud
2310 934 2536 990 dicimus
2565 936 2855 994 secundum
2884 937 3089 994 arboris
3115 951 3309 1008 genus,
3333 939 3455 1010 quia
3483 953 3589 996 non
3620 939 3782 1000 ﬁcum

2195 1027 2400 1096 plantat
2443 1028 2582 1085 unde
2622 1045 2812 1086 nucem
2848 1029 3119 1100 decerpat.
3153 1030 3227 1085 lla
3256 1030 3360 1088 dici
3387 1041 3596 1102 posset,
3623 1032 3782 1100 Quod

2197 1119 2388 1175 feceris
2417 1119 2630 1187 patieris
2660 1139 2674 1176 :
2703 1137 2807 1176 non
2839 1131 2895 1180 ut
2934 1122 2977 1176 si
3011 1131 3252 1194 stuprum
3295 1122 3508 1190 fecerit,
3536 1133 3783 1195 stuprum

2198 1211 2460 1278 patiatur;
2491 1212 2583 1266 sed
2613 1213 2755 1283 quod
2781 1222 2998 1284 peccato
3026 1214 3130 1269 isto
3157 1213 3282 1270 fecit
3320 1215 3451 1285 legi,
3488 1214 3588 1271 hoc
3617 1215 3664 1272 ei
3695 1217 3786 1280 lex

2193 1301 2370 1368 faciat,
2396 1303 2447 1356 id
2475 1315 2572 1364 est,
2600 1305 2720 1374 quia
2746 1305 2918 1374 legem
2941 1306 3062 1368 talia
3085 1305 3451 1375 prohibentem
3467 1307 3533 1362 dc
3553 1322 3647 1364 sua
3671 1308 3785 1362 vita

2193 1393 2432 1460 abstulit,
2459 1394 2664 1452 auferat
2688 1412 2810 1452 eum
2840 1397 2996 1452 etiam
3030 1398 3139 1468 ipsa
3166 1398 3248 1452 lex
3276 1398 3342 1454 de
3367 1398 3640 1456 hominum
3672 1401 3782 1458 vita

2193 1501 2348 1553 quam
2379 1487 2532 1556 regit.
2562 1487 2687 1541 Item
2714 1488 2757 1542 si
2787 1487 3034 1555 dixisset,
3063 1488 3328 1556 Quantum
3356 1491 3522 1544 mensi
3551 1491 3781 1562 fueritis,

2194 1584 2397 1630 tantum
2443 1577 2754 1634 remetietur
2792 1579 2979 1642 vobis;
3016 1595 3112 1636 nec
3153 1580 3230 1636 sic
3265 1590 3409 1636 esset
3447 1595 3786 1650 consequens

2193 1679 2248 1723 ut
2276 1671 2418 1723 omni
2447 1671 2607 1724 modo
2633 1672 2866 1741 tequales
2895 1671 3129 1742 peccatis
3153 1687 3336 1740 pcenas
3367 1673 3656 1742 intelligere
3681 1671 3783 1728 de-

2193 1761 2458 1816 beremus.
2489 1762 2668 1830 Neque
2699 1764 2838 1818 enim
2871 1763 3088 1833 :cqualia
3117 1773 3260 1832 sunt,
3295 1763 3441 1818 verbi
3469 1763 3654 1832 gratia,
3690 1763 3786 1818 tri-

2194 1854 2354 1908 ticum
2385 1863 2438 1907 et
2469 1855 2756 1920 hordeum;
2789 1863 2842 1910 ct
2872 1854 3110 1924 profecto
3136 1855 3239 1910 dici
3276 1863 3485 1925 posset,
3513 1854 3783 1922 Quantum

2191 1944 2362 1998 mensi
2407 1944 2641 2012 fueritis,
2689 1954 2894 2002 tantum
2944 1947 3254 2001 remetietur
3303 1947 3481 2010 vobis,
3528 1945 3628 2000 hoc
3672 1956 3782 2018 est,

2191 2045 2443 2106 quantum
2475 2037 2665 2101 tritici,
2699 2047 2901 2094 tantum
2935 2038 3140 2094 hordei.
3166 2038 3317 2107 Quod
3342 2039 3384 2092 si
3411 2038 3475 2091 dc.
3503 2037 3784 2096 doloribus

2190 2139 2435 2197 ageretur
2475 2139 2634 2200 atque
2659 2129 2950 2193 diceretur,
2983 2130 3245 2196 Quantum
3274 2129 3510 2186 dolorem
3543 2131 3785 2200 ingesse-

2191 2221 2336 2285 ritis,
2368 2229 2546 2276 tantus
2590 2223 2858 2289 iungeretur
2901 2222 3082 2287 vobis;
3125 2222 3236 2277 fieri
3281 2231 3460 2290 posset
3502 2231 3560 2276 ut
3603 2229 3784 2278 tantus

2190 2311 2344 2366 dolor
2391 2320 2565 2376 esset,
2615 2314 2858 2384 quamvis
2905 2321 3145 2380 tempore
3189 2312 3506 2376 diuturnior,
3554 2311 3656 2367 hoc
3699 2318 3784 2372 est

2189 2417 2335 2455 mora
2361 2402 2550 2472 major,
2576 2403 2628 2456 vi
2653 2419 2763 2471 par.
2781 2402 2962 2472 Neque
2987 2403 3128 2456 enim
3159 2404 3200 2456 si
3228 2403 3293 2458 de
3318 2403 3520 2458 duabus
3545 2403 3784 2460 lucernis

2191 2492 2454 2556 dicamus,
2480 2494 2704 2548 Tantum
2734 2494 2871 2564 ignis
2899 2497 2996 2548 iste
3022 2494 3202 2560 caluit,
3229 2504 3486 2563 quantum
3514 2495 3630 2560 ille;
3659 2494 3782 2551 ideo

2190 2583 2376 2638 falsum
2409 2585 2528 2648 erit,
2553 2585 2673 2654 quia
2704 2601 2804 2640 una
2830 2601 3010 2640 earum
3044 2584 3179 2640 forte
3204 2585 3358 2640 citius
3386 2586 3644 2640 exstincta
3673 2595 3782 2648 est,

2189 2675 2302 2730 Non
2333 2678 2507 2747 itaque
2537 2678 2580 2734 si
2608 2679 2803 2748 aliquid
2837 2678 3129 2733 secundum
3159 2678 3310 2740 aliud,
3331 2688 3530 2734 tantum
3557 2689 3659 2746 est,
3689 2694 3783 2734 se-

2189 2769 2418 2824 cundum
2456 2769 2598 2824 aliud
2635 2785 2741 2824 non
2782 2779 2863 2824 est
2903 2779 3140 2835 tantum,
3170 2770 3292 2840 quia
3319 2785 3422 2824 non
3450 2769 3596 2826 omni
3621 2771 3783 2828 modo

2190 2868 2390 2914 tantum
2421 2869 2530 2924 est,
2563 2861 2682 2916 ideo
2708 2862 2873 2918 falsus
2909 2869 2989 2917 est
3019 2861 3208 2916 modus
3238 2861 3291 2916 in
3315 2877 3420 2932 quo
3446 2871 3646 2918 tantum
3673 2870 3779 2918 est.

2257 2951 2347 3005 25.
2389 2951 2518 3006 Cum
2547 2968 2675 3007 vero
2697 2953 2921 3017 dixerit,
2947 2951 3012 3007 In
3038 2969 3136 3024 qua
3165 2970 3399 3008 mensura
3425 2953 3581 3007 mensi
3609 2954 3779 3023 [ueri-

2191 3043 2273 3110 tis,
2299 3045 2584 3097 remetietur
2603 3044 2760 3111 vobis,
2780 3060 3004 3114 cumque
3027 3045 3361 3098 manilestum
3383 3044 3473 3111 sit,
3494 3042 3635 3098 aliud
3658 3058 3781 3100 esse

2189 3152 2492 3190 mensuram
2526 3137 2575 3190 in
2608 3153 2710 3208 qua
2739 3138 2954 3192 metitur
2995 3127 3224 3210 aliquid,
3267 3137 3406 3192 aliud
3449 3139 3617 3209 ipsam
3662 3153 3779 3194 rem

2188 3244 2305 3298 qua:
2352 3229 2600 3293 metitur;
2625 3228 2734 3298 jam
2769 3229 2879 3283 fieri
2912 3239 3084 3299 potest
3113 3239 3170 3284 ut
3199 3230 3249 3284 in
3278 3246 3378 3300 qua
3405 3245 3652 3286 mensura
3680 3231 3779 3287 ho-

2190 3320 2360 3374 mines
2389 3322 2556 3376 mensi
2589 3332 2801 3388 essent,
2831 3323 2976 3376 verbi
3003 3323 3170 3394 gratia
3193 3364 3207 3390 ,
3236 3323 3470 3378 modium
3498 3324 3692 3390 tritici,
3726 3326 3778 3386 ia

2189 3427 2250 3464 ea
2279 3413 2381 3466 illis
2404 3415 2718 3467 metirentur
2738 3413 2900 3467 millia
2929 3414 3250 3480 modiormn,
3275 3423 3404 3469 utet
3429 3426 3531 3468 tam
3555 3415 3780 3476 multum

2191 3501 2476 3558 interesset
2498 3504 2548 3557 in
2573 3503 2863 3574 quantitate
2892 3503 3165 3571 frumenti,
3189 3514 3244 3560 et
3264 3505 3388 3560 nihil
3419 3507 3470 3561 in
3494 3523 3777 3564 mensura:

2189 3602 2254 3646 ut.
2287 3604 2486 3649 taceam
2527 3595 2595 3650 de
2637 3597 2870 3668 ipsarum
2919 3612 3098 3652 rerum
3140 3596 3482 3664 diversitate;
3511 3599 3631 3669 quia
3669 3615 3779 3656 non

2188 3687 2357 3740 Solum
2398 3689 2510 3742 fieri
2559 3699 2734 3759 potest
2784 3701 2840 3746 ut
2887 3691 2938 3745 in
2984 3708 3085 3762 qua
3129 3706 3376 3746 mensura
3405 3693 3522 3762 quis
3561 3706 3783 3750 mensus

2189 3777 2344 3833 fuerit
2377 3779 2670 3848 hordeum,
2701 3782 2754 3838 in
2786 3797 2848 3840 ea
2890 3783 2966 3838 illi
3006 3784 3255 3838 metiatur
3284 3782 3544 3846 triticum,
3583 3782 3681 3837 sed
3726 3783 3782 3838 in

2187 3887 2287 3942 qua
2318 3888 2568 3928 mensura
2596 3890 2814 3930 mensus
2841 3875 3002 3934 fuerit
3026 3875 3369 3942 frumentum,
3399 3877 3449 3928 in
3477 3889 3538 3930 ea
3566 3875 3640 3930 illi
3667 3891 3783 3930 me-

2192 3964 2350 4018 tiatur
2376 3980 2584 4029 aurum,
2611 3975 2663 4022 et
2683 3966 2933 4024 frumenti
2956 3968 3023 4024 sit
3042 3983 3176 4024 unus
3193 3968 3420 4034 modius,
3440 3967 3554 4021 auri
3574 3977 3780 4037 autem,

2191 4058 2589 4126 quamplurimi.
2622 4059 2697 4116 Ita
2725 4076 2843 4116 cum
2872 4062 2986 4116 sine
3013 4062 3404 4131 comparatione
3427 4076 3606 4116 rerum
3634 4060 3782 4132 ipsa-

2188 4163 2328 4214 rum,
2352 4158 2406 4203 et
2429 4165 2619 4220 genus,
2647 4159 2703 4206 et
2722 4152 2988 4222 quantitas
3009 4152 3236 4218 differat,
3260 4151 3361 4207 dici
3385 4161 3564 4207 tamen
3590 4154 3784 4208 rectis.

2187 4241 2321 4298 sime
2363 4253 2538 4312 potest
2569 4262 2580 4299 :
2611 4243 2668 4300 In
2700 4261 2800 4316 qua
2844 4259 3091 4302 mensura
3129 4261 3344 4302 mensus
3382 4253 3494 4312 est,
3526 4247 3576 4302 in
3609 4261 3670 4306 ea
3705 4247 3784 4304 illi

2189 4337 2431 4392 metitum
2463 4344 2562 4394 est.
2593 4337 2742 4392 Unde
2768 4348 2941 4392 autem
2975 4337 3076 4394 hoc
3105 4338 3298 4398 dixerit
3318 4331 3594 4404 Christus,
3620 4339 3783 4408 paulo

2189 4430 2432 4496 superius
2460 4429 2589 4483 satis
2617 4429 2792 4486 elucet
2823 4447 2836 4485 :
2871 4428 3064 4496 Nolite,
3098 4430 3286 4501 inquit,
3313 4430 3568 4504 judicare,
3596 4442 3650 4485 ut
3676 4447 3782 4486 non

2178 4521 2478 4592 judicetnini
2506 4539 2523 4576 :
2549 4523 2601 4576 in
2629 4539 2726 4595 quo
2755 4523 2886 4577 enim
2906 4523 3106 4594 judicio
3124 4523 3493 4595 judicaveritis,
3513 4524 3780 4595 judicabi-

2189 4616 2331 4669 mini.
2355 4615 2620 4686 Numquid
2661 4617 2708 4672 si
2757 4617 2942 4689 iniquo
2983 4618 3185 4688 judicio
3218 4619 3562 4690 iudicabunt,
3589 4619 3783 4691 iniquo
3821 4655 3844 4702 ,-

2183 4708 2591 4778 judicabuntur?
2640 4710 2815 4768 Absit.
2871 4709 3029 4770 Nulla
3085 4710 3282 4788 quippe
3335 4711 3582 4781 iniquitas
3636 4710 3783 4782 apud
3829 4716 3833 4719 ’

2191 4798 2378 4856 Deum.
2401 4799 2507 4856 Sed
2533 4801 2604 4856 ita
2630 4801 2828 4858 dictum
2849 4805 2952 4870 est;
2978 4801 3045 4858 In
3075 4819 3173 4874 quo
3187 4803 3386 4874 judicio
3402 4803 3778 4874 )udicaueritis,
3827 4819 3839 4875 ξ

2189 4891 2242 4954 in
2264 4908 2328 4948 co
2339 4893 2711 4964 judicabinu'ni,
2731 4904 2980 4965 tanquam
2995 4895 3263 4958 diceretur
3277 4914 3291 4950 ε
3306 4895 3362 4953 ιη
3383 4911 3486 4967 qua
3503 4895 3782 4960 voluntate
3829 4911 3836 4940 ε

2191 4985 2584 5053 benefeceritis,
2614 4985 2667 5040 in
2695 4986 2806 5056 ipsa
2827 4987 3183 5046 lihembimini
3206 5003 3222 5053 ;
3246 4987 3352 5056 vel,
3379 4989 3430 5042 in
3458 5004 3558 5059 qua
3583 4987 3778 5046 volun—

2191 5085 2297 5134 tate
2314 5077 2704 5144 maiefeceritis,
2723 5077 2777 5132 in
2801 5078 2912 5150 ipsa
2931 5079 3238 5149 punietnini.
3257 5079 3410 5136 Velut
3433 5080 3476 5133 si
3495 5079 3782 5149 quisquam

2191 5168 2255 5222 ad
2303 5177 2511 5239 turpem
2557 5171 3046 5240 concupiscentiam
3092 5169 3262 5230 oculis
3301 5181 3488 5238 utens,
3519 5171 3782 5233 διεπαιιῶ

2184 5260 2482 5332 juberetur,
2511 5270 2655 5320 recte
2681 5264 2864 5335 utique
2881 5265 3128 5322 audiret:
3151 5265 3208 5324 in
3233 5265 3424 5336 quibus
3447 5264 3617 5322 oculis
3649 5279 3781 5333 pec-

2190 5356 2353 5422 casti,
2383 5355 2436 5410 in
2465 5357 2544 5412 eis
2581 5357 2898 5429 supplicium
2937 5358 3198 5416 meruisti.
3225 5357 3433 5416 Iudicio
3457 5357 3598 5414 enim
3623 5355 3781 5427 quis-

2189 5463 2296 5518 que
2325 5447 2489 5504 animi
2512 5447 2618 5515 sui,
2645 5464 2744 5506 seu
2768 5451 2908 5508 bono
2925 5464 3024 5507 seu
3046 5450 3207 5515 malo,
3231 5450 3396 5508 utitur
3415 5447 3500 5504 vel
3521 5446 3589 5502 ad
3613 5447 3785 5505 bene-

2191 5540 2490 5596 facicndum
2518 5542 2600 5596 vel
2629 5540 2699 5596 ad
2729 5540 3074 5612 peccandum.
3107 5541 3260 5600 Unde
3285 5556 3392 5598 non
3426 5540 3668 5612 iniquum
3697 5548 3785 5598 est

2193 5643 2250 5688 ut
2280 5635 2331 5688 in
2356 5650 2462 5705 quo
2484 5634 2689 5706 judicat
2730 5635 2782 5692 in
2813 5650 2879 5692 eo
2910 5635 3203 5705 iudicetur,
3230 5636 3334 5694 hoc
3355 5645 3466 5704 est,
3493 5643 3554 5694 ut
3579 5634 3635 5692 in
3664 5637 3785 5708 ipso

2098 5745 2112 5755 ·
2191 5728 2352 5782 animi
2393 5729 2474 5782 sui
2512 5728 2714 5797 judicio
2754 5743 2940 5799 poenas
2979 5729 3124 5800 luat,
3161 5745 3279 5786 cum
3309 5746 3368 5787 ea
3401 5731 3540 5786 mala
3579 5731 3786 5804 patitur

2194 5837 2312 5892 qua:
2337 5821 2474 5878 male
2493 5820 2820 5888 iudicantem
2845 5823 3082 5882 animum
3105 5832 3520 5884 consummatur.
