4090 6356
225 372 330 431 381

296 483 388 539 26.
429 480 549 537 Alia
596 492 825 551 namque
872 485 993 533 sunt
1042 472 1325 533 manifesta
1379 479 1640 526 tormenta
1685 484 1803 539 qua:

224 590 347 652 post
382 574 559 629 futura
596 578 977 644 praeparantur,
1008 569 1167 624 etiam
1202 567 1312 636 ipsa
1343 580 1408 618 ex
1438 562 1626 618 eodem
1661 560 1813 663 malae

224 668 519 725 voluntatis
549 666 763 722 cardine
792 671 1015 718 attracta
1044 662 1061 692 ι
1093 678 1104 712 :
1137 660 1188 714 in
1232 660 1349 729 ipso
1392 665 1569 711 autem
1612 660 1811 719 animo,

224 764 312 819 ubi
336 761 603 831 appetitus
626 758 907 814 voluntatis
934 755 1283 809 humanorum
1308 750 1544 807 omnium
1564 756 1649 804 est
1666 762 1815 802 men-

224 874 349 913 sura
380 858 640 912 factorum
662 896 676 919 ,
706 854 960 909 continuo
985 867 1141 923 ptena
1167 850 1406 921 sequitur
1430 848 1639 917 culpam
1657 886 1672 911 ,
1699 843 1814 914 ple-

224 966 456 1020 rumque
487 950 653 1018 major
684 963 788 1002 non
821 946 1101 1002 sentientis
1130 944 1366 999 eazcitate
1400 943 1659 1013 graviore.
1690 937 1814 992 Ideo

224 1058 345 1097 cum
373 1030 613 1105 dixisset,
640 1038 703 1091 In
730 1055 827 1109 quo
844 1038 1039 1105 judicio
1051 1034 1423 1107 judicareritis,
1439 1030 1813 1105 judicabimini,

226 1144 445 1187 secutus
474 1132 711 1199 adjunxit
740 1149 749 1182 :
782 1130 845 1183 Et
871 1146 968 1200 qua
1003 1145 1235 1183 mensura
1273 1127 1428 1179 mensi
1459 1124 1681 1195 fueritis,
1716 1138 1818 1175 me-

226 1227 381 1278 tiatur
412 1224 566 1278 vobis.
594 1223 648 1276 ln
678 1223 948 1276 voluntate
974 1221 1166 1291 quippe
1196 1217 1406 1290 propria
1447 1216 1693 1271 metietur
1720 1216 1816 1269 bo-

228 1333 329 1369 nus
366 1316 528 1370 homo
552 1316 688 1370 bona
720 1314 849 1367 facta
871 1356 884 1379 ,
917 1323 971 1368 et
1001 1313 1053 1367 in
1084 1328 1144 1366 ea
1177 1312 1423 1365 metietur
1451 1309 1498 1363 ei
1524 1306 1814 1362 beatitudo.

229 1411 473 1480 Itemque
516 1410 567 1462 in
609 1409 875 1462 voluntate
921 1406 1126 1476 propria
1172 1405 1419 1459 metietur
1460 1401 1628 1455 malus
1659 1400 1818 1453 homo

224 1502 368 1556 mala
393 1516 574 1569 opera,
600 1509 654 1554 et
676 1501 725 1553 in
754 1516 815 1553 ea
842 1499 1090 1552 metietur
1116 1497 1163 1550 ei
1194 1495 1435 1559 miseria;
1458 1493 1706 1564 quoniam
1731 1489 1817 1543 ubi

229 1594 459 1665 quisque
490 1594 657 1646 bonus
687 1601 802 1656 est,
840 1606 958 1643 cum
1000 1590 1135 1642 bene
1170 1588 1316 1655 vult,
1355 1586 1423 1639 ibi
1464 1586 1618 1639 etiam
1650 1582 1819 1635 malus

228 1702 351 1740 cum
386 1686 525 1739 male
552 1686 676 1738 vult.
706 1686 782 1738 Ac
809 1699 903 1752 per
933 1682 1033 1737 hoc
1060 1681 1129 1736 ibi
1156 1681 1316 1735 etiam
1342 1679 1397 1732 ﬁt
1418 1678 1497 1731 vel
1525 1678 1710 1731 beatus
1740 1674 1818 1728 vel

229 1776 417 1842 miser,
460 1776 560 1830 hoc
602 1786 683 1829 est
725 1774 779 1828 in
821 1776 936 1843 ipso
975 1789 1083 1829 sua:
1124 1770 1405 1827 voluntatis
1448 1768 1673 1833 aﬂ'ectu,
1702 1781 1819 1836 qua:

232 1868 475 1919 omnium
527 1866 781 1921 factorum
832 1866 1247 1932 meritorumque
1293 1876 1542 1916 mensura
1593 1868 1693 1914 est.
1739 1858 1819 1911 Ex

232 1957 580 2027 qualitatibus
621 1958 813 2026 quippe
855 1956 1222 2020 voluntatum,
1262 1968 1367 2007 non
1414 1968 1480 2007 ex
1520 1960 1819 2019 temporum

230 2048 435 2116 spatiis,
456 2048 567 2101 sive
587 2058 730 2102 recte
753 2046 883 2101 facta
909 2047 1019 2101 sive
1036 2054 1251 2116 peccata
1272 2044 1540 2100 metimur.
1564 2041 1815 2110 Alioquin

231 2140 405 2207 majus
448 2148 722 2208 peccatum
754 2138 1054 2203 haberetur,
1099 2137 1343 2192 arborem
1388 2135 1618 2204 dejicere
1662 2148 1817 2203 quam

232 2228 508 2282 hominem
540 2229 803 2283 occidere.
831 2228 959 2282 Illud
986 2229 1125 2282 enim
1159 2229 1215 2281 ﬁt
1242 2229 1393 2297 longa
1424 2241 1569 2280 mora
1588 2268 1601 2289 ,
1632 2225 1820 2286 ictibus

232 2324 448 2384 multis;
482 2322 580 2376 hoc
608 2338 714 2375 uno
758 2322 893 2387 ictu,
932 2321 1245 2375 brevissimo
1289 2329 1563 2389 tempore:
1594 2332 1690 2387 pro
1716 2330 1820 2384 quo

234 2422 409 2466 tamen
432 2412 605 2483 exigui
629 2412 880 2482 temporis
902 2421 1005 2465 tam
1025 2411 1207 2481 grandi
1229 2418 1469 2479 peccato,
1491 2410 1534 2463 si
1557 2415 1818 2478 perpetua

232 2504 603 2575 deportatione
642 2504 802 2556 homo
839 2503 1133 2572 puniretur,
1163 2502 1321 2556 etiam
1353 2502 1531 2554 mitius
1567 2514 1687 2552 cum
1732 2498 1821 2551 illo

234 2609 453 2663 actum,
482 2612 639 2666 quam
683 2595 871 2664 dignus
916 2594 1115 2657 fuerat,
1146 2593 1445 2655 diceretur;
1485 2590 1725 2659 quamvis
1766 2588 1820 2643 in

234 2689 406 2757 spatio
438 2686 717 2756 temporali
756 2686 1028 2755 longitudo
1059 2702 1229 2755 pinna,-
1262 2701 1381 2739 cum
1407 2684 1664 2739 brevitate
1691 2680 1820 2733 faci-

238 2780 381 2832 noris
419 2779 568 2831 nullo
605 2777 761 2830 modo
798 2776 865 2830 sit
891 2777 1266 2846 comparanda.
1296 2776 1430 2842 Quid
1461 2788 1586 2843 ergo
1613 2782 1823 2827 contra-

238 2871 371 2924 rium
412 2879 527 2936 est,
566 2869 607 2923 si
647 2880 801 2923 erunt
845 2869 1040 2937 pariter
1084 2869 1267 2938 longa,
1303 2868 1385 2923 vel
1428 2868 1586 2923 etiam
1626 2866 1822 2936 pariter

237 2970 432 3013 arterna
451 2959 726 3028 Supplicia,
751 2958 843 3013 sed
869 2959 985 3013 aliis
1012 2958 1109 3012 alia
1136 2959 1369 3025 mitiora,
1394 2958 1476 3012 vel
1501 2957 1741 3022 acriora;
1768 2964 1823 3009 ut

238 3050 427 3119 quibus
458 3059 667 3119 tempus
696 3049 899 3119 aequale
929 3058 1029 3116 est,
1067 3066 1171 3103 non
1204 3051 1269 3102 sit
1299 3049 1516 3119 aequalis
1542 3049 1819 3116 asperitas,

240 3150 456 3210 propter
478 3157 781 3196 mensuram
815 3141 973 3195 etiam
1011 3150 1346 3210 peccatorum
1368 3182 1380 3204 ,
1412 3157 1514 3194 non
1545 3141 1596 3193 in
1623 3139 1823 3208 produ-

238 3234 410 3287 ctione
442 3240 762 3301 temporum,
785 3232 878 3286 sed
911 3235 959 3285 in
987 3234 1255 3285 voluntate
1275 3230 1646 3303 peccantium?

304 3324 396 3378 27.
442 3324 698 3378 Voluntas
724 3327 917 3395 quippe
950 3325 1058 3395 ipsa
1090 3327 1323 3394 punitur,
1354 3324 1466 3379 sive
1498 3324 1659 3377 animi
1693 3339 1822 3395 sup-

242 3415 393 3484 piicio
430 3415 541 3469 sive
576 3418 847 3484 corporis;
878 3424 935 3469 ut
972 3432 1090 3486 qua:
1128 3414 1421 3470 delectatur
1461 3416 1515 3468 in
1554 3415 1818 3485 peccatis,

241 3505 349 3574 ipsa
376 3505 641 3575 plectatur
664 3508 712 3559 in
748 3507 953 3575 positis;
983 3514 1113 3560 etut
1137 3507 1226 3576 qui
1250 3506 1451 3576 judicat
1474 3506 1588 3560 sine
1618 3508 1825 3560 miseri-

218 3599 441 3663 cordia,
470 3599 585 3653 sine
622 3598 982 3652 misericordia
1009 3598 1274 3667 iudicetur
1303 3615 1315 3651 :
1344 3606 1397 3651 et
1427 3597 1480 3651 in
1506 3596 1605 3651 hac
1631 3598 1823 3669 quippe

243 3692 527 3757 sententia,
557 3692 622 3746 ad
652 3693 751 3746 hoc
776 3693 945 3747 solum
973 3693 1155 3747 eadem
1184 3708 1431 3747 mensura
1455 3703 1567 3759 est,
1600 3703 1656 3747 ut
1683 3693 1824 3764 quod

246 3799 348 3838 non
378 3785 623 3855 przestitit
646 3830 659 3851 ,
689 3802 791 3840 non
824 3788 869 3840 ei
904 3796 1217 3856 praestetur;
1249 3795 1403 3855 atque
1442 3786 1512 3840 ita
1546 3786 1684 3857 quod
1712 3787 1858 3856 ipse.

242 3876 504 3945 iudicatur
528 3888 783 3933 mternum
811 3882 928 3945 erit,
955 3880 1194 3950 quamvis
1216 3879 1353 3948 quod
1374 3879 1646 3948 judicavit,
1670 3888 1826 3934 teter-

247 3984 369 4022 num
392 3984 511 4025 esse
542 3971 855 4040 nequiverit.
884 3971 937 4025 In
969 3972 1155 4025 eadem
1184 3971 1340 4041 igitur
1361 3987 1827 4041 mensura,quam-

248 4061 322 4113 vis
362 4078 466 4114 non
511 4072 831 4116 LPICI'HOI‘UIH
877 4064 1271 4118 malefactorum
1294 4104 1308 4130 ,
1341 4075 1536 4122 (eterna
1568 4064 1824 4132 suiiplicia

249 4153 632 4220 remetiuntur;
668 4163 723 4208 ut
760 4155 879 4223 quia
922 4166 1173 4209 aeternam
1206 4155 1371 4209 voluit
1400 4156 1595 4210 habere
1626 4155 1825 4224 peccati

250 4243 655 4309 perfructiomm
683 4246 725 4311 ²,
756 4254 1007 4299 :eternam
1038 4244 1286 4300 vindictae
1318 4246 1550 4299 inveniat
1576 4247 1828 4300 severita-

250 4343 373 4388 tem.
401 4335 519 4390 Non
549 4346 722 4390 autem
753 4338 878 4391 sinit
908 4338 1173 4407 prOposita
1203 4338 1433 4393 brevitas
1463 4338 1826 4407 responsionis

255 4444 402 4495 meas,
436 4437 490 4482 ut
514 4430 759 4499 colligam
789 4430 987 4497 omnia,
1012 4433 1093 4485 vel
1120 4440 1263 4485 certe
1295 4432 1679 4500 quamplurima
1709 4447 1828 4501 quae

253 4520 316 4573 de
347 4520 575 4588 peccatis
602 4521 746 4576 etde
775 4530 1109 4587 peccatorum
1146 4522 1316 4592 pomis
1348 4524 1513 4577 sancti
1546 4523 1692 4578 Libri
1727 4523 1827 4577 ha-

254 4610 405 4674 bent,
434 4620 593 4680 atque
621 4626 681 4665 ex
714 4611 796 4665 his
824 4628 978 4665 unam
1008 4628 1187 4665 eruam
1220 4613 1333 4667 sine
1359 4615 1462 4668 ulla
1491 4615 1829 4684 ambiguitate

256 4702 594 4768 Sententiam,
619 4703 660 4755 si
686 4710 861 4757 tamen
885 4702 936 4757 id
959 4705 1375 4760 valeamviribus
1398 4708 1607 4773 mentis,
1623 4707 1830 4761 etiamsi

257 4804 551 4860 congruum
576 4794 850 4847 nanciscar
875 4794 1060 4847 otium.
1081 4793 1231 4850 Nunc
1262 4804 1435 4852 tamen
1458 4799 1683 4852 arbitror
1704 4798 1830 4854 satis

254 4899 369 4939 esse
390 4895 767 4953 monstratum,
794 4903 896 4941 non
920 4903 1036 4942 esse
1055 4891 1381 4945 contrarium
1405 4892 1682 4946 aeternitati
1709 4906 1832 4961 sup-

256 4976 558 5044 pliciorum,
588 4964 728 5046 quod
755 4979 807 5031 in
828 4978 1015 5033 eadem
1039 4994 1285 5036 mensura
1317 4981 1626 5050 redduntur,
1651 4983 1702 5037 in
1729 4997 1830 5052 qua

256 5078 468 5136 peccata
493 5071 775 5125 commissa
802 5081 942 5126 sunt.

808 5218 1044 5267 θυεετιο
1074 5219 1289 5269 ωτι.

532 5332 613 5388 De
641 5332 780 5390 Filio
804 5333 900 5389 Dei
923 5337 1193 5391 secundum
1220 5334 1561 5394 Sulomonem.

240 5456 247 5459 ’
325 5466 418 5524 28.
458 5465 590 5525 Post
617 5468 754 5528 hanc
782 5472 1162 5541 quaestionem,
1189 5474 1279 5543 qui
1322 5489 1412 5529 eas
1445 5490 1512 5530 ex
1541 5476 1837 5549 Porphyrio

260 5560 563 5631 proposuit,
610 5561 715 5619 hoc
756 5562 997 5633 adiunxit
1023 5577 1037 5618 :
1071 5563 1209 5620 Sane
1232 5565 1381 5619 etiam
1408 5566 1472 5621 de
1492 5566 1614 5633 illo,
1644 5568 1833 5639 inquit,

250 5794 261 5809 .
324 5754 558 5826 ﬁcus.
1198 5752 1397 5826 habent,
1419 5764 1654 5826 extracta.

324 5816 345 5848 '
366 5822 496 5881 Lam,
521 5816 899 5882 perri-uitionem.
925 5819 1011 5871 alii
1032 5820 1257 5888 plerique
1277 5816 1425 5891 addi,
1450 5821 1842 5891 perfractimem.

1374 355 1847 423 EPISTOLARUI
1885 354 2158 414 CLASSIS
2196 355 2260 412 ll.

1913 484 1989 521 me
2009 467 2292 539 dignaberis
2318 468 2592 539 instruere,
2621 468 2665 525 si
2699 485 2811 527 vere
2839 469 2970 531 dixit
2997 470 3241 533 Salomon
3258 515 3276 547 ,
3306 473 3500 539 Filium

1923 560 2060 614 Deus
2088 577 2187 615 non
2214 561 2381 615 habet.

1992 654 2080 708 29.
2122 654 2237 709 Cito
2266 654 2619 727 respondetur
2649 673 2663 711 :
2692 654 2809 713 Non
2842 656 3015 717 solum
3057 657 3166 731 hoc,
3196 674 3305 721 non
3332 659 3501 731 dixit,

1920 758 2103 799 verum
2148 745 2306 799 etiam
2350 744 2483 799 dixit
2523 745 2663 818 quod
2706 747 2847 803 Deus
2886 746 3078 807 habeat
3107 729 3315 809 Filium.
3346 729 3504 821 Apud

1930 846 2045 891 tum
2093 836 2236 889 enim
2274 835 2541 906 Sapientia
2590 838 2815 908 loquens
2858 840 2975 895 ait:
3004 843 3131 896 Ante
3155 858 3328 901 omnes
3353 842 3507 900 colles

1921 929 2089 997 genuit
2129 944 2205 980 me
2237 928 2414 999 (Prov.
2444 945 2561 994 vm,
2590 931 2659 985 25
2685 929 2726 1003 ).
2754 932 2821 987 Et
2851 932 2974 1001 quid
3002 944 3079 988 est
3108 934 3379 1001 Christus,
3403 935 3505 992 nisi

1926 1018 2016 1071 Dei
2072 1019 2380 1088 Sapientia?
2426 1019 2555 1074 ltcm
2610 1022 2835 1091 quodam
2886 1022 3005 1079 loco
3054 1024 3503 1083 Proverbiormn:

1924 1108 2081 1176 Deus,
2112 1111 2296 1178 inquit,
2329 1110 2495 1164 docuit
2518 1129 2596 1166 me
2618 1114 2933 1182 sapientiam,
2958 1125 3002 1167 et
3026 1117 3283 1175 scientiam
3304 1128 3505 1174 sancto-

1926 1220 2041 1256 rum
2068 1205 2295 1275 cognovi.
2323 1205 2448 1270 Quis
2473 1209 2695 1260 ascendit
2722 1210 2774 1263 in
2799 1211 2997 1280 calum,
3022 1221 3067 1266 et
3090 1213 3380 1271 descendit?
3398 1216 3506 1286 quis

1924 1297 2123 1367 collegit
2150 1308 2318 1353 ventos
2346 1300 2397 1353 in
2424 1300 2629 1355 sinum?
2653 1303 2762 1372 quis
2787 1305 3025 1359 convertit
3054 1323 3236 1375 aquam
3274 1309 3328 1362 in
3357 1312 3507 1365 vesti-

1925 1389 2133 1441 mento?
2155 1390 2265 1457 quis
2292 1391 2447 1444 tenuit
2476 1392 2602 1460 ﬁnes
2633 1395 2813 1447 terraz?
2838 1396 2973 1464 quod
3008 1412 3185 1455 nomen
3210 1408 3283 1453 est
3311 1401 3391 1467 ei,
3418 1410 3506 1456 aut

1924 1478 2057 1548 quod
2085 1495 2262 1535 nomen
2284 1491 2353 1535 est
2373 1480 2494 1533 Filii
2522 1486 2627 1553 ejus
2652 1482 2761 1555 (Id.
2786 1501 2918 1551 xxx,
2937 1485 2992 1559 4)
3009 1485 3032 1540 ?
3052 1487 3249 1547 Horum
3281 1490 3506 1551 duorum

1926 1585 2043 1638 quae
2070 1570 2121 1622 in
2152 1578 2391 1625 extremo
2428 1576 2869 1644 commemoravi,
2900 1593 3062 1633 unum
3091 1581 3272 1635 retulit
3308 1583 3374 1636 ad
3403 1583 3507 1639 Pa-

1929 1670 2081 1727 trem,
2114 1662 2164 1714 id
2196 1672 2275 1716 est
2294 1704 2308 1727 ,
2342 1663 2488 1728 Quod
2533 1682 2713 1720 nomen
2739 1676 2809 1721 est
2836 1668 2883 1722 ei
2906 1709 2921 1735 ,
2949 1682 3166 1740 propter
3188 1672 3329 1742 quod
3356 1672 3507 1728 dixe-

1926 1761 2043 1815 rat,
2083 1751 2215 1806 Deus
2246 1754 2415 1811 docuit
2442 1772 2519 1809 me
2546 1758 2843 1826 sapientiam
2870 1775 2889 1812 :
2914 1769 2967 1817 ct
2990 1761 3214 1816 alterum
3238 1762 3508 1819 evidenter

1925 1843 1990 1897 ad
2028 1844 2257 1913 Filium,
2288 1861 2407 1900 cum
2453 1849 2554 1913 ait,
2587 1858 2671 1901 aut
2716 1852 2849 1920 quod
2889 1869 3069 1907 nomen
3105 1862 3180 1907 est
3204 1852 3330 1908 Filii
3365 1855 3509 1927 ejus,

1926 1946 2146 2005 propter
2182 1938 2195 1966 ί
2224 1947 2455 2005 caetera,
2492 1956 2609 2009 quae
2644 1940 2710 1995 de
2744 1942 2877 1995 Filio
2917 1944 3082 2013 magis
3126 1945 3507 2015 intelliguntur,

1926 2026 2027 2082 hoc
2057 2038 2157 2096 est,
2193 2030 2317 2094 Quis
2356 2032 2578 2085 ascendit
2620 2033 2672 2086 in
2719 2035 2928 2100 ccelum,
2970 2044 3015 2089 et
3055 2035 3508 2108 descendit;quod

1928 2118 2119 2172 l’aulus
2150 2120 2217 2172 ita
2249 2133 2662 2188 commemorat,
2694 2123 2790 2188 Qui
2817 2125 3089 2193 descendit,
3112 2127 3218 2196 ipse
3238 2137 3311 2182 est
3342 2137 3389 2182 et
3416 2127 3505 2200 qui

1925 2211 2148 2263 ascendit
2177 2229 2325 2281 super
2351 2230 2519 2266 omnes
2549 2212 2699 2267 cwlos
2724 2218 2739 2281 (
2761 2213 2951 2284 Ephes.
2974 2232 3048 2283 ιν,
3080 2216 3182 2289 10)
3211 2235 3224 2270 :
3252 2217 3376 2285 Quis
3398 2217 3510 2274 col-

1928 2303 2042 2372 legit
2072 2313 2240 2357 ventos
2263 2304 2312 2357 in
2338 2305 2538 2358 sinum?
2561 2305 2610 2359 id
2643 2317 2743 2372 est,
2771 2309 2974 2362 animas
2994 2309 3322 2365 credentium
3344 2312 3400 2365 in
3416 2325 3511 2367 oc-

1927 2394 2125 2445 cultum
2169 2404 2325 2463 atque
2375 2405 2669 2461 secretmn;
2696 2398 2884 2465 quibus
2914 2399 3125 2463 dicitur,
3152 2400 3344 2455 Hormi
3376 2402 3511 2455 enim

1926 2486 2044 2538 estis
2064 2525 2077 2550 ,
2118 2494 2160 2537 ct
2205 2486 2303 2538 vita
2334 2497 2493 2539 vestra
2536 2487 2827 2541 abscondita
2854 2499 2926 2543 est
2955 2506 3070 2544 cum
3095 2490 3292 2546 Christo
3322 2494 3374 2545 in
3401 2492 3511 2546 Deo

1937 2577 1953 2647 (
1980 2574 2173 2630 Coloss.
2205 2594 2282 2641 ιιι,
2312 2577 2387 2648 5)
2423 2597 2433 2630 :
2471 2577 2595 2642 Quis
2624 2582 2861 2633 convertit
2901 2599 3080 2651 aquam
3109 2584 3163 2637 in
3190 2585 3512 2639 vestiamrto?

1927 2679 1985 2723 ut
2021 2669 2122 2722 dici
2174 2678 2383 2738 posset,
2423 2671 2675 2740 Quotquot
2714 2674 2763 2724 in
2794 2671 3046 2727 Christum
3086 2676 3325 2745 baptizati
3360 2678 3508 2745 estis,

1929 2757 2179 2812 Christum
2204 2760 2436 2813 induistis
2463 2760 2602 2829 (Gal.
2627 2778 2701 2825 tn,
2722 2762 2814 2831 ΞΠ)
2839 2784 2849 2815 :
2876 2764 2998 2827 Quis
3021 2768 3177 2819 tenuit
3198 2767 3323 2834 lines
3341 2768 3513 2822 teme?

1927 2852 2013 2917 qui
2038 2849 2167 2903 dixit
2195 2850 2466 2917 discipulis
2490 2852 2618 2917 suis,
2641 2852 2798 2906 Erilis
2821 2855 2943 2907 mihi
2965 2864 3108 2911 testes
3128 2857 3181 2910 in
3205 2856 3509 2924 Jerusalem,

1929 2950 1973 2991 et
2020 2942 2070 2993 in
2102 2951 2203 2992 tota
2244 2940 2459 3011 Judwa,
2492 2952 2536 2996 et
2566 2943 2837 3011 Samaria,
2868 2956 2913 2999 et
2941 2962 3096 3018 usque
3135 2948 3190 3001 in
3216 2948 3343 3017 ﬁnes
3367 2957 3514 3005 terra

1935 3030 2068 3103 (Act.
2092 3049 2127 3085 ι.
2154 3032 2232 3104 8).

2481 3139 2718 3188 ρυεδτιο
2754 3143 2943 3181 sexu.

2344 3254 2364 3276 ο
2445 3236 2522 3293 De
2559 3238 2697 3293 Iona
2727 3241 2989 3311 propheta.

2002 3353 2090 3409 30.
2135 3352 2411 3407 Postrema
2445 3354 2668 3422 quaestio
2714 3356 2982 3425 proposita
3029 3365 3109 3411 est
3138 3356 3207 3413 de
3231 3357 3386 3427 Jona,
3418 3375 3514 3417 nec

1930 3446 2040 3515 ipsa
2069 3447 2217 3515 quasi
2238 3462 2300 3499 ex
2326 3445 2640 3517 Porphyrio,
2660 3447 2755 3501 sed
2782 3457 3028 3518 tanquam
3056 3465 3118 3504 ex
3143 3450 3386 3507 irrisione
3409 3451 3512 3508 Pa-

1922 3553 2183 3609 ganorum
2208 3554 2221 3601 ;
2252 3536 2327 3590 sic
2356 3537 2497 3591 enim
2538 3541 2711 3606 posita
2741 3549 2823 3593 est
2865 3556 2877 3592 :
2924 3538 3116 3593 Deinde
3143 3542 3261 3611 quid
3289 3542 3471 3598 sentire
3495 3583 3513 3611 ,

1926 3629 2118 3698 inquit,
2146 3627 2379 3680 debemus
2406 3629 2470 3681 de
2496 3629 2652 3695 Iona,
2684 3631 2767 3700 qui
2806 3630 2990 3684 dicitur
3018 3632 3069 3684 in
3109 3643 3276 3687 ventre
3299 3634 3392 3687 ceti
3421 3634 3515 3688 tri-

1929 3720 2029 3773 duo
2050 3721 2235 3792 fuisse;
2255 3720 2388 3789 quod
2410 3724 2633 3775 ἀπιθανῡν
2656 3730 2725 3775 est
2746 3731 2790 3775 et
2811 3724 3119 3792 incredibile,
3142 3734 3516 3780 transvoratum

1926 3830 2045 3867 cum
2073 3824 2203 3866 veste
2232 3813 2506 3882 hominem,
2537 3816 2690 3883 fuisse
2710 3816 2761 3869 in
2778 3817 2928 3872 corde
2953 3818 3123 3889 piscis.
3155 3820 3255 3873 Aut
3283 3820 3326 3873 si
3352 3820 3520 3893 ﬁgura

1894 3938 1895 3941 η
1929 3916 2020 3969 est,
2062 3906 2192 3959 hanc
2229 3906 2513 3977 dignaberis
2559 3908 2798 3978 pandere.
2847 3908 3042 3964 Deinde
3079 3911 3198 3980 quid
3243 3911 3337 3965 sibi
3367 3912 3516 3967 etiam

1927 3995 2060 4049 illud
2080 3997 2181 4050 vult
2202 4012 2357 4065 supra
2377 3998 2638 4051 evomitum
2668 3998 2856 4052 Ionam
2876 4001 3185 4054 cucurbitam
3211 4012 3379 4056 natam
3402 4002 3520 4073 (Jo—

1928 4103 2010 4141 nas
2036 4104 2093 4153 ll,
2115 4090 2166 4154 l,
2191 4097 2242 4141 et
2267 4103 2342 4152 tv,
2372 4088 2427 4161 6)
2455 4107 2469 4143 :
2498 4090 2619 4157 quid
2648 4105 2818 4144 causae
2837 4091 2955 4160 fuit,
2987 4100 3041 4145 ut
3072 4092 3176 4147 haec
3198 4095 3521 4148 nasceretur?

1931 4177 2044 4233 Hoc
2072 4180 2214 4232 enim
2242 4193 2412 4248 genus
2454 4180 2783 4248 quaestionis,
2815 4182 2980 4235 multo
3017 4182 3279 4238 cachinno
3304 4198 3333 4237 a
3356 4183 3521 4253 Paga-

1928 4269 2013 4322 nis
2050 4269 2283 4337 graviter
2306 4270 2518 4323 irrisum
2548 4270 2917 4325 animadverti.
3026 4270 3029 4271 ⁷

2003 4358 2091 4413 5|.
2133 4358 2214 4412 Ad
2256 4360 2359 4414 hoc
2398 4359 2772 4429 respondetur,
2817 4362 2957 4433 quod
3000 4372 3090 4419 aut
3137 4365 3314 4420 omnia
3342 4364 3519 4425 divina

1931 4452 2181 4506 miracula
2204 4451 2473 4507 credenda
2512 4468 2619 4507 non
2659 4453 2800 4520 sint;
2828 4463 2921 4510 aut
2946 4457 3047 4512 hoc
3075 4473 3172 4512 cur
3198 4475 3301 4513 non
3332 4459 3520 4515 creda-

1934 4552 2040 4607 tur,
2070 4558 2229 4597 causa
2259 4543 2401 4598 nulla
2428 4545 2514 4598 sit.
2556 4544 2611 4598 In
2644 4544 2815 4616 ipsum
2844 4556 3020 4601 autem
3046 4548 3338 4618 Christum,
3381 4552 3521 4622 quod

1934 4640 2093 4693 tertio
2114 4639 2198 4692 die
2221 4639 2598 4705 resurrexerit,
2626 4654 2731 4694 non
2754 4640 3113 4709 crederemus,
3147 4643 3191 4697 si
3216 4644 3346 4699 ﬁdes
3373 4645 3525 4699 Chri-

1936 4730 2231 4783 stianorum
2270 4728 2588 4783 cachinnum
2616 4739 2877 4787 metueret
2898 4733 3248 4803 Paganorum.
3278 4734 3409 4789 Cum
3431 4753 3525 4793 au-

1935 4828 2043 4875 tem
2074 4821 2197 4876 hinc
2223 4822 2573 4890 quaestionem
2594 4839 2698 4878 non
2729 4826 3064 4894 proposuerit
3091 4829 3292 4883 amicus
3317 4838 3519 4895 noster,

1918 4913 2125 4969 Utrum
2152 4912 2474 4968 credendum
2505 4916 2589 4981 sit,
2622 4916 2706 4970 vel
2728 4917 2986 4973 Lazarum
3013 4920 3384 4975 resuscitatum
3404 4937 3524 4981 esse

1932 5011 2124 5073 quarto
2140 5004 2249 5070 die,
2272 5004 2359 5059 vel
2380 5006 2552 5074 ipsum
2572 5004 2839 5062 Christum
2865 5011 3021 5065 tertio
3040 5010 3127 5066 die
3148 5013 3521 5080 resurrexisse;

1936 5095 2161 5150 multum
2192 5096 2358 5150 miror
2380 5096 2481 5150 hoc
2506 5098 2644 5166 quod
2669 5096 2867 5155 factum
2899 5109 2980 5156 est
3007 5102 3074 5158 de
3093 5102 3245 5171 Jona,
3278 5118 3397 5160 eum
3428 5118 3527 5174 pro

1937 5186 2234 5243 incredibili
2262 5188 2501 5257 posuisse
2533 5205 2547 5242 :
2576 5190 2680 5245 nisi
2710 5192 2847 5249 forte
2865 5194 3068 5249 facilius
3093 5205 3526 5266 pntatmortuutn

1938 5277 2008 5332 de
2051 5278 2299 5347 sepulcro
2345 5280 2671 5347 resuscitari,
2721 5298 2877 5353 quam
2920 5286 3095 5340 vivum
3134 5288 3187 5342 in
3232 5296 3336 5341 tam
3376 5296 3527 5343 vasto

1941 5379 2127 5426 ventre
2151 5370 2341 5425 belluas
2365 5372 2603 5441 potuisse
2624 5379 2843 5429 servari.
2877 5375 2947 5433 Ut
2971 5378 3110 5433 enim
3127 5379 3363 5433 omittam
3380 5394 3528 5435 com-

1942 5478 2242 5520 memorare
2285 5475 2479 5535 quanta
2522 5470 2832 5538 magnitudo
2878 5470 3172 5526 belluarum
3201 5473 3527 5529 marinarum

1940 5555 2011 5609 ab
2037 5555 2115 5609 eis
2143 5556 2232 5624 qui
2262 5559 2469 5626 experti
2494 5570 2618 5615 sunt
2647 5560 2945 5628 indicetur;
2974 5573 3160 5619 venter
3186 5580 3340 5634 quem
3366 5575 3529 5623 costa

1944 5646 2049 5700 illa;
2078 5646 2402 5715 muniebant,
2447 5668 2566 5720 qua:
2591 5652 2907 5723 Carthagine
2934 5654 2986 5709 in
3021 5655 3232 5725 publico
3274 5657 3392 5713 lixa:
3427 5673 3529 5729 po-

1948 5738 2075 5808 pulo
2102 5746 2243 5793 noue
2278 5749 2421 5809 sunt,
2464 5753 2592 5812 quot
2634 5743 2877 5802 homines
2905 5745 2960 5803 in
3003 5749 3174 5819 Spatia
3214 5764 3311 5807 suo
3335 5764 3527 5825 capere

2006 5853 2028 5889 ⁸
2054 5860 2165 5907 uss.
2189 5854 2375 5921 plures,
2400 5862 2597 5923 preter.
