4032 6334
578 446 780 512 posset,
809 436 928 508 quis
968 417 1075 492 non
1103 432 1369 506 conjiciat,
1414 437 1611 504 quanto
1650 429 1798 485 hiatu
1835 429 2047 499 patebat
2088 442 2150 483 os

579 531 729 598 illud,
747 531 887 602 quod
911 531 1058 586 velut
1068 530 1226 599 janua
1247 528 1512 599 speluncae
1533 525 1676 580 illius
1696 523 1833 578 fuit?
1862 522 1972 578 Nisi
1994 521 2152 589 forte,

577 633 637 680 ut
671 623 859 694 posuit,
891 623 1054 677 vestis
1095 630 1236 676 esset
1280 618 1659 690 impedimento
1697 631 1763 671 ne
1791 615 1955 670 Jonas
1980 615 2154 669 vorari

577 725 756 787 posset
784 715 999 780 illaesus,
1045 713 1196 784 quasi
1226 727 1322 782 per
1357 719 1575 781 angusta
1621 724 1740 764 sese
1769 704 2113 762 coarctaverit
2136 745 2151 770 ,

578 811 667 878 qui
688 825 780 878 per
807 808 1085 877 abruptum
1113 805 1255 860 aeris
1278 805 1654 874 prcccipitatus,
1686 803 1762 857 sic
1779 811 2033 870 exceptus
2052 808 2152 864 est,

579 909 634 954 ιιι
661 899 804 967 prius
829 899 1156 968 reciperetur
1191 905 1375 952 ventre
1399 895 1582 950 bestiae
1633 908 1791 964 quam
1831 892 1989 946 dente
2014 891 2155 944 lace-

582 997 801 1045 raretur.
843 988 1152 1058 Quanquam
1199 985 1470 1055 Scriptura
1523 999 1693 1054 neque
1739 981 1935 1036 nudum
1984 993 2156 1050 neque

581 1081 823 1134 vestitum
868 1079 921 1133 in
956 1079 1083 1133 illud
1129 1089 1339 1132 antrum
1386 1076 1650 1146 dejeetum
1687 1089 1808 1130 esse
1851 1071 2066 1138 dixerit,
2099 1078 2157 1126 nt

521 1205 524 1208 ~
578 1171 744 1242 possit
772 1171 989 1241 intelligi
1009 1171 1133 1226 illuc
1156 1171 1315 1225 etiam
1346 1169 1516 1224 nudus
1536 1168 1774 1234 irruisse,
1797 1167 1842 1220 si
1874 1165 2009 1220 forte
2023 1179 2156 1234 opus

577 1271 709 1326 erat,
742 1269 990 1331 tanquam
1017 1277 1119 1316 ovo
1162 1261 1390 1327 corium,
1423 1261 1492 1314 ita
1543 1258 1614 1314 illi
1662 1267 1864 1312 vestem
1903 1256 2153 1324 detrahi,

577 1367 682 1422 quo
719 1352 920 1407 facilius
963 1352 1287 1407 sorberetur.
1338 1351 1426 1406 Sic
1471 1350 1612 1404 enim
1651 1357 1776 1404 sunt
1820 1348 2060 1402 homines
2089 1347 2157 1403 de

578 1445 852 1515 prepheta’.
873 1445 1028 1514 hujus
1044 1455 1192 1499 veste
1213 1445 1445 1510 solliciti,
1474 1444 1623 1514 quasi
1645 1452 1736 1498 aut
1757 1458 1850 1512 per
1871 1440 2155 1495 fenestram

577 1552 793 1607 parvam
823 1537 1071 1606 repsisse,
1097 1545 1188 1590 aut
1208 1537 1260 1590 in
1287 1535 1502 1590 balneas
1529 1535 1753 1588 intrasse
1778 1533 2020 1597 dicatur;
2051 1545 2156 1603 quo

577 1625 784 1684 etiamsi
813 1643 1036 1684 necesse
1065 1637 1210 1684 esset
1238 1628 1435 1683 intrare
1461 1627 1732 1693 vestitum,
1760 1627 1845 1682 vix
1876 1625 2155 1680 molestum

578 1729 742 1785 esset,
767 1735 872 1774 non
897 1729 1069 1775 tamen
1097 1720 1309 1774 mirum.
1625 1734 1628 1736 ‘

649 1810 736 1864 3%.
778 1809 881 1864 Sed
921 1810 1112 1864 habent
1133 1825 1316 1865 revera
1351 1810 1491 1880 quod
1517 1824 1622 1864 non
1657 1809 1879 1864 credant
1903 1809 1955 1863 in
1980 1807 2159 1862 divino

579 1902 854 1967 miraculo,
903 1917 1154 1971 vaporem
1194 1904 1394 1957 ventris
1419 1917 1524 1971 quo
1553 1902 1654 1957 cibi
1698 1901 2030 1966 madescunt,
2062 1914 2159 1969 po-

579 1994 742 2048 tuisse
787 1994 861 2048 ita
909 1995 1188 2062 temperari
1233 2003 1290 2048 ut
1335 1993 1493 2048 vitam
1527 1993 1756 2047 hominis
1799 1999 2157 2047 conservaret.

578 2083 787 2150 Quanto
809 2084 1164 2139 incredibilius
1189 2099 1316 2154 ergo
1339 2093 1695 2154 proponerent
1711 2093 1819 2140 tres
1851 2085 1970 2138 illos
1993 2083 2157 2148 viros,

579 2174 648 2226 ab
677 2173 838 2242 impio
886 2189 1010 2243 rege
1056 2174 1106 2228 in
1138 2176 1404 2230 caminum
1450 2177 1662 2240 missos,
1709 2175 2079 2230 deambulasse
2107 2174 2162 2229 in

580 2263 755 2318 medio
801 2264 936 2334 ignis
963 2265 1196 2319 illaesos?
1225 2265 1558 2336 Quapropter
1600 2267 1644 2321 si
1674 2267 1817 2321 nulla
1861 2268 1944 2320 isti
1986 2267 2161 2320 divina

536 2379 544 2398 ι
581 2353 828 2407 miracula
859 2355 1042 2408 volunt
1083 2355 1321 2421 credere,
1353 2357 1452 2410 alia
1495 2357 1850 2425 disputatione
1888 2356 2162 2411 refellendi

580 2451 720 2496 sunt.
763 2442 942 2514 Neque
965 2445 1104 2500 enim
1144 2445 1338 2502 debent
1378 2463 1538 2501 unum
1577 2447 1773 2518 aliquid
1803 2456 2048 2518 tanquam
2079 2448 2160 2501 in-

547 2532 834 2588 .credibile
879 2550 1192 2604 proponere,
1242 2545 1295 2590 et
1341 2537 1392 2590 in
1437 2537 1784 2606 qucestionem
1813 2553 2022 2600 vocare,
2067 2538 2160 2594 sed

541 2673 548 2682 .
581 2626 760 2680 omnia
789 2641 906 2696 qua:
928 2628 1010 2682 vel
1038 2629 1182 2696 talia,
1216 2630 1300 2684 vel
1327 2631 1486 2685 etiam
1510 2631 1830 2686 mirabiliora
1857 2641 2158 2686 narrantur.

551 2762 555 2766 .
585 2717 651 2771 Et
675 2725 851 2772 tamen
877 2720 921 2773 si
948 2721 1048 2775 hoc
1073 2722 1213 2792 quod
1240 2722 1307 2777 de
1333 2721 1466 2777 Jona
1494 2724 1746 2792 scriptum
1778 2732 1878 2791 est,
1907 2724 2163 2794 Apuleius

543 2855 548 2862 .
582 2805 958 2876 Madaurensis,
1002 2811 1082 2865 vel
1112 2812 1424 2881 Apollonius
1449 2812 1692 2884 Tyaneus
1738 2813 1924 2868 fecisse
1960 2813 2164 2870 dicere-

543 2940 546 2943 κ
583 2905 688 2965 tur,
715 2913 938 2969 quorum
967 2903 1127 2957 multa
1151 2904 1283 2956 mira
1313 2903 1461 2957 nullo
1492 2904 1631 2958 ﬁdeli
1661 2911 1876 2960 auctore
1895 2905 2158 2975 jactitant,

535 3039 548 3046 -
582 2992 822 3061 quamvis
847 3002 898 3047 et
926 2993 1197 3049 daemones
1226 2996 1477 3050 nonnulla
1507 2996 1697 3051 faciant
1725 2998 1939 3067 Angelis
1965 3003 2162 3054 sanctis

531 3115 540 3130 .
581 3082 796 3149 similia,
843 3100 948 3138 non
991 3086 1212 3141 veritate
1247 3087 1340 3141 sed
1382 3088 1579 3156 specie,
1620 3103 1724 3143 non
1769 3090 2024 3160 sapientia
2067 3091 2160 3145 sed

582 3171 740 3241 plane
770 3173 974 3229 fallacia
1008 3193 1021 3229 :
1053 3185 1245 3242 tamen,
1280 3179 1322 3232 si
1360 3179 1426 3232 de
1457 3179 1589 3243 istis,
1622 3179 1842 3246 ut'dixi,
1873 3196 2006 3252 quos
2044 3197 2160 3236 ma-

582 3277 677 3333 gos
714 3265 796 3318 vel
839 3265 1182 3336 philosophos
1219 3267 1554 3324 laudabiliter
1597 3270 1887 3339 nominant,
1923 3273 2026 3328 tale
2067 3273 2162 3328 ali-

546 3359 550 3362 ‘
581 3353 706 3422 quid
735 3364 1061 3424 narraretur,
1101 3373 1202 3413 non
1247 3358 1356 3428 jam
1388 3359 1442 3413 in
1471 3360 1645 3415 buccis
1689 3372 1932 3433 creparet
1972 3365 2111 3420 risus
2142 3406 2158 3432 ,

549 3435 555 3440 ’
584 3445 676 3499 sed
704 3447 917 3516 typhus.
961 3450 1034 3503 Ita
1063 3450 1270 3505 rideant
1297 3451 1595 3522 Scripturas
1623 3463 1832 3510 nostras
1864 3474 1876 3508 :
1908 3466 2161 3526 quantum

551 3536 558 3546 '
583 3550 825 3607 possunt,
855 3542 1083 3609 rideant,
1115 3544 1241 3600 dum
1267 3561 1363 3616 per
1387 3548 1621 3618 singulos
1645 3549 1758 3603 dies
1781 3551 2010 3606 rariores
2036 3567 2162 3622 pau-

583 3630 860 3698 cioresque
903 3648 962 3687 se
1004 3635 1233 3702 videant,
1265 3639 1346 3692 vel
1389 3639 1685 3705 moriendo,
1728 3643 1808 3698 vel
1835 3645 2157 3711 credendo;

585 3719 711 3774 dum
741 3721 1025 3792 implentur
1046 3728 1220 3781 omnia
1238 3745 1354 3798 quae
1381 3731 1734 3799 prmdixerunt
1753 3736 1841 3802 qui
1864 3734 1961 3790 bos
1978 3745 2160 3791 contra

581 3811 859 3867 veritatem
891 3815 1117 3871 inaniter
1159 3828 1502 3888 pugnaturos,
1538 3837 1671 3876 vane
1701 3824 2003 3890 latraturos,
2035 3841 2161 3895 pau-

582 3903 726 3958 latim
755 3904 1075 3973 defecturos,
1107 3918 1252 3964 tanto
1277 3920 1399 3966 ante
1429 3913 1678 3979 riserunt,
1708 3916 1964 3986 nobisque
1986 3926 2161 3986 poste-

582 3995 655 4049 ris
696 3997 824 4063 suis,
882 4015 985 4054 non
1037 4002 1206 4056 solum
1249 4017 1314 4059 ea
1361 4004 1581 4074 legenda
1609 4005 1944 4074 dimiserunt,
1977 4023 2159 4065 verum

551 4091 899 4170 experienda
939 4080 1310 4163 promiSerunt.

575 4225 579 4228 ς
651 4185 738 4239 55.
778 4185 893 4240 Νοη
921 4202 1049 4242 sane
1075 4189 1320 4254 absurde,
1351 4207 1522 4262 neque
1548 4193 1848 4262 importune
1873 4194 2160 4264 requiritur

579 4273 704 4343 quid
749 4276 846 4330 ista
891 4277 1208 4346 signiﬁcent,
1252 4289 1308 4334 ut
1343 4297 1464 4336 cum
1497 4282 1598 4338 hoc
1627 4285 1923 4353 expositum
1960 4285 2156 4351 fuerit,

581 4361 917 4420 non’tantum
944 4379 1111 4436 geSIa,
1141 4369 1233 4424 sed
1263 4371 1418 4424 etiam
1449 4381 1665 4441 pr0pter
1704 4375 1927 4444 aliquam
1957 4377 2160 4446 signifi-

582 4447 843 4502 cationem
887 4452 1186 4520 conscripta
1212 4468 1331 4507 esse
1359 4456 1659 4509 credantur.
1708 4459 1860 4513 Prius
1901 4477 2026 4531 ergo
2052 4478 2156 4517 non

581 4536 785 4592 dubitet
810 4539 996 4594 Jonam
1021 4541 1328 4610 prophetam
1352 4545 1401 4596 in
1432 4545 1550 4599 alvo
1579 4547 1775 4616 ingenti
1801 4550 2018 4605 marina:
2043 4552 2156 4608 bel-

581 4627 682 4682 lua;
721 4629 892 4685 triduo
938 4631 1116 4700 fuisse,
1169 4623 1406 4703 quivult
1451 4637 1672 4691 scrutari
1703 4654 1798 4693 cur
1827 4640 1929 4695 hoc
1963 4642 2156 4698 factum

580 4718 649 4772 sit
679 4736 692 4772 :
735 4723 840 4774 non
870 4723 1008 4775 enim
1038 4721 1229 4779 frustra
1271 4725 1458 4781 factum
1489 4738 1592 4795 est,
1636 4729 1726 4784 sed
1761 4741 1932 4786 tamen
1963 4733 2155 4790 factum

583 4817 683 4862 est.
734 4808 790 4864 Si
834 4812 973 4865 enim
1004 4823 1218 4868 movent
1259 4817 1322 4870 ad
1356 4817 1510 4873 fidem
1540 4836 1658 4889 qua:
1691 4821 1909 4893 figurate
1954 4833 2156 4882 tantum

558 4893 737 4967 'dicta,
786 4917 892 4957 non
934 4902 1067 4959 facta
1099 4917 1257 4972 sunt;
1300 4919 1494 4979 quanto
1532 4915 1698 4983 magis
1724 4931 1936 4972 movere
1961 4919 2159 4975 debent

580 5009 698 5064 quae
725 4995 945 5066 ﬁgurate
971 5015 1074 5054 non
1107 5009 1305 5056 tantum
1345 5004 1505 5072 dicta,
1547 5008 1640 5062 sed
1671 5008 1804 5065 facta
1830 5014 1987 5067 sunt?
2024 5015 2156 5071 Nam

578 5087 714 5142 sicut
745 5087 968 5144 humana
1014 5095 1338 5149 consuetudo
1382 5098 1577 5164 verbis,
1610 5099 1676 5155 ita
1716 5103 1889 5157 divina
1923 5109 2154 5174 potentia

575 5180 736 5235 etiam
764 5179 913 5236 factis
942 5183 1190 5254 loquitur.
1227 5187 1294 5240 Et
1321 5189 1456 5243 sicut
1476 5193 1969 5256 sermonighutnano
1995 5201 2154 5255 verba

575 5289 732 5341 nova,
753 5275 839 5330 vel
859 5278 1036 5332 minus
1053 5279 1262 5346 usitata,
1283 5280 1556 5338 moderate
1571 5299 1633 5340 ac
1653 5285 1902 5344 decenter
1915 5306 2152 5360 aspersa,

577 5369 912 5436 splendorem
935 5371 1132 5428 addunt
1152 5392 1165 5439 ;
1189 5376 1260 5429 ita
1282 5378 1333 5430 in
1352 5376 1502 5432 factis
1520 5381 1849 5438 mirabilibus
1867 5399 2154 5455 congruen-

579 5463 658 5511 ter
702 5459 898 5529 aliquid
929 5463 1361 5536 significantibus,
1408 5471 1800 5541 quodammodo
1843 5475 2154 5534 luculentior

577 5558 659 5604 est
684 5550 857 5606 divina
889 5554 1205 5624 eloquentia.

647 5643 736 5698 54.
778 5644 1005 5701 Proinde
1048 5649 1172 5719 quid
1217 5651 1634 5723 prteﬁguraverit
1661 5657 1801 5727 quod
1842 5660 2152 5732 prophetam

577 5733 749 5796 bellua
781 5737 867 5795 illa
907 5739 1238 5814 devoratum,
1269 5748 1424 5802 tertio
1447 5746 1534 5810 die
1561 5752 1742 5808 vivum
1783 5753 2030 5826 reddidit,
2057 5772 2153 5814 cur

1841 310 1899 371 S.
1940 306 2304 371 AUGUSTINI
2345 305 2645 369 EPISCOPI

3744 311 3853 374 388

2260 439 2289 478 a
2317 424 2469 479 nobis
2497 426 2772 496 quaeritur,
2803 439 2922 481 eum
2959 419 3059 480 hoc
3096 422 3347 480 Christus
3384 424 3660 496 exponat?
3679 425 3852 483 Gene-

2259 519 2412 584 ratio,
2442 519 2630 588 inquit,
2663 535 2818 588 prava
2860 526 2906 572 et
2940 517 3172 571 adultera
3219 519 3416 588 signum
3441 519 3640 588 quierit,
3686 528 3736 573 et
3773 517 3853 574 si-

2260 626 2410 680 gnum
2441 627 2540 663 non
2570 611 2774 664 dabitur
2797 611 2860 675 ei,
2886 610 2982 664 nisi
3006 611 3206 681 signum
3233 609 3384 664 Jona:
3403 611 3661 681 prapltetc
3679 626 3698 665 :
3715 612 3854 666 sicut

2260 704 2390 756 enim
2428 703 2590 758 Jonas
2636 703 2808 774 fuitin
2853 711 3020 758 ventre
3060 703 3155 756 ceti
3198 702 3351 756 tribus
3397 701 3569 758 diebus
3609 711 3657 757 et
3687 704 3855 759 tribus

2259 795 2525 862 noctibus;
2575 798 2647 851 sic
2671 798 2763 852 erit
2805 796 2969 851 Filius
2999 796 3214 850 hominis
3238 796 3290 849 in
3331 797 3481 850 corde
3507 805 3654 850 teme
3687 797 3856 852 triqu

2259 889 2430 944 diebus
2459 899 2505 943 et
2529 889 2686 943 tribus
2714 890 2941 944 noctibus
2972 888 3181 962 (Matth.
3210 904 3305 954 xu,
3337 888 3425 953 59,
3459 888 3574 962 40).
3621 889 3700 944 De
3732 891 3854 960 ipso

2258 990 2435 1035 autem
2474 982 2646 1035 triduo
2671 981 2856 1035 mortis
2885 980 3093 1035 Domini
3121 980 3138 1011 ί
3164 978 3383 1046 Christi,
3416 980 3685 1050 quomodo
3713 980 3856 1035 ratio

2259 1071 2526 1134 reddatur,
2556 1087 2674 1126 cum
2705 1087 2733 1124 a
2757 1079 2904 1140 parte
2934 1081 3099 1125 totum
3130 1071 3465 1140 intelligitur,
3495 1071 3547 1124 in
3569 1069 3658 1125 die
3677 1071 3856 1140 primo

2259 1173 2312 1217 et
2332 1165 2639 1231 novissimo,
2670 1173 2728 1219 ut
2757 1165 2850 1219 toti
2879 1176 2985 1220 tres
3015 1164 3150 1230 dies,
3184 1163 3234 1218 id
3263 1171 3345 1219 est
3373 1179 3492 1217 cum
3531 1164 3644 1216 suis
3675 1163 3857 1218 nocti-

2260 1255 2358 1310 bus
2385 1266 2777 1326 computentur,
2829 1258 3040 1328 longum
3087 1266 3168 1312 est
3207 1257 3491 1322 disserere,
3537 1265 3592 1311 et
3632 1259 3690 1310 in
3733 1256 3857 1311 aliis

2260 1349 2592 1402 sermonibus
2631 1348 2738 1418 jam
2785 1349 3076 1418 saepissime
3123 1348 3321 1402 dictum
3370 1357 3469 1402 est.
3526 1346 3678 1402 Sicut
3721 1363 3857 1420 ergo

2259 1437 2420 1494 Jonas
2446 1455 2509 1493 ex
2538 1439 2660 1494 navi
2690 1440 2740 1493 in
2779 1440 2956 1495 alvum
2982 1440 3104 1507 ccli,
3153 1441 3222 1493 ita
3250 1439 3491 1494 Christus
3521 1454 3587 1493 ex
3617 1439 3769 1510 ligno
3800 1440 3856 1496 in

2261 1531 2558 1600 sepulcrum
2585 1532 2667 1586 vel
2697 1531 2748 1585 in
2774 1532 2960 1586 mortis
2991 1531 3332 1601 profundum.
3375 1530 3442 1586 Et
3465 1532 3603 1586 sicut
3635 1531 3729 1585 ille
3755 1546 3858 1601 pro

2262 1622 2344 1677 his
2371 1625 2460 1694 qui
2505 1633 2816 1696 tempestate
2859 1625 3308 1695 periclitabantur,
3359 1624 3427 1677 ita
3470 1624 3721 1678 Christus
3748 1639 3852 1694 pro

2263 1714 2345 1770 his
2361 1716 2452 1786 qui
2481 1717 2534 1770 in
2560 1717 2659 1771 hoc
2681 1716 2876 1771 saeculo
2893 1715 3166 1770 ﬂuctuant.
3197 1716 3261 1769 Et
3287 1717 3422 1769 sicut
3447 1716 3616 1784 primo
3638 1715 3856 1784 jussum

2262 1813 2345 1860 est
2372 1815 2428 1860 ut
2467 1807 2846 1876 praedicaretur
2881 1807 3125 1862 Ninivitis
3150 1822 3178 1861 a
3205 1807 3358 1872 Jona,
3392 1807 3485 1861 sed
3516 1822 3620 1860 non
3663 1807 3732 1861 ad
3762 1824 3859 1864 eos

2261 1896 2500 1966 pervenit
2529 1897 2833 1966 prindicatio
2853 1897 3021 1964 Jonre,
3051 1898 3150 1952 nisi
3181 1909 3522 1968 posteaquam
3550 1915 3676 1953 eum
3704 1909 3858 1954 cetus

2263 1987 2531 2052 evomuit;
2574 1989 2644 2042 ita
2679 1989 2950 2058 prophetia
2990 1989 3262 2059 praemissa
3291 1997 3374 2043 est
3399 1988 3465 2042 ad
3495 1989 3724 2056 Gentes,
3757 1991 3857 2046 sed

2264 2077 2365 2130 nisi
2421 2087 2540 2147 post
2602 2080 3042 2136 resurrectionem
3092 2078 3287 2135 Christi
3335 2095 3440 2136 non
3490 2081 3738 2152 pervenit
3790 2082 3858 2136 ad

2262 2168 2481 2225 Gentes.

2335 2263 2428 2319 55:
2462 2263 2708 2320 Jamvero
2735 2266 2877 2338 quod
2909 2266 3308 2322 tabernaculum
3338 2267 3437 2322 sibi
3462 2267 3763 2336 constituit,
3806 2277 3861 2324 et

2264 2356 2506 2411 consedit
2534 2374 2601 2413 ex
2630 2359 2854 2413 adverso
2883 2359 3110 2413 civitatis
3139 2358 3347 2426 Ninive,
3390 2357 3514 2428 quid
3539 2359 3590 2412 ei
3620 2359 3860 2414 futurum

2265 2457 2406 2502 esset
2448 2457 2802 2518 exspectans,
2854 2450 3075 2505 alterius
3121 2450 3523 2521 significationis
3565 2465 3860 2519 personam

2266 2538 2530 2609 Propheta
2567 2543 2830 2612 gestabat.
2871 2542 3245 2613 Prmfigurabat
3277 2544 3416 2597 enim
3460 2543 3732 2597 carnalem
3761 2559 3864 2613 po-

2266 2633 2446 2700 pulum
2479 2633 2662 2689 lsrael.
2703 2633 2835 2689 Nam
2866 2634 2991 2690 huic
3015 2645 3129 2690 erat
3153 2643 3207 2689 et
3231 2636 3440 2690 tristitia
3467 2635 3534 2691 de
3565 2639 3740 2691 salute
3765 2636 3862 2692 Ni-

2265 2725 2568 2791 nivitarum,
2626 2727 2728 2782 hoc
2772 2737 2854 2782 est
2907 2728 2973 2783 de
3023 2729 3391 2799 redemptione
3438 2739 3492 2784 et
3542 2730 3864 2787 liberatione

2265 2816 2536 2871 Gentium.
2561 2815 2715 2873 Unde
2741 2818 2887 2872 venit
2906 2817 3146 2874 Christus
3166 2834 3376 2883 vocare,
3408 2835 3510 2874 non
3539 2821 3738 2888 justos,
3765 2821 3864 2877 sed

2267 2918 2572 2978 peceatores
2594 2911 2644 2964 in
2670 2913 3033 2980 paenitentiam
3064 2913 3212 2986 (Luc.
3241 2929 3293 2982 v,
3325 2912 3438 2983 52).
3469 2912 3860 2970 Umbraculum

2265 3018 2392 3072 ergo
2421 3003 2708 3058 cucurbita:
2735 3021 2895 3075 super
2919 3015 3076 3076 caput
3117 3007 3252 3076 ejus,
3291 3007 3677 3079 promissiones
3703 3016 3862 3063 erant

2268 3092 2474 3148 Veteris
2501 3093 2849 3162 Testamenti,
2897 3098 2984 3152 vel
3015 3098 3124 3168 ipsa
3152 3100 3260 3167 jam
3291 3113 3532 3162 munera,
3565 3097 3616 3152 in
3661 3099 3865 3168 quibus

2264 3196 2380 3241 erat
2420 3190 2618 3259 utique,
2652 3191 2787 3245 sicut
2835 3189 2962 3244 dicit
2990 3191 3294 3260 Apostolus,
3340 3191 3519 3244 umbra
3559 3195 3863 3262 futurorum

2268 3279 2484 3348 (Coloss.
2516 3299 2573 3349 ll,
2604 3280 2714 3356 17),
2747 3292 2998 3354 tanquam
3029 3282 3098 3336 ab
3125 3293 3255 3337 testu
3288 3283 3658 3354 temporalium
3687 3285 3863 3340 malo-

2265 3390 2382 3430 rum
2433 3376 2484 3430 in
2535 3385 2674 3432 terra
2724 3377 3096 3446 promissionis
3143 3376 3540 3434 defensaculum
3590 3379 3859 3448 prtebens.

2271 3466 2474 3522 Vermis
2501 3475 2676 3522 autem
2706 3470 3015 3534 matutinus,
3044 3485 3150 3540 quo
3194 3469 3412 3525 rodente
3444 3469 3720 3525 cucurbita
3766 3487 3862 3526 ex-

2264 3558 2422 3624 aruit,
2455 3559 2595 3614 idem
2628 3561 2742 3630 ipse
2771 3576 2954 3615 rursus
2973 3561 3216 3616 Christus
3241 3561 3488 3628 occurrit,
3508 3576 3575 3616 ex
3591 3563 3750 3631 cujus
3765 3578 3864 3619 ore

2264 3647 2553 3718 Evangelia
2567 3649 2855 3714 diffamato,
2881 3661 3067 3707 cuncta
3089 3653 3175 3706 illa
3196 3668 3314 3723 quae
3339 3653 3705 3722 temporaliter
3721 3653 3865 3724 apud

2266 3740 2530 3795 lsraelitas
2559 3741 2644 3795 vel
2685 3750 2742 3796 ut
2768 3742 3034 3797 umbratili
3065 3744 3212 3813 prius
3238 3743 3624 3814 significatione
3671 3745 3861 3815 vigue-

2261 3841 2406 3896 runt,
2427 3841 2678 3888 evacuata
2693 3843 3045 3890 marcescunt.
3061 3835 3126 3890 Et
3145 3851 3281 3891 nunc
3307 3836 3391 3891 ille
3415 3836 3638 3906 pOpulus
3657 3837 3866 3893 amisso

2261 3920 2704 3992 Jerosolymitano
2750 3941 2933 3996 regno,
2981 3935 3037 3982 et
3083 3925 3399 3994 sacerdotio,
3446 3937 3501 3983 et
3546 3929 3819 3984 sacrificio
3845 3970 3862 3996 ,

2261 4013 2401 4083 quod
2435 4023 2603 4069 totum
2634 4017 2819 4072 umbra
2848 4027 2963 4073 erat
3001 4019 3180 4086 futuri,
3212 4019 3266 4074 in
3293 4021 3496 4090 captiva
3522 4019 3865 4090 dispersione

2262 4119 2454 4175 magno
2481 4116 2611 4162 aestu
2641 4109 2990 4164 tribulationis
3034 4111 3294 4180 aduritur,
3325 4113 3462 4168 sicut
3488 4112 3674 4178 Jonas,
3714 4113 3864 4185 quod

2261 4196 2515 4267 scriptum
2540 4210 2643 4266 est,
2664 4215 2692 4253 a
2719 4201 2847 4254 solis
2874 4201 3062 4256 ardore
3091 4201 3260 4274 (Iona:
3285 4218 3359 4268 tv,
3378 4203 3457 4274 8),
3485 4213 3538 4258 et
3562 4203 3714 4259 dolet
3733 4221 3865 4276 gra-

2261 4291 2433 4356 viter;
2465 4302 2518 4346 et
2544 4302 2717 4348 tamen
2740 4293 2910 4348 dolori
2935 4294 3050 4363 ejus
3069 4303 3226 4364 atque
3251 4295 3452 4351 umbrae
3470 4310 3632 4367 quam
3654 4296 3858 4370 dilige-

2262 4383 2370 4449 bat,
2403 4383 2544 4437 salus
2568 4382 2807 4454 gentium
2842 4386 3312 4456 pmnitentiumque
3341 4389 3361 4419 '
3393 4390 3750 4458 praeponitur.

2331 4473 2420 4529 56.
2479 4474 2664 4531 Adhuc
2716 4477 3034 4532 cachinnent
3085 4478 3300 4549 Pagani,
3353 4487 3407 4534 et
3449 4479 3560 4548 jam
3613 4497 3863 4540 vermem

2259 4563 2527 4620 Christum
2548 4606 2563 4632 ,
2597 4574 2650 4620 et
2677 4566 2811 4622 hanc
2840 4567 3330 4640 interpretatiOnem
3355 4568 3651 4638 prophetici
3667 4585 3862 4627 sacra-

2259 4657 2422 4711 menti
2452 4658 2760 4727 superbiore
2782 4662 3088 4730 garrulitate
3116 4660 3412 4727 derideant,
3445 4661 3571 4716 dum
3599 4671 3788 4719 tamen
3807 4673 3864 4721 et

2261 4747 2404 4817 ipsos
2447 4750 2644 4804 sensim
2676 4750 3035 4821 paulatimque
3064 4761 3361 4808 consumat.
3418 4753 3550 4810 Nam
3576 4755 3644 4810 de
3672 4758 3860 4812 omni-

2263 4839 2360 4893 bus
2401 4841 2594 4896 talibus
2644 4841 2807 4897 lsaias
2859 4843 3158 4914 prephetat,
3213 4860 3306 4915 per
3348 4861 3504 4917 quem
3543 4847 3695 4902 nobis
3726 4848 3862 4904 dicit

2261 4932 2400 4986 Deus
2434 4953 2446 4989 :
2476 4935 2656 4990 Audite
2705 4953 2785 4991 me
2826 4937 2914 5006 qui
2941 4938 3082 4992 scitis
3099 4939 3375 5009 judicium,
3418 4930 3639 5010 papulas
3668 4957 3817 4996 meus
3839 4983 3857 5009 ,

2261 5025 2312 5078 in
2338 5043 2548 5096 quorum
2576 5029 2726 5084 corde
2759 5029 2843 5084 lea:
2870 5045 2983 5084 mea
3019 5040 3090 5085 est
3123 5025 3146 5085 ι’
3166 5033 3436 5102 approbria
3464 5033 3730 5087 hominum
3759 5050 3860 5088 no-

2262 5115 2348 5171 lite
2375 5129 2607 5186 metuere,
2647 5131 2694 5174 et
2733 5123 3044 5179 detractione
3085 5139 3258 5178 eorum
3285 5141 3348 5179 ne
3386 5125 3714 5194 superemini,
3764 5143 3860 5181 nec

2259 5213 2393 5278 quod
2433 5204 2518 5265 vo's
2556 5223 2795 5280 spernant
2837 5217 3008 5287 magni
3046 5217 3308 5271 duxeritis.
3349 5217 3496 5274 Sicut
3546 5220 3678 5273 enim
3703 5221 3866 5276 vesti-

2259 5312 2497 5369 utentum,
2548 5305 2619 5356 ita
2650 5322 2739 5375 per
2775 5316 2970 5378 tempus
3010 5309 3349 5377 absumentur,
3395 5321 3460 5384 et
3482 5312 3610 5366 sicut
3650 5312 3778 5367 hnc
3822 5327 3860 5367 tl

2261 5397 2393 5448 tinea
2411 5397 2730 5451 comedentur
2747 5415 2765 5464 ;
2785 5401 2985 5468 jnstitia
3010 5410 3177 5454 autem
3199 5418 3309 5455 mea
3335 5403 3384 5456 in
3409 5389 3650 5457 (etet-num
3679 5413 3863 5460 manet

2264 5484 2414 5556 (Isai.
2456 5503 2526 5552 ιι,
2559 5488 2610 5552 7,
2643 5488 2722 5560 8).
2755 5489 2858 5543 Nos
2883 5505 3010 5561 ergo
3038 5506 3387 5561 agnoscamus
3412 5508 3646 5549 vermem
3673 5503 3857 5550 matu-

2258 5643 2723 5757 Mitﬁglslvomini
2742 5646 2893 5697 nostri
2912 5654 3027 5698 Jesu
3047 5646 3245 5699 Christi.
3259 5655 3316 5698 Αι
3325 5655 3432 5700 Mss.
3447 5651 3853 5717 carentvocibul.

2319 5720 2341 5756 δ
2363 5721 2387 5754 r
2541 5743 2551 5754 .

2319 5720 2409 5756 sm
2424 5720 2551 5756 Jm.

2257 5795 2262 5798 -
2325 5771 2346 5802 ²
2367 5776 2472 5821 tm.
2499 5769 2646 5822 vatio.
2656 5776 2762 5822 tres
2784 5778 2836 5822 et
2855 5769 2932 5822 alii
2959 5784 2990 5824 e
3010 5772 3188 5825 nostris
3207 5771 3322 5837 duo,
3344 5772 3729 5843 ρωηὶιεηιὶαιιυθ.
