4090 6356
200 498 400 561 tinum,
423 494 544 567 quia
579 501 634 549 et
658 492 714 549 in
736 493 829 549 illo
855 492 1062 564 psalmo
1092 492 1245 563 cuius
1266 494 1445 550 titulus
1468 497 1788 564 inscribitur,

201 590 312 646 Pro
342 589 658 660 susceptione
698 591 963 656 matutina,
994 589 1094 644 hoc
1134 605 1190 644 se
1219 591 1331 659 ipse
1372 591 1582 646 nomine
1609 592 1792 660 appel-

200 681 314 737 lare
360 681 608 752 dignatus
647 689 729 736 est
758 696 772 734 :
804 678 937 753 Ego,
985 681 1174 751 inquit,
1223 698 1333 736 sum
1378 683 1576 746 vermis,
1608 692 1654 736 et
1694 700 1792 737 non

201 772 396 836 homo;
439 772 765 841 opprobrium
808 772 1088 838 hominum,
1135 781 1183 826 et
1221 772 1432 844 abjectio
1463 772 1639 843 plebis.
1681 774 1794 829 Hoc

199 862 552 931 opprobrium
579 861 646 917 de
674 862 779 917 illis
820 862 1120 932 opprobriis
1146 872 1228 918 est
1270 880 1388 934 quae
1411 864 1657 933 jubemur
1686 882 1791 921 non

200 962 447 1007 metuere
486 966 584 1021 per
628 951 817 1006 Isaiam
862 952 1128 1007 dicentem
1161 969 1174 1006 :
1210 951 1495 1024 Opprobria
1536 956 1793 1010 hominum

200 1044 361 1097 nolite
397 1052 632 1098 metuere.
674 1044 755 1098 Ab
782 1045 885 1099 isto
912 1059 1091 1099 verme
1133 1052 1382 1115 tanquam
1410 1061 1439 1098 a
1465 1046 1607 1101 tinea
1649 1062 1793 1102 com-

201 1133 461 1200 eduntur,
494 1134 582 1204 qui
620 1134 720 1189 sub
746 1134 861 1204 ejus
903 1134 1061 1190 dente
1088 1135 1394 1205 evangelico
1438 1152 1533 1207 per
1559 1138 1794 1209 singulos

201 1223 317 1278 dies
348 1226 669 1293 paucitatem
697 1240 848 1280 suam
875 1222 1172 1280 deﬁciendo
1198 1225 1477 1280 mirantur.
1519 1226 1625 1281 Nos
1652 1226 1792 1283 hunc

201 1331 579 1387 agnoscamus,
607 1326 660 1371 et
689 1332 784 1386 pro
825 1317 991 1371 salute
1014 1316 1211 1384 divina,
1248 1315 1477 1371 humana
1506 1318 1787 1388 opprobria

200 1406 547 1461 suﬁ'eramus.
588 1404 798 1462 Vermis
839 1414 921 1461 est
961 1416 1175 1478 propter
1203 1406 1549 1463 humilitatem
1576 1409 1786 1474 carnis;

201 1494 453 1550 fortassis
502 1496 659 1550 etiam
708 1504 921 1565 propter
966 1496 1183 1565 virginis
1229 1506 1457 1568 partum.
1513 1497 1644 1551 Nam
1688 1496 1792 1553 hoc

200 1586 405 1640 animal
448 1586 760 1657 plerumque
798 1586 864 1642 de
903 1602 1084 1656 carne,
1113 1588 1196 1643 vel
1243 1588 1309 1643 de
1353 1603 1685 1659 quacumque
1730 1605 1790 1646 re

201 1687 441 1743 terrena,
479 1679 595 1735 sine
622 1678 731 1733 ullo
764 1678 1043 1734 concubitu
1074 1680 1322 1734 nascitur.
1366 1680 1649 1735 Matutinus
1685 1689 1786 1746 est,

201 1770 326 1839 quia
364 1767 596 1824 diluculo
627 1769 938 1826 resurrexit.
966 1770 1180 1825 Poterat
1205 1770 1384 1840 utique
1406 1772 1493 1826 illa
1518 1772 1790 1828 cucurbita

203 1870 260 1914 et
287 1862 410 1915 sine
436 1860 543 1915 ullo
570 1860 858 1916 vermiculo
886 1876 1150 1916 arescere.
1191 1862 1467 1917 Postremo
1492 1863 1536 1916 si
1563 1862 1790 1919 habebat

203 1951 349 2005 Deus
393 1951 461 2006 ad
503 1951 607 2006 hoc
638 1968 873 2008 vermem
903 1954 1282 2019 necessarium,
1331 1953 1454 2024 quid
1501 1969 1633 2024 opus
1674 1964 1789 2011 erat

199 2041 404 2097 addere
448 2043 788 2110 matutinum,
821 2044 922 2098 nisi
952 2053 1010 2098 ut
1038 2044 1125 2098 ille
1156 2045 1348 2100 vermis
1375 2055 1746 2115 agnosceretur
1767 2088 1783 2115 ,

201 2134 291 2201 qui
320 2142 504 2189 cantat
548 2150 639 2204 pro
668 2134 977 2205 susceptione
1016 2136 1260 2189 matutina
1287 2151 1305 2189 :
1329 2134 1442 2207 Ego
1482 2146 1647 2192 autem
1673 2154 1785 2192 sum

202 2224 408 2288 verutis,
444 2232 492 2277 et
518 2240 619 2277 non
656 2224 844 2279 homo?

272 2315 361 2369 37.
405 2314 542 2383 Quid
572 2316 671 2370 ista
712 2314 988 2386 prophetia
1012 2316 1120 2386 jam
1150 2318 1267 2387 ipso
1311 2334 1489 2374 rerum
1516 2318 1703 2377 effectu
1732 2332 1786 2378 et

200 2407 584 2477 adimpletione
608 2408 829 2463 lucidius
861 2409 913 2463 ίῖ
939 2409 994 2465 Si
1023 2410 1207 2464 irrisus
1226 2420 1309 2465 est
1333 2412 1526 2467 vermis
1546 2414 1644 2469 iste
1663 2429 1785 2470 cum

202 2500 470 2569 penderet
502 2502 553 2554 in
583 2516 760 2567 cruce,
810 2502 947 2556 sicut
974 2502 1028 2556 in
1052 2502 1238 2558 eodem
1284 2505 1489 2574 psalmo
1530 2508 1783 2576 scriptum

202 2601 298 2656 est,
329 2591 513 2647 Locuti
541 2603 655 2647 sunt
683 2594 846 2658 labiis,
888 2603 936 2648 et
965 2605 1221 2649 moverunt
1248 2607 1418 2667 caput.
1470 2597 1703 2667 Speravit
1731 2602 1783 2655 in

200 2681 383 2747 Deum,
427 2694 571 2738 eruat
614 2701 725 2738 eum
745 2704 766 2750 ;
794 2685 985 2739 salvum
1031 2687 1184 2757 faciat
1223 2704 1355 2755 eum,
1399 2691 1637 2759 quoniam
1679 2692 1782 2745 vult

200 2790 330 2838 eum,
366 2789 488 2828 cum
515 2776 775 2844 completa
801 2785 924 2830 sunt
966 2793 1083 2846 qua:
1111 2778 1179 2832 ibi
1226 2779 1485 2847 praedixit,
1520 2780 1782 2837 Foderunt

200 2882 379 2919 nianus
404 2883 541 2920 meas
570 2878 615 2919 et
641 2868 809 2937 pedes,
842 2869 1278 2924 dinumeraverunt
1303 2871 1471 2923 omnia
1508 2888 1621 2926 ossa
1648 2890 1776 2928 mea.

201 2955 310 3025 Ipsi
337 2974 452 3011 vero
481 2959 935 3025 consideraverunt,
978 2968 1025 3013 et
1066 2972 1428 3029 conspexerunt
1476 2979 1571 3028 me,
1603 2964 1780 3019 divise-

198 3057 313 3099 runt
344 3048 441 3100 sibi
458 3049 745 3102 vestimenta
771 3064 898 3113 mea,
929 3058 973 3102 et
988 3065 1137 3119 super
1152 3062 1331 3104 vestem
1353 3068 1513 3104 meam
1540 3054 1778 3107 miserunt

198 3147 415 3202 sortem;
463 3138 604 3208 quod
646 3149 789 3192 tanta
831 3139 1252 3194 manifestatione
1294 3141 1529 3196 futurum
1560 3142 1613 3195 in
1644 3144 1777 3199 libro

197 3229 412 3297 antiquo
441 3229 805 3299 prophetatur,
835 3240 1026 3299 quanta
1054 3232 1475 3288 manifestatione
1502 3235 1697 3290 factum
1723 3239 1777 3292 in

198 3334 331 3373 novo
362 3320 648 3391 Evangelio
672 3320 921 3375 recitatur
948 3338 960 3374 :
985 3322 1078 3376 sed
1108 3323 1153 3376 si
1180 3323 1232 3376 in
1256 3323 1355 3378 hac
1380 3325 1694 3390 humilitate,
1719 3337 1778 3382 ut

198 3410 370 3466 dicere
414 3426 704 3480 cmperam,
760 3413 857 3468 istc
900 3414 1095 3468 vermis
1147 3414 1330 3470 irrisus
1374 3424 1476 3481 est,
1522 3419 1775 3488 numquid

200 3501 367 3556 adhuc
395 3502 698 3557 irridendus
726 3513 808 3557 est
828 3520 946 3557 cum
974 3519 1035 3559 ea
1064 3506 1317 3573 compleri
1340 3506 1626 3571 cernimus,
1655 3526 1773 3579 qua:

199 3596 574 3663 consequentia
605 3596 837 3666 psalmus
867 3597 977 3666 ipse
1020 3597 1200 3663 habet,
1244 3597 1774 3656 Commemorabuntur

200 3692 243 3735 ct
280 3696 631 3740 convertentur
676 3687 744 3739 ad
787 3687 1059 3741 Dominum
1106 3690 1320 3743 universi
1362 3692 1488 3761 ﬁnes
1527 3701 1693 3760 terrm,
1724 3705 1771 3748 et

199 3775 474 3829 odorabunt
500 3779 552 3830 in
572 3788 836 3850 conspectu
877 3780 985 3849 ejus
1025 3781 1267 3835 universw
1293 3784 1473 3853 patria:
1507 3786 1771 3854 gentium;

197 3868 429 3934 quoniam
452 3866 656 3920 Domini
674 3878 745 3923 est
765 3886 990 3940 regnum,
1007 3880 1052 3924 et
1070 3872 1176 3940 ipse
1196 3872 1531 3927 dominabitur
1550 3877 1771 3945 gentium

198 3955 361 4027 (Ptol.
402 3973 517 4023 ut,
549 3958 724 4031 7-29).
765 3960 853 4015 Sic
896 3963 1294 4016 commemorati
1323 3973 1446 4016 sunt
1482 3964 1725 4019 Ninivita:
1752 4008 1766 4033 ,

196 4058 247 4104 et
288 4052 535 4106 conversi
560 4060 683 4107 sunt
720 4051 784 4106 ad
817 4053 1115 4107 Dominum.
1154 4053 1299 4108 Hanc
1328 4055 1550 4110 salutem
1593 4060 1767 4127 paeni-

198 4142 369 4195 tentia:
399 4141 646 4197 Gentium
678 4152 822 4197 tanto
849 4154 971 4198 ante
996 4144 1379 4216 prteliguratam
1408 4148 1460 4201 in
1492 4148 1647 4216 Jona,
1675 4152 1768 4205 do-

198 4235 329 4291 lebat
351 4235 534 4303 lsrael,
563 4238 697 4293 sicut
724 4254 863 4292 nunc
888 4238 1032 4293 dolet
1058 4239 1241 4293 umbra
1279 4239 1523 4307 nudatus,
1556 4252 1609 4296 et
1636 4254 1765 4299 aestu

196 4329 473 4384 sauciatus.
512 4328 691 4384 Liceat
716 4345 844 4384 sane
868 4330 1086 4385 cuilibet
1113 4332 1399 4399 quamlibet
1432 4335 1607 4401 aliter,
1639 4336 1764 4390 dum

196 4428 363 4474 tamen
389 4420 680 4475 secundum
710 4422 944 4490 regulam
971 4420 1112 4488 ﬁdei,
1142 4431 1331 4475 canora
1354 4424 1531 4477 tnnnia
1557 4441 1671 4494 qua:
1698 4427 1764 4481 de

195 4511 317 4566 lona
356 4512 615 4582 propheta
662 4513 926 4583 mysteriis
969 4522 1151 4583 operta
1182 4522 1331 4576 sunt,
1363 4518 1589 4583 aperire.
1632 4517 1762 4573 llud

194 4602 340 4671 plane
366 4602 511 4672 quod
540 4604 591 4657 in
618 4611 801 4658 ventre
829 4604 929 4657 ceti
964 4603 1135 4657 triduo
1173 4602 1290 4669 fuit,
1326 4606 1402 4660 las
1427 4621 1531 4660 non
1560 4616 1641 4662 est
1667 4609 1763 4664 ali-

193 4703 268 4749 ter
309 4696 641 4766 intelligere,
689 4712 846 4767 quam
893 4697 959 4751 ab
1001 4697 1116 4767 ipso
1161 4700 1365 4754 caelesti
1413 4701 1664 4772 magistro
1706 4703 1758 4757 in

192 4784 466 4857 Evangelia
494 4789 1024 4844 commemoravimus
1053 4791 1357 4845 revelatum.

252 4876 336 4931 38.
370 4877 648 4947 Pmposita
668 4881 1008 4949 exposuimus
1033 4888 1089 4934 ut
1114 4882 1377 4950 potuimus
1401 4900 1414 4936 :
1442 4883 1534 4936 sed
1554 4883 1640 4939 ille
1665 4884 1755 4954 qui

190 4965 475 5035 proposuit,
497 4967 607 5036 jam
631 4969 701 5022 sit
724 4968 1062 5035 christianos,
1092 4986 1158 5026 ne
1189 4971 1321 5028 forte
1340 4989 1459 5027 cum
1486 4984 1757 5044 exspectat

187 5064 299 5109 ante
336 5056 619 5111 Librorum
644 5068 945 5113 sanctorum
973 5060 1125 5114 ﬁnire
1153 5063 1489 5131 quaestiones,
1521 5065 1664 5134 prius
1692 5067 1755 5119 ﬁ-

186 5144 286 5199 niat
311 5148 473 5201 vitam
515 5148 692 5215 istam,
720 5165 874 5219 quam
904 5160 1137 5205 transeat
1177 5166 1207 5205 a
1251 5163 1420 5207 morte
1458 5155 1522 5208 ad
1568 5156 1749 5211 vitam.

184 5234 324 5291 Ferri
348 5237 491 5292 enim
538 5248 729 5309 potest,
769 5241 909 5311 quod
936 5251 1211 5312 antequam
1237 5244 1535 5300 christianis
1573 5262 1751 5302 sacra-

183 5330 369 5385 mentis
397 5331 687 5399 imbuatur,
701 5334 890 5403 quaerit
903 5332 969 5389 de
988 5335 1373 5391 resurrectione
1400 5348 1748 5395 mortuorum.

182 5416 582 5476 Concedendum
608 5425 766 5478 etiam
792 5423 1033 5480 fortassis
1060 5427 1200 5495 quod
1228 5427 1293 5482 de
1317 5428 1529 5484 Christo
1561 5433 1750 5501 qutesi-

181 5509 267 5575 vit,
291 5524 389 5566 cur
409 5521 554 5568 tanto
578 5522 701 5586 post
718 5517 944 5580 venerit,
972 5517 1055 5572 vel
1076 5517 1119 5571 si
1141 5533 1257 5587 quae
1285 5530 1406 5573 sunt
1431 5520 1547 5575 alia:
1572 5539 1750 5591 pauca:

180 5610 231 5657 et
255 5618 462 5675 magnai
504 5608 846 5678 quaestiones,
891 5609 1081 5678 quibus
1109 5619 1298 5664 caetera
1341 5611 1659 5667 inserviunt.
1693 5616 1747 5670 Si

237 5756 254 5789 ³
277 5762 385 5808 las.
410 5771 583 5825 omnes
601 5758 852 5825 :_Lucidius
870 5758 896 5812 7
916 5768 1073 5825 Neque
1092 5757 1222 5813 enim
1240 5759 1285 5812 si
1304 5760 1478 5817 irrisus
1500 5772 1586 5818 est.
1610 5775 1748 5822 Forte

177 5828 275 5886 pro,
296 5818 536 5885 Nunquid
557 5821 698 5873 enim.

1348 380 1826 441 EPISTOLARUM
1862 386 2138 448 CLASSlS
2176 392 2235 449 11.

3368 410 3471 468 388

1900 515 2075 559 autem
2106 509 2275 577 qualis
2313 519 2395 564 est
2432 512 2541 579 illa,
2587 512 2777 585 ln'qua
2805 534 3037 573 mensura
3069 523 3227 576 mensi
3253 523 3467 592 fueritis,

1900 595 2128 648 metietur
2150 598 2303 665 vobis,
2335 600 2417 655 vel
2458 604 2626 671 qualis
2662 605 2758 660 ista
2794 607 2859 662 de
2899 608 3052 673 Jona,
3080 612 3239 667 etiam
3285 628 3473 671 omnes

1898 684 2034 740 tales
2072 698 2353 759 antequam
2392 693 2462 746 sit
2487 693 2803 752 christianos
2842 699 2994 755 ﬁnire
3032 704 3245 771 cogitat,
3285 720 3473 776 perpa-

1899 791 2019 830 rum
2048 779 2065 809 ⁸
2103 780 2298 850 cogitat
2325 783 2405 838 vel
2434 785 2787 842 conditionem
2817 788 3123 857 humanam,
3154 793 3238 848 vel
3261 804 3470 851 (etatem

1893 866 2002 937 jam
2030 886 2199 925 suam.
2240 873 2375 929 Sunt
2398 877 2550 931 enim
2584 878 3018 950 innumerabiles,
3049 900 3165 955 qua:
3204 901 3313 941 non
3349 898 3473 944 sunt

1900 959 2145 1017 ﬁnienda:
2190 977 2314 1023 ante
2352 968 2509 1024 ﬁdem
2553 986 2623 1026 ne
2665 974 2875 1029 ﬁniatur
2909 977 3013 1031 vita
3052 978 3167 1033 sine
3204 978 3327 1035 ﬁde.
3366 980 3470 1037 Sed

1898 1051 2056 1120 plane
2096 1063 2299 1111 retenta
2325 1058 2434 1127 jam
2471 1060 2596 1125 ﬁde,
2629 1062 2695 1116 ad
2744 1068 3099 1121 exercendam
3144 1068 3282 1138 piam
3327 1070 3470 1126 delo-

1896 1144 2181 1202 ctationem
2230 1152 2483 1205 mentium
2526 1153 2754 1209 ﬁdelium
2781 1158 3166 1215 studiosissime
3194 1161 3468 1231 requiren-

1895 1234 1999 1302 dm,
2024 1246 2077 1292 et
2108 1240 2246 1308 quod
2277 1241 2328 1295 in
2356 1244 2434 1298 eis
2475 1243 2719 1312 eluserit,
2756 1249 2871 1304 sine
2907 1251 3070 1320 typho
3102 1254 3123 1284 ³
3158 1255 3471 1324 arrogantia:

1894 1331 2423 1398 communicandum;
2462 1336 2603 1404 quod
2640 1345 2817 1393 autem
2856 1339 3085 1408 latuerit,
3128 1347 3245 1400 sine
3283 1344 3469 1401 salutis

1893 1414 2177 1488 dispendio
2200 1422 2549 1479 tolerandum.

2374 1534 2701 1593 EPISTOLA
2728 1539 2835 1594 Clll
2861 1544 2879 1564 ‘
2913 1540 3008 1613 (a).

1894 1615 2135 1674 Nectario
2161 1620 2346 1691 petenti
2380 1626 2572 1680 veniam
2606 1629 2755 1683 tribui
2782 1631 2969 1685 civibus
3000 1634 3103 1688 suis
3148 1635 3468 1706 rescripserat

1962 1712 2269 1782 Augustinus
2295 1715 2347 1769 in
2380 1714 2547 1787 Epist.
2575 1719 2662 1783 97,
2695 1737 2795 1774 non
2830 1722 3004 1777 decere
3025 1726 3351 1781 christianum
3377 1728 3462 1781 be-
3486 1742 3489 1745 '

1920 1850 1921 1853 η
1962 1804 2308 1871 nevolentiam,
2330 1816 2385 1859 ut
2405 1808 2599 1879 insigne
2623 1810 2753 1864 illud
2775 1811 3144 1869 Calamensium
3173 1817 3335 1872 scelus
3369 1818 3467 1871 ἰηι-

1961 1896 2191 1963 punitum
2238 1898 2439 1952 omnino
2490 1901 2786 1955 dimittatur.
2847 1903 2981 1958 Huic
3040 1924 3240 1962 rursum
3297 1909 3467 1964 scribit

1961 1982 2265 2053 Nectarius,
2310 1988 2567 2045 blandiens
2617 2008 2678 2045 ac
2724 1995 3015 2064 suppliciter
3054 1998 3272 2053 suadens
3312 2009 3369 2055 ut
3406 2000 3467 2056 iis

1961 2087 2197 2143 parcatur
2220 2082 2327 2133 sine
2351 2081 2457 2134 ulla
2484 2084 2791 2154 exceptione.

1890 2185 2113 2242 Domino
2133 2200 2276 2245 recte
2294 2206 2357 2246 ac
2377 2194 2566 2249 merito
2595 2196 2929 2265 suscipiendo
2949 2208 3001 2253 et
3022 2202 3268 2257 omnibus
3289 2205 3459 2260 modis

1960 2278 2268 2336 honorando
2294 2283 2438 2337 fratri
2470 2288 2789 2354 Aucos'rnvo,
2812 2287 3133 2359 NECTARIUS,
3163 2292 3215 2347 in
3235 2294 3462 2352 Domino

1958 2370 2204 2427 salutem.

1958 2462 2009 2515 1.
2044 2462 2273 2534 Sumptis
2303 2466 2478 2522 litteris
2507 2468 2824 2526 Eximietatis
2853 2482 2972 2543 tuae,
3007 2478 3183 2547 quibus
3210 2480 3459 2537 idolorum

1886 2557 2091 2623 cultum,
2111 2568 2153 2611 et
2180 2559 2478 2630 templorum
2502 2565 2795 2621 cerimonias
2814 2566 3125 2639 destruxisti,
3144 2573 3320 2627 audire
3340 2577 3463 2630 mihi

1884 2649 2017 2704 visus
2043 2668 2153 2704 sum
2182 2652 2471 2724 philosophi
2494 2672 2680 2724 vocem,
2717 2676 2814 2713 non
2840 2661 2978 2715 illius
3002 2680 3145 2732 quem
3185 2667 3236 2720 in
3262 2668 3459 2723 Acade-

1884 2743 1999 2795 mia:
2025 2742 2190 2797 Licwo
2216 2757 2508 2814 memorant,
2540 2751 2809 2806 tenebrosis
2837 2753 2988 2807 humo
3009 2758 3211 2827 angulis
3237 2761 3461 2815 residen-

1883 2840 1999 2898 tem,
2032 2850 2094 2889 επ
2124 2840 2376 2909 profunda
2401 2842 2619 2910 quadam
2645 2845 2942 2915 cogitatione
2972 2848 3275 2919 demersum,
3306 2854 3462 2908 redu-

1881 2927 1973 2980 ctis
2014 2927 2080 2980 ad
2108 2930 2323 3000 frontem
2365 2944 2512 3003 caput
2541 2934 2845 3005 implicuisse
2878 2940 3105 3009 genibus,
3148 2954 3201 2995 ut
3243 2946 3460 2999 aliorum

1882 3021 2129 3090 praeclara
2156 3023 2353 3077 inventa
2393 3026 2634 3081 doctrina:
2674 3046 2854 3100 egenus
2894 3033 3099 3101 quidam
3124 3037 3457 3093 calumniator

1880 3123 2151 3182 Oppugnet,
2178 3126 2458 3185 assertaque
2472 3120 2730 3187 protelare,
2754 3138 2867 3175 cum
2886 3140 3032 3177 suum
3054 3126 3180 3179 nihil
3198 3128 3452 3197 defendat,

1879 3213 2077 3256 accuset
2104 3219 2122 3257 :
2146 3205 2234 3258 sed
2274 3207 2423 3274 plane
2457 3210 2701 3265 excitatus
2736 3214 2960 3268 oratione
3001 3225 3087 3269 tua
3124 3228 3239 3273 ante
3286 3222 3455 3276 oculos

1877 3295 2008 3348 stetit
2038 3295 2114 3349 M.
2143 3295 2341 3351 Tullius
2370 3301 2671 3370 consularis,
2696 3306 2782 3375 qui
2803 3305 3281 3362 innumeris‘civium
3308 3315 3453 3382 capi-

1879 3386 2008 3439 tibus
2034 3392 2353 3455 conservatis,
2387 3395 2598 3462 forensis
2630 3398 2793 3468 campi
2815 3398 2960 3468 signa
2995 3401 3215 3455 victricia
3244 3414 3454 3473 stupen-

1878 3478 2007 3531 tibus
2034 3478 2241 3535 Graacia:
2263 3482 2447 3538 scholis
2469 3486 2724 3543 laureatas
2748 3490 2973 3560 inferret,
3006 3493 3272 3564 tubamque
3307 3495 3451 3549 illam

1877 3585 2076 3625 canora:
2103 3574 2235 3628 vocis
2261 3586 2306 3628 et
2331 3574 2535 3647 linguae,
2567 3597 2716 3649 quam
2753 3581 2804 3635 in
2844 3582 3107 3637 criminum
3133 3601 3242 3638 reos
3272 3596 3319 3639 et
3354 3588 3453 3640 rei-

1878 3663 2089 3729 publij
2128 3667 2426 3732 parricidas,
2458 3671 2636 3740 spiritu
2660 3673 2815 3738 iusta:
2854 3674 3217 3745 indignationis
3246 3679 3453 3749 iit/lave—

1874 3760 1972 3817 rat,
1992 3752 2206 3807 anhelus
2230 3756 2509 3821 inverteret,
2532 3764 2964 3831 togamqueipsam
2990 3782 3229 3835 rugarum
3256 3771 3451 3841 paginis

1873 3846 2126 3912 resolutis,
2157 3846 2427 3917 palliorum
2455 3851 2675 3905 imitatus
2701 3854 2933 3923 speciem,
2958 3866 3279 3929 retorqueret.

1942 3938 1999 3991 2.
2028 3938 2165 4010 Ergo
2184 3957 2297 3993 cum
2322 3958 2412 3995 nos
2440 3943 2508 3995 ad
2531 3947 2989 4015 exsuperantissimi
3016 3947 3113 4003 Dei
3149 3951 3337 4005 cultum
3373 3971 3448 4009 re-

1874 4026 2206 4099 ligionemque
2232 4033 2571 4101 compelleres,
2606 4036 2811 4091 libenter
2834 4040 3033 4104 audivi;
3061 4058 3171 4095 cum
3207 4046 3449 4100 caelestem

1872 4122 2085 4191 patriam
2110 4124 2400 4178 intuendam
2423 4143 2526 4181 esse
2544 4128 2803 4190 suaderes.
2830 4140 3088 4201 gratanter
3106 4138 3292 4205 occepi.
3325 4138 3444 4195 Non

1870 4214 2001 4265 enim
2019 4215 2160 4267 illam
2186 4217 2309 4269 mihi
2328 4218 2568 4272 civitatem
2599 4220 2761 4274 dicere
2784 4224 3027 4291 videbare,
3059 4243 3207 4295 quam
3239 4234 3447 4287 muralis

1868 4301 2051 4370 aliquis
2088 4322 2243 4375 gyrus
2282 4318 2488 4375 coercet,
2532 4326 2619 4363 nec
2664 4312 2805 4365 illam
2842 4331 2993 4385 quam
3035 4317 3442 4390 philosophorum

1869 4400 2110 4448 tractatus
2155 4397 2463 4450 mundanam
2520 4416 2802 4455 memorans
2857 4420 3168 4460 communem
3218 4411 3443 4467 omnibus

1868 4488 2159 4556 proﬁtetur;
2186 4489 2275 4542 sed
2302 4506 2451 4559 quam
2488 4508 2698 4563 magnus
2723 4494 2880 4563 Deus,
2918 4506 2967 4550 et
2996 4498 3117 4553 bene
3159 4504 3348 4557 merita:
3383 4507 3445 4560 de

1866 4592 1923 4629 eo
1950 4578 2135 4632 anima:
2176 4580 2403 4634 habitant
2444 4593 2590 4652 atque
2618 4585 2863 4653 incolunt,
2897 4606 3048 4655 quam
3088 4609 3258 4649 omnes
3311 4598 3443 4669 leges

1864 4669 2070 4723 diversis
2098 4672 2189 4724 viis
2214 4682 2258 4725 et
2287 4674 2564 4728 tramitibus
2593 4688 2853 4746 appetunt,
2894 4697 3044 4750 quam
3069 4684 3314 4754 loquendo
3347 4704 3438 4742 ex-

1863 4761 2077 4831 primere
2105 4781 2205 4817 non
2232 4781 2515 4833 possumus,
2547 4770 2813 4838 cogitando
2837 4774 3048 4842 forsitan
3083 4777 3304 4833 invenire
3322 4796 3440 4847 pos-

1861 4870 2042 4908 semus.
2069 4855 2195 4910 Hcec
2218 4874 2336 4928 ergo
2357 4859 2468 4911 licet
2491 4860 2834 4930 principaliter
2853 4868 3133 4934 appetenda
3156 4879 3304 4937 atque
3321 4872 3439 4926 dili-

1859 4946 2023 5015 genda
2062 4948 2145 5012 sit,
2187 4958 2351 5002 tamen
2393 4949 2535 5003 illam
2582 4968 2681 5006 non
2726 4956 2941 5009 arbitror
2984 4958 3332 5029 deserendum,
3383 4966 3434 5019 in

1858 5054 1959 5107 qua
1984 5041 2088 5093 nati
2113 5049 2158 5093 et
2185 5042 2336 5110 geniti
2368 5059 2539 5097 sumus
2563 5060 2581 5097 :
2618 5062 2730 5116 qua:
2756 5049 2919 5117 prium
2944 5051 3083 5106 nobis
3125 5071 3267 5107 usum
3309 5057 3435 5111 lucis

1859 5132 2007 5201 hujus
2030 5132 2232 5201 infudit,
2261 5150 2375 5202 qua:
2401 5136 2547 5199 aluit,
2588 5154 2701 5205 quia
2735 5140 2979 5205 educavit,
3021 5153 3085 5208 et,
3117 5156 3173 5198 ut
3200 5149 3333 5216 quod
3370 5152 3436 5203 ad

1856 5241 2060 5279 causam
2084 5227 2286 5296 proprie
2311 5229 2519 5297 pertinet
2554 5230 2739 5295 dicam,
2773 5232 2834 5285 de
2856 5250 2954 5302 qua
2980 5235 3101 5288 bene
3142 5240 3326 5293 meritis
3355 5242 3433 5295 vi-

1922 5362 1940 5433 ξ
1961 5367 2093 5433 ξυνῇ,
2120 5374 2393 5433 perperam.
2418 5363 2509 5433 Sed
2533 5364 2717 5433 melius
2727 5372 2854 5428 Mss,

1918 5424 1940 5454 ²
1961 5428 2088 5494 M_ss._,
2113 5424 2241 5487 typo.
2266 5424 2339 5474 sic
2360 5426 2532 5494 passim
2575 5428 2797 5477 scribitur
2839 5424 3027 5480 sublata
3050 5430 3211 5482 littera
3233 5432 3281 5482 h.
3306 5438 3435 5494 Quod

1854 5484 2011 5534 semel
2031 5484 2321 5536 observasse
2341 5484 2561 5538 sufﬁciet.

1918 5567 1937 5585 ’
1962 5567 2125 5635 Epistt.
2149 5574 2247 5635 _Cttt
2285 5573 2336 5617 et
2369 5569 2721 5635 Ctv_incassum
2764 5574 3075 5635 quaesivimus
3118 5576 3166 5624 in
3186 5576 3435 5631 Galliumis

1853 5632 1958 5701 _Mss.
1984 5628 2471 5701 mendacesuntad
2497 5634 2767 5684 Vaticanum
2782 5628 3057 5698 "exemplar,
3083 5651 3147 5686 ex
3170 5651 3266 5701 quo
3296 5628 3432 5692 ante;

1853 5689 1942 5739 hac
1964 5690 2241 5752 prodierant
2262 5692 2310 5739 in
2333 5691 2591 5754 publicum.

1915 5772 1994 5847 (ᾳ)Δ
2176 5771 2271 5847 ξδό
2303 5775 2515 5847 secunda
2555 5790 2567 5824 :
2591 5786 2886 5847 quaiAautem
2910 5781 2998 5832 105
3021 5791 3145 5847 erat,
3170 5797 3299 5838 nunc
3318 5786 3427 5843 211

1852 5833 2029 5897 scripta
2051 5841 2165 5884 ante
2187 5833 2336 5886 ﬁnem
2355 5838 2513 5889 martii
2534 5833 2736 5891 an.'409.
