4122 6350
587 513 681 579 ris,
707 507 985 566 doctissimi
1002 506 1226 564 homines
1256 508 1444 577 ferunt,
1492 507 1602 571 post
1638 499 1826 554 obitum
1871 497 2098 568 corporis
2125 496 2180 550 in

587 604 714 662 edo
751 601 1064 656 domicilium
1107 595 1419 669 preparari,
1459 601 1514 646 ut
1551 592 1802 662 promotio
1843 588 2074 660 quaedam
2111 587 2180 640 ad

585 711 861 767 supernam
888 701 1172 766 prostetur,
1199 690 1278 744 his
1304 687 1609 753 horninibus,
1633 685 1720 756 qui
1745 685 1866 738 bene
1890 683 1952 736 de
1981 682 2178 753 genita-

589 787 728 845 libus
754 785 962 842 urbibus
981 789 1301 845 nteruersmt;
1331 789 1377 833 et
1399 779 1450 832 hi
1481 779 1642 850 magis
1666 789 1779 831 cum
1806 775 1918 830 Deo
1933 775 2178 840 habitent,

585 883 666 953 qui
694 881 910 941 salutem
935 879 1151 942 dedisse,
1193 884 1281 928 aut
1327 872 1573 940 consiliis,
1613 881 1700 925 aut
1730 870 1966 940 operibus
1999 869 2180 939 patrial

585 974 882 1029 doceantur.
902 968 1024 1024 lant
1047 966 1177 1022 illud
1195 965 1331 1036 quod
1347 965 1646 1037 ioculariter
1661 963 1898 1034 dignatus
1918 976 1970 1014 es
1990 960 2175 1026 dicere,

584 1065 758 1121 urbem
788 1067 1126 1119 nostrarum
1152 1060 1329 1125 armis,
1353 1057 1440 1111 sed
1463 1057 1688 1127 ﬂaminis
1710 1053 2056 1122 incendiisque
2079 1052 2180 1120 ﬂa-

583 1173 751 1231 grare,
783 1165 832 1211 et
855 1156 1032 1225 spinas
1060 1154 1226 1224 magis
1245 1153 1545 1223 ingenerare
1579 1164 1731 1221 quam
1760 1149 1934 1218 flores,
1975 1161 2075 1199 non
2105 1151 2180 1198 est

585 1250 810 1305 maxima
833 1248 1171 1320 reprehensio,
1207 1261 1322 1300 cum
1349 1245 1570 1298 sciamus
1599 1245 1753 1313 ﬂores
1781 1256 1844 1295 ea:
1878 1239 2040 1310 spinis
2067 1238 2178 1307 ple-

585 1351 795 1415 rumque
816 1340 1064 1414 generari.
1096 1337 1233 1392 Nam
1255 1346 1301 1391 et
1328 1351 1470 1390 rosas
1495 1349 1559 1389 ea:
1582 1335 1742 1403 spinis
1769 1332 1907 1404 gigni
1935 1333 2047 1402 quis
2075 1329 2176 1381 du-

585 1436 730 1502 bitat,
761 1444 807 1490 et
835 1440 1005 1506 fruges
1030 1434 1168 1503 ipsas
1197 1433 1467 1485 aristarum
1489 1429 1622 1482 vallo
1651 1427 1824 1498 sopiri,
1853 1425 1926 1479 ita
1951 1433 2006 1478 ut
2031 1437 2178 1495 aspe-

587 1529 657 1584 ris
683 1528 857 1583 suavia
882 1526 1174 1598 plerumque
1202 1525 1528 1577 misceantur.

655 1621 707 1675 '5.
738 1618 1058 1674 Postremum
1088 1617 1184 1687 fuit
1207 1615 1260 1668 in
1291 1613 1470 1668 litteris
1492 1610 1817 1666 Prmstantite
1840 1618 1941 1664 tute
1961 1623 2063 1663 non
2085 1624 2177 1661 ca-

586 1721 676 1784 put
693 1719 782 1766 aut
809 1709 1106 1781 sanguinem
1133 1708 1185 1762 in
1215 1706 1456 1760 Ecclesia:
1485 1703 1736 1774 postulari
1764 1703 2058 1766 uindictam,
2089 1702 2178 1755 sed

585 1805 764 1877 quibus
789 1804 934 1858 rebus
962 1801 1180 1856 maxime
1218 1807 1447 1853 metuunt
1475 1795 1793 1877 spoliandas.
1843 1795 1956 1867 Ego
1980 1804 2170 1859 autem,

586 1897 683 1950 nisi
716 1913 794 1950 me
820 1895 990 1965 opinio
1018 1891 1174 1964 fallit,
1214 1892 1285 1945 sic
1316 1890 1557 1954 arbitror,
1593 1873 1797 1958 gravius
1830 1902 1936 1939 esse
1964 1883 2177 1956 spoliari

585 1988 908 2062 facultatibus
933 2003 1085 2057 quam
1109 1985 1288 2039 occidi.
1326 1982 1588 2052 Siquidem
1625 1980 1762 2053 quod
1795 1984 2175 2052 frequentatum

584 2083 637 2137 in
668 2082 842 2136 litteris
871 2081 1023 2147 nosti,
1049 2095 1184 2132 mors
1213 2078 1461 2131 malorunt
1489 2077 1716 2128 omnium
1754 2075 1922 2146 aufert
1955 2087 2173 2136 sensum,

584 2183 808 2245 egestosa
851 2173 952 2225 vita
993 2179 1232 2226 (sternam
1261 2168 1392 2239 parit
1432 2167 1819 2221 calamitatem:
1853 2165 2058 2236 gravius
2103 2171 2178 2215 est

583 2264 716 2320 enim
740 2262 871 2316 male
899 2263 1080 2326 vivere,
1109 2275 1260 2330 quam
1303 2258 1437 2312 mala
1465 2266 1622 2311 morte
1659 2256 1828 2325 ﬁnire.
1873 2253 1985 2307 Hoc
2026 2253 2177 2306 etiam

585 2371 752 2426 opera:
778 2365 952 2409 vestra:
978 2353 1165 2406 indicat
1202 2353 1354 2418 ratio,
1390 2351 1442 2404 in
1469 2349 1648 2420 quibus
1678 2362 1926 2420 pauperes
1955 2345 2176 2400 sustine-

585 2451 670 2518 tis,
690 2448 942 2503 morbidos
967 2447 1223 2500 curatione
1247 2444 1499 2510 relevatis,
1528 2441 1832 2497 medicinam
1855 2439 2048 2510 afflictis
2069 2455 2178 2492 cor-

586 2543 793 2614 poribus
835 2538 1114 2602 adhibetis;
1144 2537 1197 2590 id
1227 2545 1477 2607 postrento
1522 2533 1684 2588 modis
1735 2531 1965 2586 omnibus
2007 2530 2175 2600 agitis,

586 2642 640 2688 ut
667 2633 1046 2688 diuturnitatem
1073 2629 1377 2684 calamitatis
1404 2628 1575 2699 afﬂicti
1618 2643 1720 2679 non
1760 2626 1994 2680 sentiant.
2025 2623 2175 2688 Quod
2228 2672 2244 2682 ,

585 2736 753 2781 autem
796 2726 862 2779 ad
909 2723 1114 2778 modum
1160 2721 1370 2792 pertinet
1424 2726 1759 2790 peccatorum,
1804 2715 1934 2770 nihil
1975 2715 2179 2768 interest

585 2819 734 2891 quale
761 2817 986 2871 videatur
1010 2831 1115 2870 esse
1143 2823 1397 2885 peccatum
1419 2811 1502 2865 cui
1526 2808 1842 2880 indulgentia
1871 2808 2175 2880 postulatur.

589 2908 826 2964 Primum
865 2909 995 2963 enim
1027 2907 1069 2961 si
1094 2905 1384 2978 paenitentia
1424 2913 1466 2957 et
1495 2902 1689 2956 veniant
1722 2900 1891 2954 tribuit
1926 2909 1972 2952 et
2000 2907 2180 2970 purgat

584 3003 881 3066 admissum,
929 2999 1130 3072 paenitet
1168 2999 1338 3066 utique
1374 2996 1517 3049 illunt
1557 2994 1643 3064 qui
1687 3002 1851 3063 rogat,
1899 2993 1983 3062 qui
2031 2990 2180 3060 pedes

585 3091 953 3164 complectitur,
988 3099 1056 3157 et,
1095 3090 1159 3156 si,
1205 3097 1256 3142 ut
1297 3086 1599 3160 quibusdam
1631 3083 1946 3155 philosophis
1995 3084 2179 3152 placet,

585 3185 754 3242 omnia
792 3192 994 3256 peccata
1021 3181 1166 3253 paria
1213 3189 1349 3244 sunt,
1400 3177 1717 3248 indulgentia
1764 3175 1994 3228 omnibus
2041 3173 2182 3225 debet

585 3291 692 3331 esse
715 3273 1014 3330 communis.
1040 3271 1362 3325 Petulantius
1388 3268 1580 3323 locutus
1601 3276 1672 3320 est
1697 3266 1899 3334 aliquis,
1925 3265 2183 3336 peccavit;

585 3368 810 3422 convicia
856 3375 942 3419 aut
988 3364 1202 3418 crimina
1246 3361 1480 3433 ingessit,
1526 3375 1666 3429 atque
1714 3358 1971 3429 peccavit;
2015 3357 2183 3410 aliena

584 3462 848 3532 quisquam
875 3457 1104 3528 diripuit,
1119 3457 1249 3509 inter
1273 3453 1457 3507 delicta
1479 3460 1808 3514 numeratur;
1835 3450 1944 3504 loca
1964 3453 2184 3521 profana

583 3566 787 3606 sacrave
814 3549 1034 3614 violavit,
1056 3563 1154 3600 non
1176 3555 1245 3599 est
1276 3544 1336 3598 ab
1362 3543 1676 3614 indulgentia
1696 3540 2052 3596 secernendus.
2079 3540 2186 3593 Po-

584 3653 767 3699 stremo
790 3642 961 3696 nullus
983 3649 1106 3694 esset
1131 3639 1289 3692 venite
1309 3638 1466 3704 locus,
1488 3636 1584 3689 nisi
1602 3643 1806 3705 peccata
1823 3634 2180 3705 prlecederent.

656 3735 710 3791 4.
750 3732 902 3787 Nunc
935 3731 1176 3802 quoniam
1197 3747 1299 3783 non
1335 3737 1579 3800 quantum
1609 3727 1779 3794 debui,
1810 3727 1899 3780 sed
1936 3735 2184 3798 quantum

587 3828 746 3900 potui,
776 3828 941 3896 majus
967 3833 1019 3878 ut
1046 3824 1250 3890 dicitur,
1278 3823 1502 3875 minusve
1527 3820 1786 3891 respondi,
1813 3836 1903 3872 oro
1925 3829 2075 3888 atque
2096 3819 2185 3873 ob-

587 3936 744 3986 secro,
791 3919 986 3972 utinam
1019 3922 1315 3988 prasentent
1359 3928 1588 3982 possent,
1631 3920 1686 3964 ut
1733 3912 1885 3966 etiam
1931 3912 2182 3981 lacryntas

587 4030 722 4068 meus
752 4010 1052 4085 pervideres,
1082 4017 1136 4062 ut
1163 4008 1247 4079 qui
1275 4006 1365 4074 sis,
1389 4003 1508 4076 quid
1538 4003 1840 4075 profitearis,
1873 4003 1993 4072 quid
2031 4019 2174 4073 agas,

585 4110 738 4165 etiam
757 4117 902 4174 atque
929 4105 1080 4159 etiam
1103 4103 1323 4172 cogites;
1353 4098 1583 4152 intendas
1609 4112 1721 4168 qua:
1746 4097 1808 4150 sit
1829 4095 1970 4150 illius
1990 4097 2180 4166 species

586 4203 819 4269 civitatis,
843 4216 904 4255 ea:
922 4216 1020 4266 qua
1036 4198 1103 4251 ad
1121 4195 1427 4268 supplicium
1454 4191 1670 4245 ducendi
1692 4191 2052 4252 extrahuntur;
2071 4204 2183 4259 qua:

586 4304 651 4357 sit
675 4310 912 4365 matrum,
935 4313 1044 4368 quae
1073 4295 1365 4364 conjugutu,
1391 4304 1504 4361 quae
1529 4288 1823 4351 liberarunt,
1853 4299 1968 4354 qua:
1999 4300 2180 4354 paren-

589 4402 696 4447 tum
735 4389 1062 4450 lamentatio;
1099 4401 1196 4453 quo
1225 4382 1419 4454 pudore
1447 4381 1514 4433 ad
1544 4378 1768 4449 patriam
1795 4377 1962 4430 venire
1990 4375 2181 4444 possint

589 4484 804 4550 liberati,
830 4481 917 4537 sed
944 4480 1094 4544 torti;
1122 4493 1246 4549 quos
1270 4483 1473 4528 renovat
1499 4471 1697 4525 dolores
1717 4458 1804 4524 aut
1826 4468 2040 4538 gemitus
2060 4483 2183 4520 con-

587 4576 826 4633 sideratio
849 4572 1107 4628 vulnerum
1133 4579 1180 4624 et
1208 4567 1516 4621 cicatricum.
1551 4562 1618 4616 Et
1640 4563 1719 4616 his
1739 4562 1968 4616 omnibus
1991 4571 2182 4632 pertra-

589 4671 753 4735 ctatis,
789 4667 954 4722 Deum
981 4665 1142 4735 primo
1168 4659 1472 4720 consideres,
1501 4657 1859 4725 hominumque
1884 4655 2070 4725 cogites
2101 4656 2182 4725 fa-

589 4777 748 4827 mam,
778 4758 1050 4814 bonitatem
1071 4754 1287 4809 amicum
1307 4750 1496 4823 potius,
1535 4747 1938 4819 familiaremque
1963 4746 2180 4818 conjun-

587 4857 823 4920 ctionem,
853 4861 899 4906 et
929 4847 1232 4920 ignoscendo
1261 4845 1427 4916 potius
1447 4841 1671 4908 laudent,
1701 4856 1853 4911 quam
1879 4837 2182 4892 vindicando

589 4949 874 5020 conquiras.
899 4945 1062 5017 Atque
1086 4943 1192 4995 lucc
1214 4939 1275 4993 de
1301 4939 1380 4992 Itis
1407 4937 1540 4990 dicta
1567 4935 1693 5001 sint,
1725 4949 1850 5006 quos
1889 4948 2034 4985 verus
2060 4947 2182 4984 con-

591 5040 824 5117 fessionis
849 5053 956 5094 sua:
978 5045 1146 5092 reatus
1170 5031 1422 5103 astringit.
1456 5026 1648 5094 Quibus
1671 5025 1870 5096 quidem
1900 5024 2022 5093 legis
2056 5038 2180 5076 con-

591 5133 935 5206 templatione,
959 5128 1096 5204 quod
1119 5126 1329 5181 laudare
1349 5139 1450 5176 non
1475 5121 1672 5186 desino,
1694 5118 1888 5172 veniam
1917 5116 2176 5170 tribuistis.

589 5227 711 5284 1am
746 5227 875 5284 illud
903 5223 1147 5296 explicari
1172 5221 1254 5275 via:
1294 5226 1452 5290 potest
1487 5225 1731 5288 quantum
1757 5212 2068 5266 crudelitatis
2095 5212 2179 5274 sit,

589 5323 873 5378 innocentes
892 5328 1146 5390 appetere,
1173 5323 1220 5368 et
1249 5330 1352 5376 eos,
1401 5327 1524 5384 quos
1551 5325 1581 5360 a
1614 5307 1823 5360 crimine
1860 5314 2051 5357 constat
2079 5320 2183 5358 esse

590 5409 854 5472 discretos,
879 5387 935 5458 in
955 5387 1209 5474 judicium
1230 5397 1408 5468 capitis
1439 5391 1697 5446 devocare.
1740 5389 1876 5454 Quos
1902 5387 1945 5441 si
1975 5387 2184 5457 purgari

591 5497 872 5571 contigerit,
908 5495 1115 5567 cogites,
1159 5505 1350 5563 qutcso,
1401 5493 1588 5555 quanta
1618 5488 1970 5535 accusatorum
2001 5478 2184 5532 libera-

594 5570 778 5650 buntur
803 5589 1012 5658 invidia,
1037 5603 1149 5642 cum
1169 5597 1280 5639 reos
1304 5587 1480 5651 sponte
1505 5575 1783 5630 dimiserint
1804 5573 1936 5638 victi,
1970 5570 2186 5641 relique-

591 5689 695 5744 rint
718 5688 1022 5740 innocentes.
1056 5682 1191 5735 Deus
1222 5691 1446 5731 summus
1473 5681 1516 5726 te
1553 5668 1822 5734 custodiat,
1847 5677 1889 5721 et
1916 5666 2040 5738 legis
2081 5684 2186 5723 tute

595 5787 646 5835 te
666 5786 921 5836 conservet
943 5773 1235 5852 praesidium
1261 5777 1410 5841 atque
1437 5771 1784 5822 omameutum
1809 5771 2060 5817 nostrum.

1769 385 1827 443 S.
1868 379 2239 440 AUGUSTlNl
2277 377 2579 440 EPlSCOPI

2772 502 3093 562 EPISTOLA
3133 501 3244 566 CIV
3270 509 3371 584 (a).
3767 397 3879 459 388

2285 608 2368 665 Ad
2394 613 2666 684 superioris
2701 616 2926 686 epistolae
2962 621 3128 688 capita
3169 624 3368 694 singula
3401 631 3669 700 respondet
3695 633 3877 708 Angit.

2354 708 2552 774 stinus;
2582 709 2637 763 id
2671 721 2851 781 prteter
2883 713 2985 766 alia
3027 714 3280 788 refellens,
3309 721 3444 790 quod
3483 740 3543 778 ea:
3584 725 3875 786 Stoicorum

2355 803 2539 870 placito
2560 802 2828 860 Nectarius
2854 807 3140 876 induxerat,
3166 813 3336 864 omnia
3360 826 3563 885 peccata
3584 835 3689 874 esse
3701 824 3872 893 paria.

2284 905 2510 1003 Domino
2549 913 2742 968 eximio
2779 918 3076 990 meritoque
3117 922 3418 979 honorabili
3443 941 3508 981 ac
3531 933 3875 1003 suscipiendo

2355 1001 2502 1057 fratri
2524 1004 2822 1076 NECTMUO,
2846 1010 3198 1080 Aucusrtaus,
3228 1014 3282 1068 in
3303 1016 3528 1074 Domino
3552 1001 3799 1078 salutem.

2353 1114 2504 1169 CAP.
2538 1116 2818 1174 PRIMUM.
2841 1142 2914 1160 ο-ει
2933 1123 2986 1175 i.
3008 1122 3138 1193 Legi
3167 1125 3369 1181 litteras
3392 1128 3744 1199 Benignitatis
3767 1141 3875 1190 tua!

2281 1205 2474 1275 quibus
2497 1209 2623 1262 mihi
2651 1210 2809 1280 longe
2838 1217 3020 1281 postea
3051 1218 3422 1286 respondistis,
3450 1233 3608 1290 quam
3637 1239 3782 1281 meas
3806 1227 3874 1283 ad

2283 1305 2337 1353 te
2363 1301 2706 1368 perferendas
2732 1303 2874 1359 dedi.
2905 1307 3038 1362 Nam
3062 1325 3161 1380 ego
3190 1315 3568 1382 rescripseram
3587 1355 3602 1382 ,
3634 1331 3752 1372 cum
3778 1320 3876 1375 ad-

2282 1387 2390 1444 huc
2412 1393 2689 1448 nobiscum
2718 1406 2881 1464 esset,
2917 1414 3088 1469 neque
3115 1403 3416 1471 navigasset
3441 1415 3658 1462 sanctus
3687 1408 3871 1475 frater,

2281 1490 2337 1537 et
2360 1484 2710 1556 cocpiscopus
2740 1501 2890 1544 meus
2928 1490 3219 1546 Possidius.
3251 1494 3357 1549 llas
3386 1504 3562 1552 autem
3597 1515 3728 1569 quas
3766 1503 3874 1558 mel

2281 1590 2440 1632 causa
2460 1577 2535 1630 illi
2553 1578 2799 1649 dignatus
2818 1597 2875 1636 es
2896 1584 3137 1649 reddere,
3158 1591 3337 1657 accepi
3355 1603 3408 1645 γι
3426 1591 3527 1646 cal.
3549 1595 3701 1664 april.
3715 1637 3728 1659 ,
3754 1604 3875 1664 post

2283 1685 2498 1725 menses
2524 1671 2693 1728 ferme
2713 1684 2856 1744 octo,
2888 1693 3046 1746 quam
3073 1681 3408 1750 scripseram.
3446 1686 3552 1738 Cur
3570 1701 3695 1757 ergo
3724 1687 3788 1741 ad
3826 1697 3876 1743 te

2282 1769 2389 1815 tam
2427 1779 2550 1819 sero
2592 1765 2718 1821 mea'
2749 1769 2942 1837 scripta
2991 1775 3346 1840 pervenerint,
3385 1786 3474 1830 aut
3507 1777 3572 1832 ad
3622 1794 3708 1834 mc
3759 1787 3872 1845 tua,

2281 1869 2500 1926 prorsus
2533 1861 2738 1930 ignoro.
2772 1863 2880 1918 Nisi
2904 1864 3038 1919 forte
3060 1867 3218 1922 modo
3247 1869 3542 1926 rescribere
3579 1873 3876 1942 prudentia:

2282 1954 2386 2002 tum
2417 1950 2695 2018 placuerit,
2728 1954 2870 2024 quod
2895 1954 3070 2011 facere
3090 1966 3213 2013 ante
3237 1969 3658 2032 contempseras.
3689 1965 3801 2020 [loc
3829 1981 3857 2020 s

2282 2039 2354 2094 ita
2383 2051 2484 2108 est,
2516 2045 2680 2099 miror
2710 2047 2848 2101 unde
2881 2048 2969 2102 sit.
3016 2051 3094 2103 An
3124 2051 3322 2121 aliquid
3352 2054 3566 2121 audisti,
3595 2057 3733 2126 quod
3775 2074 3878 2114 nos

2282 2132 2456 2187 adhuc
2487 2135 2634 2203 latet,
2665 2137 2882 2193 fratrem
2920 2156 3096 2194 meum
3131 2141 3429 2198 Possidium
3455 2149 3706 2202 adversus
3732 2150 3878 2205 cives

2284 2231 2402 2279 tuos
2433 2225 2606 2296 (quos,
2639 2245 2770 2297 pace
2803 2240 2889 2284 tua
2919 2231 3171 2297 dixerim,
3208 2235 3376 2290 inulto
3409 2231 3672 2294 salubrius
3707 2240 3880 2310 diligit

2282 2316 2397 2386 ipse
2441 2331 2598 2388 quam
2640 2324 2716 2393 tu)
2761 2331 2866 2392 qdo
2911 2325 3212 2393 plectantur
3254 2331 3491 2384 severius
3541 2332 3876 2402 impetrasse.

2281 2406 2414 2462 Nam
2444 2408 2546 2465 hoc
2574 2420 2628 2465 et
2655 2414 2877 2482 cpistola
2908 2423 2994 2469 tua
3027 2423 3077 2471 te
3113 2427 3352 2475 metuere
3379 2421 3594 2488 indicat,
3626 2440 3746 2478 cum
3778 2425 3878 2479 ad-

2283 2515 2472 2556 mones
2503 2510 2559 2556 ut
2589 2503 2716 2557 mihi
2754 2515 2878 2560 ante
2906 2509 3090 2562 oculos
3112 2511 3455 2578 constituam,
3492 2516 3656 2584 qualis
3686 2516 3775 2570 illa
3814 2520 3882 2572 sit

2281 2594 2470 2663 species
2497 2596 2726 2663 civitatis,
2750 2615 2811 2652 ex
2828 2615 2928 2669 qua
2947 2601 3014 2653 ad
3038 2603 3341 2671 supplicium
3371 2605 3588 2660 ducendi
3606 2610 3882 2663 extrahun-

2283 2695 2402 2752 tur;
2427 2704 2542 2758 qute
2578 2691 2641 2743 sit
2690 2703 2927 2758 matrum,
2970 2711 3084 2765 qua:
3113 2699 3406 2767 conjugum,
3440 2715 3553 2770 quce
3582 2701 3879 2769 liberorum,

2282 2795 2395 2851 qua:
2423 2793 2689 2852 parentum
2717 2783 3008 2841 lamentatio
3025 2806 3044 2852 ;
3078 2805 3174 2858 quo
3219 2793 3410 2860 pudore
3451 2793 3518 2846 ad
3547 2797 3762 2863 patriant
3792 2812 3882 2851 ve-

2284 2874 2394 2927 nire
2421 2877 2610 2942 possint
2637 2877 2852 2942 liberati,
2880 2881 2967 2933 sed
2993 2882 3109 2933 torti
3129 2899 3146 2945 ;
3173 2897 3296 2951 quos
3341 2895 3539 2938 renovet
3566 2885 3762 2941 dolores
3791 2896 3884 2942 aut

2283 2967 2498 3036 gemitus
2543 2969 2878 3023 consideratio
2921 2971 3183 3026 vulnerum
3221 2985 3268 3028 et
3297 2975 3605 3030 cicatricum.
3641 2980 3795 3034 Absit
3829 2989 3884 3037 ut

2285 3055 2385 3111 ista
2416 3059 2663 3128 cuiquam
2696 3061 3032 3117 inimicorum
3065 3075 3366 3120 nostrorum
3395 3069 3476 3122 vcl
3507 3085 3598 3138 per
3633 3088 3752 3134 nos,
3799 3071 3888 3126 vel

2287 3161 2382 3219 per
2409 3165 2749 3222 quemquam,
2793 3155 2933 3223 quod
2976 3155 3302 3226 ingerantur,
3351 3159 3641 3225 linteatus;
3676 3161 3791 3227 sed,
3826 3172 3886 3217 ut

2286 3241 2417 3306 dixi,
2450 3242 2494 3296 si
2525 3243 2722 3312 aliquid
2758 3245 2862 3298 talc
2888 3246 2953 3299 ad
2985 3256 3034 3300 te
3065 3247 3202 3301 fama
3227 3251 3455 3318 pertulit,
3491 3254 3723 3321 apertius
3745 3255 3886 3309 edis-

2287 3349 2427 3400 sere,
2459 3344 2513 3389 ut
2553 3339 2861 3392 noverimus
2896 3339 2977 3394 vel
3008 3341 3132 3410 quid
3170 3356 3326 3411 agerc
3355 3361 3422 3398 ne
3466 3346 3564 3398 ista
3610 3347 3756 3412 fiant,
3799 3349 3885 3403 vel

2287 3427 2415 3496 quid
2447 3428 2563 3484 lucc
2588 3429 2928 3486 credentibus
2956 3433 3282 3502 reSpondcre
3313 3436 3619 3494 debeamus.

2357 3519 2412 3572 2.
2467 3520 2694 3576 Litteras
2729 3538 2873 3577 meas
2904 3526 3076 3594 potius
3107 3526 3331 3594 intuere,
3360 3532 3551 3599 quibus
3593 3539 3643 3586 lc
3686 3534 3885 3588 rescri-

2287 3611 2414 3665 bere
2435 3614 2631 3682 piguit;
2656 3613 2762 3669 illic
2785 3617 3072 3672 enimsatis
3089 3619 3328 3690 exprcssi
3348 3623 3581 3676 animum
3605 3635 3848 3680 nostrum
3871 3645 3882 3681 :

2289 3704 2403 3765 sed,
2437 3712 2491 3757 ut
2515 3707 2726 3774 Opinor,
2759 3707 2954 3762 oblitus
2976 3710 3101 3779 quid
3131 3712 3223 3764 tibi
3247 3715 3632 3782 l'CSCl‘lpSt'l'llll,
3663 3719 3885 3773 omnino

2288 3797 2417 3850 mihi
2449 3797 2548 3850 alia
2577 3798 2732 3869 longe
2757 3797 2963 3855 diversa
2994 3810 3047 3858 et
3075 3802 3357 3859 dissimilia
3391 3807 3633 3862 rettulisti.
3668 3809 3881 3880 Quippe

2289 3889 2440 3958 quasi
2489 3891 2799 3947 recordatus
2822 3891 2960 3962 quod
2985 3894 3037 3946 in
3066 3893 3258 3950 littoris
3287 3898 3421 3952 lueis
3453 3901 3622 3968 posui.
3658 3902 3759 3957 hoc
3781 3911 3886 3958 tms‘

2289 3981 2560 4037 inseruisti
2600 3984 2741 4055 quod
2769 3987 2987 4040 omnino
3019 4004 3124 4041 non
3152 3990 3323 4057 posui.
3370 3990 3707 4049 POslrcmum
3737 3997 3885 4052 enim

2289 4075 2448 4130 fuisse
2481 4077 2530 4129 in
2575 4079 2764 4131 litteris
2795 4081 2926 4132 meis
2953 4079 3105 4145 dicis,
3136 4097 3243 4135 non
3268 4094 3420 4154 caput
3450 4096 3540 4140 aut
3569 4091 3885 4160 sanguinem

2287 4166 2342 4220 in
2374 4167 2629 4223 Ecclesia:
2679 4171 2933 4238 postulari
2988 4172 3295 4240 vindictam,
3343 4176 3436 4230 sed
3484 4178 3666 4247 rebus,
3690 4182 3886 4252 quibus

2287 4262 2522 4318 maxime:
2550 4273 2791 4320 metuunt
2816 4266 3143 4335 Spoliandos.
3178 4267 3381 4324 Deinde
3409 4271 3695 4328 ostendens
3716 4291 3887 4346 quan-

2288 4365 2398 4410 tum
2429 4359 2497 4412 sit
2523 4357 2624 4413 hoc
2641 4359 2786 4425 mali,
2815 4360 3058 4430 adjungis
3089 4371 3249 4432 atque
3275 4365 3538 4432 conlexis,
3569 4361 3668 4419 nisi
3695 4377 3744 4422 to
3761 4370 3882 4438 opi-

2288 4452 2377 4505 nio
2413 4452 2563 4519 fallit,
2615 4454 2858 4507 arbitrari
2909 4455 3120 4523 gravius
3149 4472 3268 4511 esse
3296 4458 3509 4528 spoliari
3544 4460 3888 4518 facultatibus

2287 4560 2443 4613 quam
2472 4545 2662 4598 occidi.
2701 4545 2874 4614 Atque
2903 4555 2956 4599 ut
2981 4549 3217 4616 apertius
3246 4565 3480 4618 cXpOnas
3501 4553 3567 4608 dc
3589 4555 3784 4624 quibus
3806 4555 3886 4610 fa-

2286 4637 2571 4693 cultatibus
2591 4637 2810 4704 dixeris,
2857 4641 3029 4710 pergis
3075 4651 3235 4712 atque.
3269 4644 3442 4710 addis,
3475 4662 3559 4700 tne
3581 4647 3885 4718 frequenta-

2288 4739 2399 4787 tum
2431 4732 2480 4786 in
2513 4732 2703 4788 litteris
2729 4749 2886 4788 nosse
2915 4735 3055 4804 quod
3083 4751 3226 4791 mors
3253 4739 3514 4795 malorum
3534 4744 3771 4798 omnium
3789 4761 3886 4800 auo

2287 4826 2421 4882 ferat
2468 4841 2705 4892 sensum,
2757 4838 2996 4897 egeslosa
3046 4838 3227 4884 autem
3269 4833 3376 4887 vita
3428 4842 3682 4890 arternam
3710 4838 3886 4908 pariat

2286 4920 2665 4975 calamitatem.
2693 4919 2892 4974 Deinde
2908 4921 3236 4990 conclusisti,
3269 4926 3487 4995 gravius
3508 4942 3628 4982 esse
3645 4929 3698 4983 in
3724 4929 3886 4986 malis

2288 5013 2470 5067 vivere
2497 5026 2655 5081 quam
2685 5011 2818 5064 mala
2851 5022 3020 5068 morte
3045 5013 3215 5069 finire.

2361 5103 2413 5157 3.
2445 5103 2506 5156 Et
2527 5118 2623 5172 ego
2651 5103 2864 5173 quidem
2899 5121 2996 5158 nec
3029 5107 3080 5159 in
3111 5109 3324 5170 nostris,
3360 5109 3424 5163 ad
3447 5125 3578 5180 quas
3605 5128 3691 5168 me
3708 5115 3886 5171 serius

2287 5192 2456 5247 fateor
2474 5195 2709 5247 animum
2733 5195 3051 5266 applicuisse
3067 5213 3224 5267 quam
3248 5200 3464 5267 vollcm,
3484 5218 3582 5256 nec
3599 5203 3649 5257 in
3668 5207 3882 5272 vestris,

2287 5301 2420 5356 quas
2467 5285 2532 5338 ab
2589 5286 2804 5340 ineunte
2843 5296 2999 5341 aetate
3027 5288 3206 5352 didici,
3237 5290 3426 5345 littoris
3457 5295 3661 5363 uspiam
3688 5296 3887 5366 legisse

2290 5380 2466 5432 recolo
2514 5378 2653 5448 quod
2692 5387 2933 5449 egestosa
2978 5381 3082 5434 vita
3112 5392 3363 5437 mternam
3395 5388 3563 5454 pariat
3605 5388 3883 5445 calamita-
3915 5444 3917 5448 .

2288 5478 2417 5526 tem.
2448 5471 2577 5526 Nam
2622 5488 2721 5526 nec
2773 5489 3002 5542 unquam
3034 5486 3306 5544 peccatum
3338 5487 3418 5532 est
3448 5479 3710 5536 laboriosa
3757 5499 3888 5551 pau-

2291 5574 2490 5632 pertas,
2516 5574 2570 5618 et
2596 5573 2678 5618 cst
2699 5563 2965 5634 aliquanta
2995 5567 3259 5622 rcstrictio
3281 5578 3334 5623 ct
3362 5573 3614 5626 coercitio
3640 5584 3888 5643 peccato«

2290 5674 2432 5713 nun.
2461 5663 2538 5712 Ac
2567 5675 2661 5728 pcr
2692 5659 2791 5714 hoc
2843 5676 2945 5715 non
2978 5670 3059 5715 cst
3113 5664 3454 5719 metuendum
3509 5681 3576 5721 ne
3631 5670 3883 5740 cuiquam

2355 5815 2572 5892 (tonabas
2755 5829 2881 5892 qua)"
2911 5818 3198 5892 autc'mnlOl
3223 5828 3322 5871 crat
3344 5857 3358 5883 ,
3397 5836 3524 5873 nunc
3560 5823 3639 5873 191
3704 5826 3889 5892 Scripta
3915 5859 3924 5864 -

2293 5886 2403 5944 post
2421 5879 2454 5927 6
2475 5878 2564 5928 cal.
2591 5885 2730 5929 ωλι-ι.
2755 5892 2833 5929 an.
2860 5879 2983 5930 forte
3008 5879 3117 5935 409.
