4122 6350
307 302 424 366 389

309 424 435 490 post
461 416 600 474 hanc
625 415 842 473 brevem
863 417 1047 484 vitam,
1079 416 1181 472 hoc
1205 417 1270 476 ad
1295 424 1549 474 :eternam
1572 420 1747 474 valeat
1777 435 1893 473 am-

306 524 414 564 mze
441 508 820 574 calamitatem,
851 509 991 579 quod
1020 524 1218 577 pauper
1271 509 1355 562 hic
1377 510 1567 564 vixerit
1593 527 1606 571 ;
1639 518 1693 563 et
1718 527 1768 563 in
1799 511 1897 564 bac

306 601 425 672 ipsa
457 616 614 671 quam
649 600 702 656 in
729 601 882 656 terris
910 597 1171 672 degimns,
1201 601 1342 656 nullo
1365 603 1523 657 modo
1554 602 1656 656 ulla
1683 603 1896 657 calami-

306 700 391 745 tas
417 703 617 746 aeterna
643 706 763 747 esse
793 693 999 762 poterit,
1029 708 1148 747 cum
1190 694 1374 748 eadem
1403 694 1506 749 vita
1551 704 1748 748 :eterna
1775 710 1895 750 esse

304 796 415 836 non
447 783 636 851 possit,
665 799 782 853 quae
812 797 910 838 nec
944 785 1128 837 saltem
1166 785 1408 838 diuturna
1439 794 1540 851 est,
1565 785 1629 839 ad
1661 786 1891 856 quamli-

303 870 396 930 bet
425 882 639 929 aetatem
666 885 1098 947 senectutemque
1133 878 1451 946 pervenerit.
1489 875 1600 933 Hoc
1625 881 1766 933 enim
1796 895 1893 950 po-

308 966 414 1021 tius
438 967 492 1020 in
524 967 632 1022 illis
653 967 843 1022 litteris
864 969 988 1038 legi,
1012 971 1258 1039 quoniam
1289 971 1391 1024 vita
1415 973 1528 1040 ipsa
1555 988 1656 1042 qua
1675 971 1895 1042 fruimur

303 1057 481 1116 brevis
511 1067 596 1115 est
620 1101 636 1125 ,
669 1060 722 1114 in
754 1075 852 1130 qua
887 1071 941 1116 tu
969 1061 1263 1128 arbitraris,
1305 1073 1357 1118 et
1405 1063 1790 1133 frequentatum
1841 1065 1894 1120 in

303 1150 495 1207 litteris
520 1152 631 1221 jam
659 1167 865 1218 mones,
891 1164 1143 1208 aeternam
1166 1169 1285 1209 esse
1313 1170 1468 1225 posse
1497 1156 1850 1210 calamitatem
1877 1175 1889 1211 :

301 1252 531 1297 mortem
561 1251 738 1297 autem
767 1244 1026 1296 malorum
1047 1245 1282 1298 omnium
1307 1260 1424 1299 esse
1452 1245 1608 1300 ﬂuem
1635 1286 1650 1312 ,
1700 1247 1893 1301 habent

301 1332 516 1404 quidem
564 1343 754 1387 vestae
786 1334 996 1400 litterae,
1024 1335 1116 1388 sed
1169 1350 1267 1389 nec
1296 1337 1422 1405 ipsae
1451 1352 1670 1402 omnes;
1706 1338 1893 1407 Epicu-

300 1441 516 1481 reorum
548 1435 632 1484 est
658 1427 851 1496 quippe
882 1428 980 1482 ista
1007 1429 1293 1495 sententia,
1322 1437 1378 1483 et
1399 1430 1442 1483 si
1471 1431 1555 1501 qui
1582 1432 1670 1484 alii
1694 1441 1894 1486 morta-

300 1517 404 1576 lem
431 1520 668 1574 animam
689 1528 892 1590 putant.
928 1521 994 1573 At
1025 1519 1098 1574 illi
1123 1536 1258 1590 quos
1279 1519 1483 1574 Tullius
1521 1523 1670 1590 quasi
1700 1538 1893 1577 consu-

301 1608 439 1666 lares
465 1610 814 1683 philosophos
854 1611 1100 1681 appellat,
1129 1611 1267 1681 quod
1292 1627 1473 1665 eorum
1521 1613 1893 1682 magnipendat

299 1703 690 1768 auctoritatem,
714 1702 958 1773 quoniam
981 1718 1100 1756 cum
1119 1711 1414 1756 extremum
1438 1702 1575 1757 diem
1597 1704 1884 1773 fungimur,

298 1807 406 1846 non
455 1793 724 1863 exstingui
751 1793 1003 1860 animam,
1040 1792 1135 1847 sed
1160 1793 1419 1864 emigrare
1454 1803 1690 1860 censent,
1734 1805 1786 1850 et
1836 1805 1891 1851 ut

297 1885 487 1942 merita
518 1900 730 1956 quoque
754 1885 870 1955 ejus
894 1896 1137 1940 asserunt
1160 1901 1250 1939 seu
1283 1886 1442 1954 bona,
1468 1903 1559 1941 seu
1590 1889 1746 1955 mala,
1778 1889 1883 1955 vel,

297 1975 365 2030 ad
419 1975 824 2045 beatitudinem,
870 1976 950 2030 vel
990 1976 1054 2031 ad
1104 1978 1373 2033 miseriam
1403 1993 1729 2048 permanere.
1777 1977 1887 2034 lloc

295 2071 543 2140 congruit
566 2077 619 2125 et
641 2069 857 2125 Litteris
875 2069 1062 2133 sacris,
1081 2085 1303 2140 quarum
1332 2086 1416 2125 me
1445 2072 1601 2140 cupio
1627 2071 1887 2126 litterato-

295 2176 432 2218 rem.
460 2161 717 2219 Malorum
745 2177 874 2233 ergo
907 2162 1025 2216 linis
1051 2172 1133 2217 est
1157 2178 1322 2228 mors,
1355 2163 1448 2218 sed
1475 2165 1525 2218 in
1553 2165 1630 2219 eis
1656 2179 1883 2234 quorum

295 2262 462 2317 casta,
491 2253 596 2322 pia,
629 2251 821 2320 ﬁdelis,
856 2255 1108 2307 innocens
1137 2253 1266 2318 vita,
1301 2269 1404 2308 non
1432 2254 1483 2308 in
1512 2256 1590 2309 eis
1625 2257 1711 2326 qui
1753 2267 1886 2311 tem-

295 2343 557 2414 poralium
583 2359 840 2414 nugarum
862 2353 914 2398 et
931 2343 1223 2398 vanitatum
1252 2345 1538 2414 cnpiditate
1568 2345 1878 2416 ﬂagrantes,

293 2445 345 2489 et
373 2450 498 2490 cum
529 2433 615 2489 bic
643 2434 744 2489 sibi
776 2435 952 2491 felices
972 2435 1240 2502 videntur,
1271 2436 1382 2507 ipsa
1407 2437 1692 2490 voluntatis
1715 2439 1884 2508 pravi-

293 2532 401 2581 tate
417 2527 597 2582 miseri
611 2526 1072 2592 convincuntur,et
1084 2535 1201 2596 post
1212 2538 1432 2582 mortem
1445 2529 1714 2598 graviOres
1729 2529 1887 2585 mise-

292 2617 399 2672 rias
423 2633 532 2672 non
551 2617 748 2674 habere
764 2627 1181 2683 tantum,verum
1203 2619 1360 2674 etiam
1390 2621 1587 2675 sentire
1604 2633 1880 2692 ceguntur.

362 2711 417 2764 ι.
445 2709 574 2766 llzec
599 2726 723 2782 ergo
743 2727 864 2767 cum
889 2721 943 2766 et
975 2712 1166 2767 vestris
1183 2712 1516 2782 quibusdam,
1551 2731 1680 2785 quas
1708 2715 1882 2770 hono-

293 2801 514 2858 rabilius
557 2803 782 2868 habetis,
809 2814 865 2860 et
894 2805 1088 2860 nostris
1120 2805 1366 2860 omnibus
1393 2806 1583 2861 litteris
1633 2808 1881 2878 frequen-

296 2900 492 2960 tentur,
521 2909 553 2950 ο
579 2895 718 2951 bone
738 2895 961 2951 dilector
989 2897 1146 2951 etiam
1177 2905 1403 2954 terrenae
1432 2899 1621 2968 patriae
1647 2909 1769 2967 tuae,
1800 2900 1883 2954 lu-

296 2987 565 3041 xuriosam
605 2987 768 3042 vitam
816 2988 942 3044 time
981 2989 1183 3044 civibus
1232 2991 1358 3054 tuis,
1389 3007 1492 3044 non
1544 3002 1879 3062 egestosam:

295 3087 383 3132 aut
405 3078 449 3133 si
477 3089 777 3150 egestosam
819 3080 991 3144 times,
1023 3079 1163 3134 illam
1195 3083 1370 3151 potius
1393 3091 1684 3152 egestatem
1715 3101 1875 3141 mone

296 3169 656 3239 devitandum,
684 3188 802 3244 quae
842 3190 1030 3246 magna
1062 3176 1182 3231 licet
1209 3193 1384 3231 rerum
1407 3186 1732 3232 terrenarum
1758 3196 1881 3248 pro-

298 3265 553 3332 speritate
571 3265 917 3333 circumﬂuat,
940 3269 1016 3323 eis
1034 3275 1208 3324 tamen
1232 3270 1593 3325 insatiabiliter
1608 3270 1878 3339 inhiaudo,

299 3363 356 3409 ut
383 3366 685 3411 vestrorum
733 3358 969 3426 ipsorum
1018 3360 1194 3414 verbis
1228 3369 1350 3414 utar
1379 3369 1676 3426 auctorum,
1707 3377 1879 3432 neque

298 3447 446 3518 copia
496 3463 668 3518 neque
714 3449 890 3518 inOpia
946 3450 1219 3505 minuitur.
1253 3449 1626 3506 Verumtamen
1672 3452 1722 3505 in
1753 3453 1876 3519 illis,

300 3540 488 3611 quibus
529 3541 848 3612 respondisu
889 3541 1078 3598 litteris
1130 3544 1263 3598 meis
1287 3585 1300 3608 ,
1348 3545 1589 3599 inimicos
1628 3544 1880 3600 Ecclesiae.

297 3633 440 3689 cives
495 3641 632 3700 tuos,
682 3648 781 3688 nec
827 3634 913 3689 illa
946 3644 1184 3706 egestate
1223 3636 1331 3689 dixi
1381 3636 1762 3702 emendandos,
1792 3638 1880 3691 ubi

299 3725 598 3780 necessaria
630 3735 829 3780 natura:
852 3725 1063 3793 desunt,
1092 3728 1177 3782 cui
1210 3729 1471 3782 succurrit
1494 3729 1876 3796 misericordia,

299 3816 364 3874 de
390 3832 498 3888 qua
517 3818 672 3874 nobis
694 3819 852 3874 etiam
875 3819 1322 3889 praescribendum
1343 3823 1562 3890 putasti,
1589 3821 1727 3892 quod
1757 3837 1882 3892 ope-

299 3925 418 3968 rum
464 3919 766 3968 nostrorum
805 3910 908 3968 hoc
945 3912 1141 3968 indicet
1189 3915 1343 3976 ratio,
1385 3916 1575 3984 quibus
1623 3931 1881 3984 pauperes

299 4004 648 4068 sustinemus,
674 4002 948 4059 morbidos
987 4004 1264 4060 Curatione
1309 4004 1624 4067 relevamus,
1659 4005 1879 4060 medici-

300 4109 420 4151 Iam
441 4093 658 4150 afﬂictis
680 4095 991 4168 corporibus
1019 4094 1364 4160 adhibemus;
1393 4112 1692 4166 quanquam
1719 4107 1771 4152 et
1797 4098 1876 4151 sic

299 4198 458 4255 cgere
483 4183 670 4239 utilius
697 4185 764 4238 sit
788 4199 945 4256 quam
991 4185 1056 4240 ad
1089 4185 1380 4241 satiandum
1408 4188 1694 4255 nequitiam
1724 4188 1882 4244 rebus

300 4275 546 4331 omnibus
587 4274 877 4332 abundare.
905 4275 1012 4332 Sed
1036 4276 1174 4331 absit
1205 4286 1260 4331 ut
1288 4293 1387 4348 ego
1434 4278 1518 4331 illa
1563 4279 1882 4336 coercitione

304 4365 368 4422 ad
395 4367 533 4421 hanc
558 4381 847 4422 aerumnam
876 4381 969 4423 eos
995 4367 1062 4422 de
1087 4367 1279 4438 quibus
1309 4369 1534 4439 agimus,
1565 4368 1880 4441 redigendos

299 4471 413 4514 esse
436 4459 758 4514 censuerim.

358 4548 584 4606 CAPUT
616 4548 808 4606 ll.—-5.
834 4550 1072 4605 Recense
1101 4549 1376 4620 epistolam
1407 4565 1602 4618 meam,
1630 4550 1674 4605 si
1705 4559 1880 4606 tamen

301 4638 509 4711 dignam
538 4639 790 4706 habuisti,
826 4640 870 4696 si
904 4655 1009 4696 non
1035 4657 1190 4714 quam
1213 4627 1645 4712 relegeresfcum
1681 4643 1728 4698 ei
1752 4641 1879 4698 luis-

300 4740 378 4788 set
403 4733 833 4804 respondendum
852 4777 868 4800 ,
895 4735 1082 4792 saltem
1106 4750 1266 4805 quam
1294 4735 1363 4791 ita
1383 4751 1694 4806 reponeres,
1728 4747 1785 4791 ut
1814 4736 1878 4791 ti-

297 4821 348 4879 bi
380 4824 612 4896 iubenti,
645 4840 764 4881 cum
793 4825 1022 4881 volueris
1052 4826 1395 4895 proferretur,
1439 4836 1495 4882 et
1521 4828 1734 4883 attende
1754 4827 1880 4899 quid

300 4915 560 4982 dixerim;
614 4916 717 4973 hoc
764 4917 1005 4990 profecto
1057 4919 1337 4984 invenies,
1378 4920 1461 4975 cui
1513 4928 1566 4975 te
1615 4935 1724 4975 non
1788 4935 1877 4974 re-

299 5007 600 5078 spondisse,
624 5017 880 5079 quantum
925 5010 1193 5076 existimo,
1226 5010 1457 5065 fatearis.
1504 5009 1634 5064 Nam
1678 5026 1742 5064 ex
1769 5009 1880 5080 epi-

296 5100 432 5154 stola
487 5099 576 5154 illa
630 5116 748 5156 mea
794 5103 953 5159 verba
986 5119 1126 5158 nunc
1177 5104 1354 5158 insero
1387 5122 1400 5158 :
1440 5102 1561 5158 Non
1603 5105 1876 5176 prtclcrila,

298 5190 543 5263 inquam,
569 5192 868 5248 uindicando
908 5210 1110 5264 pascere
1160 5195 1289 5248 iram
1337 5203 1555 5249 nostrum
1600 5196 1876 5260 studemus,

293 5282 378 5338 sed
427 5281 817 5338 misericorditer
853 5286 907 5338 in
958 5284 1183 5354 futurum
1233 5285 1541 5339 consulendo
1581 5287 1877 5358 satagimus.

298 5373 500 5430 Habent
527 5373 754 5430 homines
798 5376 922 5431 mali
962 5377 1046 5434 ubi
1087 5388 1134 5432 et
1161 5395 1250 5446 per
1296 5377 1608 5434 Christianos
1638 5395 1739 5433 non
1786 5396 1873 5434 sa-

299 5469 405 5524 lum
440 5479 731 5538 mansuete,
767 5487 938 5525 verum
974 5473 1122 5526 etiam
1157 5471 1348 5524 utiliter
1382 5471 1743 5540 salubriterque
1768 5481 1880 5541 pte-

294 5568 512 5615 ctautttr.
561 5559 764 5616 Habent
817 5564 948 5616 enim
989 5562 1123 5632 quod
1170 5579 1379 5630 corpore
1421 5561 1658 5615 incolumi
1685 5564 1873 5631 vivunt,

296 5654 476 5711 habent
518 5657 652 5710 unde
701 5657 890 5722 vivunt,
942 5657 1124 5712 habent
1176 5659 1308 5711 unde
1357 5660 1488 5711 male
1539 5659 1724 5711 vivunt.
1758 5659 1875 5714 Duo

297 5747 458 5810 prima
479 5747 622 5804 salsa
658 5747 779 5816 sint,
806 5752 863 5803 ιιι
902 5761 1030 5820 quos
1056 5750 1311 5821 paeniteat,
1333 5750 1466 5818 sint;
1498 5748 1591 5803 ltoc
1620 5759 1873 5820 optamus,

1462 311 1932 376 EPISTOLARUM
1968 305 2237 374 CLASSIS
2274 307 2338 366 Π-

3470 324 3574 382 590

2001 421 2114 481 hoc,
2143 413 2388 488 quantum
2417 417 2468 477 in
2488 421 2630 478 nobis
2661 434 2755 494 est,
2807 428 2956 483 etiam
2994 429 3219 502 impensa
3243 449 3395 506 opera
3417 437 3575 493 insta-

1999 528 2130 565 mus.
2167 511 2390 568 Tertium
2407 532 2519 570 vero
2556 517 2604 572 si
2645 517 2889 575 Dominus
2917 524 3142 589 uoluerit,
3167 535 3403 596 tanquam
3435 539 3579 599 putre

1999 604 2302 674 noxiumque
2333 623 2571 674 resecare,
2599 610 2746 665 valde
2787 612 3168 670 misericorditer
3216 619 3405 687 puniet.
3453 619 3575 677 Haec

1998 697 2158 750 verba
2181 709 2293 751 mea
2329 697 2373 754 si
2393 703 2773 769 recensuisses,
2801 719 2920 759 cum
2941 706 3068 762 mihi
3085 710 3377 766 rescribere
3392 707 3570 784 digna-

2006 787 2164 853 reris,
2192 805 2294 842 non
2320 791 2490 844 solum
2509 792 2575 846 de
2599 802 2793 861 morte,
2812 795 2904 850 sed
2923 797 3063 851 etde
3089 801 3362 855 tormentis
3387 816 3573 872 corpo-

1999 875 2197 930 ralibus
2221 879 2484 936 evitandis
2525 897 2710 937 eorum
2743 899 2836 954 pro
2857 887 3046 955 quibus
3071 889 3202 959 agis,
3235 905 3332 944 nos
3351 892 3571 947 invidio-

1996 967 2125 1033 sius,
2147 985 2301 1040 quam
2325 971 2610 1028 officiosius
2647 976 2907 1045 rogandos
2929 989 3170 1049 putares;
3194 987 3415 1051 quorum
3437 985 3566 1052 dixi,

1996 1060 2131 1114 velle
2158 1077 2255 1115 uos
2284 1064 2333 1116 in
2366 1065 2444 1117 eis
2467 1065 2667 1119 salvum
2708 1081 2825 1122 esse
2854 1069 2996 1138 quod
3035 1071 3325 1128 incolumes
3349 1089 3572 1145 corpore

1997 1148 2198 1203 vivunt.
2229 1151 2335 1205 Nec
2379 1162 2673 1221 egestosam
2705 1156 2886 1219 vitam,
2928 1168 2985 1212 ut
3029 1161 3168 1215 victu
3207 1161 3474 1232 indigeant
3501 1166 3568 1221 ab

1997 1239 2117 1292 aliis
2150 1240 2437 1310 impartito,
2472 1259 2566 1312 per
2614 1260 2712 1300 nos
2751 1247 2827 1300 eis
2855 1249 3034 1318 utique
3063 1248 3410 1319 formidans;
3439 1269 3570 1325 quo-

1997 1345 2114 1384 rum
2156 1341 2208 1385 et
2249 1333 2377 1386 illud
2408 1333 2696 1389 secundum
2727 1337 2832 1391 dixi
2859 1338 2997 1394 velle
3033 1353 3127 1394 nos
3173 1343 3399 1410 salvum,
3429 1345 3569 1414 quod

1995 1419 2189 1475 habent
2215 1423 2352 1477 unde
2376 1424 2574 1480 vivunt.
2617 1427 2853 1482 Tertium
2882 1445 3009 1485 vero
3037 1435 3174 1500 quod
3206 1435 3400 1492 habent
3428 1440 3567 1495 unde
3649 1448 3652 1452 '

1995 1512 2132 1566 male
2159 1515 2358 1578 vivunt,
2413 1515 2462 1569 id
2491 1525 2589 1581 est,
2619 1528 2677 1572 ιιι
2706 1519 2836 1575 nihil
2861 1522 3001 1576 aliud
3037 1522 3228 1590 dicam,
3265 1537 3410 1583 certe
3429 1531 3569 1587 unde

1996 1599 2248 1656 falsorum
2279 1604 2498 1659 deorum
2523 1619 2769 1676 argentea
2795 1610 3121 1669 fabricavere
3143 1616 3440 1680 simulacra,
3475 1636 3571 1689 pro

1995 1692 2188 1762 quibus
2218 1695 2298 1747 vel
2321 1697 2613 1765 servandis,
2645 1699 2726 1752 vel
2753 1699 3055 1770 aderandis,
3087 1705 3170 1760 vel
3189 1709 3445 1778 sacrilego
3466 1711 3567 1764 ritu

1993 1783 2164 1837 adhuc
2195 1785 2450 1850 colendis,
2476 1804 2642 1858 usque
2668 1791 2734 1844 ad
2762 1794 2998 1848 ecclesia:
3024 1795 3117 1850 Dei
3156 1799 3456 1866 prosiliatnr
3491 1803 3571 1856 in—

1992 1875 2255 1941 cendium,
2290 1887 2343 1933 et
2368 1881 2883 1951 religiosissimorum
2914 1902 3203 1958 pauperum
3231 1900 3566 1948 sustentacu-

1991 1967 2041 2023 la
2081 1968 2278 2024 infelici
2326 1973 2484 2042 vulgo
2528 1974 2818 2045 diripienda
2861 1980 3214 2049 praebeantur,
3253 1987 3572 2057 sanguisque

1991 2058 2258 2126 fundatur,
2289 2071 2345 2116 tu
2385 2065 2474 2133 qui
2505 2075 2606 2121 tute
2634 2071 2864 2125 consulis
2901 2072 3120 2140 civitati,
3168 2090 3332 2145 quare
3376 2080 3568 2133 metuis

1991 2156 2238 2221 resecari,
2267 2172 2334 2210 ne
2359 2158 2663 2213 omnimodo
2701 2161 3010 2230 impunitate
3031 2167 3324 2234 perniciosa
3367 2171 3570 2224 nutris»

1994 2250 2076 2296 tur
2091 2254 2142 2297 et
2171 2247 2453 2300 roboretur
2477 2249 2736 2304 audacia?
2767 2252 2875 2306 Hoc
2905 2254 3056 2309 nobis
3074 2257 3327 2321 edissere,
3357 2259 3458 2316 hoc
3472 2261 3569 2314 do-

1990 2347 2051 2388 ce
2076 2333 2457 2406 circumspecta
2480 2340 2832 2410 disputatione
2853 2345 2977 2414 quid
3006 2347 3127 2401 mali
3148 2348 3214 2400 sit
3239 2365 3252 2412 ;
3283 2349 3567 2421 diligenter

1990 2425 2201 2480 attende
2222 2428 2361 2496 quod
2387 2429 2632 2495 dicimus,
2663 2449 2730 2485 ne
2757 2434 2806 2486 id
2839 2435 2978 2504 quod
3005 2437 3152 2491 vobis
3191 2439 3435 2508 dicimus,
3475 2457 3565 2496 ve-

1991 2513 2068 2570 lut
2112 2519 2288 2588 specie
2334 2523 2544 2590 petendi
2573 2524 2966 2594 quodammodo
2994 2531 3328 2587 accusatione
3352 2533 3562 2604 obliqua

1990 2608 2223 2678 objicere
2251 2613 2500 2669 videaris.

2061 2701 2112 2756 6.
2143 2702 2260 2757 Sint
2286 2704 2493 2760 honesti
2524 2707 2666 2762 cives
2705 2711 2799 2778 tui,
2840 2712 3016 2781 probis
3065 2715 3322 2784 moribus,
3345 2729 3450 2773 non
3477 2733 3568 2774 su-

1991 2795 2204 2864 perﬂuis
2234 2797 2566 2856 facultatibus
2599 2819 2611 2855 :
2641 2818 2745 2856 non
2793 2817 2885 2858 eos
2937 2805 3179 2861 volumus
3223 2810 3288 2863 ad
3329 2819 3563 2866 aratrum

1987 2885 2206 2956 Quintii,
2235 2901 2286 2946 et
2307 2892 2371 2946 ad
2403 2891 2632 2947 Fabricii
2664 2891 2836 2949 focum
2866 2911 2961 2966 per
3003 2913 3100 2950 nos
3132 2899 3214 2952 illa
3244 2903 3566 2958 coercitione

1989 2983 2228 3052 perduci.
2252 2983 2362 3050 Qua
2393 2996 2702 3055 paupertate
2725 2988 2796 3041 illi
2818 2988 3066 3043 Romana
3092 2992 3397 3061 reipublicze
3419 2995 3564 3063 prin-

1987 3074 2131 3144 cipes
2175 3092 2280 3129 non
2330 3077 2496 3129 solum
2547 3093 2648 3131 tt0n
2681 3079 2945 3134 viluerunt
2984 3081 3184 3135 civibus
3215 3081 3344 3148 suis,
3370 3083 3463 3138 sed
3491 3084 3562 3139 ob

1987 3180 2104 3220 eam
2137 3165 2347 3220 fuerunt
2377 3168 2637 3237 prtecipne
2667 3171 2956 3236 chariores,
2989 3181 3040 3226 et
3059 3174 3244 3242 patri:e
3271 3175 3566 3244 gulurnam

1986 3253 2067 3309 dis
2094 3256 2282 3325 opibus
2311 3257 2560 3326 aptiores.
2583 3258 2658 3313 Ne
2691 3259 2816 3314 illud
2844 3261 3057 3331 quidem
3081 3271 3428 3332 optamusaut
3455 3267 3564 3335 agi-

1986 3360 2123 3409 mus,
2157 3355 2210 3399 ul
2237 3346 2418 3416 patriae
2449 3357 2549 3400 ture
2576 3349 2829 3405 divitibus
2860 3352 2998 3405 illius
3038 3351 3232 3406 Ruﬂini
3260 3355 3340 3409 bis
3365 3371 3563 3410 consue-

1985 3433 2051 3491 lis
2095 3439 2296 3508 argenti
2340 3440 2507 3493 solum
2550 3439 2734 3494 decem
2792 3441 2968 3512 pondo
3013 3447 3391 3512 remaneant‘;
3424 3447 3566 3517 quod

1987 3535 2110 3583 tunc
2138 3530 2471 3606 laudabiliter
2517 3547 2698 3587 severa
2728 3549 2952 3590 censura
2993 3535 3165 3590 adhuc
3213 3539 3564 3594 resecandqu

1991 3632 2241 3692 tanquam
2279 3625 2462 3679 vitium
2508 3627 2781 3696 judicavit.
2824 3628 3048 3682 Tantum
3091 3641 3190 3684 nos
3239 3633 3566 3688 consuetudo

1986 3713 2246 3768 decoloris
2275 3717 2444 3770 :etatis
2472 3717 2688 3770 nimium
2715 3719 2977 3782 marcidus
3003 3721 3208 3777 animas
3231 3722 3413 3777 mitius
3429 3738 3560 3779 con-

1987 3813 2209 3858 trectare
2237 3806 2534 3874 persuadet,
2568 3816 2625 3861 ut
2653 3809 3042 3863 mansuetudini
3073 3810 3396 3880 christiante,
3425 3814 3565 3884 quod

1985 3894 2088 3949 illis
2116 3897 2429 3951 censoribus
2463 3899 2661 3966 justum
2693 3900 2863 3952 visum
2895 3907 2997 3965 est,
3024 3902 3244 3956 nimium
3282 3903 3562 3960 videatur:

1985 3999 2037 4042 et
2063 3989 2208 4043 vides
2254 4006 2410 4058 quam
2442 3993 2662 4044 multum
2693 3992 2918 4055 intersit,
2952 4001 3126 4047 utrum
3151 3995 3260 4063 jam
3307 3999 3566 4065 punienda

1983 4081 2136 4149 culpa
2159 4082 2226 4134 sit
2254 4078 2452 4135 tantum
2484 4082 2699 4144 habere.
2731 4099 2795 4137 an
2824 4091 3038 4154 propter
3074 4086 3203 4140 alias
3225 4089 3566 4157 gravissimus

1990 4173 2194 4240 culpas,
2226 4179 2284 4226 ut
2311 4181 2509 4226 tantum
2538 4176 2657 4243 quis
2685 4175 2879 4230 habeat
2905 4177 3244 4244 permittere;
3273 4180 3413 4249 quod
3440 4189 3566 4237 tunc

1980 4262 2091 4332 jam
2114 4261 2208 4316 fuit
2229 4272 2520 4333 peccatum,
2545 4279 2684 4318 nunc
2707 4265 2948 4319 volumus
2974 4268 3043 4320 sit
3065 4267 3250 4322 saltem
3268 4279 3421 4338 pinna
3442 4285 3566 4340 paea.»

1986 4355 2106 4408 cati.
2138 4352 2245 4410 Sed
2287 4366 2364 4408 est
2399 4353 2538 4424 quod
2577 4355 2690 4411 fieri
2734 4358 2901 4426 possit
2928 4366 2981 4413 et
3007 4358 3216 4424 debeat,
3265 4369 3324 4416 ut
3350 4377 3450 4418 nec
3477 4380 3566 4420 uso

1985 4461 2090 4518 que
2128 4447 2193 4500 ad
2225 4447 2324 4501 ista
2363 4449 2728 4518 progrediatur
2757 4451 3033 4516 severitas,
3064 4466 3166 4506 nec
3190 4453 3350 4508 nimis
3375 4467 3562 4512 secura

1987 4539 2193 4594 liClCllll'
2211 4549 2266 4593 et
2285 4539 2641 4595 debacchetur
2662 4541 2971 4611 impunitas,
2992 4551 3048 4598 et
3068 4543 3374 4601 imitationis
3395 4563 3567 4604 exelu-

1987 4629 2130 4700 plum
2163 4629 2226 4684 ad
2252 4631 2593 4700 gravissimas
2622 4641 2674 4685 et
2717 4633 3105 4689 occultissimas
3132 4651 3316 4705 pinnas
3342 4638 3564 4696 infelici-

1986 4719 2085 4774 bus
2107 4730 2448 4791 preponatur.
2481 4721 2682 4777 Saltem
2702 4724 2938 4780 concede
2963 4735 3021 4780 ut
3046 4726 3265 4782 nimium
3286 4732 3567 4799 super-ﬂuis

1984 4813 2093 4867 suis
2144 4813 2382 4880 timeant,
2414 4813 2503 4884 qui
2533 4815 2836 4870 necessaria
2857 4825 3039 4872 nostra
3071 4818 3356 4875 incendere
3380 4837 3443 4878 ac
3471 4837 3563 4877 vae-

1984 4912 2126 4960 stare
2179 4905 2486 4959 moliuntur.
2520 4905 2702 4962 Liceat
2752 4917 2804 4976 et
2855 4906 2959 4965 hoc
2985 4908 3300 4966 beneﬁcium
3331 4915 3565 4973 tribuere

1985 4995 2211 5051 inimicis
2240 4997 2457 5064 nostris,
2479 5006 2535 5052 ut
2562 4998 2687 5053 dum
2723 5009 2964 5055 metuunt
3005 5003 3164 5059 rebus
3189 5019 3319 5074 quas
3348 5007 3563 5064 noxium

1984 5107 2090 5146 non
2120 5099 2202 5146 est
2220 5093 2480 5157 amittere,
2518 5092 2659 5163 quod
2689 5093 2788 5149 sibi
2819 5096 3035 5150 noxium
3064 5105 3146 5152 est
3174 5112 3280 5153 non
3307 5110 3566 5160 conentur

1984 5184 2281 5240 admittere.
2316 5185 2494 5256 Neque
2526 5187 2668 5241 enim
2699 5187 2814 5244 haec
2839 5189 3063 5244 dicenda
3083 5199 3164 5246 est
3193 5191 3422 5248 vindicta
3445 5209 3565 5265 peo-

1983 5277 2108 5344 cati,
2137 5277 2231 5333 sed
2262 5277 2421 5333 tutela
2469 5279 2709 5346 consilii;
2734 5295 2839 5336 non
2865 5291 2947 5336 est
2987 5282 3090 5338 hoc
3116 5282 3353 5354 iri-ngare
3375 5286 3564 5357 suppli-

1983 5369 2143 5435 cium,
2171 5368 2265 5425 sed
2293 5369 2360 5423 ab
2385 5369 2694 5440 excipiendo
2722 5372 2981 5442 supplicio
3007 5376 3354 5432 eomnmnire.

2053 5465 2108 5520 7.
2137 5464 2373 5535 Quisque
2401 5463 2793 5534 imprudentem
2825 5479 2950 5522 cum
2977 5468 3154 5538 aliquo
3179 5482 3338 5524 sensti
3367 5469 3565 5528 doloris

1986 5557 2175 5625 privat,
2209 5571 2275 5610 ne
2303 5557 2645 5624 supervacuis
2695 5557 2981 5612 sceleribus
3024 5557 3352 5616 assuefactus
3383 5575 3565 5631 pinnas

1987 5647 2345 5702 atrocissimas
2371 5647 2600 5717 pendat,
2626 5661 2794 5718 puero
2818 5649 3037 5718 capillos
3065 5649 3230 5719 vellit,
3254 5667 3323 5709 ne
3343 5665 3560 5725 serpere

2050 5760 2066 5792 ¹
2092 5765 2222 5816 ων..
2241 5756 2564 5825 argenticulus
2587 5757 2887 5824 deccrpcndo
2909 5765 3168 5816 remaneat.
